{"host":"sgot3i7m08vsvri4","time":1611840190,"event":{"mods":["AchievementEnabler","BaseMod","BetterRewards","Clockwork Mod","Colorless Booster Pack","Custom Start","DNKmod","Downfall","Duelist Mod","Friendly Minions","GifTheSpireLib","Gremlin Skip","Grow up Mod","Hubris","Infinite Spire","Mimic Mod","Minty Spire (QoL Compilation)","Relic Sorter","Remove Card Discount Mod","Replay The Spire","Shop Mod","StSLib","The Alterego","The Animator","The Construct","The Runesmith","The Saiyan","The Servant 0.9.4","The Vixen","Treasure Hunter"],"gold_per_floor":[10144,6632,4624,4624,4624,4624,2306,2306,2357,2366,2422,2484,2541,2541,2622,2748,2748,2800,2852,2852,2852,965,965,974,983,1066,1093,82,142,151,204,204,330,330,377,277,90,90,90,145,154,224,224,1,59,68,68,68,132,246],"floor_reached":51,"language":"ENG","playtime":6400,"items_purged":["alterego_mod:Pet","bronze:Turbo+1","alterego_mod:Pet","alterego_mod:Pet","Body Slam+1","Wild Strike+1","Body Slam+1","Wild Strike+1","alterego_mod:Palingenesis","alterego_mod:Palingenesis","alterego_mod:TrickOrTreatment","alterego_mod:TrickOrTreatment","alterego_mod:AlterEgo","alterego_mod:AlterEgo","alterego_mod:DiscoLights","alterego_mod:DiscoLights","alterego_mod:DiscoLights","alterego_mod:DiscoLights","alterego_mod:Palingenesis","alterego_mod:Palingenesis","alterego_mod:ChallengeComplete","alterego_mod:ChallengeComplete","alterego_mod:Pet","alterego_mod:Pet","alterego_mod:Pet","alterego_mod:Pet","alterego_mod:Birthday","alterego_mod:Pet","alterego_mod:Birthday","alterego_mod:Birthday","alterego_mod:Birthday","alterego_mod:Birthday","alterego_mod:Birthday","alterego_mod:Birthday","alterego_mod:Birthday","alterego_mod:Collar","alterego_mod:Lingerie","alterego_mod:Collar","alterego_mod:SakuraFive","alterego_mod:SakuraFive","alterego_mod:RocketPunch","alterego_mod:BiFurious","alterego_mod:BiFurious","alterego_mod:Bounce","alterego_mod:Bounce","alterego_mod:Strike","After Image","Barricade","Machine Learning","Buffer","Machine Learning","Machine Learning","Machine Learning","Machine Learning","Fire Breathing+1","alterego_mod:PerceptionDisorder+1","alterego_mod:PerceptionDisorder+1","alterego_mod:BustOut+1","alterego_mod:Crossover+1","Power Through+1","Body Slam+1","bronze:Turbo+1","Body Slam+1","Flame Barrier+1","alterego_mod:PerceptionDisorder+1","alterego_mod:Cycle+1","alterego_mod:Belts+1","alterego_mod:TrashNCrash+1","alterego_mod:BustOut+1","alterego_mod:PresenceConcealment+1","alterego_mod:TrashNCrash+1","alterego_mod:BustOut+1","alterego_mod:Mirror+1","alterego_mod:PresenceConcealment+1","alterego_mod:Cycle+1","alterego_mod:PerceptionDisorder+1","alterego_mod:Mirror+1","alterego_mod:Skirt+1","alterego_mod:Skirt+1","alterego_mod:DeftHands+1","alterego_mod:Skirt+1","alterego_mod:Mirror+1","alterego_mod:Mirror+1","Evolve+1","Reckless Charge+1","alterego_mod:Punishment+1","bronze:BuggyMess+1","Evolve+1","bronze:Allocate+1","Evolve+1","bronze:Turbo+1","Reckless Charge+1","alterego_mod:Skirt+1","alterego_mod:Skirt+1","alterego_mod:DeftHands+1","alterego_mod:DeftHands+1","alterego_mod:PerceptionDisorder+1","alterego_mod:PerceptionDisorder+1","alterego_mod:Clones+1","alterego_mod:Clones+1","alterego_mod:Clones+1","bronze:BugBarrage+1","alterego_mod:PurpleHair+1","bronze:BurnOut+1","Wild Strike+1","alterego_mod:Rip","alterego_mod:TrashNCrash+1","alterego_mod:DeftHands+1","alterego_mod:Belts+1","alterego_mod:Table+1","alterego_mod:PerceptionDisorder+1","alterego_mod:PerceptionDisorder+1","alterego_mod:GachaTicket+1","alterego_mod:BustOut+1","alterego_mod:Punishment+1","alterego_mod:Bounce+1"],"score":1695,"play_id":"25e620f6-2d90-4159-9426-0bdd8c7c3337","local_time":"20210128072310","daily_mods":["Draft","Flight","Elite Swarm"],"is_ascension_mode":true,"campfire_choices":[{"data":"Apotheosis","floor":6.0,"key":"SMITH"},{"data":"infinitespire:UltimateForm","floor":6.0,"key":"SMITH"},{"data":"infinitespire:NeuralNetwork","floor":8.0,"key":"SMITH"},{"data":"infinitespire:NeuralNetwork","floor":8.0,"key":"SMITH"},{"data":"infinitespire:FutureSight","floor":10.0,"key":"SMITH"},{"data":"infinitespire:FutureSight","floor":10.0,"key":"SMITH"},{"data":"alterego_mod:Palingenesis+1","floor":23,"key":"SMITH"},{"floor":24,"key":"REST"},{"data":"alterego_mod:Palingenesis+2","floor":24,"key":"SMITH"},{"floor":25,"key":"REST"},{"data":"alterego_mod:Palingenesis+3","floor":25,"key":"SMITH"},{"floor":27,"key":"REST"},{"data":"alterego_mod:Rip","floor":27,"key":"SMITH"},{"data":"alterego_mod:Palingenesis+4","floor":27,"key":"SMITH"},{"floor":30,"key":"REST"},{"floor":41,"key":"REST"},{"data":"alterego_mod:Palingenesis+7","floor":41,"key":"SMITH"},{"floor":46,"key":"REST"},{"data":"alterego_mod:Palingenesis+8","floor":46,"key":"SMITH"}],"circlet_count":0,"master_deck":["infinitespire:NeuralNetwork+1","infinitespire:NeuralNetwork+1","infinitespire:UltimateForm+1","infinitespire:UltimateForm+1","infinitespire:FutureSight+1","infinitespire:FutureSight+1","infinitespire:Collect+1","infinitespire:Collect+1","infinitespire:Collect+1","infinitespire:Collect+1","alterego_mod:Birthday+1","alterego_mod:Birthday+1","alterego_mod:Lingerie+1","alterego_mod:RocketPunch+1","Apotheosis+1","alterego_mod:HighServant+1","alterego_mod:Swimsuit+1","alterego_mod:GIGAMILK+1","alterego_mod:Undulate+1","alterego_mod:Cooking+1","alterego_mod:Pet+1","alterego_mod:Stockings+1","alterego_mod:BrynhildrRomantia+1","alterego_mod:Complex+1","alterego_mod:Weigh+1","alterego_mod:VirginLaserPalladion+1","alterego_mod:Punishment+1","alterego_mod:DiscoLights+1","alterego_mod:GachaTicket+1","alterego_mod:AlterEgo+1","alterego_mod:Cushion+1","alterego_mod:SakuraFive+1","alterego_mod:1TonWallop+1","alterego_mod:Lingerie+1","alterego_mod:1TonWallop+1","alterego_mod:SakuraPetals+1","alterego_mod:GoddessCore+1","alterego_mod:BeGentle+1","alterego_mod:Pet+1","alterego_mod:DustData+1","alterego_mod:Complex+1","alterego_mod:DustData+1","alterego_mod:RocketPunch+1","alterego_mod:1TonWallop+1","alterego_mod:GoddessCore+1","alterego_mod:GoddessCore+1","alterego_mod:1TonWallop+1","alterego_mod:Cushion+1","alterego_mod:Weigh+1","alterego_mod:SideboobHour+1","alterego_mod:PerceptionDisorder+1","alterego_mod:DiscoLights+1","alterego_mod:DiscoLights+1","alterego_mod:Punishment+1","alterego_mod:Punishment+1","alterego_mod:Smother+1","alterego_mod:DiscoLights+1","alterego_mod:Stockings+1","alterego_mod:Belle+1","alterego_mod:Bounce+1","alterego_mod:DustData+1","alterego_mod:1TonWallop+1","alterego_mod:BusterCard+1","alterego_mod:Pet+1","alterego_mod:Birthday+1","alterego_mod:Cooking+1","alterego_mod:MagicResistance+1","alterego_mod:Jiggle+1","alterego_mod:Birthday+1","Pot Of Greed+1","Pot Of Greed+1","Pot Of Greed+1","Pot Of Greed+1","Pot Of Greed+1","Pot Of Greed+1","Pot Of Greed+1","alterego_mod:Lift+1","alterego_mod:Lift+1","alterego_mod:Jiggle+1","alterego_mod:Pet+1","alterego_mod:HighServant+1","alterego_mod:Belle+1","Pot Of Greed+1","alterego_mod:Complex+1","alterego_mod:SakuraFive+1","alterego_mod:Stockings+1","Pot Of Greed+1","alterego_mod:Complex+1","alterego_mod:BiFurious+1","alterego_mod:RocketPunch+1","alterego_mod:DiscoLights+1","Pot Of Greed+1","alterego_mod:BusterCard+1","alterego_mod:Swimsuit+1","alterego_mod:Exercise+1","alterego_mod:GoddessCore+1","alterego_mod:Lingerie+1","alterego_mod:1TonWallop+1","alterego_mod:Collar+1","alterego_mod:ChallengeComplete+1","alterego_mod:SakuraPetals+1","Pot Of Greed+1","alterego_mod:Rake+1","Barricade+1","alterego_mod:GIGAMILK+1","alterego_mod:Nekomimi+1","alterego_mod:Birthday+1","alterego_mod:Undulate+1","alterego_mod:Cushion+1","alterego_mod:Swimsuit+1","alterego_mod:Swimsuit+1","alterego_mod:Exercise+1","alterego_mod:BiFurious+1","alterego_mod:Complex+1","Pot Of Greed+1","alterego_mod:GoddessCore+1","alterego_mod:Maid+1","alterego_mod:GoddessCore+1","alterego_mod:BrynhildrRomantia+1","alterego_mod:DustData+1","alterego_mod:SakuraFive+1","alterego_mod:VirginLaserPalladion+1","alterego_mod:BusterCard+1","alterego_mod:SakuraPetals+1","alterego_mod:BiFurious+1","Pot Of Greed+1","alterego_mod:Palingenesis+9","alterego_mod:Birthday+1","alterego_mod:BusterCard+1","TH:EnergyPotion+1","alterego_mod:Rip+1","Pot Of Greed+1","alterego_mod:Cooking+1","TH:Mimic+1","alterego_mod:Valkyrie+1","alterego_mod:MagicResistance+1","alterego_mod:Venus+1","alterego_mod:ClassAdvantage+1","alterego_mod:Cooking+1","alterego_mod:PainIsPleasure+1","alterego_mod:Nekomimi+1","alterego_mod:TrickOrTreatment+1","alterego_mod:Rip+1","alterego_mod:GIGAMILK+1","Pot Of Greed+1","alterego_mod:BusterCard+1","alterego_mod:BusterCard+1","alterego_mod:Venus+1","alterego_mod:Smother+1"],"relics":["alterego_mod:MasochisticConstitution","Kunai","Shuriken","alterego_mod:SistersRibbon","replay:Trail_Library","hubris:TenFootPole","Replay:Accelerometer","Anchor","Ancient Tea Set","Replay:Antivirus Software","TH:Anvil","Replay:Arrowhead","Runesmith:AutoHammer","Bag of Marbles","Bag of Preparation","Black Star","Bird Faced Urn","champ:BerserkersGuideToSlaughter","Blood Vial","Blue Candle","construct:BoolHorns","Brimstone","m_BronzeBlood","Burning Blood","hubris:BundleOfHerbs","Bronze Scales","Byrd Skull","Calipers","Centennial Puzzle","Champion Belt","Chameleon Ring","hubris:ChampionShield","Charon\u0027s Ashes","construct:Cogwheel","ClockworkSouvenir","Membership Card","The Courier","The Specimen","TheAbacus","Unceasing Top","Replay:Towering Pillar of Hats","War Paint","VioletLotus","Turnip","Toxic Egg 2","Whetstone","TH:Strongbox","ReplayTheSpireMod:Ninjato","Molten Egg 2","Medical Kit","hubris:MedicalManual","Meat on the Bone","Golden Egg","hubris:EmptyBottle","Singing Bowl","hubris:SlimyHat","Snake Skull","MerchantsRug","BargainBundle","Snack Pack","Omamori","Runesmith:Nanobots","Toy Ornithopter","Letter Opener","Lantern","Prayer Wheel","Quantum Egg","Pen Nib","Pocketwatch","Thread and Needle","Replay:Bottled Steam","Replay:Bottled Flurry","Matryoshka","Dream Catcher","hexamod:BolsterEngine","HandDrill","hubris:OldNail","StrikeDummy","CeramicFish","Replay:Ringing Soul","infinitespire:Broken Mirror","Juzu Bracelet","Counterbalance","infinitespire:WardingShard","Replay:Bandana","ReplayTheSpireMod:TigerMarble","Frozen Egg 2","infinitespire:Eraser","Orichalcum","Mirror","hubris:Potato","Replay:WaspNest","Blue Doll","Replay:Wax Seal","construct:FoamFinger","infinitespire:CursedDice","Grinning Jar","infinitespire:Beetle Shell","InkBottle","champ:DeflectingBracers","Replay:Bottled Eggs","Pantograph","Art of War","hubris:ToyBattleship","Akabeko","hubris:DeckOfHolding","Guardian:PocketSentry","Replay:Rubber Ducky","Happy Flower","Vajra","Nunchaku","Runesmith:Locket","Tiny Chest","MealTicket","hubris:CrystalStatue","Bottled Lightning","Lizard Tail","Boot","Pet Ghost","Odd Mushroom","infinitespire:EmpoweringShard","Ice Cream","PreservedInsect","Smiling Mask","hubris:TerracottaHorce","Nloth\u0027s Gift","bronze:BronzeIdol","infinitespire:ShieldingShard","Gremlin Food","Eternal Feather","Oddly Smooth Stone","sneckomod:BlankCard","Replay:Baseball","Pondfish Scales","Iron Hammer","hubris:BottledRain","infinitespire:Bottled Soul","Bottled Flame","ReplayFunnel","Strawberry","Regal Pillow","infinitespire:Lucky Rock","Onion Ring","infinitespire:Midas Blood","infinitespire:Magic Flask","Ornamental Fan","Mummified Hand","Gremlin Horn","infinitespire:Satchel","infinitespire:PuzzleCube","Potion Belt","Replay:Multitool","HornCleat","Bottled Tornado","Question Card","Toolbox","infinitespire:FocusingShard","hubris:MysteriousPyramids","infinitespire:BottledMercury","Slimebound:PreparedRelic","Incense Burner","hubris:SphereOfDissonance","SacredBark","hubris:MobiusCoin","ReplayTheSpireMod:Shallot","Sundial","Pear","hubris:Metronome","Garlic","hubris:PeanutButter","hexamod:Sixitude","White Beast Statue","infinitespire:Golems Mask"],"acts_visited":["Exordium","TheCity","TheBeyond"],"potions_floor_usage":[],"damage_taken":[{"damage":0.0,"enemies":"Small Slimes","floor":1.0,"turns":2.0},{"damage":0.0,"enemies":"The Mushroom Lair","floor":11.0,"turns":1.0},{"damage":0.0,"enemies":"Lagavulin","floor":12.0,"turns":1.0},{"damage":0.0,"enemies":"3 Sentries","floor":13.0,"turns":1.0},{"damage":0.0,"enemies":"Hexaghost","floor":16.0,"turns":1.0},{"damage":0,"enemies":"Chosen","floor":18,"turns":1},{"damage":0,"enemies":"Spheric Guardian","floor":19,"turns":1},{"damage":0,"enemies":"theDuelist:KaibaA2","floor":29,"turns":1},{"damage":0,"enemies":"Gremlin Leader","floor":31,"turns":1},{"damage":0,"enemies":"Collector","floor":33,"turns":1},{"damage":0,"enemies":"3 Shapes","floor":35,"turns":1},{"damage":0,"enemies":"R_Hoarder","floor":40,"turns":1},{"damage":0,"enemies":"Giant Head","floor":42,"turns":1},{"damage":0,"enemies":"R_Hoarder","floor":45,"turns":1},{"damage":0,"enemies":"Time Eater","floor":50,"turns":1}],"seed_played":"-8267859355734992663","potions_obtained":[{"floor":12.0,"key":"Toxic Potion"},{"floor":13.0,"key":"DistilledChaos"},{"floor":19,"key":"ColorlessPotion"},{"floor":31,"key":"Strength Potion"},{"floor":35,"key":"Block Potion"},{"floor":40,"key":"Swift Potion"},{"floor":45,"key":"champ:CounterPotion"},{"floor":48,"key":"Ancient Potion"},{"floor":48,"key":"LifebloodPotion"}],"is_trial":true,"path_per_floor":["M","$","$","?","?","R","$","R","T","R","?","E","E","?","R","B",null,"M","M","?","T","$","R","R","R","T","R","$","E","R","E","R","B",null,"M","NS","$","?","?","E","R","E","T","$","E","R","AVR","?","R","B",null],"character_chosen":"The_Alterego","items_purchased":["MerchantsRug","BargainBundle","Snack Pack","Omamori","Runesmith:Nanobots","Toy Ornithopter","Letter Opener","Lantern","Prayer Wheel","Quantum Egg","Pen Nib","Pocketwatch","Thread and Needle","alterego_mod:Swimsuit+1","alterego_mod:GIGAMILK+1","alterego_mod:Undulate+1","Replay:Bottled Steam","Replay:Bottled Flurry","Matryoshka","Dream Catcher","hexamod:BolsterEngine","alterego_mod:Cooking+1","alterego_mod:Pet+1","alterego_mod:Skirt+1","alterego_mod:Stockings+1","alterego_mod:Antipathy+1","bronze:Turbo+1","Wild Strike+1","Body Slam+1","Wild Strike+1","Body Slam+1","alterego_mod:BrynhildrRomantia+1","alterego_mod:Complex+1","alterego_mod:Belts+1","alterego_mod:Weigh+1","alterego_mod:VirginLaserPalladion+1","alterego_mod:Skirt+1","alterego_mod:TrashNCrash+1","alterego_mod:SakuraLabyrinth+1","alterego_mod:Cycle+1","alterego_mod:PerceptionDisorder","alterego_mod:Punishment","alterego_mod:PresenceConcealment","alterego_mod:DiscoLights","alterego_mod:PresenceConcealment","alterego_mod:BustOut","Fire Breathing","Power Through+1","bronze:Turbo+1","Body Slam+1","Body Slam+1","Flame Barrier+1","alterego_mod:GachaTicket","alterego_mod:AlterEgo","alterego_mod:Cushion+1","alterego_mod:Cycle+1","alterego_mod:SakuraFive+1","alterego_mod:1TonWallop+1","alterego_mod:Lingerie+1","alterego_mod:1TonWallop+1","alterego_mod:SakuraPetals+1","alterego_mod:GoddessCore+1","alterego_mod:TrashNCrash+1","alterego_mod:BeGentle+1","alterego_mod:Pet+1","alterego_mod:DustData+1","alterego_mod:Complex+1","alterego_mod:DustData+1","alterego_mod:RocketPunch+1","alterego_mod:Mirror+1","alterego_mod:1TonWallop+1","alterego_mod:GoddessCore+1","alterego_mod:GoddessCore+1","alterego_mod:1TonWallop+1","alterego_mod:Cushion+1","alterego_mod:Weigh+1","alterego_mod:Crossover+1","alterego_mod:SideboobHour+1","alterego_mod:PerceptionDisorder","alterego_mod:PerceptionDisorder","alterego_mod:PerceptionDisorder","alterego_mod:BustOut","alterego_mod:DiscoLights","alterego_mod:BustOut","alterego_mod:DiscoLights","alterego_mod:Punishment","alterego_mod:Punishment","alterego_mod:Smother","alterego_mod:PerceptionDisorder","alterego_mod:DiscoLights","HandDrill","hubris:OldNail","StrikeDummy","CeramicFish","Replay:Ringing Soul","infinitespire:Broken Mirror","Juzu Bracelet","Counterbalance","infinitespire:WardingShard","alterego_mod:Stockings+1","alterego_mod:DeftHands+1","alterego_mod:Belle+1","alterego_mod:DustData+1","alterego_mod:Bounce+1","alterego_mod:DustData+1","alterego_mod:1TonWallop+1","alterego_mod:BusterCard+1","alterego_mod:Skirt+1","alterego_mod:Mirror+1","alterego_mod:Pet+1","alterego_mod:Birthday+1","alterego_mod:Cooking+1","alterego_mod:MagicResistance+1","alterego_mod:Jiggle+1","alterego_mod:Birthday+1","Replay:Bandana","ReplayTheSpireMod:TigerMarble","Frozen Egg 2","infinitespire:Eraser","Orichalcum","Mirror","hubris:Potato","Replay:WaspNest","Blue Doll","Replay:Wax Seal","construct:FoamFinger","infinitespire:CursedDice","Grinning Jar","infinitespire:Beetle Shell","InkBottle","alterego_mod:Lift+1","alterego_mod:Jiggle+1","alterego_mod:Pet+1","alterego_mod:Clones+1","alterego_mod:Clones+1","alterego_mod:HighServant+1","alterego_mod:Skirt+1","alterego_mod:Mirror+1","alterego_mod:Mirror+1","alterego_mod:Belle+1","alterego_mod:Complex+1","champ:DeflectingBracers","Replay:Bottled Eggs","Pantograph","Art of War","hubris:ToyBattleship","Akabeko","hubris:DeckOfHolding","Guardian:PocketSentry","Replay:Rubber Ducky","Happy Flower","Vajra","Nunchaku","Runesmith:Locket","Tiny Chest","MealTicket","hubris:CrystalStatue","Bottled Lightning","Lizard Tail","Evolve+1","alterego_mod:Punishment+1","Evolve+1","bronze:Allocate+1","bronze:Turbo+1","Reckless Charge+1","Reckless Charge+1","bronze:BuggyMess+1","Evolve+1","alterego_mod:SakuraFive+1","alterego_mod:Stockings+1","alterego_mod:Complex+1","alterego_mod:Skirt+1","alterego_mod:Skirt+1","alterego_mod:DeftHands+1","alterego_mod:DeftHands+1","alterego_mod:BiFurious+1","alterego_mod:RocketPunch+1","alterego_mod:PerceptionDisorder+1","alterego_mod:Clones+1","alterego_mod:DiscoLights+1","alterego_mod:PerceptionDisorder+1","alterego_mod:PurpleHair+1","bronze:BurnOut+1","Wild Strike+1","alterego_mod:BusterCard+1","alterego_mod:Swimsuit+1","bronze:BugBarrage+1","alterego_mod:Exercise+1","alterego_mod:GoddessCore+1","alterego_mod:Lingerie+1","alterego_mod:1TonWallop+1","alterego_mod:Collar+1","Gremlin Food","Eternal Feather","Oddly Smooth Stone","sneckomod:BlankCard","Replay:Baseball","Pondfish Scales","Iron Hammer","hubris:BottledRain","infinitespire:Bottled Soul","Bottled Flame","ReplayFunnel","Strawberry","Regal Pillow","infinitespire:Lucky Rock","Onion Ring","infinitespire:Midas Blood","infinitespire:Magic Flask","alterego_mod:Swimsuit+1","alterego_mod:Exercise+1","alterego_mod:BiFurious+1","alterego_mod:Complex+1","alterego_mod:GoddessCore+1","alterego_mod:Maid+1","alterego_mod:GoddessCore+1","alterego_mod:BrynhildrRomantia+1","alterego_mod:DustData+1","alterego_mod:SakuraFive+1","alterego_mod:VirginLaserPalladion+1","alterego_mod:BusterCard+1","alterego_mod:SakuraPetals+1","alterego_mod:BiFurious+1","alterego_mod:Table+1","alterego_mod:TrashNCrash+1","alterego_mod:DeftHands+1","alterego_mod:Belts+1","alterego_mod:PerceptionDisorder+1","alterego_mod:Palingenesis+1","alterego_mod:PerceptionDisorder+1","alterego_mod:GachaTicket+1","alterego_mod:BustOut+1","alterego_mod:Punishment+1","Mummified Hand","Gremlin Horn","infinitespire:Satchel","infinitespire:PuzzleCube","Potion Belt","Replay:Multitool","HornCleat","Bottled Tornado","Question Card","Toolbox","infinitespire:FocusingShard","hubris:MysteriousPyramids","hubris:MobiusCoin","ReplayTheSpireMod:Shallot","alterego_mod:Nekomimi+1","alterego_mod:BusterCard+1","hexamod:Sixitude","White Beast Statue"],"campfire_rested":6,"item_purchase_floors":[2,2,2,2,2,2,2,2,2,2,2,2,2,2,2,2,2,2,2,2,2,2,2,2,2,2,2,2,2,2,2,2,2,2,2,2,2,2,2,2,2,2,2,2,2,2,2,2,2,2,2,2,2,2,2,2,2,2,2,2,2,2,2,2,2,2,2,2,2,2,2,2,2,2,2,2,2,2,2,2,2,2,2,2,2,2,2,2,2,2,3,3,3,3,3,3,3,3,3,3,3,3,3,3,3,3,3,3,3,3,3,3,3,3,3,3,3,3,3,3,3,3,3,3,3,3,3,7,7,7,7,7,7,7,7,7,7,7,7,7,7,7,7,7,7,7,7,7,7,7,7,7,7,7,7,7,7,7,7,7,7,7,7,7,7,7,7,7,7,7,7,7,7,7,7,7,7,7,7,7,7,7,7,7,7,7,7,7,7,7,7,7,22,22,22,22,22,22,22,22,22,22,22,22,22,22,22,22,22,22,22,22,22,22,22,22,22,22,22,22,22,22,22,22,22,22,22,22,22,22,22,22,22,28,28,28,28,28,28,28,28,28,28,28,28,37,37,37,44,44,44],"current_hp_per_floor":[120,130,143,153,163,173,186,196,208,221,234,249,264,274,284,299,309,322,335,345,357,377,387,400,413,426,439,449,462,475,490,500,515,525,538,548,561,571,581,606,619,634,646,659,674,687,697,707,717,731],"gold":246,"neow_bonus":"","is_daily":false,"chose_seed":false,"campfire_upgraded":13,"win_rate":0.0,"timestamp":1611840190,"path_taken":["M","$","$","?","?","R","$","R","T","R","?","E","E","?","R","BOSS","M","M","?","?","$","R","R","R","T","R","$","E","R","E","R","BOSS","M","NS","$","?","?","E","R","E","T","$","E","R","AVR","?","R","BOSS"],"items_purchased_type":["Relic","Relic","Relic","Relic","Relic","Relic","Relic","Relic","Relic","Relic","Relic","Relic","Relic","Card","Card","Card","Relic","Relic","Relic","Relic","Relic","Card","Card","Card","Card","Card","Card","Card","Card","Card","Card","Card","Card","Card","Card","Card","Card","Card","Card","Card","Card","Card","Card","Card","Card","Card","Card","Card","Card","Card","Card","Card","Card","Card","Card","Card","Card","Card","Card","Card","Card","Card","Card","Card","Card","Card","Card","Card","Card","Card","Card","Card","Card","Card","Card","Card","Card","Card","Card","Card","Card","Card","Card","Card","Card","Card","Card","Card","Card","Card","Relic","Relic","Relic","Relic","Relic","Relic","Relic","Relic","Relic","Card","Card","Card","Card","Card","Card","Card","Card","Card","Card","Card","Card","Card","Card","Card","Card","Relic","Relic","Relic","Relic","Relic","Relic","Relic","Relic","Relic","Relic","Relic","Relic","Relic","Relic","Relic","Card","Card","Card","Card","Card","Card","Card","Card","Card","Card","Card","Relic","Relic","Relic","Relic","Relic","Relic","Relic","Relic","Relic","Relic","Relic","Relic","Relic","Relic","Relic","Relic","Relic","Relic","Card","Card","Card","Card","Card","Card","Card","Card","Card","Card","Card","Card","Card","Card","Card","Card","Card","Card","Card","Card","Card","Card","Card","Card","Card","Card","Card","Card","Card","Card","Card","Card","Card","Relic","Relic","Relic","Relic","Relic","Relic","Relic","Relic","Relic","Relic","Relic","Relic","Relic","Relic","Relic","Relic","Relic","Card","Card","Card","Card","Card","Card","Card","Card","Card","Card","Card","Card","Card","Card","Card","Card","Card","Card","Card","Card","Card","Card","Card","Card","Relic","Relic","Relic","Relic","Relic","Relic","Relic","Relic","Relic","Relic","Relic","Relic","Relic","Relic","Card","Card","Relic","Relic"],"build_version":"2020-12-22","purchased_purges":116,"victory":true,"max_hp_per_floor":[120,130,143,153,163,173,186,196,208,221,234,249,264,274,284,299,309,322,335,345,357,377,387,400,413,426,439,449,462,475,490,500,515,525,538,548,561,571,581,606,619,634,646,659,674,687,697,707,717,731],"card_choices":[{"not_picked":["Shrug It Off+1","alterego_mod:DestructionOfProperty+1"],"picked":"alterego_mod:HighServant+1","floor":1.0},{"not_picked":["TH:CopperCoins","TH:ElvenBoots"],"picked":"Singing Bowl","floor":9.0},{"not_picked":["alterego_mod:Complex+1","alterego_mod:Lingerie+1"],"picked":"alterego_mod:SakuraPetals+1","floor":11.0},{"not_picked":["TH:CursedSword","TH:ElvenBoots"],"picked":"Singing Bowl","floor":12.0},{"not_picked":["alterego_mod:IdEs+1","alterego_mod:GIGAMILK+1"],"picked":"alterego_mod:Rake+1","floor":12.0},{"not_picked":["TH:DeckOfManyThings","TH:Mimic"],"picked":"Singing Bowl","floor":13.0},{"not_picked":["alterego_mod:IdEs+1","alterego_mod:Antipathy+1"],"picked":"Barricade+1","floor":13.0},{"not_picked":["TH:PixieDust","TH:BikiniMail"],"picked":"Singing Bowl","floor":16.0},{"not_picked":["bronze:BurnOut+1","alterego_mod:STier+1"],"picked":"alterego_mod:GIGAMILK+1","floor":16.0},{"not_picked":["alterego_mod:Santa+1","alterego_mod:BeGentle+1"],"picked":"alterego_mod:Nekomimi+1","floor":18},{"not_picked":["alterego_mod:BeGentle+1","alterego_mod:DiscoLights+1"],"picked":"alterego_mod:Birthday+1","floor":18},{"not_picked":["alterego_mod:HighServant+1","alterego_mod:Clap+1"],"picked":"alterego_mod:Undulate+1","floor":19},{"not_picked":["alterego_mod:PerceptionDisorder+1","alterego_mod:BiFurious+1"],"picked":"alterego_mod:Cushion+1","floor":19},{"not_picked":["TH:ElvenBoots","TH:Mimic"],"picked":"Singing Bowl","floor":21},{"not_picked":["alterego_mod:BeGentle+1","alterego_mod:BoobPocket+1"],"picked":"alterego_mod:Birthday+1","floor":24},{"not_picked":["alterego_mod:Complex+1","alterego_mod:GoddessCore+1"],"picked":"alterego_mod:BusterCard+1","floor":25},{"not_picked":["TH:Mimic"],"picked":"TH:EnergyPotion","floor":26},{"not_picked":["alterego_mod:Antipathy+1","alterego_mod:DiscoLights+1"],"picked":"alterego_mod:Cooking+1","floor":27},{"not_picked":["TH:DeckOfManyThings","TH:ElvenBoots"],"picked":"TH:Mimic","floor":29},{"not_picked":["alterego_mod:RingBreak+1","alterego_mod:GIGAMILK+1","alterego_mod:BrynhildrRomantia+1"],"picked":"alterego_mod:Valkyrie+1","floor":29},{"not_picked":["alterego_mod:Undulate+1","alterego_mod:Exercise+1","alterego_mod:DeftHands+1"],"picked":"alterego_mod:MagicResistance+1","floor":30},{"not_picked":["TH:ArmorSpikes","TH:PixieDust","TH:EnergyPotion"],"picked":"Singing Bowl","floor":31},{"not_picked":["alterego_mod:Valkyrie+1","alterego_mod:Vow+1","alterego_mod:Alter+1"],"picked":"alterego_mod:Venus+1","floor":31},{"not_picked":["TH:BikiniMail","TH:CopperCoins","TH:PixieDust"],"picked":"Singing Bowl","floor":33},{"not_picked":["alterego_mod:Antipathy+1","alterego_mod:Vow+1","alterego_mod:AlterEgo+1"],"picked":"alterego_mod:ClassAdvantage+1","floor":33},{"not_picked":["alterego_mod:Jiggle+1","alterego_mod:SuperDuperMasochism+1","alterego_mod:Mirror+1"],"picked":"alterego_mod:Cooking+1","floor":35},{"not_picked":["alterego_mod:Crossover+1","alterego_mod:TrashNCrash+1","alterego_mod:PerceptionDisorder+1"],"picked":"alterego_mod:PainIsPleasure+1","floor":35},{"not_picked":["TH:DeckOfManyThings","TH:ElvenBoots","TH:TreasureMap"],"picked":"Singing Bowl","floor":40},{"not_picked":["alterego_mod:Palingenesis+1","alterego_mod:PainIsPleasure+1","alterego_mod:RingBreak+1"],"picked":"alterego_mod:TrickOrTreatment+1","floor":40},{"not_picked":["alterego_mod:Complex+1","alterego_mod:Punishment+1","alterego_mod:Belle+1"],"picked":"alterego_mod:Rip+1","floor":41},{"not_picked":["TH:TreasureMap","TH:Mimic","TH:ElvenBoots"],"picked":"Singing Bowl","floor":42},{"not_picked":["alterego_mod:VirginLaserPalladion+1","alterego_mod:Alter+1","alterego_mod:AlterEgo+1"],"picked":"alterego_mod:GIGAMILK+1","floor":42},{"not_picked":["TH:ArmorSpikes","TH:PixieDust","TH:TreasureMap"],"picked":"Singing Bowl","floor":43},{"not_picked":["TH:CursedSword","TH:BikiniMail","TH:ArmorSpikes"],"picked":"Singing Bowl","floor":45},{"not_picked":["alterego_mod:SideboobHour+1","alterego_mod:Weigh+1","alterego_mod:AlterEgo+1"],"picked":"alterego_mod:Venus+1","floor":45},{"not_picked":["alterego_mod:Bounce+1","alterego_mod:Cycle+1","alterego_mod:BreastValley+1"],"picked":"alterego_mod:Smother+1","floor":46}],"player_experience":187060,"relics_obtained":[{"floor":9.0,"key":"Boot"},{"floor":9.0,"key":"Pet Ghost"},{"floor":11.0,"key":"Odd Mushroom"},{"floor":12.0,"key":"infinitespire:EmpoweringShard"},{"floor":12.0,"key":"Ice Cream"},{"floor":13.0,"key":"PreservedInsect"},{"floor":13.0,"key":"Smiling Mask"},{"floor":21,"key":"bronze:BronzeIdol"},{"floor":21,"key":"infinitespire:ShieldingShard"},{"floor":26,"key":"Ornamental Fan"},{"floor":29,"key":"infinitespire:BottledMercury"},{"floor":29,"key":"Slimebound:PreparedRelic"},{"floor":31,"key":"Incense Burner"},{"floor":31,"key":"hubris:SphereOfDissonance"},{"floor":40,"key":"Sundial"},{"floor":40,"key":"Pear"},{"floor":42,"key":"hubris:Metronome"},{"floor":42,"key":"Garlic"},{"floor":43,"key":"hubris:PeanutButter"},{"floor":45,"key":"infinitespire:Golems Mask"}],"event_choices":[{"damage_healed":0.0,"max_hp_gain":0.0,"max_hp_loss":0.0,"gold_gain":0.0,"event_name":"Mushrooms","player_choice":"Fought Mushrooms","floor":11.0,"gold_loss":0.0,"damage_taken":0.0},{"damage_healed":0,"gold_gain":0,"player_choice":"Traded Relic","damage_taken":0,"relics_obtained":["Nloth\u0027s Gift"],"max_hp_gain":0,"max_hp_loss":0,"event_name":"N\u0027loth","floor":20,"relics_lost":["hubris:Towel"],"gold_loss":0},{"cards_removed":["alterego_mod:SakuraLabyrinth"],"damage_healed":0,"gold_gain":0,"player_choice":"Offered Uncommon","damage_taken":0,"max_hp_gain":0,"max_hp_loss":0,"event_name":"Bonfire Elementals","floor":32,"gold_loss":0},{"damage_healed":0,"gold_gain":0,"player_choice":"Forge","damage_taken":0,"max_hp_gain":0,"max_hp_loss":0,"event_name":"Accursed Blacksmith","floor":39,"gold_loss":0,"cards_upgraded":["alterego_mod:Palingenesis"]},{"damage_healed":0,"gold_gain":0,"player_choice":"Got Potions","damage_taken":0,"max_hp_gain":0,"max_hp_loss":0,"event_name":"Lab","floor":48,"gold_loss":0}],"is_beta":false,"boss_relics":[{"not_picked":["hubris:ScarierMask","bronze:MakeshiftBattery"],"picked":"hubris:TerracottaHorce"},{"not_picked":["Replay:Grab Bag","hubris:GrandSneckoEye"],"picked":"SacredBark"}],"items_purged_floors":[2,2,2,2,2,2,2,2,2,2,2,2,2,2,2,2,2,2,2,2,2,2,2,2,2,2,2,2,2,2,2,2,2,2,2,2,2,2,2,2,2,2,2,2,2,2,2,2,2,2,2,2,2,2,2,2,2,2,2,2,2,2,2,2,2,2,2,2,2,2,2,2,2,2,2,2,3,3,3,3,7,7,7,7,7,7,7,7,7,7,7,7,7,7,7,7,7,7,7,7,7,7,7,7,7,22,22,22,22,22,22,22,22,22,22,44],"is_endless":false,"potions_floor_spawned":[12,13,19,31,35,40,45],"ascension_level":1}}