{"host":"l2dnabsh5e0fsksb","time":1611812234,"event":{"mods":["2.2 Compatiblity","BaseMod","Downfall","Minty Spire (QoL Compilation)","Quick Restart","StSLib"],"gold_per_floor":[99,99,24,24,24,55,55,66,66,166,196,213,213,231,242,339,339,239,250,261,361,373,386,386,286,303,323,333,363,378,55,73,170,170,70,42,42,52,52,83,83,83,83,96,96,123,123,151,165,165,165,200,47,47,47,47],"floor_reached":57,"language":"ENG","playtime":2856,"items_purged":["bronze:Goto"],"score":1759,"play_id":"5eddecba-7f0a-48f0-ba5d-11a17b73a48f","local_time":"20210128160714","is_ascension_mode":true,"campfire_choices":[{"floor":1.0,"key":"RECALL"},{"floor":9.0,"key":"REST"},{"data":"bronze:Constructor","floor":18.0,"key":"SMITH"},{"data":"bronze:Boost","floor":25.0,"key":"SMITH"},{"data":"bronze:Mutator","floor":35.0,"key":"SMITH"},{"floor":42.0,"key":"REST"},{"floor":45.0,"key":"REST"},{"data":"bronze:Boost","floor":47.0,"key":"SMITH"},{"floor":54,"key":"REST"}],"circlet_count":0,"master_deck":["bronze:Strike","bronze:Strike","bronze:Strike","bronze:Strike","bronze:Defend","bronze:Defend","bronze:Defend","bronze:Defend","bronze:Replicate","bronze:Deprecate","bronze:ChosenStrike+1","bronze:OilSpill","bronze:ChildClass","bronze:Constructor+1","bronze:DelayedSlice","bronze:Boost+1","bronze:Boost","bronze:FollowUp","bronze:BronzeOrb","bronze:HardenedForm","bronze:Boost+1","bronze:BuggyMess","bronze:ItsAFeature","bronze:ForceShield","bronze:Iterate+1","bronze:DelayedGuard","bronze:Mutator+1","bronze:Philosophize+1","downfall:Malfunctioning","bronze:Separator","bronze:Return","Parasite","bronze:FollowUp"],"relics":["bronze:BronzeCore","downfall:HeartsMalice","CaptainsWheel","champ:DuelingGlove","White Beast Statue","Busted Crown","downfall:HeartBlessingRed","Potion Belt","downfall:HeartBlessingBlue","Juzu Bracelet","bronze:BronzeIdol","Sling","Cursed Key","downfall:HeartBlessingGreen","Pantograph","Lantern","Anchor","Thread and Needle","Ginger","Strawberry","Orichalcum","Guardian:PocketSentry"],"acts_visited":["Exordium","TheCity","TheBeyond","TheEnding"],"potions_floor_usage":[52,52,56,56,56,56,56,56,56,56],"damage_taken":[{"damage":0.0,"enemies":"Cultist","floor":2.0,"turns":1.0},{"damage":0.0,"enemies":"downfall:FleeingMerchant","floor":3.0,"turns":1.0},{"damage":0.0,"enemies":"Small Slimes","floor":4.0,"turns":1.0},{"damage":20.0,"enemies":"Gremlin Nob","floor":6.0,"turns":4.0},{"damage":7.0,"enemies":"Jaw Worm","floor":8.0,"turns":2.0},{"damage":5.0,"enemies":"3 Sentries","floor":11.0,"turns":5.0},{"damage":12.0,"enemies":"Exordium Wildlife","floor":12.0,"turns":3.0},{"damage":0.0,"enemies":"2 Fungi Beasts","floor":14.0,"turns":2.0},{"damage":0.0,"enemies":"Exordium Thugs","floor":15.0,"turns":4.0},{"damage":4.0,"enemies":"WA_ARCHETYPE_RETAIN","floor":16.0,"turns":7.0},{"damage":0.0,"enemies":"Chosen","floor":19.0,"turns":3.0},{"damage":6.0,"enemies":"Shelled Parasite and Fungi","floor":20.0,"turns":5.0},{"damage":0.0,"enemies":"downfall:LadyInBlue","floor":21.0,"turns":5.0},{"damage":0.0,"enemies":"Sentry and Sphere","floor":22.0,"turns":4.0},{"damage":0.0,"enemies":"Snecko","floor":23.0,"turns":3.0},{"damage":1.0,"enemies":"Centurion and Healer","floor":26.0,"turns":4.0},{"damage":0.0,"enemies":"3 Cultists","floor":27.0,"turns":5.0},{"damage":33.0,"enemies":"Shelled Parasite and Fungi","floor":28.0,"turns":5.0},{"damage":1.0,"enemies":"Book of Stabbing","floor":29.0,"turns":4.0},{"damage":0.0,"enemies":"Chosen and Byrds","floor":30.0,"turns":6.0},{"damage":0.0,"enemies":"downfall:FleeingMerchant","floor":31.0,"turns":4.0},{"damage":16.0,"enemies":"Snecko","floor":32.0,"turns":6.0},{"damage":16.0,"enemies":"SI_MIRROR_ARCHETYPE","floor":33.0,"turns":7.0},{"damage":9.0,"enemies":"downfall:FleeingMerchant","floor":36.0,"turns":4.0},{"damage":0.0,"enemies":"Orb Walker","floor":38.0,"turns":2.0},{"damage":65.0,"enemies":"Nemesis","floor":40.0,"turns":13.0},{"damage":0.0,"enemies":"3 Shapes","floor":44.0,"turns":4.0},{"damage":18.0,"enemies":"Giant Head","floor":46.0,"turns":7.0},{"damage":0.0,"enemies":"Nemesis","floor":48.0,"turns":5.0},{"damage":3.0,"enemies":"Writhing Mass","floor":49.0,"turns":5.0},{"damage":61.0,"enemies":"DF_ARCHETYPE_ORBS","floor":50.0,"turns":6.0},{"damage":22,"enemies":"downfall:CharBossMerchant","floor":52,"turns":8},{"damage":30,"enemies":"downfall:NeowBoss","floor":55,"turns":14},{"damage":83,"enemies":"downfall:NeowBossFinal","floor":56,"turns":10}],"seed_played":"4064292734578537353","potions_obtained":[{"floor":6.0,"key":"SpeedPotion"},{"floor":11.0,"key":"LiquidMemories"},{"floor":12.0,"key":"BlessingOfTheForge"},{"floor":15.0,"key":"FairyPotion"},{"floor":16.0,"key":"EssenceOfSteel"},{"floor":19.0,"key":"hexamod:SoulburnPotion"},{"floor":21.0,"key":"bronze:BurnAndBuffPotion"},{"floor":21.0,"key":"Energy Potion"},{"floor":21.0,"key":"bronze:BurnAndBuffPotion"},{"floor":26.0,"key":"AttackPotion"},{"floor":27.0,"key":"Guardian:BlockOnCardUsePotion"},{"floor":28.0,"key":"AttackPotion"},{"floor":29.0,"key":"SteroidPotion"},{"floor":30.0,"key":"FearPotion"},{"floor":31.0,"key":"PowerPotion"},{"floor":33.0,"key":"sneckomod:MuddlingPotion"},{"floor":36.0,"key":"EntropicBrew"},{"floor":38.0,"key":"sneckomod:MuddlingPotion"},{"floor":40.0,"key":"SmokeBomb"},{"floor":44.0,"key":"AttackPotion"},{"floor":46.0,"key":"Guardian:BlockOnCardUsePotion"},{"floor":48.0,"key":"BlessingOfTheForge"},{"floor":49.0,"key":"DuplicationPotion"},{"floor":52,"key":"Ancient Potion"}],"is_trial":false,"path_per_floor":["R","M","$","M","?","E","T","M","R","?","E","M","?","M","M","B",null,"R","M","M","?","M","M","T","R","M","M","M","E","M","$","M","B",null,"R","$","?","M","?","E","T","R","?","M","R","E","R","E","M","B",null,"E","$","R","B","B",null],"character_chosen":"THE_AUTOMATON","items_purchased":["bronze:BronzeIdol","Sling","Pantograph","Fruit Juice","Guardian:PocketSentry"],"campfire_rested":4,"item_purchase_floors":[31,31,36,36,53],"current_hp_per_floor":[63,63,63,63,63,43,43,36,57,57,52,40,40,40,40,36,62,62,62,56,56,56,56,56,66,65,65,32,31,31,31,15,24,66,66,57,90,90,90,25,25,52,52,52,79,66,66,73,70,34,85,63,63,93,72,19],"gold":47,"neow_bonus":"THREE_ENEMY_KILL","is_daily":false,"chose_seed":false,"campfire_upgraded":4,"win_rate":0.0,"timestamp":1611812234,"path_taken":["R","M","$","?","?","E","T","M","R","?","E","?","?","M","M","BOSS","R","M","M","?","?","M","T","R","M","M","M","E","M","$","M","BOSS","R","$","?","M","?","E","T","R","?","M","R","E","R","E","M","BOSS","E","$","R","BOSS","BOSS"],"items_purchased_type":["Relic","Relic","Relic","Potion","Relic"],"build_version":"2020-12-22","purchased_purges":1,"victory":true,"max_hp_per_floor":[70,70,70,70,70,70,70,70,70,70,70,70,70,70,70,70,70,70,70,70,70,70,70,70,80,80,80,80,80,80,80,80,80,80,80,80,90,90,90,90,90,90,90,90,90,95,95,102,102,102,102,102,102,102,102,102],"card_choices":[{"not_picked":["bronze:NullPointer","bronze:Turbo"],"picked":"bronze:Deprecate","floor":2.0},{"not_picked":["bronze:Return","bronze:Allocate"],"picked":"bronze:ChosenStrike","floor":3.0},{"not_picked":["bronze:BitShift","bronze:Allocate"],"picked":"bronze:OilSpill","floor":4.0},{"not_picked":["bronze:Philosophize","bronze:Shell"],"picked":"bronze:ChildClass","floor":6.0},{"not_picked":["bronze:Separator","bronze:Invalidate"],"picked":"bronze:Constructor","floor":8.0},{"not_picked":["bronze:FineTuning","bronze:BitShift"],"picked":"bronze:DelayedSlice","floor":11.0},{"not_picked":["bronze:SpaghettiCode","bronze:BitShift"],"picked":"bronze:Boost","floor":12.0},{"not_picked":["bronze:Constructor","bronze:Frontload"],"picked":"bronze:FollowUp","floor":14.0},{"not_picked":["bronze:Constructor","bronze:DelayedSlice"],"picked":"bronze:BronzeOrb","floor":15.0},{"not_picked":["bronze:Break","bronze:ShipIt"],"picked":"bronze:HardenedForm","floor":16.0},{"not_picked":[],"picked":"bronze:Boost","floor":19.0},{"not_picked":["bronze:Boost"],"picked":"SKIP","floor":20.0},{"not_picked":[],"picked":"bronze:BuggyMess","floor":22.0},{"not_picked":["bronze:BugBarrage"],"picked":"SKIP","floor":23.0},{"not_picked":[],"picked":"bronze:ItsAFeature","floor":26.0},{"not_picked":[],"picked":"bronze:ForceShield","floor":27.0},{"not_picked":["bronze:Invalidate"],"picked":"SKIP","floor":28.0},{"not_picked":[],"picked":"bronze:HardenedForm","floor":29.0},{"not_picked":[],"picked":"bronze:Iterate+1","floor":30.0},{"not_picked":["bronze:Deprecate+1"],"picked":"SKIP","floor":31.0},{"not_picked":[],"picked":"bronze:DelayedGuard","floor":32.0},{"not_picked":[],"picked":"bronze:Mutator","floor":33.0},{"not_picked":["bronze:Refactor"],"picked":"SKIP","floor":36.0},{"not_picked":[],"picked":"bronze:Philosophize+1","floor":38.0},{"not_picked":["bronze:Frontload"],"picked":"SKIP","floor":40.0},{"not_picked":[],"picked":"bronze:Separator","floor":44.0},{"not_picked":[],"picked":"bronze:Return","floor":46.0},{"not_picked":["bronze:WildBeam+1"],"picked":"SKIP","floor":48.0},{"not_picked":[],"picked":"bronze:FollowUp","floor":49.0},{"not_picked":["bronze:Branch"],"picked":"SKIP","floor":52}],"player_experience":1849668,"relics_obtained":[{"floor":6.0,"key":"CaptainsWheel"},{"floor":7.0,"key":"champ:DuelingGlove"},{"floor":11.0,"key":"White Beast Statue"},{"floor":21.0,"key":"Potion Belt"},{"floor":29.0,"key":"Juzu Bracelet"},{"floor":40.0,"key":"Lantern"},{"floor":41.0,"key":"Anchor"},{"floor":43.0,"key":"Thread and Needle"},{"floor":46.0,"key":"Ginger"},{"floor":48.0,"key":"Strawberry"},{"floor":52,"key":"Orichalcum"}],"event_choices":[{"damage_healed":0.0,"max_hp_gain":0.0,"max_hp_loss":0.0,"gold_gain":0.0,"event_name":"Living Wall","player_choice":"Grow","floor":5.0,"gold_loss":0.0,"damage_taken":0.0,"cards_upgraded":["bronze:ChosenStrike"]},{"damage_healed":0.0,"max_hp_gain":0.0,"max_hp_loss":0.0,"gold_gain":0.0,"event_name":"Wheel of Change","player_choice":"Relic","floor":43.0,"gold_loss":0.0,"damage_taken":0.0}],"is_beta":false,"boss_relics":[{"not_picked":["Philosopher\u0027s Stone","Coffee Dripper"],"picked":"Busted Crown"},{"not_picked":["Snecko Eye","Astrolabe"],"picked":"Cursed Key"}],"items_purged_floors":[3],"is_endless":false,"potions_floor_spawned":[6,11,12,14,15,16,19,20,21,22,23,26,27,28,29,30,31,32,33,36,38,40,44,46,48,49,52],"ascension_level":9}}