{"host":"qrlp59d4kykmw4mt","time":1611858806,"event":{"mods":["Act Like it!","BaseMod","Colored Map","Downfall","Friendly Minions","Highlight Path","Minty Spire (QoL Compilation)","Permanent Neow","Random Character Button","Rare Cards Sparkle","SacredBarkPlus","StSLib","SuperFastMode","everything is the same but u backflip on backflip"],"gold_per_floor":[99,113,123,137,137,169,169,69,54,78,78,106,106,106,124,124,124,124],"floor_reached":16,"language":"ENG","playtime":673,"items_purged":[],"score":133,"play_id":"69faad2c-3fb0-4a1d-ae4f-aa956cf5237b","local_time":"20210128133326","is_ascension_mode":false,"campfire_choices":[{"floor":1,"key":"RECALL"},{"floor":8,"key":"DIG"},{"floor":11,"key":"DIG"}],"circlet_count":0,"master_deck":["sneckomod:Strike","sneckomod:Strike","sneckomod:Strike","sneckomod:Defend","sneckomod:Defend","sneckomod:Defend","sneckomod:TailWhip+1","sneckomod:SnekBite","sneckomod:Unknown","sneckomod:Unknown","sneckomod:UnknownUncommonSkill","sneckomod:QuickBite","sneckomod:IronFang","sneckomod:UnknownRareSkill","sneckomod:Unknown2Cost","sneckomod:UnknownRareAttack","sneckomod:UnknownCommonSkill"],"relics":["sneckomod:SneckoSoul","downfall:ShatteredFragment","CaptainsWheel","Shovel","downfall:HeartBlessingRed","Bottled Lightning","Odd Mushroom","White Beast Statue","Dead Branch","TungstenRod"],"acts_visited":["Exordium"],"potions_floor_usage":[16],"damage_taken":[{"damage":0,"enemies":"2 Louse","floor":2,"turns":3},{"damage":6,"enemies":"Cultist","floor":3,"turns":3},{"damage":4,"enemies":"Jaw Worm","floor":4,"turns":3},{"damage":0,"enemies":"Gremlin Nob","floor":6,"turns":2},{"damage":1,"enemies":"downfall:FleeingMerchant","floor":9,"turns":4},{"damage":15,"enemies":"The Mushroom Lair","floor":10,"turns":5},{"damage":13,"enemies":"Lagavulin","floor":12,"turns":6},{"damage":2,"enemies":"Lots of Slimes","floor":15,"turns":4},{"damage":28,"enemies":"WA_ARCHETYPE_RETAIN","floor":16,"turns":9}],"seed_played":"7313092654201640496","potions_obtained":[{"floor":3,"key":"SpeedPotion"},{"floor":12,"key":"DuplicationPotion"},{"floor":15,"key":"sneckomod:CheatPotion"}],"is_trial":false,"path_per_floor":["R","M","M","M","?","E","T","R","$","?","R","E","?","T","M","B"],"character_chosen":"THE_SNECKO","items_purchased":[],"campfire_rested":0,"item_purchase_floors":[],"current_hp_per_floor":[90,90,84,80,59,59,59,59,58,43,43,30,30,30,28,0,0,0],"gold":124,"neow_bonus":"UPGRADE_CARD","is_daily":false,"chose_seed":false,"campfire_upgraded":0,"win_rate":0.0,"timestamp":1611858806,"path_taken":["R","M","M","M","?","E","T","R","$","?","R","E","?","?","M","BOSS"],"items_purchased_type":[],"build_version":"2020-12-22","purchased_purges":0,"victory":false,"max_hp_per_floor":[90,90,90,90,90,90,90,90,90,90,90,90,90,90,90,90,90,90],"card_choices":[{"not_picked":["sneckomod:SoulRoll","sneckomod:Nope"],"picked":"sneckomod:UnknownUncommonSkill","floor":2},{"not_picked":["sneckomod:UnknownVulnerable","sneckomod:UnknownCommonSkill"],"picked":"sneckomod:QuickBite","floor":3},{"not_picked":["sneckomod:UnknownDraw","sneckomod:QuickMove","sneckomod:Nope"],"picked":"SKIP","floor":4},{"not_picked":["sneckomod:SoulRoll","sneckomod:UnknownUncommonPower"],"picked":"sneckomod:IronFang","floor":6},{"not_picked":["sneckomod:SlitherStrike","sneckomod:SoulDraw"],"picked":"sneckomod:UnknownRareSkill","floor":9},{"not_picked":["sneckomod:DiceBlock","sneckomod:DiceCrush"],"picked":"sneckomod:Unknown2Cost","floor":10},{"not_picked":["sneckomod:Unknown2Cost","sneckomod:UnknownCommonAttack"],"picked":"sneckomod:UnknownRareAttack","floor":12},{"not_picked":["sneckomod:WideSting","sneckomod:UnknownDraw"],"picked":"sneckomod:UnknownCommonSkill","floor":15}],"player_experience":300093,"relics_obtained":[{"floor":6,"key":"CaptainsWheel"},{"floor":7,"key":"Shovel"},{"floor":8,"key":"Bottled Lightning"},{"floor":10,"key":"Odd Mushroom"},{"floor":11,"key":"White Beast Statue"},{"floor":12,"key":"Dead Branch"},{"floor":14,"key":"TungstenRod"}],"event_choices":[{"damage_healed":0,"gold_gain":0,"player_choice":"Fought Mushrooms","damage_taken":0,"max_hp_gain":0,"max_hp_loss":0,"event_name":"Mushrooms","floor":10,"gold_loss":0}],"is_beta":false,"boss_relics":[],"items_purged_floors":[],"is_endless":false,"potions_floor_spawned":[3,12,15],"killed_by":"WA_ARCHETYPE_RETAIN","ascension_level":0}}