{"host":"0cnpp25a4xqhnyrs","time":1611874467,"event":{"mods":["BaseMod","BetterRewards","DeckTracker","Downfall","Minty Spire (QoL Compilation)","Quick Restart","StSLib","Transform Curses"],"gold_per_floor":[114,40,50,60,33,64,64,89,169,169,169,269,284,302,302,398,398,410,410,14,29,45,45,56,90,90,90,106,126,126,126,126,126,126],"floor_reached":33,"language":"ENG","playtime":3021,"items_purged":[],"score":377,"play_id":"de9b1f40-ccc0-414f-a372-ff8347c7be0a","local_time":"20210128165427","is_ascension_mode":false,"campfire_choices":[{"floor":7.0,"key":"REST"},{"floor":10.0,"key":"REST"},{"floor":15.0,"key":"REST"},{"floor":23.0,"key":"REST"},{"floor":27.0,"key":"REST"},{"floor":32.0,"key":"REST"}],"circlet_count":0,"master_deck":["Strike_G+1","Strike_G+1","Strike_G+1","Strike_G+1","Strike_G+1","Defend_G+1","Defend_G+1","Defend_G+1","Defend_G+1","Defend_G+1","Survivor","Neutralize","Slice","Noxious Fumes","Flying Knee","Bouncing Flask","Blade Dance","Backflip","Prepared","Prepared","Dagger Spray","Envenom","Poisoned Stab+1","Accuracy","Poisoned Stab+1","Slice+1","Quick Slash+1","Bouncing Flask+1","Infinite Blades","Cloak And Dagger+1","Deadly Poison","J.A.X."],"relics":["Ring of the Snake","Guardian:GemstoneGun","Potion Belt","Slimebound:PreparedRelic","SlaversCollar","Molten Egg 2","Pear","Smiling Mask"],"acts_visited":["Exordium","TheCity"],"potions_floor_usage":[33],"damage_taken":[{"damage":0.0,"enemies":"Cultist","floor":1.0,"turns":3.0},{"damage":1.0,"enemies":"Jaw Worm","floor":3.0,"turns":4.0},{"damage":2.0,"enemies":"2 Louse","floor":4.0,"turns":4.0},{"damage":31.0,"enemies":"3 Sentries","floor":6.0,"turns":8.0},{"damage":18.0,"enemies":"Gremlin Nob","floor":8.0,"turns":4.0},{"damage":0.0,"enemies":"Exordium Wildlife","floor":13.0,"turns":2.0},{"damage":4.0,"enemies":"Exordium Thugs","floor":14.0,"turns":4.0},{"damage":28.0,"enemies":"The Guardian","floor":16.0,"turns":13.0},{"damage":20.0,"enemies":"Spheric Guardian","floor":18.0,"turns":4.0},{"damage":0.0,"enemies":"Chosen","floor":21.0,"turns":4.0},{"damage":19.0,"enemies":"Shelled Parasite and Fungi","floor":22.0,"turns":6.0},{"damage":2.0,"enemies":"Snecko","floor":24.0,"turns":4.0},{"damage":44.0,"enemies":"Gremlin Leader","floor":25.0,"turns":4.0},{"damage":21.0,"enemies":"Snake Plant","floor":28.0,"turns":4.0},{"damage":12.0,"enemies":"Sentry and Sphere","floor":29.0,"turns":5.0},{"damage":63,"enemies":"Automaton","floor":33,"turns":6}],"seed_played":"-2196465332725622278","potions_obtained":[{"floor":1.0,"key":"SteroidPotion"},{"floor":13.0,"key":"AttackPotion"},{"floor":14.0,"key":"AttackPotion"},{"floor":16.0,"key":"SteroidPotion"},{"floor":18.0,"key":"EssenceOfSteel"},{"floor":21.0,"key":"Swift Potion"},{"floor":28.0,"key":"Poison Potion"},{"floor":29.0,"key":"SteroidPotion"}],"is_trial":true,"path_per_floor":["M","$","M","M","$","E","R","E","T","R","?","?","M","M","R","B",null,"M","?","$","M","M","R","M","E","T","R","M","M","?","?","R","B"],"character_chosen":"THE_SILENT","items_purchased":["Noxious Fumes","Blade Dance","Accuracy","Molten Egg 2","Poisoned Stab+1","Slice+1"],"campfire_rested":6,"item_purchase_floors":[2,5,20,20,20,20],"current_hp_per_floor":[70,70,69,67,67,36,57,39,39,60,60,60,60,56,70,42,70,50,50,50,50,31,52,50,16,16,40,19,7,7,7,31,0,0],"gold":126,"neow_bonus":"","is_daily":false,"chose_seed":false,"campfire_upgraded":0,"win_rate":0.0,"timestamp":1611874467,"path_taken":["M","?","M","M","$","E","R","E","T","R","?","?","M","?","R","BOSS","M","?","$","M","M","R","M","E","T","R","M","M","?","?","R","BOSS"],"items_purchased_type":["Card","Card","Card","Relic","Card","Card"],"build_version":"2020-12-22","purchased_purges":0,"victory":false,"max_hp_per_floor":[70,70,70,70,70,70,70,70,70,70,70,70,70,70,70,70,70,70,70,70,70,70,70,70,80,80,80,80,80,80,80,80,80,80],"card_choices":[{"not_picked":["All Out Attack","Backflip"],"picked":"Slice","floor":1.0},{"not_picked":["Dodge and Roll","Underhanded Strike"],"picked":"Flying Knee","floor":3.0},{"not_picked":["Reflex","Deflect"],"picked":"Bouncing Flask","floor":4.0},{"not_picked":["Quick Slash","Acrobatics"],"picked":"Backflip","floor":6.0},{"not_picked":["Endless Agony","Leg Sweep"],"picked":"Prepared","floor":8.0},{"not_picked":["Choke","Endless Agony"],"picked":"Prepared","floor":13.0},{"not_picked":["Predator","Dodge and Roll"],"picked":"Dagger Spray","floor":14.0},{"not_picked":["Grand Finale","A Thousand Cuts"],"picked":"Envenom","floor":16.0},{"not_picked":["Prepared+1","Dodge and Roll"],"picked":"Poisoned Stab+1","floor":18.0},{"not_picked":["Leg Sweep","Eviscerate+1"],"picked":"Quick Slash+1","floor":21.0},{"not_picked":["Well Laid Plans","Outmaneuver"],"picked":"Bouncing Flask+1","floor":22.0},{"not_picked":["Blade Dance","Calculated Gamble"],"picked":"Infinite Blades","floor":24.0},{"not_picked":["Skewer+1","Malaise"],"picked":"Cloak And Dagger+1","floor":25.0},{"not_picked":["Distraction","Blur"],"picked":"Deadly Poison","floor":28.0},{"not_picked":["Backflip","Tactician+1","Cloak And Dagger"],"picked":"SKIP","floor":29.0}],"player_experience":65069,"relics_obtained":[{"floor":6.0,"key":"Guardian:GemstoneGun"},{"floor":8.0,"key":"Potion Belt"},{"floor":9.0,"key":"Slimebound:PreparedRelic"},{"floor":25.0,"key":"Pear"},{"floor":26.0,"key":"Smiling Mask"}],"event_choices":[{"damage_healed":0.0,"max_hp_gain":0.0,"max_hp_loss":0.0,"gold_gain":0.0,"event_name":"Liars Game","player_choice":"Ignored","floor":11.0,"gold_loss":0.0,"damage_taken":0.0},{"damage_healed":0.0,"max_hp_gain":0.0,"max_hp_loss":0.0,"gold_gain":100.0,"event_name":"Golden Shrine","player_choice":"Pray","floor":12.0,"gold_loss":0.0,"damage_taken":0.0},{"damage_healed":0.0,"max_hp_gain":0.0,"max_hp_loss":0.0,"gold_gain":0.0,"event_name":"Back to Basics","player_choice":"Simplicity","floor":19.0,"gold_loss":0.0,"damage_taken":0.0,"cards_upgraded":["Strike_G","Strike_G","Strike_G","Strike_G","Strike_G","Defend_G","Defend_G","Defend_G","Defend_G","Defend_G"]},{"damage_healed":0.0,"max_hp_gain":0.0,"max_hp_loss":0.0,"gold_gain":0.0,"event_name":"Drug Dealer","player_choice":"Obtain J.A.X.","floor":30.0,"gold_loss":0.0,"damage_taken":0.0,"cards_obtained":["J.A.X."]},{"damage_healed":0.0,"max_hp_gain":0.0,"max_hp_loss":0.0,"gold_gain":0.0,"event_name":"Ghosts","player_choice":"Ignored","floor":31.0,"gold_loss":0.0,"damage_taken":0.0}],"is_beta":false,"boss_relics":[{"not_picked":["Fusion Hammer","Empty Cage"],"picked":"SlaversCollar"}],"items_purged_floors":[],"is_endless":true,"potions_floor_spawned":[1,13,14,16,18,21,28,29],"killed_by":"Automaton","ascension_level":0}}