{"host":"szcsc05p6ieg5q76","time":1611871799,"event":{"mods":["ATMod(阿瑾Mod)","Act Like it!","Arknights The Spire","BaseMod","Minty Spire (QoL Compilation)","Reimu（博丽灵梦）","SOS（斯巴达之子）","StSLib","The Servant 0.9.4","【功能Mod】聪明的最终Boss"],"gold_per_floor":[111,61,72,72,86,86,86,86],"floor_reached":7,"language":"ZHS","playtime":326,"items_purged":[],"score":41,"play_id":"f8aab7e5-bbe2-48d9-bc43-33504da5d049","local_time":"20210128230959","is_ascension_mode":false,"campfire_choices":[{"data":"ats:Assault Order","floor":6,"key":"SMITH"}],"circlet_count":0,"master_deck":["ats:Strike C","ats:Strike S","ats:Strike V","ats:Armor Crushing Shot","ats:Defend","ats:Defend","ats:Defend","ats:Emotion Absorption","ats:Hook Shot","ats:Closed Bolt Burst Fire","ats:Magnetic Hammer","ats:Assault Order+1"],"relics":["ats:Sanity","AT_ATBox","NeowsBlessing"],"acts_visited":["Exordium"],"potions_floor_usage":[],"damage_taken":[{"damage":0,"enemies":"Jaw Worm","floor":1,"turns":1},{"damage":0,"enemies":"2 Louse","floor":3,"turns":1},{"damage":0,"enemies":"Cultist","floor":5,"turns":1},{"damage":101,"enemies":"Gremlin Nob","floor":7,"turns":6}],"seed_played":"-2836201963721881408","potions_obtained":[{"floor":1,"key":"Regen Potion"}],"is_trial":false,"path_per_floor":["M","?","M","?","M","R","E"],"character_chosen":"DOCTOR_CLASS","items_purchased":[],"campfire_rested":0,"item_purchase_floors":[],"current_hp_per_floor":[72,72,72,72,72,72,0,0],"gold":86,"neow_bonus":"THREE_ENEMY_KILL","is_daily":false,"chose_seed":false,"campfire_upgraded":1,"win_rate":0.0,"timestamp":1611871799,"path_taken":["M","?","M","?","M","R","E"],"items_purchased_type":[],"build_version":"2020-12-22","purchased_purges":0,"victory":false,"max_hp_per_floor":[72,72,72,72,72,72,72,72],"card_choices":[{"not_picked":["ats:Flexible Camouflage","ats:Curse Doll"],"picked":"ats:Hook Shot","floor":1},{"not_picked":["ats:Flame Of Heaven","ats:Revitalization"],"picked":"ats:Closed Bolt Burst Fire","floor":3},{"not_picked":["ats:Shell Defense","ats:Very Hot Blade"],"picked":"ats:Assault Order","floor":5}],"player_experience":170817,"relics_obtained":[],"event_choices":[{"cards_removed":["ats:Strike G"],"damage_healed":0,"gold_gain":0,"player_choice":"Card Removal","damage_taken":0,"max_hp_gain":0,"max_hp_loss":0,"event_name":"The Cleric","floor":2,"gold_loss":50},{"damage_healed":0,"gold_gain":0,"cards_transformed":["ats:Defend"],"player_choice":"Change","damage_taken":0,"max_hp_gain":0,"max_hp_loss":0,"event_name":"Living Wall","floor":4,"gold_loss":0,"cards_obtained":["ats:Magnetic Hammer"]}],"is_beta":false,"boss_relics":[],"items_purged_floors":[],"is_endless":false,"potions_floor_spawned":[1],"killed_by":"Gremlin Nob","ascension_level":0}}