{"host":"usrgk25etjl0nf5i","time":1611795908,"event":{"mods":["2.2 Compatiblity","BaseMod","Downfall","Hubris","Minty Spire (QoL Compilation)","Permanent Neow","StSLib","SuperFastMode"],"gold_per_floor":[10,27,27,27,45,45,45,71,125,125,125],"floor_reached":10,"language":"ENG","playtime":272,"items_purged":[],"score":112,"play_id":"d6644152-f1b4-4bab-9f5d-ade0850c7c97","local_time":"20210127170508","is_ascension_mode":true,"campfire_choices":[{"floor":6,"key":"REST"}],"circlet_count":0,"master_deck":["AscendersBane","Strike_B","Strike_B","Defend_B","Defend_B","Defend_B","Defend_B","Zap","Dualcast","Panache","Heatsinks","Turbo","Recycle","Self Repair","Parasite","Reprogram"],"relics":["Cracked Core","hubris:SlimyHat","Bag of Marbles"],"acts_visited":["Exordium"],"potions_floor_usage":[8,10],"damage_taken":[{"damage":9,"enemies":"Small Slimes","floor":1,"turns":4},{"damage":13,"enemies":"Jaw Worm","floor":2,"turns":4},{"damage":10,"enemies":"2 Louse","floor":5,"turns":3},{"damage":36,"enemies":"Lagavulin","floor":8,"turns":8},{"damage":36,"enemies":"3 Sentries","floor":10,"turns":4}],"seed_played":"7844140663085682040","potions_obtained":[{"floor":2,"key":"hexamod:SoulburnPotion"},{"floor":8,"key":"FocusPotion"}],"is_trial":false,"path_per_floor":["M","M","?","?","M","R","?","E","T","E"],"character_chosen":"DEFECT","items_purchased":[],"campfire_rested":1,"item_purchase_floors":[],"current_hp_per_floor":[55,42,42,35,25,46,63,34,34,0,0],"gold":125,"neow_bonus":"RANDOM_COLORLESS_2","is_daily":false,"chose_seed":false,"campfire_upgraded":0,"win_rate":0.0,"timestamp":1611795908,"path_taken":["M","M","?","?","M","R","?","E","T","E"],"items_purchased_type":[],"build_version":"2020-12-22","purchased_purges":0,"victory":false,"max_hp_per_floor":[71,71,71,71,71,71,71,71,71,71,71],"card_choices":[{"not_picked":["Secret Technique","Mayhem"],"picked":"Panache","floor":0},{"not_picked":["Glacier","Skim"],"picked":"Heatsinks","floor":1},{"not_picked":["Compile Driver","Stack"],"picked":"Turbo","floor":2},{"not_picked":["Recycle","Go for the Eyes"],"picked":"Self Repair","floor":5},{"not_picked":["Cold Snap","Heatsinks"],"picked":"Reprogram","floor":8}],"player_experience":677172,"relics_obtained":[{"floor":8,"key":"hubris:SlimyHat"},{"floor":9,"key":"Bag of Marbles"}],"event_choices":[{"damage_healed":0,"gold_gain":0,"cards_transformed":["Strike_B"],"player_choice":"Change","damage_taken":0,"max_hp_gain":0,"max_hp_loss":0,"event_name":"Living Wall","floor":3,"gold_loss":0,"cards_obtained":["Recycle"]},{"cards_removed":["Strike_B"],"damage_healed":0,"gold_gain":0,"player_choice":"Card Removal","damage_taken":7,"max_hp_gain":0,"max_hp_loss":0,"event_name":"Golden Wing","floor":4,"gold_loss":0},{"damage_healed":17,"gold_gain":0,"player_choice":"Healed and dodged fight","damage_taken":0,"max_hp_gain":0,"max_hp_loss":0,"event_name":"Mushrooms","floor":7,"gold_loss":0,"cards_obtained":["Parasite"]}],"is_beta":false,"boss_relics":[],"items_purged_floors":[],"is_endless":false,"potions_floor_spawned":[2,8],"killed_by":"3 Sentries","ascension_level":14}}