{"host":"cgwysqtmt736mr58","time":1611837884,"event":{"mods":["2.2 Compatiblity","Aspiration","BaseMod","Beaked The Cultist","BetterRewards","Colored Map","Colored Powertips","Downfall","Duelist Mod","GifTheSpireLib","Googly Eyes","Halation","Hermit","Hubris","Infinite Spire","Lobotomy","LobotomyExtend","Marisa????????","Minty Spire (QoL Compilation)","Relic Stats","Replay The Spire","Shade Mod","StSLib","The Bug Knight","The Construct","The Cursed","The Disciple","The Exalted","The Jungle","The Necromancer","The Runesmith","The Servant 0.9.4","The Wild Card","Waifu the Spire","Yuri Mod"],"gold_per_floor":[99,117,134,50,70,70,70,70,90,110,124,144,44,78,78,174,174,174,188,207,222,222,233,233,233,233,307,322,348,248,248,258,257,257,257,277,112,112,97,108,108,163,163,11,34,51,51,63,75,75,75],"floor_reached":52,"language":"ENG","playtime":2602,"items_purged":[],"score":914,"play_id":"5d1e1607-e099-4d70-9307-628113601234","local_time":"20210128234444","is_ascension_mode":true,"campfire_choices":[{"floor":1.0,"key":"RECALL"},{"floor":13,"key":"REST"},{"data":"infinitespire:Execution","floor":18,"key":"SMITH"},{"floor":26,"key":"REST"},{"floor":30,"key":"REST"},{"floor":43,"key":"REST"},{"floor":47,"key":"REST"}],"circlet_count":0,"master_deck":["bronze:Strike+1","bronze:Strike","bronze:Strike","bronze:Strike","bronze:Defend","bronze:Defend","bronze:Defend","bronze:Defend","bronze:Replicate+1","bronze:Goto","bronze:Overheat","bronze:Deprecate","bronze:InfiniteBeams","bronze:FindAndReplace","theDuelist:PsiCurse","infinitespire:Execution+1","bronze:Iterate","bronze:FineTuning","bronze:DelayedSlice+1","bronze:WhirlingStrike","bronze:HardenedForm","bronze:InfiniteLoop","bronze:Shell+1","bronze:DelayedGuard+1","downfall:Bewildered","ReplayTheSpireMod:Splinters","bronze:ChosenStrike+1","bronze:DelayedSlice+1","bronze:Boost","bronze:Format","beaked:CursingBlood+1","beaked:WarriorSpirit+1","bronze:Verify","bronze:ItsAFeature+1","ReplayTheSpireMod:Wings of Steel","beaked:Ceremony+1","beaked:CrazyRituals","beaked:CrazyRituals","beaked:MachineSpirit+1","beaked:Foresight+1"],"relics":["bronze:BronzeCore","LetterFromLob","Letter Opener","hubris:Towel","downfall:HeartBlessingRed","Oddly Smooth Stone","Bromod:ArcaneGrace","sneckomod:BabySnecko","aspiration:FrozenJewel","ReplayFunnel","infinitespire:ShieldingShard","downfall:HeartBlessingGreen","halation:PinkSoulGem","aspiration:BeakedSkillbook","Nunchaku","CatCart","halation:BottledLove","Whetstone"],"acts_visited":["Exordium","TheCity","TheBeyond"],"potions_floor_usage":[14,16,16,21,23,23,29,29,33,33,42,46,49,50,50],"damage_taken":[{"damage":2.0,"enemies":"Small Slimes","floor":2.0,"turns":3.0},{"damage":4,"enemies":"Jaw Worm","floor":3,"turns":4},{"damage":0,"enemies":"downfall:FleeingMerchant","floor":4,"turns":4},{"damage":4,"enemies":"Cultist","floor":5,"turns":3},{"damage":5,"enemies":"3 Louse","floor":9,"turns":3},{"damage":14,"enemies":"Blue Slaver","floor":10,"turns":4},{"damage":12,"enemies":"Exordium Thugs","floor":11,"turns":5},{"damage":2,"enemies":"3 Louse","floor":12,"turns":3},{"damage":16,"enemies":"Gremlin Nob","floor":14,"turns":3},{"damage":41,"enemies":"DF_ARCHETYPE_STREAMLINE","floor":16,"turns":7},{"damage":2,"enemies":"Chosen","floor":19,"turns":3},{"damage":26,"enemies":"Spheric Guardian","floor":20,"turns":5},{"damage":24,"enemies":"Snake Plant","floor":21,"turns":4},{"damage":11,"enemies":"Shelled Parasite and Fungi","floor":23,"turns":3},{"damage":0,"enemies":"Snecko","floor":28,"turns":4},{"damage":7,"enemies":"theDuelist:KaibaA2","floor":29,"turns":3},{"damage":3,"enemies":"Sentry and Sphere","floor":32,"turns":5},{"damage":27,"enemies":"SI_MIRROR_ARCHETYPE","floor":33,"turns":4},{"damage":2,"enemies":"Orb Walker","floor":36,"turns":3},{"damage":0,"enemies":"downfall:FleeingMerchant","floor":37,"turns":4},{"damage":5,"enemies":"downfall:FleeingMerchant","floor":39,"turns":4},{"damage":12,"enemies":"3 Darklings","floor":40,"turns":4},{"damage":8,"enemies":"Orin","floor":42,"turns":5},{"damage":0,"enemies":"downfall:FleeingMerchant","floor":44,"turns":4},{"damage":100009,"enemies":"Transient","floor":46,"turns":5},{"damage":6,"enemies":"Maw","floor":48,"turns":6},{"damage":16,"enemies":"Jaw Worm Horde","floor":49,"turns":3},{"damage":12,"enemies":"IC_BLOCK_ARCHETYPE","floor":50,"turns":8}],"seed_played":"7334140655861120235","potions_obtained":[{"floor":0.0,"key":"ColorlessPotion"},{"floor":0.0,"key":"EssenceOfSteel"},{"floor":0.0,"key":"ColorlessPotion"},{"floor":9,"key":"Cursed Concoction"},{"floor":10,"key":"hexamod:SoulburnPotion"},{"floor":11,"key":"PowerPotion"},{"floor":14,"key":"Fire Potion"},{"floor":19,"key":"infinitespire:BlackPotion"},{"floor":21,"key":"SteroidPotion"},{"floor":27,"key":"champ:CounterPotion"},{"floor":27,"key":"Dexterity Potion"},{"floor":28,"key":"construct:ShiftPotion"},{"floor":32,"key":"Cursed Concoction"},{"floor":40,"key":"CultistPotion"},{"floor":46,"key":"Fire Potion"},{"floor":48,"key":"Elixir"},{"floor":49,"key":"hexamod:SoulburnPotion"}],"is_trial":false,"path_per_floor":["R_BF","M","M","$","M","?","T","?","M","M","M","M","R","E","M","B",null,"R","M","M","M","?","M","T","?","R","?","M","E","R","?","M","B",null,"R_BF","M","$","?","$","M","T","?","R","$","T","M","R","M","M","B",null,null],"character_chosen":"THE_AUTOMATON","items_purchased":["bronze:InfiniteBeams","bronze:Verify","halation:BottledLove","beaked:CrazyRituals","Whetstone","Explosive Potion"],"campfire_rested":5,"item_purchase_floors":[4,37,44,44,44,44],"current_hp_per_floor":[70,68,64,64,60,60,60,60,55,41,29,27,48,32,70,29,60,60,59,36,17,17,7,7,7,28,28,28,21,42,42,40,16,57,70,68,70,70,68,59,59,55,70,70,70,17,38,33,17,15,15],"gold":75,"neow_bonus":"THREE_SMALL_POTIONS","is_daily":false,"chose_seed":false,"campfire_upgraded":1,"win_rate":0.0,"timestamp":1611837884,"path_taken":["R_BF","M","M","$","M","?","T","?","M","M","M","M","R","E","M","BOSS","R","M","M","M","?","M","T","?","R","?","?","E","R","?","M","BOSS","R_BF","M","$","?","?","?","T","?","R","?","?","M","R","?","M","BOSS"],"items_purchased_type":["Card","Card","Relic","Card","Relic","Potion"],"build_version":"2020-12-22","purchased_purges":0,"victory":true,"max_hp_per_floor":[70,70,70,70,70,70,70,70,70,70,70,70,70,70,70,70,70,70,70,70,70,70,70,70,70,70,70,70,70,70,70,70,70,70,70,70,70,70,70,70,70,70,70,70,70,70,70,70,70,70,70],"relic_stats":{"Nunchaku":[7],"counters":[28,116],"Letter Opener":[89],"Whetstone":["bronze:Replicate","bronze:Strike"],"obtain_stats":[{"ReplayFunnel":27,"bronze:BronzeCore":0,"Bromod:ArcaneGrace":17,"downfall:HeartBlessingRed":13,"halation:BottledLove":44,"Oddly Smooth Stone":14,"downfall:HeartBlessingGreen":30,"Letter Opener":7,"Whetstone":44,"hubris:Towel":8,"aspiration:FrozenJewel":24,"sneckomod:BabySnecko":22,"Nunchaku":41,"infinitespire:ShieldingShard":29,"LetterFromLob":2,"CatCart":42,"halation:PinkSoulGem":31,"aspiration:BeakedSkillbook":34},{"ReplayFunnel":14,"bronze:BronzeCore":0,"Bromod:ArcaneGrace":10,"downfall:HeartBlessingRed":8,"halation:BottledLove":24,"Oddly Smooth Stone":9,"downfall:HeartBlessingGreen":16,"Letter Opener":4,"Whetstone":24,"hubris:Towel":4,"aspiration:FrozenJewel":14,"sneckomod:BabySnecko":13,"Nunchaku":22,"infinitespire:ShieldingShard":16,"LetterFromLob":1,"CatCart":23,"halation:PinkSoulGem":16,"aspiration:BeakedSkillbook":18},{"ReplayFunnel":54,"bronze:BronzeCore":0,"Bromod:ArcaneGrace":39,"downfall:HeartBlessingRed":29,"halation:BottledLove":94,"Oddly Smooth Stone":32,"downfall:HeartBlessingGreen":61,"Letter Opener":14,"Whetstone":94,"hubris:Towel":14,"aspiration:FrozenJewel":54,"sneckomod:BabySnecko":51,"Nunchaku":85,"infinitespire:ShieldingShard":61,"LetterFromLob":3,"CatCart":90,"halation:PinkSoulGem":61,"aspiration:BeakedSkillbook":70}]},"card_choices":[{"not_picked":["bronze:Constructor","bronze:MaxOutput"],"picked":"bronze:Overheat","floor":2.0},{"not_picked":["bronze:Turbo","bronze:Overheat","bronze:DelayedGuard"],"picked":"SKIP","floor":3},{"not_picked":["bronze:Turbo","bronze:Overheat","bronze:DelayedGuard"],"picked":"SKIP","floor":3},{"not_picked":["bronze:BugBarrage","bronze:MaxOutput"],"picked":"bronze:Deprecate","floor":4},{"not_picked":["bronze:Turbo","bronze:Fortify"],"picked":"bronze:FindAndReplace","floor":5},{"not_picked":["Replay:Fractal Strike","ReplayTheSpireMod:Echoes of Time"],"picked":"infinitespire:Execution","floor":6},{"not_picked":["bronze:Invalidate","bronze:WildBeam"],"picked":"bronze:Iterate","floor":9},{"not_picked":["bronze:Virus","bronze:DarkDash"],"picked":"bronze:FineTuning","floor":10},{"not_picked":["bronze:Branch","bronze:BuggyMess"],"picked":"bronze:DelayedSlice","floor":11},{"not_picked":["bronze:FineTuning","bronze:Iterate"],"picked":"bronze:WhirlingStrike","floor":12},{"not_picked":["bronze:CloningBeam","bronze:Deprecate"],"picked":"bronze:HardenedForm","floor":14},{"not_picked":["bronze:CleanCode","bronze:TinkerersToolbox"],"picked":"bronze:InfiniteLoop","floor":16},{"not_picked":["bronze:Constructor+1","bronze:FineTuning"],"picked":"bronze:Shell+1","floor":19},{"not_picked":["bronze:Overheat","bronze:BitShift","bronze:Turbo"],"picked":"SKIP","floor":20},{"not_picked":["bronze:Turbo","bronze:Shield"],"picked":"bronze:DelayedGuard+1","floor":21},{"not_picked":["bronze:Turbo+1","bronze:Overheat","bronze:BurnOut"],"picked":"SKIP","floor":23},{"not_picked":["bronze:Branch","bronze:CutThrough"],"picked":"bronze:ChosenStrike+1","floor":27},{"not_picked":["bronze:MaxOutput","bronze:Constructor"],"picked":"bronze:DelayedSlice+1","floor":28},{"not_picked":["bronze:Overload","bronze:Hardcode"],"picked":"bronze:Boost","floor":29},{"not_picked":["bronze:DelayedGuard+1","bronze:MaxOutput+1","bronze:CloningBeam"],"picked":"SKIP","floor":32},{"not_picked":["bronze:BurnOut","bronze:HyperBeam"],"picked":"bronze:Format","floor":33},{"not_picked":["bronze:Iterate","beaked:Resilience","beaked:Redirect"],"picked":"beaked:CursingBlood+1","floor":36},{"not_picked":["beaked:Daydream","bronze:ShipIt","bronze:BitShift"],"picked":"beaked:WarriorSpirit+1","floor":37},{"not_picked":["bronze:CutThrough+1","bronze:DelayedSlice","beaked:BloodForTheGods"],"picked":"bronze:ItsAFeature+1","floor":39},{"not_picked":["bronze:DigitalCarnage+1","bronze:ChildClass+1","beaked:BraceForImpact"],"picked":"ReplayTheSpireMod:Wings of Steel","floor":40},{"not_picked":["beaked:FeelMyPain+1","beaked:WarriorEssence","bronze:Constructor"],"picked":"beaked:Ceremony+1","floor":44},{"not_picked":["bronze:Virus","bronze:Deprecate","beaked:Brace"],"picked":"beaked:MachineSpirit+1","floor":46},{"not_picked":["beaked:Flinch","beaked:Poke+1","bronze:InfiniteBeams+1"],"picked":"beaked:Foresight+1","floor":48},{"not_picked":["beaked:Poke","bronze:Constructor+1","bronze:Turbo+1","bronze:Format"],"picked":"SKIP","floor":49}],"player_experience":1072763,"relics_obtained":[{"floor":2.0,"key":"LetterFromLob"},{"floor":7,"key":"Letter Opener"},{"floor":14,"key":"Oddly Smooth Stone"},{"floor":24,"key":"aspiration:FrozenJewel"},{"floor":27,"key":"ReplayFunnel"},{"floor":29,"key":"infinitespire:ShieldingShard"},{"floor":41,"key":"Nunchaku"},{"floor":42,"key":"CatCart"}],"event_choices":[{"damage_healed":0,"gold_gain":0,"player_choice":"Fight","damage_taken":0,"max_hp_gain":0,"max_hp_loss":0,"event_name":"OrinTheCat","floor":42,"gold_loss":0}],"is_beta":false,"boss_relics":[{"not_picked":["halation:ForbiddenBikini","Painkiller Herb"],"picked":"Bromod:ArcaneGrace"},{"not_picked":["hubris:CrackedHourglass","Runic Dome"],"picked":"aspiration:BeakedSkillbook"}],"items_purged_floors":[],"is_endless":false,"potions_floor_spawned":[9,10,11,12,14,19,21,28,32,40,46,48,49],"ascension_level":5}}