{"host":"qbjtml023iza03hb","time":1611846280,"event":{"mods":["AchievementEnabler","BaseMod","Hermit","Minty Spire (QoL Compilation)","StSLib","The Animator","The Cursed"],"gold_per_floor":[119,119,294,294,294,294,314,337,391,406,431,451,475,506,506,627,627,648,648,669,687,705,749,749,749,775,800,814,814,855,873,873,999,999,1013,1013,1032,394,415,415,415,415,415,440,440,461,736,749,749,749,749,749,43,74,74],"floor_reached":56,"language":"FRA","playtime":4193,"items_purged":["Regret"],"score":1570,"play_id":"83587c33-5774-465c-b651-94c9ab61f679","local_time":"20210128160440","is_ascension_mode":false,"campfire_choices":[{"data":"TheCursedMod:HellfireBreathing","floor":6,"key":"SMITH"},{"data":"TheCursedMod:HellfireBreathing","floor":15,"key":"SMITH"},{"data":"TheCursedMod:HellfireBreathing","floor":24,"key":"SMITH"},{"data":"TheCursedMod:NeowsMight","floor":29,"key":"SMITH"},{"data":"TheCursedMod:CollectTribute","floor":32,"key":"SMITH"},{"data":"TheCursedMod:NeowsMight","floor":40,"key":"SMITH"},{"data":"TheCursedMod:ParallelWorld","floor":42,"key":"SMITH"},{"floor":45,"key":"REST"},{"floor":49,"key":"RECALL"},{"data":"TheCursedMod:CircleOfAmplification","floor":52,"key":"SMITH"}],"circlet_count":0,"master_deck":["TheCursedMod:CleanUpWorkshop","TheCursedMod:CursedAmulet","TheCursedMod:HellfireBreathing+1","TheCursedMod:HellfireBreathing+1","TheCursedMod:SpitefulPlan","TheCursedMod:LuckyCharm","TheCursedMod:CursedSpellbook","TheCursedMod:NeowsMight+1","TheCursedMod:ParallelWorld+1","TheCursedMod:CircleOfAmplification+1","TheCursedMod:SurpriseAttack","Regret","Doubt","Injury","TheCursedMod:HellfireBreathing+1","TheCursedMod:CircleOfAmplification","TheCursedMod:CursedSpellbook","TheCursedMod:CollectTribute+1","TheCursedMod:FleshFromBone","TheCursedMod:SpitefulPlan+1","Finesse","TheCursedMod:AntiAging","TheCursedMod:CircleOfCorruption+1","TheCursedMod:CollectTribute","TheCursedMod:NeowsMight+1","CurseOfTheBell","TheCursedMod:NeowsMight+1","Decay","TheCursedMod:HellfireBreathing","TheCursedMod:NeowsMight","Finesse"],"relics":["TheCursedMod:BlackMagicAdvanced","Kunai","Golden Idol","Bag of Preparation","Bottled Tornado","SlaversCollar","Pen Nib","Matryoshka","Calling Bell","Nunchaku","Meat on the Bone","Peace Pipe","Darkstone Periapt","Sundial","ClockworkSouvenir","Potion Belt","TheCursedMod:BloodyHarpoon","Happy Flower","Ornamental Fan"],"acts_visited":["Exordium","TheCity","TheBeyond","TheEnding"],"potions_floor_usage":[16,23,23,30,50,50,55,55,55,55],"damage_taken":[{"damage":0,"enemies":"2 Louse","floor":1,"turns":2},{"damage":0,"enemies":"Small Slimes","floor":7,"turns":1},{"damage":3,"enemies":"Cultist","floor":8,"turns":2},{"damage":0,"enemies":"2 Fungi Beasts","floor":10,"turns":1},{"damage":0,"enemies":"Exordium Thugs","floor":11,"turns":2},{"damage":0,"enemies":"Exordium Wildlife","floor":12,"turns":2},{"damage":0,"enemies":"Lots of Slimes","floor":13,"turns":1},{"damage":0,"enemies":"3 Sentries","floor":14,"turns":2},{"damage":0,"enemies":"The Guardian","floor":16,"turns":3},{"damage":0,"enemies":"Chosen","floor":18,"turns":2},{"damage":0,"enemies":"Shell Parasite","floor":20,"turns":2},{"damage":4,"enemies":"Cultist and Chosen","floor":21,"turns":2},{"damage":0,"enemies":"Shelled Parasite and Fungi","floor":22,"turns":1},{"damage":0,"enemies":"Book of Stabbing","floor":23,"turns":3},{"damage":12,"enemies":"Snake Plant","floor":27,"turns":2},{"damage":11,"enemies":"Centurion and Healer","floor":28,"turns":2},{"damage":0,"enemies":"Gremlin Leader","floor":30,"turns":2},{"damage":0,"enemies":"Snecko","floor":31,"turns":2},{"damage":1,"enemies":"Automaton","floor":33,"turns":3},{"damage":0,"enemies":"Orb Walker","floor":35,"turns":2},{"damage":0,"enemies":"3 Darklings","floor":37,"turns":1},{"damage":12,"enemies":"Maw","floor":39,"turns":3},{"damage":37,"enemies":"Transient","floor":44,"turns":5},{"damage":0,"enemies":"Writhing Mass","floor":46,"turns":1},{"damage":0,"enemies":"3 Darklings","floor":48,"turns":1},{"damage":35,"enemies":"Awakened One","floor":50,"turns":8},{"damage":0,"enemies":"Shield and Spear","floor":54,"turns":1},{"damage":7,"enemies":"The Heart","floor":55,"turns":8}],"seed_played":"-4678920574273064115","potions_obtained":[{"floor":8,"key":"PowerPotion"},{"floor":11,"key":"FearPotion"},{"floor":16,"key":"Weak Potion"},{"floor":18,"key":"Dexterity Potion"},{"floor":28,"key":"BlessingOfTheForge"},{"floor":33,"key":"EssenceOfSteel"},{"floor":46,"key":"FearPotion"},{"floor":48,"key":"SkillPotion"}],"is_trial":false,"path_per_floor":["M","?","?","?","?","R","M","M","T","M","M","M","M","E","R","B",null,"M","?","M","M","M","E","R","?","T","M","M","R","E","M","R","B",null,"M","?","M","$","M","R","?","R","T","M","R","M","?","M","R","B",null,"R","$","E","B",null],"character_chosen":"THE_CURSED","items_purchased":["Darkstone Periapt","Sundial","ClockworkSouvenir","TheCursedMod:HellfireBreathing","FairyPotion","Weak Potion","Happy Flower","TheCursedMod:NeowsMight","SkillPotion","Finesse"],"campfire_rested":1,"item_purchase_floors":[38,38,38,53,53,53,53,53,53,53],"current_hp_per_floor":[75,75,75,75,75,75,75,72,72,72,72,72,72,72,72,72,75,75,75,75,71,71,71,71,71,71,61,52,52,54,56,56,59,87,87,87,91,91,81,81,87,87,87,52,82,84,90,92,92,59,113,113,113,115,110],"gold":74,"neow_bonus":"THREE_CARDS","is_daily":false,"chose_seed":false,"campfire_upgraded":8,"win_rate":0.0,"timestamp":1611846280,"path_taken":["M","?","?","?","?","R","M","M","T","M","M","M","M","E","R","BOSS","M","?","M","M","M","E","R","?","T","?","M","R","E","M","R","BOSS","M","?","M","?","?","R","?","R","T","M","R","?","?","M","R","BOSS","R","$","E","BOSS"],"items_purchased_type":["Relic","Relic","Relic","Card","Potion","Potion","Relic","Card","Potion","Card"],"build_version":"2020-12-22","purchased_purges":1,"victory":true,"max_hp_per_floor":[75,75,75,75,75,75,75,75,75,75,75,75,75,75,75,75,75,75,75,75,75,75,75,75,75,75,77,79,79,81,83,83,87,87,87,87,91,91,93,93,99,99,99,101,101,103,109,111,111,113,113,113,113,115,117],"card_choices":[{"not_picked":["TheCursedMod:SmokeScreen","TheCursedMod:SoulCrush"],"picked":"TheCursedMod:SurpriseAttack","floor":0},{"not_picked":["TheCursedMod:StingEye","TheCursedMod:TacticalStrike","TheCursedMod:SmokeScreen"],"picked":"SKIP","floor":1},{"not_picked":["TheCursedMod:AbyssShockwave","TheCursedMod:VitalStrike"],"picked":"TheCursedMod:HellfireBreathing","floor":7},{"not_picked":["TheCursedMod:WearCloak","TheCursedMod:CursedShiv","TheCursedMod:ReleasedKnowledge"],"picked":"SKIP","floor":8},{"not_picked":["TheCursedMod:RavingStaff","TheCursedMod:DoubleShield","TheCursedMod:Obscuration"],"picked":"SKIP","floor":10},{"not_picked":["TheCursedMod:DoubleShield","TheCursedMod:CursedMace","TheCursedMod:CursedArmor"],"picked":"SKIP","floor":11},{"not_picked":["TheCursedMod:Wield","TheCursedMod:CircleOfBlood"],"picked":"TheCursedMod:CircleOfAmplification","floor":12},{"not_picked":["TheCursedMod:FuryStrike","TheCursedMod:Grudge"],"picked":"TheCursedMod:CursedSpellbook","floor":13},{"not_picked":["TheCursedMod:SmokeScreen","TheCursedMod:ShockAndAwe","TheCursedMod:Torture"],"picked":"SKIP","floor":14},{"not_picked":["TheCursedMod:CursedRelics","TheCursedMod:DemonSword"],"picked":"TheCursedMod:CollectTribute","floor":16},{"not_picked":["TheCursedMod:CircleOfBlood","TheCursedMod:SpitefulStrike","TheCursedMod:CursedArmor+1"],"picked":"SKIP","floor":18},{"not_picked":["TheCursedMod:Obscuration","TheCursedMod:CursedShiv","TheCursedMod:LuckyCharm"],"picked":"SKIP","floor":20},{"not_picked":["TheCursedMod:VitalStrike+1","TheCursedMod:StingEye","TheCursedMod:SurpriseAttack"],"picked":"SKIP","floor":21},{"not_picked":["TheCursedMod:CursedMace+1","TheCursedMod:SpitefulStrike","TheCursedMod:Obscuration+1"],"picked":"SKIP","floor":22},{"not_picked":["TheCursedMod:CursedMace+1","TheCursedMod:SpitefulStrike","TheCursedMod:Obscuration+1"],"picked":"SKIP","floor":22},{"not_picked":["TheCursedMod:TacticalStrike","TheCursedMod:RavingStaff+1"],"picked":"TheCursedMod:SpitefulPlan+1","floor":23},{"not_picked":["TheCursedMod:Hemoplague","TheCursedMod:CursedAmulet"],"picked":"TheCursedMod:CircleOfCorruption+1","floor":27},{"not_picked":["TheCursedMod:CursedSpellbook","TheCursedMod:RapidMovement+1","TheCursedMod:SpitefulStrike"],"picked":"SKIP","floor":28},{"not_picked":["TheCursedMod:SpreadPlague","TheCursedMod:FleshFromBone","TheCursedMod:TacticalStrike+1"],"picked":"SKIP","floor":30},{"not_picked":["TheCursedMod:Hemoplague+1","TheCursedMod:StingEye"],"picked":"TheCursedMod:CollectTribute","floor":31},{"not_picked":["TheCursedMod:CollectTribute","TheCursedMod:Neurasthenia"],"picked":"TheCursedMod:NeowsMight","floor":33},{"not_picked":["TheCursedMod:HellsGateOpen+1","TheCursedMod:StingEye+1","TheCursedMod:Torture"],"picked":"SKIP","floor":35},{"not_picked":["TheCursedMod:SpreadPlague+1","TheCursedMod:FleshFromBone","TheCursedMod:FuryStrike+1"],"picked":"SKIP","floor":37},{"not_picked":["TheCursedMod:CursedAmulet","TheCursedMod:AshesToAshes+1","TheCursedMod:CursedArmor"],"picked":"SKIP","floor":39},{"not_picked":["TheCursedMod:PrepareRite","TheCursedMod:CursedAmulet+1","TheCursedMod:SurpriseAttack"],"picked":"SKIP","floor":44},{"not_picked":["TheCursedMod:WearCloak+1","TheCursedMod:Wield","TheCursedMod:AshesToAshes+1"],"picked":"SKIP","floor":46},{"not_picked":["TheCursedMod:CursedMace","TheCursedMod:CircleOfCorruption","TheCursedMod:Stretching+1"],"picked":"SKIP","floor":48},{"not_picked":["TheCursedMod:CursedArmor","TheCursedMod:VitalStrike","TheCursedMod:CircleOfBlood"],"picked":"SKIP","floor":54}],"player_experience":489676,"relics_obtained":[{"floor":9,"key":"Bag of Preparation"},{"floor":14,"key":"Bottled Tornado"},{"floor":23,"key":"Pen Nib"},{"floor":30,"key":"Matryoshka"},{"floor":34,"key":"Nunchaku"},{"floor":34,"key":"Meat on the Bone"},{"floor":34,"key":"Peace Pipe"},{"floor":43,"key":"Potion Belt"},{"floor":43,"key":"TheCursedMod:BloodyHarpoon"},{"floor":54,"key":"Ornamental Fan"}],"event_choices":[{"damage_healed":0,"gold_gain":0,"player_choice":"Box","damage_taken":0,"relics_obtained":["Kunai"],"max_hp_gain":0,"max_hp_loss":0,"event_name":"Big Fish","floor":2,"gold_loss":0,"cards_obtained":["Regret"]},{"damage_healed":0,"gold_gain":175,"player_choice":"AGREE","damage_taken":0,"max_hp_gain":0,"max_hp_loss":0,"event_name":"Liars Game","floor":3,"gold_loss":0,"cards_obtained":["Doubt"]},{"damage_healed":0,"gold_gain":0,"player_choice":"Take Wound","damage_taken":0,"relics_obtained":["Golden Idol"],"max_hp_gain":0,"max_hp_loss":0,"event_name":"Golden Idol","floor":4,"gold_loss":0,"cards_obtained":["Injury"]},{"damage_healed":0,"gold_gain":0,"player_choice":"Ignored","damage_taken":0,"max_hp_gain":0,"max_hp_loss":0,"event_name":"Golden Wing","floor":5,"gold_loss":0},{"damage_healed":0,"gold_gain":0,"player_choice":"Read","damage_taken":0,"max_hp_gain":0,"max_hp_loss":0,"event_name":"The Library","floor":19,"gold_loss":0,"cards_obtained":["TheCursedMod:FleshFromBone"]},{"damage_healed":0,"gold_gain":0,"player_choice":"2 cards matched","damage_taken":0,"max_hp_gain":0,"max_hp_loss":0,"event_name":"Match and Keep!","floor":25,"gold_loss":0,"cards_obtained":["Finesse","TheCursedMod:AntiAging"]},{"damage_healed":0,"gold_gain":0,"player_choice":"Copied","damage_taken":0,"max_hp_gain":0,"max_hp_loss":0,"event_name":"Duplicator","floor":36,"gold_loss":0,"cards_obtained":["TheCursedMod:NeowsMight"]},{"damage_healed":0,"gold_gain":0,"player_choice":"Cursed","damage_taken":0,"max_hp_gain":0,"max_hp_loss":0,"event_name":"Wheel of Change","floor":41,"gold_loss":0,"cards_obtained":["Decay"]},{"damage_healed":0,"gold_gain":275,"player_choice":"Desecrate","damage_taken":0,"max_hp_gain":0,"max_hp_loss":0,"event_name":"Golden Shrine","floor":47,"gold_loss":0,"cards_obtained":["Regret"]}],"is_beta":false,"boss_relics":[{"not_picked":["Busted Crown","Ectoplasm"],"picked":"SlaversCollar"},{"not_picked":["Runic Pyramid","Fusion Hammer"],"picked":"Calling Bell"}],"items_purged_floors":[53],"is_endless":false,"potions_floor_spawned":[8,11,16,18,22,28,33,46,48],"ascension_level":0}}