{"host":"d4nr47a59rmbesnz","time":1611867889,"event":{"mods":["A Magickal Journey","BaseMod","Better Third Choice","Hermit","Minty Spire (QoL Compilation)","Quick Restart","Replay The Spire","Shade Mod","StSLib","The Bladedancer","The Cursed","The Death Knight","The Disciple","The Forsaken","The Hierophant","The Necromancer","The Spell Scribe","The Valiant"],"gold_per_floor":[119,129,142,155,167,192,192,192,192,192,210,210,228,136,136,235,235,254,267,277,21,41,41,15,35,88,120,140,160,160,194,194,194,194],"floor_reached":33,"language":"ENG","playtime":1688,"items_purged":[],"score":293,"play_id":"9f6f144e-f16a-4972-9388-2a1f52d1a27b","local_time":"20210129000449","is_ascension_mode":false,"campfire_choices":[{"data":"Shade:GreaterAnimation","floor":7,"key":"SMITH"},{"data":"Shade:AncientSpear","floor":10,"key":"SMITH"},{"data":"Shade:DangerousRitual","floor":12,"key":"SMITH"},{"floor":15,"key":"REST"},{"floor":23,"key":"REST"},{"data":"Shade:RitualOffering","floor":30,"key":"SMITH"},{"floor":32,"key":"REST"}],"circlet_count":0,"master_deck":["Shade:Strike_Shade","Shade:Strike_Shade","Shade:Strike_Shade","Shade:Strike_Shade","Shade:Defend_Shade","Shade:Defend_Shade","Shade:Defend_Shade","Shade:AnimateDead","Shade:CarefulCut","Shade:GreaterAnimation+1","Shade:DangerousRitual+1","Shade:DangerousRitual","Shade:AncientSpear","Shade:Brains","Shade:AncientSpear+1","Shade:Asphyxiate","Shade:FreshBones","Shade:Bonestorm","Shade:AncientSpear","Shade:SanguineRitual","Shade:UnbarTheGrave","Shade:FeralStrike+1","Shade:OpenGraves","Shade:FuneraryArmor","Shade:FleshToFlesh+1","Shade:CommandSoldier","Shade:FuneraryArmor","Shade:LyeBath","Shade:FleshOffering","Shade:RitualOffering+1","Shade:FleshLikeOak+1"],"relics":["Shade:YorickSkull","Meat on the Bone","Gambling Chip","SacredBark","Replay:Bottled Eggs","Simple Rune","StoneCalendar","Question Card"],"acts_visited":["Exordium","TheCity"],"potions_floor_usage":[6,16,16,16,25,27,27,33,33],"damage_taken":[{"damage":0,"enemies":"Small Slimes","floor":1,"turns":3},{"damage":0,"enemies":"Cultist","floor":2,"turns":3},{"damage":0,"enemies":"2 Louse","floor":3,"turns":2},{"damage":7,"enemies":"Exordium Thugs","floor":4,"turns":4},{"damage":0,"enemies":"Looter","floor":5,"turns":2},{"damage":20,"enemies":"3 Sentries","floor":6,"turns":6},{"damage":12,"enemies":"Lots of Slimes","floor":11,"turns":5},{"damage":0,"enemies":"2 Fungi Beasts","floor":13,"turns":2},{"damage":29,"enemies":"Hexaghost","floor":16,"turns":8},{"damage":12,"enemies":"Shell Parasite","floor":18,"turns":4},{"damage":16,"enemies":"2 Thieves","floor":19,"turns":3},{"damage":9,"enemies":"Cultist and Chosen","floor":20,"turns":6},{"damage":27,"enemies":"Snecko","floor":22,"turns":6},{"damage":24,"enemies":"Centurion and Healer","floor":25,"turns":7},{"damage":7,"enemies":"Replay:Snechameleon","floor":27,"turns":4},{"damage":11,"enemies":"Cultist and Chosen","floor":28,"turns":4},{"damage":14,"enemies":"3 Cultists","floor":29,"turns":7},{"damage":25,"enemies":"Gremlin Leader","floor":31,"turns":6},{"damage":62,"enemies":"Champ","floor":33,"turns":12}],"seed_played":"-724589073866906211","potions_obtained":[{"floor":1,"key":"Adrenaline Potion"},{"floor":3,"key":"Dexterity Potion"},{"floor":6,"key":"Block Potion"},{"floor":13,"key":"Milkshake"},{"floor":20,"key":"AttackPotion"},{"floor":22,"key":"Venom Potion"},{"floor":25,"key":"Regen Potion"},{"floor":28,"key":"BlessingOfTheForge"},{"floor":29,"key":"EssenceOfSteel"}],"is_trial":false,"path_per_floor":["M","M","M","M","M","E","R","?","T","R","M","R","M","$","R","B",null,"M","M","M","$","M","R","$","M","T","E","M","M","R","E","R","B"],"character_chosen":"SHADE","items_purchased":["Shade:AncientSpear","Shade:SanguineRitual","Replay:Bottled Eggs","Shade:CommandSoldier"],"campfire_rested":3,"item_purchase_floors":[14,14,21,24],"current_hp_per_floor":[65,65,65,58,58,38,38,38,38,38,38,38,38,38,57,40,65,53,37,40,40,25,44,44,32,32,59,48,34,34,21,40,0,0],"gold":194,"neow_bonus":"ONE_RANDOM_RARE_CARD","is_daily":false,"chose_seed":false,"campfire_upgraded":4,"win_rate":0.0,"timestamp":1611867889,"path_taken":["M","M","M","M","M","E","R","?","T","R","M","R","M","$","R","BOSS","M","M","M","$","M","R","$","M","T","E","M","?","R","E","R","BOSS"],"items_purchased_type":["Card","Card","Relic","Card"],"build_version":"2020-12-22","purchased_purges":0,"victory":false,"max_hp_per_floor":[65,65,65,65,65,65,65,65,65,65,65,65,65,65,65,65,65,65,65,65,65,65,65,65,65,65,65,65,65,65,65,65,65,65],"card_choices":[{"not_picked":["Shade:RitualOffering","Shade:PotionOfRestlessness"],"picked":"Shade:DangerousRitual","floor":1},{"not_picked":["Shade:SpectralStrikes","Shade:ClawBack"],"picked":"Shade:DangerousRitual","floor":2},{"not_picked":["Shade:BoneShards","Shade:Bonestorm"],"picked":"Shade:AncientSpear","floor":3},{"not_picked":["Shade:Patience","Shade:GreyBargain"],"picked":"Shade:Brains","floor":4},{"not_picked":["Shade:CloudOfShrapnel","Shade:ScuttlingHand"],"picked":"Shade:AncientSpear","floor":5},{"not_picked":["Shade:Excise","Shade:Trample"],"picked":"Shade:Asphyxiate","floor":6},{"not_picked":["Shade:CallOfTheGrave","Shade:ClawBack"],"picked":"Shade:FreshBones","floor":11},{"not_picked":["Shade:GraveStillness","Shade:Patience"],"picked":"Shade:Bonestorm","floor":13},{"not_picked":["Shade:Coordination","Shade:MadHubris"],"picked":"Shade:UnbarTheGrave","floor":16},{"not_picked":["Shade:AncientSpear","Shade:ClawBack+1"],"picked":"Shade:FeralStrike+1","floor":18},{"not_picked":["Shade:Premonition","Shade:CloudOfShrapnel+1"],"picked":"Shade:OpenGraves","floor":19},{"not_picked":["Shade:Patience+1","Shade:GoDigging"],"picked":"Shade:FuneraryArmor","floor":20},{"not_picked":["Shade:Patience","Shade:SkeletonHug"],"picked":"Shade:FleshToFlesh+1","floor":22},{"not_picked":["Shade:GreyBargain+1","Shade:SkeletonHug"],"picked":"Shade:FuneraryArmor","floor":25},{"not_picked":["Shade:GreyBargain+1","Shade:ScuttlingHand"],"picked":"Shade:LyeBath","floor":27},{"not_picked":["Shade:FleshLikeOak+1","Shade:Excise"],"picked":"Shade:FleshOffering","floor":28},{"not_picked":["Shade:BoneShards","Shade:WallOfFlesh"],"picked":"Shade:RitualOffering","floor":29},{"not_picked":["Shade:Patience","Shade:ClawBack"],"picked":"Shade:FleshLikeOak+1","floor":31}],"player_experience":70736,"relics_obtained":[{"floor":6,"key":"Meat on the Bone"},{"floor":9,"key":"Gambling Chip"},{"floor":26,"key":"Simple Rune"},{"floor":27,"key":"StoneCalendar"},{"floor":31,"key":"Question Card"}],"event_choices":[{"cards_removed":["Shade:Defend_Shade"],"damage_healed":0,"gold_gain":0,"player_choice":"Purged","damage_taken":0,"max_hp_gain":0,"max_hp_loss":0,"event_name":"Purifier","floor":8,"gold_loss":0}],"is_beta":false,"boss_relics":[{"not_picked":["Replay:Ancient Bell","ReplayTheSpireMod:DimensionalGlitch"],"picked":"SacredBark"}],"items_purged_floors":[],"is_endless":false,"potions_floor_spawned":[1,3,6,13,20,22,25,28,29],"killed_by":"Champ","ascension_level":0}}