{"host":"jfbo3eu2ui08ej1u","time":1611857153,"event":{"mods":["2.2 Compatiblity","AchievementEnabler","Act Like it!","Aspiration","BaseMod","Better Altar","Better Match","Better Note","Better Sensory Stone","Better Skull","Better Third Choice","Block Reminder","Colored Map","Colored Powertips","Conspire","DeckTracker","Displayed Cursed Tome","Energized Spire","Fox Events","GifTheSpireLib","Hubris","Infinite Spire","Marked Mod","Minty Spire (QoL Compilation)","Pale of the Ancients","Poor People Problems","Quick Restart","Relic Filter","Reliquary","Reorder Act Four","Replay The Spire","Shop Mod","Spicy Shops","Spire Arcade","StSLib","Stuff the Spire","The Blue Laboratory","The Disciple","The Forsaken","The Hierophant","The Marked","Uncapped","Unceasing Turn Reminder","Wandering Minibosses"],"gold_per_floor":[116,47,58,75,93,124,124,17,17,17,28,28,28],"floor_reached":12,"language":"ENG","playtime":330,"items_purged":[],"score":160,"play_id":"2580b698-7dc2-41d9-b00d-ac5cb6f15b48","local_time":"20210128130553","is_ascension_mode":true,"campfire_choices":[{"floor":7,"key":"REST"}],"circlet_count":0,"master_deck":["AscendersBane","Strike_G","Strike_G","Strike_G","Strike_G","Strike_G","Defend_G","Defend_G","Defend_G","Defend_G","Defend_G","Survivor","Quick Slash","Terror","A Thousand Cuts","hubris:Counter","Neutralize","Deadly Poison","Footwork","Clumsy","Heel Hook"],"relics":["conspire:TopHat","StuffTheSpire:Mouthbags","TwistedFunnel","Dead Branch","Sizzling Blood"],"acts_visited":["Exordium"],"potions_floor_usage":[],"damage_taken":[{"damage":4.0,"enemies":"Jaw Worm","floor":1.0,"turns":6.0},{"damage":2.0,"enemies":"Cultist","floor":3.0,"turns":5.0},{"damage":0.0,"enemies":"2 Louse","floor":4.0,"turns":3.0},{"damage":1.0,"enemies":"Blue Slaver","floor":5.0,"turns":6.0},{"damage":56,"enemies":"Gremlin Nob","floor":6,"turns":5},{"damage":18,"enemies":"Exordium Wildlife","floor":11,"turns":5},{"damage":20,"enemies":"Lagavulin","floor":12,"turns":2}],"seed_played":"-6157756392603932006","potions_obtained":[{"floor":3.0,"key":"blueLaboratory:Moonshine"},{"floor":11,"key":"blueLaboratory:RememoryPotion"}],"is_trial":false,"path_per_floor":["M","?","M","M","M","E","R","$","T","?","M","E"],"character_chosen":"THE_SILENT","items_purchased":["Footwork","TwistedFunnel"],"campfire_rested":1,"item_purchase_floors":[8,8],"current_hp_per_floor":[61,61,59,59,58,2,23,23,23,27,13,0,0],"gold":28,"neow_bonus":"TEN_PERCENT_HP_BONUS","is_daily":false,"chose_seed":false,"campfire_upgraded":0,"win_rate":0.0,"timestamp":1611857153,"path_taken":["M","?","M","M","?","E","R","?","T","?","M","E"],"items_purchased_type":["Card","Relic"],"build_version":"2020-12-22","purchased_purges":0,"victory":false,"max_hp_per_floor":[72,72,72,72,72,72,72,72,72,76,76,76,76],"card_choices":[{"not_picked":["Underhanded Strike","Acrobatics"],"picked":"Quick Slash","floor":1.0},{"not_picked":["StuffTheSpire:Repulse","StuffTheSpire:BumpUp"],"picked":"Terror","floor":3.0},{"not_picked":["Replay:Poison Smokescreen","Hidden Blade"],"picked":"A Thousand Cuts","floor":4.0},{"not_picked":["Poisoned Stab","Outmaneuver"],"picked":"hubris:Counter","floor":5.0},{"not_picked":["ReplayTheSpireMod:Shiv Toss","StuffTheSpire:Injection"],"picked":"Deadly Poison","floor":6},{"not_picked":["hubris:SlightOfHand","Finisher"],"picked":"Heel Hook","floor":11}],"player_experience":1241678,"relics_obtained":[{"floor":6,"key":"StuffTheSpire:Mouthbags"},{"floor":9,"key":"Dead Branch"}],"event_choices":[{"damage_healed":0.0,"max_hp_gain":0.0,"max_hp_loss":0.0,"gold_gain":0.0,"event_name":"WeMeetAgain","player_choice":"Paid Gold","floor":2.0,"gold_loss":69.0,"damage_taken":0.0,"relics_obtained":["conspire:TopHat"]}],"is_beta":false,"boss_relics":[],"items_purged_floors":[],"is_endless":false,"potions_floor_spawned":[3,11],"killed_by":"Lagavulin","ascension_level":20}}