{"host":"uvmuduost5bzvojs","time":1611810463,"event":{"mods":["Aspiration","Bard","BaseMod","Better Match","Block Reminder","Conspire","Hermit","Highlight Path","Hubris","Infinite Spire","Jorbs\u0027s Wanderer Trilogy","Mad Scientist","Marisa????????","Mimic Mod","Minty Spire (QoL Compilation)","Potionbrewer","Replay The Spire","Robot Space Explorer","StSLib","The Blackbeard","The Construct","The Cursed","The Disciple","The Hayseed","The Hierophant","The Juggle","The Jungle","The Poker Player","The Runesmith","The Servant 0.9.4","The Spell Scribe","The Valiant","TheBandit"],"gold_per_floor":[117,133,20,35,35,54,54,82,82,111,111,111,63,63,63,63,63],"floor_reached":16,"language":"ENG","playtime":617,"items_purged":[],"score":133,"play_id":"30bdce5b-9a34-4008-95b1-7a5e33f8c5ef","local_time":"20210128000743","is_ascension_mode":false,"campfire_choices":[{"data":"bard:SixFourTime","floor":7,"key":"SMITH"},{"floor":12,"key":"REST"},{"data":"bard:MagnumOpus","floor":15,"key":"SMITH"}],"circlet_count":0,"master_deck":["bard:Strike","bard:Strike","bard:Strike","bard:Defend","bard:Defend","bard:Defend","bard:Defend","bard:Riposte","bard:Inspire","Regret","bard:Sift+1","bard:SixFourTime+1","bard:FaerieFire","bard:EchoEcho","bard:EchoEcho","bard:TinyHut","bard:Thunderwave","bard:MagnumOpus+1","bard:Gamble"],"relics":["bard:PitchPipe","bard:BagPipes","infinitespire:EmpoweringShard","Simple Rune","potionbrewer:ToyAutogyro","Regal Pillow"],"acts_visited":["Exordium"],"potions_floor_usage":[10,10,16],"damage_taken":[{"damage":2,"enemies":"Cultist","floor":1,"turns":4},{"damage":2,"enemies":"2 Louse","floor":2,"turns":2},{"damage":1,"enemies":"Small Slimes","floor":4,"turns":3},{"damage":13,"enemies":"Exordium Wildlife","floor":6,"turns":3},{"damage":36,"enemies":"Lagavulin","floor":8,"turns":6},{"damage":0,"enemies":"3 Sentries","floor":10,"turns":2},{"damage":55,"enemies":"Fading Forest","floor":16,"turns":9}],"seed_played":"7706736845613594285","potions_obtained":[{"floor":2,"key":"DistilledChaos"},{"floor":4,"key":"AttackPotion"},{"floor":10,"key":"potionbrewer:NoxiousPotion"}],"is_trial":false,"path_per_floor":["M","M","$","M","?","M","R","E","T","E","?","R","$","?","R","B"],"character_chosen":"BARD","items_purchased":["bard:FaerieFire","bard:EchoEcho","bard:Gamble"],"campfire_rested":1,"item_purchase_floors":[3,3,13],"current_hp_per_floor":[68,66,66,65,65,52,52,16,16,16,16,52,52,45,45,0,0],"gold":63,"neow_bonus":"RANDOM_EVENT","is_daily":false,"chose_seed":false,"campfire_upgraded":2,"win_rate":0.0,"timestamp":1611810463,"path_taken":["M","M","$","M","?","M","R","E","T","E","?","R","$","?","R","BOSS"],"items_purchased_type":["Card","Card","Card"],"build_version":"2020-12-22","purchased_purges":0,"victory":false,"max_hp_per_floor":[70,70,70,70,70,70,70,70,70,70,70,70,70,70,70,70,70],"card_choices":[{"not_picked":["bard:LingeringEcho","bard:BucklerBash"],"picked":"bard:Sift","floor":1},{"not_picked":["bard:StudiedStrike","bard:LingeringEcho"],"picked":"bard:SixFourTime","floor":2},{"not_picked":["bard:Fermata","bard:PrismaticSpray"],"picked":"bard:TinyHut","floor":4},{"not_picked":["bard:Silence","bard:Heroism"],"picked":"bard:Thunderwave","floor":6},{"not_picked":["bard:EchoEcho","bard:HideousLaughter","bard:FeastOnFear"],"picked":"SKIP","floor":8},{"not_picked":["bard:ViciousMockery","bard:PhantasmalForce"],"picked":"bard:MagnumOpus","floor":10}],"player_experience":1877381,"relics_obtained":[{"floor":8,"key":"Simple Rune"},{"floor":9,"key":"potionbrewer:ToyAutogyro"},{"floor":10,"key":"Regal Pillow"}],"event_choices":[{"damage_healed":0,"gold_gain":0,"player_choice":"Box","damage_taken":0,"relics_obtained":["infinitespire:EmpoweringShard"],"max_hp_gain":0,"max_hp_loss":0,"event_name":"Big Fish","floor":0,"gold_loss":0,"cards_obtained":["Regret"]},{"damage_healed":0,"gold_gain":0,"player_choice":"Grow","damage_taken":0,"max_hp_gain":0,"max_hp_loss":0,"event_name":"Living Wall","floor":5,"gold_loss":0,"cards_upgraded":["bard:Sift"]},{"damage_healed":0,"gold_gain":0,"player_choice":"Leave","damage_taken":0,"max_hp_gain":0,"max_hp_loss":0,"event_name":"conspire:Investor","floor":11,"gold_loss":0},{"cards_removed":["bard:Strike"],"damage_healed":0,"gold_gain":0,"player_choice":"Card Removal","damage_taken":7,"max_hp_gain":0,"max_hp_loss":0,"event_name":"Golden Wing","floor":14,"gold_loss":0}],"is_beta":false,"boss_relics":[],"items_purged_floors":[],"is_endless":false,"potions_floor_spawned":[2,4,10],"killed_by":"Fading Forest","ascension_level":0}}