{"host":"osk2oboccoevp2u5","time":1611808050,"event":{"mods":["AchievementEnabler","Alarm Clock","BaseMod","Colored Powertips","Disable Question Mark Monsters","Displayed Cursed Tome","Hermit","Key Reminder","Minty Spire (QoL Compilation)","Potion Indicator Mod","Quick Restart","Rare Cards Sparkle","Reorder Act Four","StSLib","Useless Jewels Mod"],"gold_per_floor":[117,134,153,5,0,0,30,70,93,134,134,134,154,177,177,281,281,299,313,338,40,40,40,65,15,15,15,28,44,15,58,58,164,164,177,147,163,177,32,32,71,71,71,91,104,115,144,188,188,188],"floor_reached":51,"language":"ENG","playtime":3358,"items_purged":[],"score":783,"play_id":"07f400bb-e927-4769-a231-1b24a549bb79","local_time":"20210128002730","is_ascension_mode":true,"campfire_choices":[{"data":"hermit:Manifest","floor":6,"key":"SMITH"},{"floor":12,"key":"REST"},{"floor":15,"key":"REST"},{"data":"hermit:OverwhelmingPower","floor":23,"key":"SMITH"},{"data":"hermit:Covet","floor":27,"key":"SMITH"},{"floor":32,"key":"REST"},{"floor":40,"key":"REST"},{"floor":42,"key":"REST"},{"floor":49,"key":"REST"}],"circlet_count":0,"master_deck":["hermit:Strike_Hermit","hermit:Strike_Hermit","hermit:Strike_Hermit","hermit:Strike_Hermit","hermit:Defend_Hermit","hermit:Defend_Hermit","hermit:Defend_Hermit","hermit:Defend_Hermit","hermit:Snapshot","hermit:Covet+1","hermit:Ricochet+1","hermit:Glare","hermit:Glare+1","hermit:FullyLoaded+1","hermit:Manifest+1","hermit:SprayPray+1","hermit:Ricochet","hermit:OverwhelmingPower+1","hermit:Glare","hermit:Shortfuse","hermit:NoHoldsBarred","hermit:Brawl","hermit:BigShot+1","hermit:HeroicBravado+1","hermit:DeadMansHand+1","hermit:GoldenBullet+1","hermit:TakeAim"],"relics":["Black Star","Boot","CeramicFish","Whetstone","Vajra","HornCleat","Velvet Choker","Red Mask","Lee\u0027s Waffle","Eternal Feather","Anchor","Bronze Scales","Philosopher\u0027s Stone","War Paint","Oddly Smooth Stone","Thread and Needle","The Courier","Pantograph"],"acts_visited":["Exordium","TheCity","TheBeyond"],"potions_floor_usage":[8,10,16,21,24,28,31,31,33,37,41,46,50,50,50,50,50],"damage_taken":[{"damage":1,"enemies":"Cultist","floor":1,"turns":4},{"damage":3,"enemies":"Jaw Worm","floor":2,"turns":4},{"damage":3,"enemies":"2 Louse","floor":3,"turns":2},{"damage":8,"enemies":"Lagavulin","floor":8,"turns":6},{"damage":31,"enemies":"3 Sentries","floor":10,"turns":8},{"damage":4,"enemies":"Exordium Thugs","floor":13,"turns":4},{"damage":0,"enemies":"3 Louse","floor":14,"turns":2},{"damage":12,"enemies":"Hexaghost","floor":16,"turns":7},{"damage":0,"enemies":"Spheric Guardian","floor":18,"turns":1},{"damage":12,"enemies":"Shell Parasite","floor":19,"turns":4},{"damage":42,"enemies":"Masked Bandits","floor":20,"turns":5},{"damage":12,"enemies":"Centurion and Healer","floor":24,"turns":6},{"damage":8,"enemies":"Snecko","floor":28,"turns":5},{"damage":19,"enemies":"Shelled Parasite and Fungi","floor":29,"turns":4},{"damage":34,"enemies":"Slavers","floor":31,"turns":4},{"damage":41,"enemies":"Automaton","floor":33,"turns":9},{"damage":0,"enemies":"Orb Walker","floor":35,"turns":3},{"damage":19,"enemies":"3 Shapes","floor":37,"turns":3},{"damage":28,"enemies":"Sphere and 2 Shapes","floor":38,"turns":5},{"damage":38,"enemies":"Nemesis","floor":41,"turns":7},{"damage":7,"enemies":"Spire Growth","floor":44,"turns":4},{"damage":1,"enemies":"Jaw Worm Horde","floor":45,"turns":3},{"damage":66,"enemies":"Writhing Mass","floor":46,"turns":6},{"damage":19,"enemies":"3 Darklings","floor":47,"turns":6},{"damage":35,"enemies":"Reptomancer","floor":48,"turns":6},{"damage":150,"enemies":"Time Eater","floor":50,"turns":11}],"seed_played":"-5253921679351496322","potions_obtained":[{"floor":2,"key":"Swift Potion"},{"floor":3,"key":"SkillPotion"},{"floor":10,"key":"hermit:Tonic"},{"floor":18,"key":"DuplicationPotion"},{"floor":20,"key":"Weak Potion"},{"floor":29,"key":"FearPotion"},{"floor":33,"key":"LiquidBronze"},{"floor":36,"key":"Explosive Potion"},{"floor":36,"key":"FairyPotion"},{"floor":38,"key":"hermit:BlackBile"},{"floor":44,"key":"EssenceOfSteel"},{"floor":48,"key":"hermit:BlackBile"}],"is_trial":false,"path_per_floor":["M","M","M","$","?","R","?","E","T","E","?","R","M","M","R","B",null,"M","M","?","$","?","R","M","$","T","R","M","M","$","E","R","B",null,"M","?","M","M","$","R","E","R","T","M","M","M","M","E","R","B",null],"character_chosen":"HERMIT","items_purchased":["hermit:FullyLoaded","hermit:Manifest","hermit:SprayPray","Fruit Juice","Explosive Potion","Lee\u0027s Waffle","hermit:Tonic","hermit:Brawl","hermit:Tonic","EntropicBrew"],"campfire_rested":6,"item_purchase_floors":[4,4,4,21,21,21,25,30,39,39],"current_hp_per_floor":[74,71,68,68,68,68,68,60,60,29,29,51,47,47,69,57,75,75,63,21,87,87,87,75,75,75,87,79,60,60,26,64,23,87,87,87,68,40,40,78,40,81,81,74,73,7,74,39,80,25],"gold":188,"neow_bonus":"BOSS_RELIC","is_daily":false,"chose_seed":false,"campfire_upgraded":3,"win_rate":0.0,"timestamp":1611808050,"path_taken":["M","M","?","$","?","R","?","E","T","E","?","R","M","M","R","BOSS","M","M","?","$","?","R","?","?","T","R","M","M","$","E","R","BOSS","M","?","M","?","$","R","E","R","T","M","M","M","M","E","R","BOSS"],"items_purchased_type":["Card","Card","Card","Potion","Potion","Relic","Potion","Card","Potion","Potion"],"build_version":"2020-12-22","purchased_purges":0,"victory":true,"max_hp_per_floor":[75,75,75,75,75,75,75,75,75,75,75,75,75,75,75,75,75,75,75,75,87,87,87,87,87,87,87,87,87,87,87,87,87,87,87,87,87,87,87,87,87,87,87,87,87,87,87,87,87,87],"card_choices":[{"not_picked":["hermit:Dive","hermit:LuckOfTheDraw"],"picked":"hermit:Ricochet","floor":1},{"not_picked":["hermit:Showdown","hermit:Dive"],"picked":"hermit:Glare","floor":2},{"not_picked":["hermit:Dive","hermit:BodyArmor"],"picked":"hermit:Glare","floor":3},{"not_picked":["hermit:Horror","hermit:Misfire"],"picked":"hermit:Ricochet","floor":8},{"not_picked":["hermit:Combo","hermit:Brawl"],"picked":"hermit:OverwhelmingPower","floor":10},{"not_picked":["hermit:BodyArmor","hermit:Dive"],"picked":"hermit:Glare","floor":13},{"not_picked":["hermit:Desperado","hermit:WideOpen"],"picked":"hermit:Shortfuse","floor":14},{"not_picked":["hermit:BodyArmor","hermit:Brawl+1","hermit:ItchyTrigger"],"picked":"SKIP","floor":18},{"not_picked":["hermit:CalledShot","hermit:Glare+1","hermit:TrackingShot+1"],"picked":"SKIP","floor":19},{"not_picked":["hermit:Brawl","hermit:Midnight"],"picked":"hermit:NoHoldsBarred","floor":24},{"not_picked":["hermit:WideOpen","hermit:SprayPray","hermit:HoleUp"],"picked":"SKIP","floor":28},{"not_picked":["hermit:TrackingShot","hermit:BigShot","hermit:Magnum"],"picked":"SKIP","floor":29},{"not_picked":["hermit:Enervate","hermit:Desperado"],"picked":"hermit:BigShot+1","floor":31},{"not_picked":["hermit:Magnum","hermit:Purgatory"],"picked":"hermit:HeroicBravado","floor":33},{"not_picked":["hermit:HighCaliber","hermit:Snipe+1","hermit:Glare+1"],"picked":"SKIP","floor":35},{"not_picked":["hermit:Ricochet+1","hermit:Brawl+1","hermit:HighCaliber"],"picked":"SKIP","floor":37},{"not_picked":["hermit:Dive","hermit:LowProfile+1","hermit:Maintenance"],"picked":"SKIP","floor":38},{"not_picked":["hermit:FromBeyond","hermit:SprayPray"],"picked":"hermit:DeadMansHand+1","floor":41},{"not_picked":["hermit:Misfire","hermit:Feint+1","hermit:Quickdraw"],"picked":"SKIP","floor":44},{"not_picked":["hermit:Misfire","hermit:LowProfile+1","hermit:NoHoldsBarred+1"],"picked":"SKIP","floor":45},{"not_picked":["hermit:CursedWeapon","hermit:FinalCanter","hermit:Virtue+1"],"picked":"SKIP","floor":46},{"not_picked":["hermit:Maintenance","hermit:Vantage"],"picked":"hermit:GoldenBullet+1","floor":47},{"not_picked":["hermit:OverwhelmingPower","hermit:CalledShot"],"picked":"hermit:TakeAim","floor":48}],"player_experience":932616,"relics_obtained":[{"floor":8,"key":"Boot"},{"floor":8,"key":"CeramicFish"},{"floor":9,"key":"Whetstone"},{"floor":10,"key":"Vajra"},{"floor":10,"key":"HornCleat"},{"floor":20,"key":"Red Mask"},{"floor":26,"key":"Eternal Feather"},{"floor":31,"key":"Anchor"},{"floor":31,"key":"Bronze Scales"},{"floor":41,"key":"War Paint"},{"floor":41,"key":"Oddly Smooth Stone"},{"floor":43,"key":"Thread and Needle"},{"floor":48,"key":"The Courier"},{"floor":48,"key":"Pantograph"}],"event_choices":[{"damage_healed":0,"gold_gain":0,"player_choice":"Left Gold","damage_taken":0,"max_hp_gain":0,"max_hp_loss":0,"event_name":"World of Goop","floor":5,"gold_loss":5},{"damage_healed":0,"gold_gain":30,"player_choice":"Searched \u00271\u0027 times","damage_taken":0,"max_hp_gain":0,"max_hp_loss":0,"event_name":"Dead Adventurer","floor":7,"gold_loss":0},{"damage_healed":0,"gold_gain":0,"player_choice":"Ignored","damage_taken":0,"max_hp_gain":0,"max_hp_loss":0,"event_name":"Liars Game","floor":11,"gold_loss":0},{"damage_healed":0,"gold_gain":0,"player_choice":"Fought Bandits","damage_taken":0,"max_hp_gain":0,"max_hp_loss":0,"event_name":"Masked Bandits","floor":20,"gold_loss":0},{"damage_healed":0,"gold_gain":0,"player_choice":"Upgraded","damage_taken":0,"max_hp_gain":0,"max_hp_loss":0,"event_name":"Upgrade Shrine","floor":22,"gold_loss":0,"cards_upgraded":["hermit:FullyLoaded"]},{"damage_healed":0,"gold_gain":0,"player_choice":"Bought 2 Potions","damage_taken":0,"max_hp_gain":0,"max_hp_loss":0,"event_name":"The Woman in Blue","floor":36,"gold_loss":0}],"is_beta":false,"boss_relics":[{"not_picked":["Astrolabe","Sozu"],"picked":"Velvet Choker"},{"not_picked":["Busted Crown","Empty Cage"],"picked":"Philosopher\u0027s Stone"}],"items_purged_floors":[],"is_endless":false,"potions_floor_spawned":[2,3,10,18,20,29,33,38,44,48],"ascension_level":2}}