{"host":"5h6e4l6hpn0p5lap","time":1611876101,"event":{"mods":["AchievementEnabler","BaseMod","Better Altar","Better Match","Better Sensory Stone","Better Skull","Better Third Choice","Filter the Spire","Highlight Path","Minty Spire (QoL Compilation)","StSLib"],"gold_per_floor":[366,381,401,44,60,60,60,75,101,101,101],"floor_reached":10,"language":"ENG","playtime":546,"items_purged":["Strike_P"],"score":60,"play_id":"21a71b67-c545-4ccb-a209-0a7a53b57e5d","local_time":"20210128182141","is_ascension_mode":false,"campfire_choices":[{"data":"Eruption","floor":6,"key":"SMITH"}],"circlet_count":0,"master_deck":["Strike_P","Strike_P","Strike_P","Defend_P","Defend_P","Defend_P","Defend_P","Eruption+1","Vigilance","TalkToTheHand+1","Crescendo","Prostrate","ThirdEye","TalkToTheHand","EmptyBody","FollowUp"],"relics":["PureWater","Toolbox","Happy Flower"],"acts_visited":["Exordium"],"potions_floor_usage":[10],"damage_taken":[{"damage":0,"enemies":"2 Louse","floor":1,"turns":3},{"damage":2,"enemies":"Small Slimes","floor":2,"turns":3},{"damage":1,"enemies":"Jaw Worm","floor":3,"turns":4},{"damage":0,"enemies":"Looter","floor":5,"turns":3},{"damage":26,"enemies":"Large Slime","floor":8,"turns":11},{"damage":14,"enemies":"3 Sentries","floor":10,"turns":6}],"seed_played":"8390707788882380322","potions_obtained":[{"floor":3,"key":"FairyPotion"},{"floor":8,"key":"Strength Potion"}],"is_trial":false,"path_per_floor":["M","M","M","$","M","R","?","M","T","E"],"character_chosen":"WATCHER","items_purchased":["ThirdEye","TalkToTheHand","Toolbox"],"campfire_rested":0,"item_purchase_floors":[4,4,4],"current_hp_per_floor":[51,49,48,48,48,48,48,22,22,8,8],"gold":101,"neow_bonus":"TWO_FIFTY_GOLD","is_daily":false,"chose_seed":false,"campfire_upgraded":1,"win_rate":0.0,"timestamp":1611876101,"path_taken":["M","M","M","$","M","R","?","M","T","E"],"items_purchased_type":["Card","Card","Relic"],"build_version":"2020-12-22","purchased_purges":1,"victory":false,"max_hp_per_floor":[72,72,72,72,72,72,72,72,72,72,72],"card_choices":[{"not_picked":["SashWhip","Perseverance"],"picked":"TalkToTheHand","floor":1},{"not_picked":["Study","FlurryOfBlows"],"picked":"Crescendo","floor":2},{"not_picked":["TalkToTheHand","Halt"],"picked":"Prostrate","floor":3},{"not_picked":["CutThroughFate","Study"],"picked":"EmptyBody","floor":5},{"not_picked":["DeceiveReality","EmptyBody"],"picked":"FollowUp","floor":8}],"player_experience":1006629,"relics_obtained":[{"floor":9,"key":"Happy Flower"}],"event_choices":[{"damage_healed":0,"gold_gain":0,"player_choice":"Grow","damage_taken":0,"max_hp_gain":0,"max_hp_loss":0,"event_name":"Living Wall","floor":7,"gold_loss":0,"cards_upgraded":["TalkToTheHand"]}],"is_beta":false,"boss_relics":[],"items_purged_floors":[4],"is_endless":false,"potions_floor_spawned":[3,8],"killed_by":"3 Sentries","ascension_level":0}}