{"host":"59ybwvz342rz5fw6","time":1611851583,"event":{"mods":["BaseMod","Colored Powertips","Minty Spire (QoL Compilation)","Relic Stats","RumiaBox-露米娅的神秘盒子","StSLib","Waifu the Spire","Yuyuko","[IsaacMod]以撒尖塔","simple","【功能Mod】混沌之环修复补丁","【功能Mod】聪明的最终Boss"],"gold_per_floor":[2095,65,65,940,890,1045,1045,1210,1460,1515,1515,506,571,571,571,641,641],"floor_reached":16,"language":"ZHS","playtime":694,"items_purged":["Strike_P"],"score":256,"play_id":"43ef0db1-d520-4efa-9e05-aef0909b583e","local_time":"20210129003303","is_ascension_mode":false,"campfire_choices":[{"floor":11,"key":"RECALL"},{"data":"Adaptation","floor":15,"key":"SMITH"},{"data":"LessonLearned","floor":15,"key":"PURGE"},{"data":"Nirvana","floor":15,"key":"SMITH"},{"floor":15,"key":"REST"}],"circlet_count":0,"master_deck":["FollowUp","DeusExMachina+1","Scrawl+1","Establishment+1","DeusExMachina+1","Blasphemy+1","LessonLearned","Vault+1","MasterReality+1","Adaptation+1","Devotion+1","ClearTheMind+1","Scrawl+1","EmptyBody+1","Nirvana+1"],"relics":["PureWater","Peace Pipe","Ginger","Turnip","Unceasing Top","Omamori","Ice Cream","The Courier","HushsDoor","Damocles","NeowsBlessing","Leech","Happy Flower","ChaoDraw","MagicDraw2","Toxic Egg 2","Art of War","PreservedInsect","Pen Nib","GodSword7","MagicDraw1","Toolbox","Sundial","Juzu Bracelet","MoneyPower","BookOfRevelations","TheBible","Anchor","SumBook","ZombieArmy","GodSword3","Shuriken","Nunchaku","SalivaCoin","SSSystem","Oddly Smooth Stone","DollysMirror","TeardropLocket"],"acts_visited":["Exordium"],"potions_floor_usage":[],"damage_taken":[{"damage":0,"enemies":"2 Louse","floor":1,"turns":1},{"damage":0,"enemies":"Lagavulin","floor":6,"turns":1},{"damage":0,"enemies":"3 Sentries","floor":8,"turns":1},{"damage":0,"enemies":"Jaw Worm","floor":10,"turns":1},{"damage":0,"enemies":"Cultist","floor":13,"turns":2},{"damage":199998,"enemies":"Hexaghost","floor":16,"turns":3}],"seed_played":"244767537527171412","potions_obtained":[{"floor":1,"key":"Dexterity Potion"}],"is_trial":false,"path_per_floor":["M","$","?","?","?","E","?","E","T","M","R","$","M","?","R","B"],"character_chosen":"WATCHER","items_purchased":["Happy Flower","ChaoDraw","MagicDraw2","Toxic Egg 2","Art of War","PreservedInsect","Pen Nib","GodSword7","MagicDraw1","Toolbox","Sundial","Juzu Bracelet","Shuriken","Devotion","ClearTheMind+1","Nunchaku","SalivaCoin","SSSystem","Oddly Smooth Stone","DollysMirror","EmptyBody+1"],"campfire_rested":1,"item_purchase_floors":[2,2,2,2,2,2,2,2,2,2,2,2,12,12,12,12,12,12,12,12,12],"current_hp_per_floor":[72,72,72,72,72,72,72,72,72,72,72,72,72,72,72,0,0],"gold":641,"neow_bonus":"THREE_ENEMY_KILL","is_daily":false,"chose_seed":false,"campfire_upgraded":2,"win_rate":0.0,"timestamp":1611851583,"path_taken":["M","$","?","?","?","E","?","E","T","M","R","$","M","?","R","BOSS"],"items_purchased_type":["Relic","Relic","Relic","Relic","Relic","Relic","Relic","Relic","Relic","Relic","Relic","Relic","Relic","Card","Card","Relic","Relic","Relic","Relic","Relic","Card"],"build_version":"2020-12-22","purchased_purges":1,"victory":false,"max_hp_per_floor":[72,72,72,72,72,72,72,72,72,72,72,72,72,72,72,72,72],"relic_stats":{"Happy Flower":[2],"counters":[6,8],"PreservedInsect":0,"Pen Nib":[1],"Juzu Bracelet":2,"Ginger":[0],"Peace Pipe":1,"Nunchaku":[0],"Sundial":[6],"Shuriken":[1],"Turnip":[0],"Art of War":[0],"obtain_stats":[{"Ice Cream":0,"Damocles":0,"SSSystem":12,"Juzu Bracelet":2,"Ginger":0,"TeardropLocket":13,"MagicDraw2":2,"Leech":1,"MagicDraw1":2,"Nunchaku":12,"Sundial":2,"DollysMirror":12,"Toolbox":2,"Toxic Egg 2":2,"SumBook":8,"ZombieArmy":9,"KeepersGift":0,"NeowsBlessing":0,"Happy Flower":2,"BookOfRevelations":6,"Oddly Smooth Stone":12,"The Courier":0,"PreservedInsect":2,"Pen Nib":2,"Omamori":0,"MoneyPower":3,"ChaoDraw":2,"Peace Pipe":0,"Anchor":8,"TheBible":6,"Shuriken":12,"Turnip":0,"GodSword7":2,"Art of War":2,"SalivaCoin":12,"PureWater":0,"HushsDoor":0,"GodSword3":10,"Unceasing Top":0},{"Ice Cream":0,"Damocles":0,"SSSystem":4,"Juzu Bracelet":1,"Ginger":0,"TeardropLocket":5,"MagicDraw2":1,"Leech":1,"MagicDraw1":1,"Nunchaku":4,"Sundial":1,"DollysMirror":4,"Toolbox":1,"Toxic Egg 2":1,"SumBook":3,"ZombieArmy":3,"KeepersGift":0,"NeowsBlessing":0,"Happy Flower":1,"BookOfRevelations":2,"Oddly Smooth Stone":4,"The Courier":0,"PreservedInsect":1,"Pen Nib":1,"Omamori":0,"MoneyPower":1,"ChaoDraw":1,"Peace Pipe":0,"Anchor":3,"TheBible":2,"Shuriken":4,"Turnip":0,"GodSword7":1,"Art of War":1,"SalivaCoin":4,"PureWater":0,"HushsDoor":0,"GodSword3":4,"Unceasing Top":0},{"Ice Cream":0,"Damocles":0,"SSSystem":4,"Juzu Bracelet":1,"Ginger":0,"TeardropLocket":6,"MagicDraw2":1,"Leech":1,"MagicDraw1":1,"Nunchaku":4,"Sundial":1,"DollysMirror":4,"Toolbox":1,"Toxic Egg 2":1,"SumBook":3,"ZombieArmy":3,"KeepersGift":0,"NeowsBlessing":0,"Happy Flower":1,"BookOfRevelations":2,"Oddly Smooth Stone":4,"The Courier":0,"PreservedInsect":1,"Pen Nib":1,"Omamori":0,"MoneyPower":1,"ChaoDraw":1,"Peace Pipe":0,"Anchor":3,"TheBible":2,"Shuriken":4,"Turnip":0,"GodSword7":1,"Art of War":1,"SalivaCoin":4,"PureWater":0,"HushsDoor":0,"GodSword3":4,"Unceasing Top":0}],"Unceasing Top":[1]},"card_choices":[{"not_picked":["Protect","CutThroughFate","DeceiveReality"],"picked":"SKIP","floor":1},{"not_picked":["Ragnarok","DeusExMachina+1"],"picked":"FollowUp","floor":6},{"not_picked":["Consecrate","Weave"],"picked":"DeusExMachina+1","floor":8},{"not_picked":["Wallop","Evaluate+1"],"picked":"Adaptation","floor":10},{"not_picked":["CrushJoints","Perseverance+1"],"picked":"Nirvana","floor":13}],"player_experience":58106,"relics_obtained":[{"floor":1,"key":"Leech"},{"floor":6,"key":"BookOfRevelations"},{"floor":6,"key":"TheBible"},{"floor":8,"key":"Anchor"},{"floor":8,"key":"SumBook"},{"floor":9,"key":"ZombieArmy"},{"floor":10,"key":"GodSword3"},{"floor":13,"key":"TeardropLocket"}],"event_choices":[{"damage_healed":0,"gold_gain":0,"player_choice":"Box","damage_taken":0,"relics_obtained":["MoneyPower"],"max_hp_gain":0,"max_hp_loss":0,"event_name":"Big Fish","floor":3,"gold_loss":0,"cards_obtained":["Regret"]},{"damage_healed":0,"gold_gain":175,"player_choice":"AGREE","damage_taken":0,"max_hp_gain":0,"max_hp_loss":0,"event_name":"Liars Game","floor":4,"gold_loss":0,"cards_obtained":["Doubt"]},{"cards_removed":["Defend_P"],"damage_healed":0,"gold_gain":0,"player_choice":"Card Removal","damage_taken":0,"max_hp_gain":0,"max_hp_loss":0,"event_name":"The Cleric","floor":5,"gold_loss":50},{"damage_healed":18,"gold_gain":0,"player_choice":"Healed and dodged fight","damage_taken":0,"max_hp_gain":0,"max_hp_loss":0,"event_name":"Mushrooms","floor":7,"gold_loss":0,"cards_obtained":["Parasite"]},{"damage_healed":0,"gold_gain":0,"player_choice":"Upgraded","damage_taken":0,"max_hp_gain":0,"max_hp_loss":0,"event_name":"Upgrade Shrine","floor":14,"gold_loss":0,"cards_upgraded":["Devotion"]}],"is_beta":false,"boss_relics":[],"items_purged_floors":[2],"is_endless":false,"potions_floor_spawned":[1,13],"killed_by":"Hexaghost","ascension_level":0}}