{"host":"dxb4eoww080epc4n","time":1611860432,"event":{"mods":["AchievementEnabler","BaseMod","Better Note","BetterRewards","Colored Powertips","Conspire","Energized Spire","GifTheSpireLib","Gremlin Skip","Hubris","KinomotoSakuraMod(????)","Minty Spire (QoL Compilation)","Permanent Neow","Quick Restart","Rare Cards Sparkle","Relic Sorter","Replay The Spire","Shop Mod","Spikes Relics","StSLib","The Animator"],"gold_per_floor":[110,121,132,132,157,189,189,78,104,104,121,143,185,360,360,360,360],"floor_reached":16,"language":"ENG","playtime":1306,"items_purged":[],"score":104,"play_id":"6daeee0c-2627-443a-9351-4ea21cb48bed","local_time":"20210128200032","is_ascension_mode":false,"campfire_choices":[{"floor":7,"key":"REST"},{"floor":10,"key":"REST"},{"floor":15,"key":"REST"}],"circlet_count":0,"master_deck":["animator:Strike_Fate","animator:Defend_Fate","animator:Strike","animator:Strike","animator:Strike","animator:Defend","animator:Defend","animator:Defend","animator:Alexander","animator:Rider","animator:Souei","animator:Souei","animator:RinTohsaka","animator:Gilgamesh","animator:Benimaru","animator:GuildGirl","animator:ShinjiMatou","Doubt"],"relics":["animator:LivingPicture","animator:TheMissingPiece","conspire:Boomerang","FaceOfCleric","Ornamental Fan","MerchantsRug"],"acts_visited":["Exordium"],"potions_floor_usage":[],"damage_taken":[{"damage":7,"enemies":"Cultist","floor":1,"turns":6},{"damage":0,"enemies":"2 Louse","floor":2,"turns":3},{"damage":5,"enemies":"Small Slimes","floor":3,"turns":4},{"damage":14,"enemies":"Blue Slaver","floor":5,"turns":3},{"damage":33,"enemies":"Lagavulin","floor":6,"turns":8},{"damage":10,"enemies":"Red Slaver","floor":11,"turns":6},{"damage":12,"enemies":"Looter","floor":12,"turns":4},{"damage":14,"enemies":"Large Slime","floor":13,"turns":7},{"damage":38,"enemies":"Fading Forest","floor":16,"turns":7}],"seed_played":"-6660673499265470215","potions_obtained":[{"floor":1,"key":"SteroidPotion"},{"floor":6,"key":"Explosive Potion"},{"floor":13,"key":"Toxic Potion"}],"is_trial":false,"path_per_floor":["M","M","M","?","M","E","R","$","T","R","M","M","M","?","R","B"],"character_chosen":"THE_ANIMATOR","items_purchased":["MerchantsRug"],"campfire_rested":3,"item_purchase_floors":[8],"current_hp_per_floor":[53,53,48,48,35,4,22,22,22,40,31,20,7,7,26,0,0],"gold":360,"neow_bonus":"ONE_RARE_RELIC","is_daily":false,"chose_seed":false,"campfire_upgraded":0,"win_rate":0.0,"timestamp":1611860432,"path_taken":["M","?","M","?","M","E","R","$","T","R","?","M","M","?","R","BOSS"],"items_purchased_type":["Relic"],"build_version":"2020-12-22","purchased_purges":0,"victory":false,"max_hp_per_floor":[60,60,60,60,61,63,63,63,63,63,64,65,66,66,66,66,66],"card_choices":[{"not_picked":["animator:RoryMercury","animator:Spearman"],"picked":"animator:Souei","floor":1},{"not_picked":["animator:Alexander","animator:AcuraTooru"],"picked":"animator:Souei","floor":2},{"not_picked":["animator:LizardPriest","animator:Evileye","animator:SilverFang"],"picked":"SKIP","floor":3},{"not_picked":["animator:Alexander","animator:Berserker"],"picked":"animator:RinTohsaka","floor":5},{"not_picked":["animator:TukaLunaMarceau","animator:Tyuule"],"picked":"animator:Gilgamesh","floor":6},{"not_picked":["animator:LizardPriest","animator:Demiurge"],"picked":"animator:Benimaru","floor":11},{"not_picked":["animator:Benimaru","animator:YaoHaDucy"],"picked":"animator:GuildGirl","floor":12},{"not_picked":["animator:Illya","animator:Assassin"],"picked":"animator:ShinjiMatou","floor":13}],"player_experience":167717,"relics_obtained":[{"floor":6,"key":"Ornamental Fan"}],"event_choices":[{"damage_healed":0,"gold_gain":0,"player_choice":"Trade","damage_taken":0,"relics_obtained":["FaceOfCleric"],"max_hp_gain":0,"max_hp_loss":0,"event_name":"FaceTrader","floor":4,"gold_loss":0},{"damage_healed":0,"gold_gain":175,"player_choice":"AGREE","damage_taken":0,"max_hp_gain":0,"max_hp_loss":0,"event_name":"Liars Game","floor":14,"gold_loss":0,"cards_obtained":["Doubt"]}],"is_beta":false,"boss_relics":[],"items_purged_floors":[],"is_endless":false,"potions_floor_spawned":[1,6,13],"killed_by":"Fading Forest","ascension_level":0}}