{"host":"phniwng9zo19jwdb","time":1611844790,"event":{"mods":["AchievementEnabler","BaseMod","Colored Powertips","Dark Map","Faster Ascension Climbing","GifTheSpireLib","Minty Spire (QoL Compilation)","Permanent Neow","Rare Cards Sparkle","StSLib"],"gold_per_floor":[134,171,231,231,343,452,520,576,629,690,690,690],"floor_reached":11,"language":"ENG","playtime":604,"items_purged":[],"score":157,"play_id":"12f66be9-42d4-46b7-b55c-cbc292894184","local_time":"20210128153950","is_ascension_mode":true,"campfire_choices":[],"circlet_count":0,"master_deck":["AscendersBane","Strike_R","Strike_R","Strike_R","Strike_R","Strike_R","Defend_R","Defend_R","Defend_R","Defend_R","Bash","HandOfGreed+1","Flex","Shrug It Off","Pummel","Warcry","Juggernaut","Armaments","Rampage"],"relics":["Burning Blood","Self Forming Clay","Eternal Feather","Centennial Puzzle"],"acts_visited":["Exordium"],"potions_floor_usage":[5,8],"damage_taken":[{"damage":0.0,"enemies":"Cultist","floor":1.0,"turns":2.0},{"damage":13.0,"enemies":"Jaw Worm","floor":2.0,"turns":4.0},{"damage":1.0,"enemies":"2 Louse","floor":3.0,"turns":7.0},{"damage":24,"enemies":"Gremlin Gang","floor":5,"turns":10},{"damage":27,"enemies":"3 Sentries","floor":6,"turns":8},{"damage":4,"enemies":"2 Fungi Beasts","floor":7,"turns":6},{"damage":16,"enemies":"Lagavulin","floor":8,"turns":8},{"damage":2,"enemies":"Exordium Wildlife","floor":10,"turns":6},{"damage":20,"enemies":"Gremlin Nob","floor":11,"turns":4}],"seed_played":"2578895694551063782","potions_obtained":[{"floor":2.0,"key":"Swift Potion"},{"floor":6,"key":"SkillPotion"},{"floor":8,"key":"SpeedPotion"}],"is_trial":false,"path_per_floor":["M","M","M","?","M","E","M","E","T","M","E"],"character_chosen":"IRONCLAD","items_purchased":[],"campfire_rested":0,"item_purchase_floors":[],"current_hp_per_floor":[68,61,66,66,48,27,29,19,19,23,3,3],"gold":690,"neow_bonus":"RANDOM_COLORLESS_2","is_daily":false,"chose_seed":false,"campfire_upgraded":0,"win_rate":0.0,"timestamp":1611844790,"path_taken":["M","?","M","?","M","E","M","E","T","M","E"],"items_purchased_type":[],"build_version":"2020-12-22","purchased_purges":0,"victory":false,"max_hp_per_floor":[68,68,68,68,68,68,68,68,68,68,68,68],"card_choices":[{"not_picked":["Mayhem","Sadistic Nature"],"picked":"HandOfGreed","floor":0.0},{"not_picked":["Second Wind","Perfected Strike"],"picked":"Flex","floor":1.0},{"not_picked":["Warcry","Twin Strike"],"picked":"Shrug It Off","floor":2.0},{"not_picked":["Sword Boomerang","Twin Strike"],"picked":"Pummel","floor":3.0},{"not_picked":["Spot Weakness","Headbutt"],"picked":"Warcry","floor":5},{"not_picked":["Clothesline","Rampage"],"picked":"Juggernaut","floor":6},{"not_picked":["Second Wind","Pummel"],"picked":"Armaments","floor":7},{"not_picked":["Shockwave","Brutality","Heavy Blade"],"picked":"SKIP","floor":8},{"not_picked":["Rupture","Wild Strike"],"picked":"Rampage","floor":10}],"player_experience":66547,"relics_obtained":[{"floor":6,"key":"Self Forming Clay"},{"floor":8,"key":"Eternal Feather"},{"floor":9,"key":"Centennial Puzzle"}],"event_choices":[{"damage_healed":0.0,"max_hp_gain":0.0,"max_hp_loss":0.0,"gold_gain":0.0,"event_name":"Living Wall","player_choice":"Grow","floor":4.0,"gold_loss":0.0,"damage_taken":0.0,"cards_upgraded":["HandOfGreed"]}],"is_beta":false,"boss_relics":[],"items_purged_floors":[],"is_endless":false,"potions_floor_spawned":[2,6,8],"killed_by":"Gremlin Nob","ascension_level":16}}