{"host":"sum4dy402bbv9y4o","time":1611873181,"event":{"mods":["Aspiration","BaseMod","Conspire","Highlight Path","Minty Spire (QoL Compilation)","StSLib"],"gold_per_floor":[109,128,52,52,64,64,98,98,177,207,23,42,72,83,83,161,161,176,192,192,192,204,237,237,270,270,270,288,308,338,353,353,353,353],"floor_reached":33,"language":"ENG","playtime":1724,"items_purged":["Strike_P"],"score":754,"play_id":"c24e7273-c3fc-44c6-8050-98635930b207","local_time":"20210129013301","is_ascension_mode":true,"campfire_choices":[{"data":"Eruption","floor":6,"key":"SMITH"},{"data":"TalkToTheHand","floor":8,"key":"SMITH"},{"data":"TalkToTheHand","floor":15,"key":"SMITH"},{"floor":24,"key":"REST"},{"data":"LessonLearned","floor":27,"key":"SMITH"},{"data":"MentalFortress","floor":32,"key":"SMITH"}],"circlet_count":0,"master_deck":["AscendersBane","Strike_P","Strike_P","Defend_P","Defend_P","Defend_P","Eruption+1","Vigilance+1","Conclude","Halt+1","TalkToTheHand+1","Sanctity+1","FlurryOfBlows","Weave","CutThroughFate","EmptyFist","EmptyBody","Wallop","TalkToTheHand+1","LessonLearned+1","Evaluate","MentalFortress+1","FearNoEvil+1","EmptyFist","Protect+1","JustLucky","ReachHeaven","Consecrate","CutThroughFate+1","EmptyBody+1"],"relics":["PureWater","NeowsBlessing","Omamori","White Beast Statue","Toy Ornithopter","Vajra","SlaversCollar","TeardropLocket","aspiration:HummingbirdHeart","TungstenRod","aspiration:AnachronicSnailShell"],"acts_visited":["Exordium","TheCity"],"potions_floor_usage":[10,10,13,13,14,18,19,22,23,25,28,29,31,33,33],"damage_taken":[{"damage":0,"enemies":"Cultist","floor":1,"turns":1},{"damage":0,"enemies":"Small Slimes","floor":2,"turns":1},{"damage":0,"enemies":"Jaw Worm","floor":5,"turns":1},{"damage":31,"enemies":"Lagavulin","floor":7,"turns":6},{"damage":9,"enemies":"Gremlin Nob","floor":10,"turns":4},{"damage":2,"enemies":"Blue Slaver","floor":12,"turns":2},{"damage":0,"enemies":"Lagavulin","floor":13,"turns":5},{"damage":0,"enemies":"3 Louse","floor":14,"turns":3},{"damage":43,"enemies":"Slime Boss","floor":16,"turns":8},{"damage":2,"enemies":"Chosen","floor":18,"turns":5},{"damage":2,"enemies":"Shell Parasite","floor":19,"turns":9},{"damage":31,"enemies":"Snecko","floor":22,"turns":6},{"damage":3,"enemies":"Gremlin Leader","floor":23,"turns":4},{"damage":14,"enemies":"Slavers","floor":25,"turns":5},{"damage":20,"enemies":"Cultist and Chosen","floor":28,"turns":6},{"damage":0,"enemies":"Shelled Parasite and Fungi","floor":29,"turns":5},{"damage":0,"enemies":"Book of Stabbing","floor":30,"turns":4},{"damage":0,"enemies":"3 Cultists","floor":31,"turns":3},{"damage":62,"enemies":"Collector","floor":33,"turns":10}],"seed_played":"7703308745385558060","potions_obtained":[{"floor":1,"key":"StancePotion"},{"floor":5,"key":"Ambrosia"},{"floor":10,"key":"LiquidBronze"},{"floor":12,"key":"Weak Potion"},{"floor":13,"key":"LiquidMemories"},{"floor":14,"key":"FairyPotion"},{"floor":16,"key":"GamblersBrew"},{"floor":18,"key":"Block Potion"},{"floor":19,"key":"BlessingOfTheForge"},{"floor":22,"key":"SteroidPotion"},{"floor":23,"key":"GamblersBrew"},{"floor":25,"key":"Explosive Potion"},{"floor":28,"key":"Explosive Potion"},{"floor":29,"key":"Ancient Potion"},{"floor":30,"key":"Dexterity Potion"},{"floor":31,"key":"SkillPotion"}],"is_trial":false,"path_per_floor":["M","M","$","?","M","R","E","R","T","E","$","M","E","M","R","B",null,"M","M","?","?","M","E","R","E","T","R","M","M","E","M","R","B"],"character_chosen":"WATCHER","items_purchased":["TalkToTheHand","EmptyFist","SkillPotion"],"campfire_rested":1,"item_purchase_floors":[3,11,11],"current_hp_per_floor":[61,61,61,61,61,61,30,30,30,21,21,19,29,34,34,20,56,59,62,62,62,36,38,58,49,49,49,34,39,39,44,44,0,0],"gold":353,"neow_bonus":"THREE_ENEMY_KILL","is_daily":false,"chose_seed":false,"campfire_upgraded":5,"win_rate":0.0,"timestamp":1611873181,"path_taken":["M","M","?","?","?","R","E","R","T","E","?","M","E","M","R","BOSS","M","M","?","?","M","E","R","E","T","R","M","M","E","M","R","BOSS"],"items_purchased_type":["Card","Card","Potion"],"build_version":"2020-12-22","purchased_purges":1,"victory":false,"max_hp_per_floor":[68,68,68,68,68,68,68,68,68,68,68,68,68,68,68,68,68,68,68,68,68,68,68,68,68,68,68,68,68,68,68,68,68,68],"card_choices":[{"not_picked":["WaveOfTheHand","BowlingBash"],"picked":"Conclude","floor":1},{"not_picked":["CutThroughFate","CrushJoints"],"picked":"Halt","floor":2},{"not_picked":["SashWhip","CutThroughFate"],"picked":"FlurryOfBlows","floor":5},{"not_picked":["Omniscience","Evaluate"],"picked":"Weave","floor":7},{"not_picked":["WaveOfTheHand","Indignation"],"picked":"CutThroughFate","floor":10},{"not_picked":["FlyingSleeves","SignatureMove"],"picked":"EmptyBody","floor":12},{"not_picked":["CutThroughFate","EmptyFist"],"picked":"Wallop","floor":13},{"not_picked":["Consecrate","EmptyBody"],"picked":"TalkToTheHand","floor":14},{"not_picked":["Devotion","Establishment"],"picked":"LessonLearned","floor":16},{"not_picked":["EmptyFist","PathToVictory"],"picked":"Evaluate","floor":18},{"not_picked":["Meditate","Indignation"],"picked":"MentalFortress","floor":19},{"not_picked":["BowlingBash","Halt"],"picked":"JustLucky","floor":22},{"not_picked":["SashWhip","ThirdEye","WindmillStrike"],"picked":"SKIP","floor":23},{"not_picked":["Crescendo","Protect"],"picked":"ReachHeaven","floor":25},{"not_picked":["CutThroughFate","DevaForm"],"picked":"Consecrate","floor":28},{"not_picked":["SignatureMove","CrushJoints"],"picked":"CutThroughFate+1","floor":29},{"not_picked":["CutThroughFate+1","Halt","Meditate"],"picked":"SKIP","floor":30},{"not_picked":["FlyingSleeves","Protect"],"picked":"EmptyBody+1","floor":31}],"player_experience":3011311,"relics_obtained":[{"floor":7,"key":"Omamori"},{"floor":9,"key":"White Beast Statue"},{"floor":10,"key":"Toy Ornithopter"},{"floor":13,"key":"Vajra"},{"floor":23,"key":"TeardropLocket"},{"floor":25,"key":"aspiration:HummingbirdHeart"},{"floor":26,"key":"TungstenRod"},{"floor":30,"key":"aspiration:AnachronicSnailShell"}],"event_choices":[{"damage_healed":0,"gold_gain":0,"player_choice":"1 cards matched","damage_taken":0,"max_hp_gain":0,"max_hp_loss":0,"event_name":"Match and Keep!","floor":4,"gold_loss":0,"cards_obtained":["Sanctity"]},{"damage_healed":0,"gold_gain":0,"player_choice":"Read","damage_taken":0,"max_hp_gain":0,"max_hp_loss":0,"event_name":"The Library","floor":20,"gold_loss":0,"cards_obtained":["FearNoEvil"]},{"damage_healed":0,"gold_gain":0,"cards_transformed":["Strike_P","Defend_P"],"player_choice":"Became Test Subject","damage_taken":0,"max_hp_gain":0,"max_hp_loss":0,"event_name":"Drug Dealer","floor":21,"gold_loss":0,"cards_obtained":["EmptyFist","Protect"]}],"is_beta":false,"boss_relics":[{"not_picked":["HolyWater","aspiration:PoetsPen"],"picked":"SlaversCollar"}],"items_purged_floors":[11],"is_endless":false,"potions_floor_spawned":[1,5,7,10,12,13,14,16,18,19,22,23,25,28,29,30,31],"killed_by":"Collector","ascension_level":20}}