{"host":"vx9g5eyuglzorf3u","time":1611844674,"event":{"mods":["2.2 Compatiblity","BaseMod","DeckTracker","Keyboard Shortcuts","Minty Spire (QoL Compilation)","Relic Stats","StSLib","SuperFastMode","everything is the same but u backflip on backflip"],"gold_per_floor":[110,35,53,68,68,94,94,94,94,94,119,119,119,119],"floor_reached":13,"language":"KOR","playtime":176,"items_purged":[],"score":182,"play_id":"96b85998-03ce-4f7a-b585-ec65431d8c84","local_time":"20210128233754","is_ascension_mode":true,"campfire_choices":[{"floor":8.0,"key":"REST"},{"data":"Feed","floor":10.0,"key":"SMITH"},{"floor":12.0,"key":"REST"}],"circlet_count":0,"master_deck":["AscendersBane","Strike_R+1","Strike_R","Strike_R","Defend_R","Defend_R","Defend_R","Defend_R","Bash","Feed+1","Spot Weakness","Fire Breathing+1","Reckless Charge"],"relics":["Burning Blood","White Beast Statue","Happy Flower"],"acts_visited":["Exordium"],"potions_floor_usage":[],"damage_taken":[{"damage":12.0,"enemies":"Small Slimes","floor":1.0,"turns":3.0},{"damage":2.0,"enemies":"2 Louse","floor":3.0,"turns":6.0},{"damage":1.0,"enemies":"Cultist","floor":4.0,"turns":3.0},{"damage":44.0,"enemies":"Gremlin Nob","floor":6.0,"turns":4.0},{"damage":40.0,"enemies":"Lagavulin","floor":11.0,"turns":6.0},{"damage":39,"enemies":"Gremlin Nob","floor":13,"turns":3}],"seed_played":"1884896148164442795","potions_obtained":[{"floor":3.0,"key":"SkillPotion"},{"floor":11.0,"key":"Swift Potion"}],"is_trial":false,"path_per_floor":["M","?","M","M","?","E","?","R","T","R","E","R","E"],"character_chosen":"IRONCLAD","items_purchased":[],"campfire_rested":2,"item_purchase_floors":[],"current_hp_per_floor":[65,65,72,80,85,47,20,46,46,46,12,38,0,0],"gold":119,"neow_bonus":"TRANSFORM_TWO_CARDS","is_daily":false,"chose_seed":false,"campfire_upgraded":1,"win_rate":0.0,"timestamp":1611844674,"path_taken":["M","?","M","M","?","E","?","R","T","R","E","R","E"],"items_purchased_type":[],"build_version":"2020-12-22","purchased_purges":0,"victory":false,"max_hp_per_floor":[78,78,81,84,89,89,89,89,89,89,89,89,89,89],"relic_stats":{"Happy Flower":[3],"counters":[6,25],"obtain_stats":[{"Happy Flower":9,"Burning Blood":0,"White Beast Statue":6},{"Happy Flower":4,"Burning Blood":0,"White Beast Statue":4},{"Happy Flower":16,"Burning Blood":0,"White Beast Statue":16}],"Burning Blood":30},"card_choices":[{"not_picked":["True Grit","Armaments","Twin Strike"],"picked":"SKIP","floor":1.0},{"not_picked":["Anger","Havoc","Body Slam"],"picked":"SKIP","floor":3.0},{"not_picked":["Clothesline","Havoc"],"picked":"Fire Breathing","floor":4.0},{"not_picked":["Thunderclap","True Grit","Seeing Red"],"picked":"SKIP","floor":6.0},{"not_picked":["Havoc","Corruption"],"picked":"Reckless Charge","floor":11.0}],"player_experience":1489413,"relics_obtained":[{"floor":6.0,"key":"White Beast Statue"},{"floor":9.0,"key":"Happy Flower"}],"event_choices":[{"cards_removed":["Pain"],"damage_healed":0.0,"max_hp_gain":0.0,"max_hp_loss":0.0,"gold_gain":0.0,"event_name":"The Cleric","player_choice":"Card Removal","floor":2.0,"gold_loss":75.0,"damage_taken":0.0},{"damage_healed":0.0,"max_hp_gain":5.0,"max_hp_loss":0.0,"gold_gain":0.0,"event_name":"Big Fish","player_choice":"Donut","floor":5.0,"gold_loss":0.0,"damage_taken":0.0},{"damage_healed":0.0,"max_hp_gain":0.0,"max_hp_loss":0.0,"gold_gain":0.0,"event_name":"Shining Light","player_choice":"Entered Light","floor":7.0,"gold_loss":0.0,"damage_taken":27.0,"cards_upgraded":["Strike_R","Fire Breathing"]}],"is_beta":false,"boss_relics":[],"items_purged_floors":[],"is_endless":false,"potions_floor_spawned":[3,11],"killed_by":"Gremlin Nob","ascension_level":20}}