{"host":"vumwfieg2b2mnrfl","time":1611799218,"event":{"mods":["AchievementEnabler","BaseMod","Minty Spire (QoL Compilation)","Rare Cards Sparkle","Relic Stats"],"gold_per_floor":[20,31,31,106,118,118,152,152,152,172,172,172,205,215,215,215,215],"floor_reached":16,"language":"ENG","playtime":517,"items_purged":[],"score":209,"play_id":"1d04a4fc-142d-45cc-b35f-7d926ecc5511","local_time":"20210127200018","is_ascension_mode":true,"campfire_choices":[{"data":"Bash","floor":6,"key":"SMITH"},{"data":"Clothesline","floor":8,"key":"SMITH"},{"floor":11,"key":"REST"},{"data":"Feel No Pain","floor":15,"key":"SMITH"}],"circlet_count":0,"master_deck":["AscendersBane","Strike_R","Strike_R","Strike_R","Defend_R","Defend_R","Defend_R","Defend_R","Bash+1","Feel No Pain+1","Intimidate","Whirlwind","Clothesline+1","Headbutt","Pummel","Sever Soul","Rampage"],"relics":["Burning Blood","Charon\u0027s Ashes","Gremlin Horn","Pocketwatch","Gambling Chip"],"acts_visited":["Exordium"],"potions_floor_usage":[10],"damage_taken":[{"damage":9,"enemies":"Cultist","floor":1,"turns":5},{"damage":2,"enemies":"Small Slimes","floor":2,"turns":5},{"damage":9,"enemies":"2 Louse","floor":5,"turns":3},{"damage":50,"enemies":"Gremlin Nob","floor":7,"turns":5},{"damage":25,"enemies":"Gremlin Gang","floor":10,"turns":5},{"damage":14,"enemies":"3 Sentries","floor":13,"turns":4},{"damage":8,"enemies":"Exordium Thugs","floor":14,"turns":3},{"damage":33,"enemies":"The Guardian","floor":16,"turns":9}],"seed_played":"8087439741655341432","potions_obtained":[{"floor":5,"key":"BloodPotion"},{"floor":10,"key":"LiquidBronze"}],"is_trial":false,"path_per_floor":["M","M","?","?","M","R","E","R","T","M","R","?","E","M","R","B"],"character_chosen":"IRONCLAD","items_purchased":[],"campfire_rested":1,"item_purchase_floors":[],"current_hp_per_floor":[65,69,69,69,66,66,22,22,22,18,40,40,32,30,30,0,0],"gold":215,"neow_bonus":"TRANSFORM_TWO_CARDS","is_daily":false,"chose_seed":false,"campfire_upgraded":3,"win_rate":0.0,"timestamp":1611799218,"path_taken":["M","?","?","?","M","R","E","R","T","M","R","?","E","?","R","BOSS"],"items_purchased_type":[],"build_version":"2020-12-22","purchased_purges":0,"victory":false,"max_hp_per_floor":[75,75,75,75,75,75,75,75,75,75,75,75,75,75,75,75,75],"relic_stats":{"Gremlin Horn":[6,6],"counters":[8,39],"Gambling Chip":[7],"Charon\u0027s Ashes":[108],"obtain_stats":[{"Gremlin Horn":9,"Gambling Chip":13,"Charon\u0027s Ashes":7,"Burning Blood":0,"Pocketwatch":12},{"Gremlin Horn":4,"Gambling Chip":6,"Charon\u0027s Ashes":4,"Burning Blood":0,"Pocketwatch":5},{"Gremlin Horn":18,"Gambling Chip":27,"Charon\u0027s Ashes":18,"Burning Blood":0,"Pocketwatch":23}],"Burning Blood":42,"Pocketwatch":[36]},"card_choices":[{"not_picked":["Shrug It Off","Uppercut"],"picked":"Whirlwind","floor":1},{"not_picked":["Body Slam","True Grit"],"picked":"Clothesline","floor":2},{"not_picked":["Perfected Strike","Iron Wave"],"picked":"Headbutt","floor":5},{"not_picked":["Body Slam","Pommel Strike"],"picked":"Pummel","floor":7},{"not_picked":["Thunderclap","Clothesline"],"picked":"Sever Soul","floor":10},{"not_picked":["Impervious","Blood for Blood"],"picked":"Rampage","floor":13},{"not_picked":["Dual Wield","Perfected Strike","Wild Strike"],"picked":"SKIP","floor":14}],"player_experience":481357,"relics_obtained":[{"floor":7,"key":"Charon\u0027s Ashes"},{"floor":9,"key":"Gremlin Horn"},{"floor":13,"key":"Gambling Chip"}],"event_choices":[{"damage_healed":0,"gold_gain":0,"player_choice":"Ignored","damage_taken":0,"max_hp_gain":0,"max_hp_loss":0,"event_name":"Liars Game","floor":3,"gold_loss":0},{"damage_healed":0,"gold_gain":75,"player_choice":"Gained Gold","damage_taken":0,"max_hp_gain":0,"max_hp_loss":0,"event_name":"Golden Wing","floor":4,"gold_loss":0},{"damage_healed":0,"gold_gain":0,"player_choice":"Gave Potion","damage_taken":0,"relics_obtained":["Pocketwatch"],"max_hp_gain":0,"max_hp_loss":0,"event_name":"WeMeetAgain","floor":12,"gold_loss":0}],"is_beta":false,"boss_relics":[],"items_purged_floors":[],"is_endless":false,"potions_floor_spawned":[5,10],"killed_by":"The Guardian","ascension_level":18}}