{"host":"9slw7l0ws16384qq","time":1611850743,"event":{"mods":["A Penny For Your Troubles","BaseMod","Clockwork Mod","Colored Map","Evolution","Fiend Mod","Hermit","Hubris","Minty Spire (QoL Compilation)","Railgun Mod","Replay The Spire","Shedinja","StS++","StSLib","The Marked"],"gold_per_floor":[110,128,53,72,72,72,105,115,115,134,134,152,167,180,180,180,180],"floor_reached":16,"language":"FRA","playtime":342,"items_purged":["hermit:Defend_Hermit"],"score":159,"play_id":"e72facd4-0468-4ba0-be5c-73bbca051496","local_time":"20210128171903","is_ascension_mode":true,"campfire_choices":[{"data":"hermit:Misfire","floor":6,"key":"SMITH"},{"data":"hermit:Defend_Hermit","floor":11,"key":"SMITH"}],"circlet_count":0,"master_deck":["AscendersBane","hermit:Misfire+1","hermit:Strike_Hermit","hermit:Strike_Hermit","hermit:Strike_Hermit","hermit:Defend_Hermit","hermit:Defend_Hermit","hermit:Defend_Hermit","hermit:Snapshot","hermit:Covet"],"relics":["hermit:Momento","EVO:Axolotl","NeowsBlessing","Simple Rune","ReplayTheSpireMod:Lightbulb"],"acts_visited":["Exordium"],"potions_floor_usage":[16,16],"damage_taken":[{"damage":0,"enemies":"Cultist","floor":1,"turns":1},{"damage":0,"enemies":"2 Louse","floor":2,"turns":1},{"damage":0,"enemies":"Small Slimes","floor":4,"turns":1},{"damage":29,"enemies":"Gremlin Nob","floor":7,"turns":4},{"damage":17,"enemies":"Exordium Thugs","floor":8,"turns":4},{"damage":3,"enemies":"Blue Slaver","floor":10,"turns":3},{"damage":1,"enemies":"Looter","floor":12,"turns":2},{"damage":3,"enemies":"2 Fungi Beasts","floor":13,"turns":3},{"damage":6,"enemies":"Exordium Wildlife","floor":14,"turns":3},{"damage":34,"enemies":"The Guardian","floor":16,"turns":7}],"seed_played":"-6457478702692441210","potions_obtained":[{"floor":4,"key":"Dexterity Potion"},{"floor":8,"key":"Block Potion"},{"floor":12,"key":"StSpp:ScatteredPotion"},{"floor":13,"key":"LifebloodPotion"}],"is_trial":false,"path_per_floor":["M","M","$","M","?","R","E","M","T","M","R","M","M","M","R_BF","B"],"character_chosen":"HERMIT","items_purchased":[],"campfire_rested":0,"item_purchase_floors":[],"current_hp_per_floor":[68,68,68,68,68,68,39,22,22,19,19,18,15,9,31,0,0],"gold":180,"neow_bonus":"THREE_ENEMY_KILL","is_daily":false,"chose_seed":false,"campfire_upgraded":2,"win_rate":0.0,"timestamp":1611850743,"path_taken":["M","M","$","?","?","R","E","M","T","M","R","M","M","M","R_BF","BOSS"],"items_purchased_type":[],"build_version":"2020-12-22","purchased_purges":1,"victory":false,"max_hp_per_floor":[75,75,75,75,75,75,75,75,75,75,75,75,75,75,75,75,75],"card_choices":[{"not_picked":["hermit:Vantage","hermit:Glare","hermit:Quickdraw"],"picked":"SKIP","floor":1},{"not_picked":["hermit:Brawl","hermit:Virtue","hermit:HighCaliber"],"picked":"SKIP","floor":2},{"not_picked":["hermit:LowProfile","hermit:Roulette","hermit:Snipe"],"picked":"SKIP","floor":4},{"not_picked":["hermit:HoleUp","hermit:TakeCover","hermit:Headshot"],"picked":"SKIP","floor":7},{"not_picked":["hermit:Headshot","hermit:CursedWeapon","hermit:Horror"],"picked":"SKIP","floor":8},{"not_picked":["hermit:Maintenance","hermit:Midnight","hermit:Coalescence"],"picked":"SKIP","floor":10},{"not_picked":["hermit:Purgatory","hermit:ItchyTrigger","hermit:TrackingShot"],"picked":"SKIP","floor":12},{"not_picked":["hermit:TrackingShot","hermit:Midnight","hermit:Feint"],"picked":"SKIP","floor":13},{"not_picked":["hermit:Coalescence","hermit:BodyArmor","hermit:HighCaliber"],"picked":"SKIP","floor":14}],"player_experience":2074563,"relics_obtained":[{"floor":7,"key":"Simple Rune"},{"floor":9,"key":"ReplayTheSpireMod:Lightbulb"}],"event_choices":[],"is_beta":false,"boss_relics":[],"items_purged_floors":[3],"is_endless":false,"potions_floor_spawned":[4,8,12,13],"killed_by":"The Guardian","ascension_level":10}}