{"host":"8kd0mw0b4mjhs7vl","time":1611853803,"event":{"mods":["BaseMod","Colored Map","Downfall","Friendly Minions","Minty Spire (QoL Compilation)","StSLib","SuperFastMode"],"gold_per_floor":[99,114,131,34,98,125,151,151,151,163,163,313,313,343,363,465,465,465,483,503,588,602,633,659,659,685,785,434,448,448,458,472,577,577,577,590,640,640,425,456,456,471,68,86,102,136,136,236,249,249],"floor_reached":51,"language":"ENG","playtime":2816,"items_purged":["downfall:Icky","Guardian:Strike_Guardian","Guardian:Strike_Guardian"],"score":922,"play_id":"eec0ab7c-f443-4451-bab2-535a3958b218","local_time":"20210128171003","is_ascension_mode":true,"campfire_choices":[{"data":"Guardian:RevengeProtocol","floor":1,"key":"SMITH"},{"floor":11,"key":"REST"},{"data":"Guardian:PolyBeam","floor":13,"key":"SMITH"},{"data":"Guardian:FloatingOrbs","floor":18,"key":"SMITH"},{"data":"Guardian:ChargeCore","floor":25,"key":"SMITH"},{"data":"Guardian:BaubleBeam","floor":30,"key":"SMITH"},{"data":"Guardian:Orbwalk","floor":35,"key":"SMITH"},{"data":"Guardian:PolyBeam","floor":47,"key":"SMITH"}],"circlet_count":0,"master_deck":["Guardian:Strike_Guardian","Guardian:Defend_Guardian","Guardian:Defend_Guardian","Guardian:Defend_Guardian","Guardian:Defend_Guardian","Guardian:CurlUp","Guardian:TwinSlam","Guardian:RevengeProtocol+1","Guardian:PiercingHide","Guardian:FloatingOrbs+1","Guardian:PolyBeam+1","Guardian:ShieldSpikes","Guardian:FloatingOrbs","Guardian:EvasiveProtocol","Guardian:ChargeCore+1","Guardian:ConstructionForm","Guardian:Reroute+1","Guardian:StasisField+1","Guardian:BaubleBeam+1","J.A.X.+1","Guardian:BodySlam","Guardian:Orbwalk+1","Guardian:ShieldCharger+1","Guardian:Suspension+1","Guardian:AncientConstruct","Guardian:PolyBeam+1","Guardian:ConstructionForm","Thinking Ahead+1","Blind+1","Guardian:ShieldSpikes+1","Guardian:BronzeArmor+1","Guardian:SpikerProtocol","Guardian:SentryBeam+1"],"relics":["Guardian:ModeShifter","Guardian:SackOfGems","StrikeDummy","Centennial Puzzle","Eternal Feather","Sozu","Toxic Egg 2","Bronze Scales","Pen Nib","MutagenicStrength","Strawberry","Coffee Dripper","Torii","Juzu Bracelet","Anchor","The Courier","OrangePellets","Bag of Marbles","Nunchaku"],"acts_visited":["Exordium","TheCity","TheBeyond"],"potions_floor_usage":[23,33,33],"damage_taken":[{"damage":3,"enemies":"Jaw Worm","floor":2,"turns":4},{"damage":2,"enemies":"2 Louse","floor":3,"turns":4},{"damage":3,"enemies":"downfall:FleeingMerchant","floor":4,"turns":4},{"damage":18,"enemies":"3 Sentries","floor":5,"turns":8},{"damage":33,"enemies":"Gremlin Nob","floor":6,"turns":6},{"damage":0,"enemies":"Cultist","floor":9,"turns":1},{"damage":13,"enemies":"Exordium Wildlife","floor":10,"turns":5},{"damage":0,"enemies":"Lagavulin","floor":14,"turns":8},{"damage":3,"enemies":"Blue Slaver","floor":15,"turns":4},{"damage":23,"enemies":"SI_SHIV_ARCHETYPE","floor":16,"turns":8},{"damage":0,"enemies":"3 Byrds","floor":19,"turns":2},{"damage":0,"enemies":"Shell Parasite","floor":20,"turns":6},{"damage":0,"enemies":"Centurion and Healer","floor":22,"turns":6},{"damage":0,"enemies":"Gremlin Leader","floor":23,"turns":8},{"damage":14,"enemies":"Book of Stabbing","floor":26,"turns":5},{"damage":11,"enemies":"downfall:Augmenter","floor":27,"turns":7},{"damage":3,"enemies":"downfall:FleeingMerchant","floor":28,"turns":4},{"damage":17,"enemies":"3 Cultists","floor":29,"turns":6},{"damage":17,"enemies":"Snake Plant","floor":31,"turns":2},{"damage":10,"enemies":"Snecko","floor":32,"turns":4},{"damage":0,"enemies":"WA_ARCHETYPE_CALM","floor":33,"turns":5},{"damage":5,"enemies":"Orb Walker","floor":36,"turns":4},{"damage":3,"enemies":"Orb Walker","floor":37,"turns":4},{"damage":3,"enemies":"downfall:FleeingMerchant","floor":39,"turns":4},{"damage":42,"enemies":"Reptomancer","floor":40,"turns":7},{"damage":0,"enemies":"3 Shapes","floor":42,"turns":2},{"damage":0,"enemies":"Spire Growth","floor":44,"turns":3},{"damage":0,"enemies":"4 Shapes","floor":45,"turns":4},{"damage":3,"enemies":"Nemesis","floor":46,"turns":7},{"damage":3,"enemies":"Maw","floor":49,"turns":5},{"damage":25,"enemies":"DF_ARCHETYPE_ORBS","floor":50,"turns":7}],"seed_played":"3084066487757662697","potions_obtained":[{"floor":6,"key":"Strength Potion"},{"floor":10,"key":"Strength Potion"},{"floor":14,"key":"Block Potion"},{"floor":15,"key":"AttackPotion"}],"is_trial":false,"path_per_floor":["R","M","M","$","?","E","T","?","M","M","R","?","R","E","M","B",null,"R","M","M","?","M","E","T","R","E","?","$","M","R","M","M","B",null,"R","M","?","?","$","E","T","M","$","M","M","E","R","?","M","B",null],"character_chosen":"GUARDIAN","items_purchased":["Guardian:PolyBeam","Guardian:BodySlam","Guardian:Orbwalk","Strawberry","Thinking Ahead+1","Blind+1","Juzu Bracelet","OrangePellets","Bag of Marbles","Guardian:SpikerProtocol"],"campfire_rested":1,"item_purchase_floors":[4,28,28,28,39,39,39,43,43,43],"current_hp_per_floor":[80,77,75,72,54,21,21,21,21,8,32,32,32,32,29,6,80,80,80,80,64,64,64,64,76,62,51,55,38,53,36,26,26,87,87,82,79,79,76,34,34,34,34,34,34,31,49,49,46,21],"gold":249,"neow_bonus":"ONE_RANDOM_RARE_CARD","is_daily":false,"chose_seed":false,"campfire_upgraded":7,"win_rate":0.0,"timestamp":1611853803,"path_taken":["R","M","M","$","?","E","T","?","?","M","R","?","R","E","M","BOSS","R","M","M","?","M","E","T","R","E","?","?","M","R","?","M","BOSS","R","M","?","?","$","E","T","M","$","M","M","E","R","?","M","BOSS"],"items_purchased_type":["Card","Card","Card","Relic","Card","Card","Relic","Relic","Relic","Card"],"build_version":"2020-12-22","purchased_purges":3,"victory":true,"max_hp_per_floor":[80,80,80,80,80,80,80,80,80,80,80,80,80,80,80,80,80,80,80,80,80,80,80,80,80,80,80,87,87,87,87,87,87,87,87,87,87,87,87,87,87,87,87,87,87,87,87,87,87,87],"card_choices":[{"not_picked":["Guardian:TemporalShield","Guardian:DonusPower"],"picked":"Guardian:PiercingHide","floor":2},{"not_picked":["Guardian:Orbwalk","Guardian:RollAttack"],"picked":"Guardian:FloatingOrbs","floor":3},{"not_picked":["Guardian:DonusPower","Guardian:MultiBeam"],"picked":"Guardian:Gem_White","floor":4},{"not_picked":["Guardian:EvasiveProtocol","Guardian:Preprogram","Guardian:WalkerClaw"],"picked":"SKIP","floor":6},{"not_picked":["Guardian:VentSteam","Guardian:PiercingHide"],"picked":"Guardian:ShieldSpikes","floor":9},{"not_picked":["Guardian:Reroute","Guardian:RefractedBeam"],"picked":"Guardian:FloatingOrbs","floor":10},{"not_picked":["Guardian:Incinerate","Guardian:Gem_Synthetic"],"picked":"Guardian:EvasiveProtocol","floor":14},{"not_picked":["Guardian:Preprogram","Guardian:DonusPower"],"picked":"Guardian:ChargeCore","floor":15},{"not_picked":["Guardian:StasisStrike","Guardian:ExploitGems"],"picked":"Guardian:ConstructionForm","floor":16},{"not_picked":["Guardian:TimeCapacitor","Guardian:Suspension","Guardian:Gem_Red"],"picked":"SKIP","floor":19},{"not_picked":["Guardian:Gem_White","Guardian:Incinerate"],"picked":"Guardian:Reroute+1","floor":20},{"not_picked":["Guardian:FloatingOrbs+1","Guardian:EvasiveProtocol+1","Guardian:ChargeCore+1"],"picked":"SKIP","floor":22},{"not_picked":["Guardian:Gem_Cyan","Guardian:TimeCapacitor+1","Guardian:TemporalStrike"],"picked":"SKIP","floor":23},{"not_picked":["Guardian:ShieldSpikes+1","Guardian:Incinerate"],"picked":"Guardian:StasisField+1","floor":26},{"not_picked":[],"picked":"J.A.X.","floor":27},{"not_picked":["Guardian:TemporalStrike","Guardian:WalkerClaw"],"picked":"Guardian:Gem_Cyan","floor":28},{"not_picked":["Guardian:TemporalStrike+1","Guardian:PrismaticBeam"],"picked":"Guardian:ShieldCharger+1","floor":29},{"not_picked":["Guardian:Incinerate","Guardian:TimeCapacitor+1","Guardian:StasisField+1"],"picked":"SKIP","floor":31},{"not_picked":["Guardian:Gem_Fragmented","Guardian:ShieldCharger+1"],"picked":"Guardian:Suspension+1","floor":32},{"not_picked":["Guardian:TimeSifter","Guardian:RevengeProtocol"],"picked":"Guardian:AncientConstruct","floor":33},{"not_picked":["Guardian:RollAttack","Guardian:Gem_Lightblue"],"picked":"Guardian:PolyBeam","floor":36},{"not_picked":["Guardian:PrismaticBarrier+1","Guardian:PiercingHide+1"],"picked":"Guardian:ConstructionForm","floor":39},{"not_picked":["Guardian:FloatingOrbs+1","Guardian:Reroute+1"],"picked":"Guardian:ShieldSpikes+1","floor":40},{"not_picked":["Guardian:FloatingOrbs","Guardian:TimeBomb+1"],"picked":"Guardian:BronzeArmor+1","floor":42},{"not_picked":["Guardian:DonusPower+1","Guardian:PrimingBeam","Guardian:Gem_Yellow"],"picked":"SKIP","floor":44},{"not_picked":["Guardian:Gem_Red","Guardian:Gem_Yellow","Guardian:Planning+1"],"picked":"SKIP","floor":45},{"not_picked":["Guardian:Recover+1","Guardian:Gem_Synthetic","Guardian:Gem_Fragmented"],"picked":"SKIP","floor":46},{"not_picked":["Guardian:Reroute+1","Guardian:Gem_White"],"picked":"Guardian:SentryBeam+1","floor":49}],"player_experience":279782,"relics_obtained":[{"floor":5,"key":"Guardian:SackOfGems"},{"floor":6,"key":"StrikeDummy"},{"floor":7,"key":"Centennial Puzzle"},{"floor":14,"key":"Eternal Feather"},{"floor":23,"key":"Toxic Egg 2"},{"floor":24,"key":"Bronze Scales"},{"floor":26,"key":"Pen Nib"},{"floor":27,"key":"MutagenicStrength"},{"floor":37,"key":"Torii"},{"floor":40,"key":"Anchor"},{"floor":41,"key":"The Courier"},{"floor":46,"key":"Nunchaku"}],"event_choices":[],"is_beta":false,"boss_relics":[{"not_picked":["Tiny House","Snecko Eye"],"picked":"Sozu"},{"not_picked":["SacredBark","Velvet Choker"],"picked":"Coffee Dripper"}],"items_purged_floors":[28,39,43],"is_endless":false,"potions_floor_spawned":[6,10,14,15,20,26,29,32,33,36,37,44,46,49],"ascension_level":1}}