{"host":"sum4dy402bbv9y4o","time":1611876179,"event":{"mods":["Aspiration","BaseMod","Conspire","Highlight Path","Minty Spire (QoL Compilation)","StSLib"],"gold_per_floor":[115,31,31,43,60,78,78,110,172,184,224,252,264,290,302,314,314],"floor_reached":16,"language":"ENG","playtime":471,"items_purged":[],"score":224,"play_id":"8ace28e2-6057-475f-9970-d655c69a6058","local_time":"20210129022259","is_ascension_mode":true,"campfire_choices":[{"data":"Eruption","floor":7,"key":"SMITH"},{"data":"Tantrum","floor":10,"key":"SMITH"},{"data":"FlurryOfBlows","floor":13,"key":"SMITH"},{"data":"Vigilance","floor":15,"key":"SMITH"}],"circlet_count":0,"master_deck":["AscendersBane","Strike_P","Strike_P","Strike_P","Strike_P","Defend_P","Defend_P","Defend_P","Defend_P","Eruption+1","Vigilance+1","FlurryOfBlows+1","Halt","EmptyFist","Weave","Tantrum+1","Halt","Halt","Protect","FlyingSleeves"],"relics":["PureWater","aspiration:Nostalgia","Burning Blood","MawBank","Strawberry","conspire:TopHat"],"acts_visited":["Exordium"],"potions_floor_usage":[8,11,16],"damage_taken":[{"damage":9,"enemies":"Small Slimes","floor":1,"turns":4},{"damage":0,"enemies":"Cultist","floor":4,"turns":3},{"damage":0,"enemies":"Jaw Worm","floor":5,"turns":3},{"damage":2,"enemies":"2 Fungi Beasts","floor":6,"turns":2},{"damage":8,"enemies":"Gremlin Nob","floor":8,"turns":3},{"damage":10,"enemies":"3 Sentries","floor":11,"turns":4},{"damage":0,"enemies":"Looter","floor":12,"turns":1},{"damage":11,"enemies":"Exordium Wildlife","floor":14,"turns":3},{"damage":77,"enemies":"Hexaghost","floor":16,"turns":9}],"seed_played":"-4111003519445062897","potions_obtained":[{"floor":3,"key":"Regen Potion"},{"floor":3,"key":"Fire Potion"},{"floor":6,"key":"FearPotion"},{"floor":11,"key":"Block Potion"},{"floor":12,"key":"Dexterity Potion"}],"is_trial":false,"path_per_floor":["M","$","?","M","M","M","R","E","T","R","E","M","R","M","R","B"],"character_chosen":"WATCHER","items_purchased":["Halt","EmptyFist"],"campfire_rested":0,"item_purchase_floors":[2,2],"current_hp_per_floor":[58,58,58,64,68,68,68,66,73,73,69,75,75,70,70,0,0],"gold":314,"neow_bonus":"NOSTALGIA","is_daily":false,"chose_seed":false,"campfire_upgraded":4,"win_rate":0.0,"timestamp":1611876179,"path_taken":["M","$","?","M","M","?","R","E","T","R","E","M","R","M","R","BOSS"],"items_purchased_type":["Card","Card"],"build_version":"2020-12-22","purchased_purges":0,"victory":false,"max_hp_per_floor":[68,68,68,68,68,68,68,68,75,75,75,75,75,75,75,75,75],"card_choices":[{"not_picked":["EmptyFist","EmptyBody"],"picked":"FlurryOfBlows","floor":1},{"not_picked":["Worship","FlyingSleeves"],"picked":"Weave","floor":4},{"not_picked":["Vengeance","Alpha"],"picked":"Tantrum","floor":5},{"not_picked":["Indignation","Consecrate"],"picked":"Halt","floor":6},{"not_picked":["SignatureMove","Consecrate"],"picked":"Halt","floor":8},{"not_picked":["ThirdEye","MasterReality"],"picked":"Protect","floor":11},{"not_picked":["Consecrate","Evaluate"],"picked":"FlyingSleeves","floor":12},{"not_picked":["Collect","EmptyMind","Establishment"],"picked":"SKIP","floor":14}],"player_experience":3015326,"relics_obtained":[{"floor":8,"key":"MawBank"},{"floor":9,"key":"Strawberry"},{"floor":11,"key":"conspire:TopHat"}],"event_choices":[{"damage_healed":0,"gold_gain":0,"player_choice":"Got Potions","damage_taken":0,"max_hp_gain":0,"max_hp_loss":0,"event_name":"Lab","floor":3,"gold_loss":0}],"is_beta":false,"boss_relics":[],"items_purged_floors":[],"is_endless":false,"potions_floor_spawned":[6,11,12],"killed_by":"Hexaghost","ascension_level":20}}