{"host":"v9ordiuf4xzdpttp","time":1611797476,"event":{"mods":["AchievementEnabler","Act Like it!","AlwaysNeverKeys","BaseMod","Better Third Choice","Better Vampires","BetterRewards","CCEM2","Colored Map","Gold Saver","Halation","Infinite Spire","Jedi Mod","Marked Mod","Minty Spire (QoL Compilation)","Pale of the Ancients","Remove Card Discount Mod","Shop Mod","Spicy Shops","StSLib","The Bug Knight","The Runesmith"],"gold_per_floor":[152,152,162,232,251,251,251,251,274,294,305,29,45,7,7,103,103,113,113,113,125,138,138,138],"floor_reached":23,"language":"ENG","playtime":1506,"items_purged":["Strike_G","Defend_G","Strike_G","Strike_G"],"score":283,"play_id":"0b8b2e84-b7a3-4ae8-99c8-f4f40a19a286","local_time":"20210127203116","is_ascension_mode":false,"campfire_choices":[{"floor":6,"key":"REST"},{"floor":8,"key":"REST"},{"floor":15,"key":"REST"}],"circlet_count":0,"master_deck":["Strike_G","Strike_G","Defend_G","Defend_G","Defend_G","Defend_G","Survivor","Neutralize","Flying Knee+1","Outmaneuver+1","Deadly Poison","Flying Knee","Deadly Poison","Infinite Blades","Catalyst","Adrenaline","jedi:pocketpoison","A Thousand Cuts","jedi:poisonivy+1","Accuracy","jedi:collectorvenom+1","Flying Knee"],"relics":["Ring of the Snake","halation:OrihimeAndHikoboshiSamaAndTears","jedi:sprinkler","TheAbacus","MerchantsRug","infinitespire:CheckeredPen","jedi:crownofsimplicity","TwistedFunnel","Black Star"],"acts_visited":["Exordium","TheCity"],"potions_floor_usage":[23,23,23],"damage_taken":[{"damage":7,"enemies":"2 Louse","floor":1,"turns":2},{"damage":8,"enemies":"Jaw Worm","floor":3,"turns":2},{"damage":0,"enemies":"Cultist","floor":5,"turns":2},{"damage":0,"enemies":"Red Slaver","floor":10,"turns":2},{"damage":5,"enemies":"Blue Slaver","floor":11,"turns":2},{"damage":1,"enemies":"2 Fungi Beasts","floor":13,"turns":2},{"damage":28,"enemies":"The Guardian","floor":16,"turns":6},{"damage":10,"enemies":"3 Byrds","floor":18,"turns":2},{"damage":25,"enemies":"Shell Parasite","floor":21,"turns":4},{"damage":30,"enemies":"Snake Plant","floor":22,"turns":4},{"damage":12,"enemies":"Slavers","floor":23,"turns":1}],"seed_played":"-1797339983390137356","potions_obtained":[{"floor":10,"key":"jedi:wingpotion"},{"floor":13,"key":"Dexterity Potion"},{"floor":18,"key":"Fire Potion"},{"floor":22,"key":"GamblersBrew"}],"is_trial":false,"path_per_floor":["M","?","M","T","M","R","?","R","T","M","M","$","M","$","R","B",null,"M","?","?","M","M","E"],"character_chosen":"THE_SILENT","items_purchased":["Flying Knee","halation:OrihimeAndHikoboshiSamaAndTears","jedi:sprinkler","TheAbacus","MerchantsRug","Infinite Blades","TwistedFunnel","Adrenaline","jedi:pocketpoison"],"campfire_rested":3,"item_purchase_floors":[0,0,0,0,0,12,12,14,14],"current_hp_per_floor":[31,31,23,23,23,44,44,65,65,65,60,60,59,59,70,42,70,60,60,60,35,5,0,0],"gold":138,"neow_bonus":"","is_daily":false,"chose_seed":false,"campfire_upgraded":0,"win_rate":0.0,"timestamp":1611797476,"path_taken":["M","?","M","?","M","R","?","R","T","M","M","$","?","?","R","BOSS","M","?","?","M","M","E"],"items_purchased_type":["Card","Relic","Relic","Relic","Relic","Card","Relic","Card","Card"],"build_version":"2020-12-22","purchased_purges":4,"victory":false,"max_hp_per_floor":[70,70,70,70,70,70,70,70,70,70,70,70,70,70,70,70,70,70,70,70,70,70,70,70],"card_choices":[{"not_picked":["Bane","All Out Attack"],"picked":"Outmaneuver","floor":1},{"not_picked":["Blade Dance","Deflect"],"picked":"Deadly Poison","floor":3},{"not_picked":["PiercingWail","Predator","Doppelganger"],"picked":"SKIP","floor":5},{"not_picked":["Dagger Spray","Outmaneuver"],"picked":"Flying Knee","floor":10},{"not_picked":["Caltrops","jedi:pocketpoison"],"picked":"Deadly Poison","floor":11},{"not_picked":["Reflex","Riddle With Holes"],"picked":"Catalyst","floor":13},{"not_picked":["Wraith Form v2","Bullet Time"],"picked":"A Thousand Cuts","floor":16},{"not_picked":["Escape Plan","Quick Slash"],"picked":"jedi:poisonivy+1","floor":18},{"not_picked":["Eviscerate","Backflip"],"picked":"jedi:collectorvenom+1","floor":21},{"not_picked":["PiercingWail","Dodge and Roll"],"picked":"Flying Knee","floor":22}],"player_experience":209583,"relics_obtained":[{"floor":4,"key":"infinitespire:CheckeredPen"},{"floor":9,"key":"jedi:crownofsimplicity"}],"event_choices":[{"damage_healed":0,"gold_gain":0,"player_choice":"Grow","damage_taken":0,"max_hp_gain":0,"max_hp_loss":0,"event_name":"Living Wall","floor":2,"gold_loss":0,"cards_upgraded":["Outmaneuver"]},{"damage_healed":0,"gold_gain":0,"player_choice":"Forge","damage_taken":0,"max_hp_gain":0,"max_hp_loss":0,"event_name":"Accursed Blacksmith","floor":7,"gold_loss":0,"cards_upgraded":["Flying Knee"]},{"damage_healed":0,"gold_gain":0,"player_choice":"Read","damage_taken":0,"max_hp_gain":0,"max_hp_loss":0,"event_name":"The Library","floor":19,"gold_loss":0,"cards_obtained":["Accuracy"]},{"damage_healed":0,"gold_gain":0,"player_choice":"Ignored","damage_taken":0,"max_hp_gain":0,"max_hp_loss":0,"event_name":"Beggar","floor":20,"gold_loss":0}],"is_beta":false,"boss_relics":[{"not_picked":["Empty Cage","infinitespire:Cupcake"],"picked":"Black Star"}],"items_purged_floors":[0,0,0,12],"is_endless":false,"potions_floor_spawned":[10,13,18,22],"killed_by":"Slavers","ascension_level":0}}