{"host":"kydqlojjt9mno5rv","time":1611860536,"event":{"mods":["AchievementEnabler","BaseMod","Colored Powertips","DeckTracker","Minty Spire (QoL Compilation)","Spicy Shops","StSLib","SuperFastMode","Synergy Search","Weighted Paths"],"gold_per_floor":[113,14,29,29,46,72,72,90,90,90,125,125,142,92,92,196,196,211,228,503,522,522,522,538,166,166,184,217,242,242,276,276,374,374,387,32,32,32,46,72,72,100,100,125,142,142,142,162,162,162,162,162,16,47,47,47],"floor_reached":55,"language":"ENG","playtime":1941,"items_purged":["Regret"],"score":892,"play_id":"0f958a22-a9a6-463d-8fb5-f7d8f3a27ed8","local_time":"20210128140216","is_ascension_mode":true,"campfire_choices":[{"floor":10,"key":"REST"},{"floor":12,"key":"REST"},{"floor":15,"key":"REST"},{"floor":23,"key":"REST"},{"floor":30,"key":"REST"},{"data":"Inflame","floor":32,"key":"SMITH"},{"floor":41,"key":"RECALL"},{"floor":46,"key":"REST"},{"floor":49,"key":"REST"},{"data":"Limit Break","floor":52,"key":"SMITH"}],"circlet_count":0,"master_deck":["Strike_R","Strike_R","Strike_R","Strike_R","Defend_R","Defend_R","Defend_R+1","Defend_R","Bash","Double Tap+1","Seeing Red","True Grit","Sword Boomerang+1","Iron Wave+1","Clothesline+1","Immolate+1","Pommel Strike+1","Uppercut+1","Pummel+1","Necronomicurse","Inflame+1","Shrug It Off","Sword Boomerang+1","Flex+1","Offering","Feed+1","CurseOfTheBell","Flex+1","Limit Break+1","Sword Boomerang+1","Headbutt+1","Mayhem","Clothesline+1","Sword Boomerang+1","Bloodletting","Sword Boomerang+1","Sword Boomerang+1"],"relics":["Burning Blood","Molten Egg 2","Meat on the Bone","Darkstone Periapt","War Paint","SlaversCollar","Necronomicon","Lantern","Vajra","Charon\u0027s Ashes","Red Mask","Lizard Tail","Calling Bell","Oddly Smooth Stone","Mercury Hourglass","Dead Branch","Orichalcum","Orrery","Pen Nib","Letter Opener","Dream Catcher","Ancient Tea Set","Champion Belt","Blue Candle"],"acts_visited":["Exordium","TheCity","TheBeyond","TheEnding"],"potions_floor_usage":[11,21,55],"damage_taken":[{"damage":10,"enemies":"Cultist","floor":1,"turns":4},{"damage":5,"enemies":"2 Louse","floor":3,"turns":2},{"damage":0,"enemies":"Small Slimes","floor":5,"turns":3},{"damage":48,"enemies":"Gremlin Nob","floor":6,"turns":5},{"damage":17,"enemies":"Blue Slaver","floor":8,"turns":5},{"damage":55,"enemies":"Lagavulin","floor":11,"turns":7},{"damage":9,"enemies":"Exordium Thugs","floor":13,"turns":4},{"damage":76,"enemies":"Slime Boss","floor":16,"turns":17},{"damage":28,"enemies":"Shell Parasite","floor":18,"turns":4},{"damage":1,"enemies":"Chosen","floor":19,"turns":3},{"damage":22,"enemies":"Snake Plant","floor":21,"turns":4},{"damage":18,"enemies":"Shelled Parasite and Fungi","floor":24,"turns":3},{"damage":10,"enemies":"3 Cultists","floor":27,"turns":4},{"damage":6,"enemies":"Book of Stabbing","floor":28,"turns":3},{"damage":0,"enemies":"Masked Bandits","floor":29,"turns":1},{"damage":24,"enemies":"Gremlin Leader","floor":31,"turns":4},{"damage":21,"enemies":"Champ","floor":33,"turns":4},{"damage":0,"enemies":"Orb Walker","floor":35,"turns":1},{"damage":15,"enemies":"3 Shapes","floor":39,"turns":2},{"damage":31,"enemies":"Reptomancer","floor":40,"turns":4},{"damage":9,"enemies":"Giant Head","floor":42,"turns":5},{"damage":0,"enemies":"Reptomancer","floor":44,"turns":3},{"damage":25,"enemies":"Writhing Mass","floor":45,"turns":4},{"damage":12,"enemies":"3 Darklings","floor":48,"turns":4},{"damage":24,"enemies":"Donu and Deca","floor":50,"turns":4},{"damage":35,"enemies":"Shield and Spear","floor":54,"turns":3},{"damage":166,"enemies":"The Heart","floor":55,"turns":8}],"seed_played":"-7497215669870001882","potions_obtained":[{"floor":1,"key":"Fire Potion"},{"floor":3,"key":"BlessingOfTheForge"},{"floor":5,"key":"PowerPotion"},{"floor":18,"key":"EssenceOfSteel"},{"floor":31,"key":"FairyPotion"},{"floor":47,"key":"DuplicationPotion"}],"is_trial":false,"path_per_floor":["M","?","M","$","M","E","?","M","T","R","E","R","M","?","R","B",null,"M","M","?","M","?","R","M","$","T","M","E","?","R","E","R","B",null,"M","$","?","?","M","E","R","E","T","E","M","R","?","M","R","B",null,"R","$","E","B"],"character_chosen":"IRONCLAD","items_purchased":["Lantern","Vajra","Orichalcum","Orrery","Headbutt+1","Champion Belt"],"campfire_rested":7,"item_purchase_floors":[25,25,36,36,36,53],"current_hp_per_floor":[76,76,77,77,80,38,58,47,47,71,34,58,55,55,77,19,77,55,60,66,50,40,66,54,54,54,62,62,68,89,71,71,56,95,95,95,95,95,86,61,61,58,58,64,57,85,85,79,95,81,99,99,99,74,0,0],"gold":47,"neow_bonus":"ONE_RANDOM_RARE_CARD","is_daily":false,"chose_seed":false,"campfire_upgraded":2,"win_rate":0.0,"timestamp":1611860536,"path_taken":["M","?","?","$","M","E","?","M","T","R","E","R","M","?","R","BOSS","M","M","?","?","?","R","M","$","T","M","E","?","R","E","R","BOSS","M","$","?","?","M","E","R","E","T","E","M","R","?","M","R","BOSS","R","$","E","BOSS"],"items_purchased_type":["Relic","Relic","Relic","Relic","Card","Relic"],"build_version":"2020-12-22","purchased_purges":1,"victory":false,"max_hp_per_floor":[80,80,80,80,80,80,80,80,80,80,80,80,80,77,77,77,77,77,77,83,83,89,89,89,89,89,89,89,89,89,89,89,89,95,95,95,95,95,95,95,95,95,95,95,95,95,95,95,95,99,99,99,99,103,103,103],"card_choices":[{"not_picked":["Combust","Clash"],"picked":"Seeing Red","floor":1},{"not_picked":["Havoc","Perfected Strike+1"],"picked":"True Grit","floor":3},{"not_picked":["Metallicize","Dark Embrace"],"picked":"Sword Boomerang+1","floor":5},{"not_picked":["Havoc","Searing Blow+1","Blood for Blood+1"],"picked":"SKIP","floor":6},{"not_picked":["Seeing Red","Sword Boomerang+1"],"picked":"Iron Wave+1","floor":8},{"not_picked":["Rupture","Evolve"],"picked":"Clothesline+1","floor":11},{"not_picked":["Perfected Strike+1","Rupture","Body Slam+1"],"picked":"SKIP","floor":13},{"not_picked":["Corruption","Impervious"],"picked":"Immolate+1","floor":16},{"not_picked":["Clash+1","Armaments"],"picked":"Pommel Strike+1","floor":18},{"not_picked":["Armaments","Pommel Strike+1"],"picked":"Uppercut+1","floor":19},{"not_picked":["Seeing Red","Body Slam+1"],"picked":"Pummel+1","floor":21},{"not_picked":["Anger+1","Warcry"],"picked":"Inflame","floor":24},{"not_picked":["Brutality","Anger+1"],"picked":"Shrug It Off","floor":27},{"not_picked":["Cleave+1","True Grit"],"picked":"Sword Boomerang+1","floor":28},{"not_picked":["Thunderclap+1","Rupture+1"],"picked":"Flex+1","floor":29},{"not_picked":["Combust+1","Sword Boomerang+1"],"picked":"Offering","floor":31},{"not_picked":["Exhume","Double Tap"],"picked":"Feed+1","floor":33},{"not_picked":["Armaments+1","Searing Blow+1"],"picked":"Flex+1","floor":35},{"not_picked":["Thunderclap+1","Spot Weakness"],"picked":"Limit Break","floor":36},{"not_picked":["Cleave+1","Fiend Fire+1"],"picked":"Sword Boomerang+1","floor":36},{"not_picked":["Mind Blast+1","Jack Of All Trades"],"picked":"Mayhem","floor":38},{"not_picked":["Sentinel+1","Spot Weakness"],"picked":"Clothesline+1","floor":39},{"not_picked":["Body Slam+1","Sentinel+1","Rupture"],"picked":"SKIP","floor":40},{"not_picked":["Entrench","Body Slam+1","Sever Soul+1"],"picked":"SKIP","floor":42},{"not_picked":["Havoc+1","Body Slam+1"],"picked":"Sword Boomerang+1","floor":44},{"not_picked":["True Grit+1","Body Slam+1"],"picked":"Bloodletting","floor":45},{"not_picked":["Iron Wave+1","Armaments"],"picked":"Sword Boomerang+1","floor":46},{"not_picked":["Fire Breathing","Intimidate","Whirlwind+1"],"picked":"SKIP","floor":48},{"not_picked":["Rupture","Metallicize+1"],"picked":"Sword Boomerang+1","floor":49},{"not_picked":["Uppercut+1","Clash+1","Rage+1"],"picked":"SKIP","floor":54}],"player_experience":147705,"relics_obtained":[{"floor":6,"key":"Meat on the Bone"},{"floor":9,"key":"Darkstone Periapt"},{"floor":11,"key":"War Paint"},{"floor":22,"key":"Necronomicon"},{"floor":28,"key":"Charon\u0027s Ashes"},{"floor":29,"key":"Red Mask"},{"floor":31,"key":"Lizard Tail"},{"floor":34,"key":"Oddly Smooth Stone"},{"floor":34,"key":"Mercury Hourglass"},{"floor":34,"key":"Dead Branch"},{"floor":40,"key":"Pen Nib"},{"floor":42,"key":"Letter Opener"},{"floor":43,"key":"Dream Catcher"},{"floor":44,"key":"Ancient Tea Set"},{"floor":54,"key":"Blue Candle"}],"event_choices":[{"damage_healed":0,"gold_gain":0,"player_choice":"Paid Gold","damage_taken":0,"relics_obtained":["Molten Egg 2"],"max_hp_gain":0,"max_hp_loss":0,"event_name":"WeMeetAgain","floor":2,"gold_loss":99},{"damage_healed":20,"gold_gain":0,"player_choice":"Healed and dodged fight","damage_taken":0,"max_hp_gain":0,"max_hp_loss":0,"event_name":"Mushrooms","floor":7,"gold_loss":0,"cards_obtained":["Parasite"]},{"cards_removed":["Parasite"],"damage_healed":0,"gold_gain":0,"player_choice":"Card Removal","damage_taken":0,"max_hp_gain":0,"max_hp_loss":0,"event_name":"The Cleric","floor":14,"gold_loss":50},{"damage_healed":0,"gold_gain":275,"player_choice":"Desecrate","damage_taken":0,"max_hp_gain":0,"max_hp_loss":0,"event_name":"Golden Shrine","floor":20,"gold_loss":0,"cards_obtained":["Regret"]},{"damage_healed":0,"gold_gain":0,"player_choice":"Obtained Book","damage_taken":16,"max_hp_gain":0,"max_hp_loss":0,"event_name":"Cursed Tome","floor":22,"gold_loss":0},{"damage_healed":0,"gold_gain":0,"player_choice":"Fought Bandits","damage_taken":0,"max_hp_gain":0,"max_hp_loss":0,"event_name":"Masked Bandits","floor":29,"gold_loss":0},{"cards_removed":["Strike_R"],"damage_healed":0,"gold_gain":0,"player_choice":"Removed Attack","damage_taken":0,"max_hp_gain":0,"max_hp_loss":0,"event_name":"Falling","floor":37,"gold_loss":0},{"damage_healed":0,"gold_gain":0,"player_choice":"Memory 1","damage_taken":0,"max_hp_gain":0,"max_hp_loss":0,"event_name":"SensoryStone","floor":38,"gold_loss":0},{"damage_healed":0,"gold_gain":0,"player_choice":"Got Potions","damage_taken":0,"max_hp_gain":0,"max_hp_loss":0,"event_name":"Lab","floor":47,"gold_loss":0}],"is_beta":false,"boss_relics":[{"not_picked":["Fusion Hammer","Velvet Choker"],"picked":"SlaversCollar"},{"not_picked":["Runic Pyramid","Snecko Eye"],"picked":"Calling Bell"}],"items_purged_floors":[25],"is_endless":false,"potions_floor_spawned":[1,3,5,18,31,39,40,44,45],"killed_by":"The Heart","ascension_level":1}}