{"host":"58njlu7hme3ojrlz","time":1611817799,"event":{"mods":["AchievementEnabler","Act Like it!","Arknights The Spire","BaseMod","Block Reminder","Colored Map","Colored Powertips","DeckTracker","Downfall","Gensokyo","Hallownest","Highlight Path","Infinite Spire","Marisa????????","Minty Spire (QoL Compilation)","Relic Sorter","Replay The Spire","StSLib","The Alterego","The Bug Knight","The Servant 0.9.4","The Wild Card"],"gold_per_floor":[110,128,147,165,165,165,236,236,236,236,311,311,331,344,344,440,440,423,433,446,466,466,466,466,477,526,526,45,63,78,78,78,178,178,198,214,214,214,59,59,79,79,79],"floor_reached":42,"language":"ENG","playtime":3213,"items_purged":["DoubleEdge"],"score":392,"play_id":"a4aec1c0-6eb8-4c76-98ae-4b1d3f0568cb","local_time":"20210128140959","is_ascension_mode":false,"campfire_choices":[{"data":"Exchange","floor":6,"key":"SMITH"},{"data":"Potential","floor":8,"key":"SMITH"},{"data":"Potential","floor":10,"key":"SMITH"},{"data":"Defy","floor":12,"key":"SMITH"},{"floor":15,"key":"REST"},{"floor":23,"key":"REST"},{"floor":27,"key":"REST"},{"floor":32,"key":"REST"},{"floor":40,"key":"REST"}],"circlet_count":0,"master_deck":["Strike_S","Strike_S","Defend_S","Defend_S","Defend_S","Defend_S","KidneyShot","Exchange+1","Potential+1","Potential+1","BottledTime","Defy+1","Replace","Manipulate","Moondial","Embodiment","ShatteredReality","DualDimension","Alleviate","Foresight","Moonlight","WasteNot+1","Manipulate+1","Potential","ReturningBlade","Advance","FloweringNight","Comet","Luminosity+1","infinitespire:SealOfDarkness+","WasteNot"],"relics":["SplendidAttire","HollowMod:StagPassRelic","Busted Crown","alterego_mod:FleetingLove","Dream Catcher","infinitespire:Broken Mirror","Meat on the Bone","Boot"],"acts_visited":["Exordium","TheCity","TheBeyond"],"potions_floor_usage":[7,16,30,33,33,42],"damage_taken":[{"damage":0,"enemies":"Small Slimes","floor":1,"turns":3},{"damage":0,"enemies":"2 Louse","floor":2,"turns":3},{"damage":0,"enemies":"Jaw Worm","floor":3,"turns":3},{"damage":4,"enemies":"Exordium Wildlife","floor":4,"turns":3},{"damage":7,"enemies":"Blue Slaver","floor":13,"turns":3},{"damage":1,"enemies":"Exordium Thugs","floor":14,"turns":5},{"damage":50,"enemies":"Slime Boss","floor":16,"turns":15},{"damage":7,"enemies":"2 Thieves","floor":18,"turns":4},{"damage":13,"enemies":"3 Byrds","floor":19,"turns":4},{"damage":21,"enemies":"Centurion and Healer","floor":20,"turns":9},{"damage":24,"enemies":"3 Cultists","floor":21,"turns":7},{"damage":4,"enemies":"Snake Plant","floor":25,"turns":6},{"damage":6,"enemies":"Centurion and Healer","floor":29,"turns":8},{"damage":10,"enemies":"Cultist and Chosen","floor":30,"turns":8},{"damage":36,"enemies":"Champ","floor":33,"turns":12},{"damage":64,"enemies":"3 Shapes","floor":35,"turns":6},{"damage":4,"enemies":"Orb Walker","floor":36,"turns":2},{"damage":6,"enemies":"Sphere and 2 Shapes","floor":41,"turns":4},{"damage":61,"enemies":"2 Orb Walkers","floor":42,"turns":3}],"seed_played":"-6740265738859164895","potions_obtained":[{"floor":1,"key":"Adrenaline Potion"},{"floor":4,"key":"sneckomod:MuddlingPotion"},{"floor":7,"key":"Fruit Juice"},{"floor":7,"key":"CultistPotion"},{"floor":21,"key":"Fire Potion"},{"floor":29,"key":"Adrenaline Potion"},{"floor":30,"key":"FearPotion"},{"floor":33,"key":"Fruit Juice"},{"floor":41,"key":"Elixir"}],"is_trial":false,"path_per_floor":["M","M","M","M","?","R","?","R","T","R","?","R","M","M","R_BF","B",null,"M","M","M","M","?","R","?","M","T","R","$","M","M","T","R_BF","B",null,"M","M","?","?","$","R","M","?"],"character_chosen":"THE_SERVANT","items_purchased":["WasteNot","infinitespire:Broken Mirror","Manipulate","Boot"],"campfire_rested":5,"item_purchase_floors":[28,28,28,39],"current_hp_per_floor":[65,65,65,61,61,61,66,66,66,66,55,55,48,47,68,18,70,63,50,29,5,5,26,26,22,22,43,43,37,27,27,48,29,75,23,31,13,13,13,35,41,0,0],"gold":79,"neow_bonus":"THREE_CARDS","is_daily":false,"chose_seed":false,"campfire_upgraded":4,"win_rate":0.0,"timestamp":1611817799,"path_taken":["M","M","M","M","?","R","?","R","T","R","?","R","?","M","R_BF","BOSS","M","M","M","M","?","R","?","?","T","R","$","M","M","?","R_BF","BOSS","M","M","?","?","$","R","M","?"],"items_purchased_type":["Card","Relic","Card","Relic"],"build_version":"2020-12-22","purchased_purges":1,"victory":false,"max_hp_per_floor":[65,65,65,65,65,65,70,70,70,70,70,70,70,70,70,70,70,70,70,70,70,70,70,70,70,70,70,70,70,70,70,70,75,75,75,75,75,75,75,75,75,75,75],"card_choices":[{"not_picked":["Gouge","SurpressingFire"],"picked":"Potential","floor":0},{"not_picked":["Rearm","Replace"],"picked":"Potential","floor":1},{"not_picked":["FastForward","Rearm"],"picked":"BottledTime","floor":2},{"not_picked":["BottledTime","Rearm"],"picked":"Defy","floor":3},{"not_picked":["InstantArmor","Duplication"],"picked":"Replace","floor":4},{"not_picked":["Moonlight","Rearm"],"picked":"Manipulate","floor":7},{"not_picked":["Starlight","ReturningBlade","Replace"],"picked":"SKIP","floor":13},{"not_picked":["Contraction","Unruled"],"picked":"Moondial","floor":14},{"not_picked":["Deny","Sunlight"],"picked":"Embodiment","floor":16},{"not_picked":[],"picked":"ShatteredReality","floor":18},{"not_picked":[],"picked":"DualDimension","floor":19},{"not_picked":[],"picked":"Alleviate","floor":20},{"not_picked":["SurpressingFire"],"picked":"SKIP","floor":21},{"not_picked":[],"picked":"DoubleEdge","floor":25},{"not_picked":[],"picked":"Potential","floor":29},{"not_picked":[],"picked":"ReturningBlade","floor":30},{"not_picked":[],"picked":"Advance","floor":32},{"not_picked":[],"picked":"FloweringNight","floor":33},{"not_picked":[],"picked":"Comet","floor":35},{"not_picked":[],"picked":"Luminosity+1","floor":36},{"not_picked":["infinitespire:SevenWalls","infinitespire:Collect"],"picked":"infinitespire:SealOfDarkness+","floor":37},{"not_picked":[],"picked":"WasteNot","floor":40},{"not_picked":["Spin"],"picked":"SKIP","floor":41}],"player_experience":138523,"relics_obtained":[{"floor":9,"key":"HollowMod:StagPassRelic"},{"floor":26,"key":"Dream Catcher"},{"floor":31,"key":"Meat on the Bone"}],"event_choices":[{"damage_healed":0,"gold_gain":75,"player_choice":"Gather Gold","damage_taken":11,"max_hp_gain":0,"max_hp_loss":0,"event_name":"World of Goop","floor":11,"gold_loss":0},{"damage_healed":0,"gold_gain":0,"cards_transformed":["Strike_S","Strike_S"],"player_choice":"Became Test Subject","damage_taken":0,"max_hp_gain":0,"max_hp_loss":0,"event_name":"Drug Dealer","floor":22,"gold_loss":0,"cards_obtained":["Foresight","Moonlight"]},{"damage_healed":0,"gold_gain":0,"player_choice":"Choice 1","damage_taken":0,"relics_obtained":["alterego_mod:FleetingLove"],"max_hp_gain":0,"max_hp_loss":0,"event_name":"Secret Garden","floor":24,"gold_loss":0},{"damage_healed":0,"gold_gain":0,"player_choice":"Ignored","damage_taken":0,"max_hp_gain":0,"max_hp_loss":0,"event_name":"Tomb of Lord Red Mask","floor":38,"gold_loss":0},{"damage_healed":0,"gold_gain":0,"player_choice":"Fight","damage_taken":0,"max_hp_gain":0,"max_hp_loss":0,"event_name":"Mysterious Sphere","floor":42,"gold_loss":0}],"is_beta":false,"boss_relics":[{"not_picked":["Ectoplasm","Coffee Dripper"],"picked":"Busted Crown"},{"not_picked":["bronze:MakeshiftBattery","Replay:Grab Bag"],"picked":"SplendidAttire"}],"items_purged_floors":[28],"is_endless":false,"potions_floor_spawned":[1,4,13,14,21,29,30,33,41],"killed_by":"2 Orb Walkers","ascension_level":0}}