{"host":"vx9g5eyuglzorf3u","time":1611855345,"event":{"mods":["2.2 Compatiblity","BaseMod","DeckTracker","Keyboard Shortcuts","Minty Spire (QoL Compilation)","Relic Stats","StSLib","SuperFastMode","everything is the same but u backflip on backflip"],"gold_per_floor":[111,36,36,36,36,67,67,100,100,100,120,120,20,47,47,126,126,136,11,28,28,55,55,90,90,90,100,111,111,131,56,56,131,131,148,370,388,388,388,388,44,44,44,70,70,88,114,129,129,129,129],"floor_reached":50,"language":"KOR","playtime":1297,"items_purged":["Strike_R","Strike_R","Strike_R","Strike_R+1"],"score":1239,"play_id":"80421f80-4b19-4aff-8065-ba59ee846c98","local_time":"20210129023545","is_ascension_mode":true,"campfire_choices":[{"data":"Evolve","floor":7.0,"key":"SMITH"},{"data":"Wild Strike","floor":10.0,"key":"SMITH"},{"data":"Bash","floor":15.0,"key":"SMITH"},{"floor":23.0,"key":"REST"},{"floor":25.0,"key":"REST"},{"data":"Fire Breathing","floor":32.0,"key":"SMITH"},{"data":"Madness","floor":40.0,"key":"SMITH"},{"data":"Madness","floor":42.0,"key":"SMITH"},{"floor":49.0,"key":"RECALL"}],"circlet_count":0,"master_deck":["AscendersBane","Defend_R+1","Defend_R","Bash+1","Shrug It Off","Evolve+1","Wild Strike+1","Offering","Fire Breathing+1","Sever Soul","Impervious","Battle Trance+1","Madness+1","Madness+1","Flash of Steel","Deep Breath","Panacea","Second Wind","Dual Wield","True Grit+1","Power Through"],"relics":["Burning Blood","NeowsBlessing","Mummified Hand","Potion Belt","Bottled Tornado","Matryoshka","Empty Cage","Red Mask","FossilizedHelix","Ancient Tea Set","Turnip","SacredBark","Vajra","Champion Belt","Pen Nib","Boot"],"acts_visited":["Exordium","TheCity","TheBeyond"],"potions_floor_usage":[50],"damage_taken":[{"damage":0.0,"enemies":"2 Louse","floor":1.0,"turns":1.0},{"damage":0.0,"enemies":"Lagavulin","floor":6.0,"turns":1.0},{"damage":0.0,"enemies":"3 Sentries","floor":8.0,"turns":2.0},{"damage":4.0,"enemies":"Small Slimes","floor":11.0,"turns":3.0},{"damage":20.0,"enemies":"Lagavulin","floor":14.0,"turns":5.0},{"damage":30.0,"enemies":"Slime Boss","floor":16.0,"turns":6.0},{"damage":22.0,"enemies":"Shell Parasite","floor":18.0,"turns":4.0},{"damage":15.0,"enemies":"2 Thieves","floor":20.0,"turns":3.0},{"damage":14.0,"enemies":"Masked Bandits","floor":22.0,"turns":3.0},{"damage":21.0,"enemies":"Book of Stabbing","floor":24.0,"turns":4.0},{"damage":21.0,"enemies":"Chosen and Byrds","floor":27.0,"turns":7.0},{"damage":14.0,"enemies":"3 Cultists","floor":28.0,"turns":4.0},{"damage":1.0,"enemies":"Centurion and Healer","floor":30.0,"turns":4.0},{"damage":37.0,"enemies":"Collector","floor":33.0,"turns":6.0},{"damage":0.0,"enemies":"Orb Walker","floor":35.0,"turns":4.0},{"damage":0.0,"enemies":"3 Shapes","floor":37.0,"turns":3.0},{"damage":27.0,"enemies":"Nemesis","floor":44.0,"turns":3.0},{"damage":0.0,"enemies":"Spire Growth","floor":46.0,"turns":3.0},{"damage":30.0,"enemies":"Giant Head","floor":47.0,"turns":5.0},{"damage":0.0,"enemies":"Transient","floor":48.0,"turns":6.0},{"damage":26,"enemies":"Donu and Deca","floor":50,"turns":2}],"seed_played":"6340323120772090331","potions_obtained":[{"floor":5.0,"key":"Fire Potion"},{"floor":5.0,"key":"EntropicBrew"},{"floor":11.0,"key":"BlessingOfTheForge"},{"floor":14.0,"key":"Explosive Potion"},{"floor":18.0,"key":"Block Potion"},{"floor":24.0,"key":"Ancient Potion"},{"floor":27.0,"key":"BlessingOfTheForge"},{"floor":28.0,"key":"LiquidMemories"},{"floor":47.0,"key":"SteroidPotion"},{"floor":48.0,"key":"AttackPotion"}],"is_trial":false,"path_per_floor":["M","$","?","?","?","E","R","E","T","R","M","?","$","E","R","B",null,"M","$","M","?","?","R","E","R","T","M","M","?","M","$","R","B",null,"M","?","M","?","?","R","$","R","T","E","?","M","E","M","R","B"],"character_chosen":"IRONCLAD","items_purchased":["Sever Soul","Second Wind","CultistPotion"],"campfire_rested":2,"item_purchase_floors":[31,41,41],"current_hp_per_floor":[74,74,51,51,51,57,57,63,63,63,65,58,58,59,59,35,65,49,49,40,40,32,54,39,61,61,46,38,38,43,43,43,12,59,65,65,71,57,47,47,47,47,47,26,26,32,8,14,14,0,0],"gold":129,"neow_bonus":"THREE_ENEMY_KILL","is_daily":false,"chose_seed":false,"campfire_upgraded":6,"win_rate":0.0,"timestamp":1611855345,"path_taken":["M","$","?","?","?","E","R","E","T","R","?","?","?","E","R","BOSS","M","$","?","?","?","R","E","R","T","M","M","?","M","?","R","BOSS","M","?","M","?","?","R","$","R","T","E","?","M","E","?","R","BOSS"],"items_purchased_type":["Card","Card","Potion"],"build_version":"2020-12-22","purchased_purges":4,"victory":false,"max_hp_per_floor":[75,75,75,75,75,75,75,75,75,75,75,75,75,75,75,75,75,75,75,75,75,75,75,75,75,75,75,75,75,75,75,75,75,75,75,75,75,75,75,75,75,75,75,75,75,75,75,75,75,75,75],"relic_stats":{"counters":[21,79],"Mummified Hand":[33],"Turnip":[7],"Pen Nib":[11],"Champion Belt":[3],"Boot":[2],"obtain_stats":[{"Potion Belt":8,"NeowsBlessing":0,"SacredBark":34,"Vajra":43,"Pen Nib":45,"Bottled Tornado":9,"Empty Cage":17,"Ancient Tea Set":26,"Boot":47,"Burning Blood":0,"Matryoshka":14,"Mummified Hand":6,"Turnip":26,"Red Mask":22,"Champion Belt":44,"FossilizedHelix":24},{"Potion Belt":3,"NeowsBlessing":0,"SacredBark":14,"Vajra":16,"Pen Nib":17,"Bottled Tornado":3,"Empty Cage":6,"Ancient Tea Set":10,"Boot":19,"Burning Blood":0,"Matryoshka":5,"Mummified Hand":2,"Turnip":10,"Red Mask":9,"Champion Belt":17,"FossilizedHelix":10},{"Potion Belt":4,"NeowsBlessing":0,"SacredBark":53,"Vajra":60,"Pen Nib":63,"Bottled Tornado":4,"Empty Cage":18,"Ancient Tea Set":32,"Boot":71,"Burning Blood":0,"Matryoshka":12,"Mummified Hand":2,"Turnip":32,"Red Mask":28,"Champion Belt":63,"FossilizedHelix":32}],"Burning Blood":120},"card_choices":[{"not_picked":["Cleave","Pommel Strike"],"picked":"Shrug It Off","floor":1.0},{"not_picked":["Heavy Blade","Whirlwind"],"picked":"Evolve","floor":6.0},{"not_picked":["Second Wind","Clash"],"picked":"Wild Strike","floor":8.0},{"not_picked":["Perfected Strike","Pommel Strike","Cleave"],"picked":"SKIP","floor":11.0},{"not_picked":["Exhume","Hemokinesis","Warcry"],"picked":"SKIP","floor":14.0},{"not_picked":["Corruption","Bludgeon"],"picked":"Offering","floor":16.0},{"not_picked":["Clash","Anger","Havoc"],"picked":"SKIP","floor":18.0},{"not_picked":["Bloodletting","Clothesline","Battle Trance"],"picked":"SKIP","floor":20.0},{"not_picked":["Perfected Strike","Sever Soul","Bloodletting"],"picked":"SKIP","floor":24.0},{"not_picked":["Whirlwind","Cleave"],"picked":"Fire Breathing","floor":27.0},{"not_picked":["Sentinel","Inflame","Armaments"],"picked":"SKIP","floor":28.0},{"not_picked":["Sentinel","Inflame","Armaments"],"picked":"SKIP","floor":28.0},{"not_picked":["Perfected Strike","Armaments+1"],"picked":"Immolate","floor":30.0},{"not_picked":["Corruption","Reaper"],"picked":"Impervious","floor":33.0},{"not_picked":["Havoc+1","Flex+1","Armaments"],"picked":"SKIP","floor":35.0},{"not_picked":["Heavy Blade","Entrench"],"picked":"Battle Trance+1","floor":37.0},{"not_picked":["Forethought","Thinking Ahead"],"picked":"Flash of Steel","floor":39.0},{"not_picked":["Dramatic Entrance","Bandage Up"],"picked":"Deep Breath","floor":39.0},{"not_picked":["Trip","Discovery"],"picked":"Panacea","floor":39.0},{"not_picked":["Sword Boomerang+1","Flame Barrier+1","Body Slam"],"picked":"SKIP","floor":44.0},{"not_picked":["Warcry","Thunderclap"],"picked":"Dual Wield","floor":46.0},{"not_picked":["Inflame","Spot Weakness+1"],"picked":"True Grit+1","floor":47.0},{"not_picked":["Wild Strike","Dual Wield"],"picked":"Power Through","floor":48.0}],"player_experience":1496487,"relics_obtained":[{"floor":6.0,"key":"Mummified Hand"},{"floor":8.0,"key":"Potion Belt"},{"floor":9.0,"key":"Bottled Tornado"},{"floor":14.0,"key":"Matryoshka"},{"floor":22.0,"key":"Red Mask"},{"floor":24.0,"key":"FossilizedHelix"},{"floor":26.0,"key":"Ancient Tea Set"},{"floor":26.0,"key":"Turnip"},{"floor":43.0,"key":"Vajra"},{"floor":44.0,"key":"Champion Belt"},{"floor":47.0,"key":"Boot"}],"event_choices":[{"damage_healed":0.0,"max_hp_gain":0.0,"max_hp_loss":0.0,"gold_gain":0.0,"event_name":"Shining Light","player_choice":"Entered Light","floor":3.0,"gold_loss":0.0,"damage_taken":23.0,"cards_upgraded":["Defend_R","Strike_R"]},{"damage_healed":0.0,"max_hp_gain":0.0,"max_hp_loss":0.0,"gold_gain":0.0,"event_name":"The Cleric","player_choice":"Leave","floor":4.0,"gold_loss":0.0,"damage_taken":0.0},{"damage_healed":0.0,"max_hp_gain":0.0,"max_hp_loss":0.0,"gold_gain":0.0,"event_name":"Lab","player_choice":"Got Potions","floor":5.0,"gold_loss":0.0,"damage_taken":0.0},{"cards_removed":["Defend_R"],"damage_healed":0.0,"max_hp_gain":0.0,"max_hp_loss":0.0,"gold_gain":0.0,"event_name":"Golden Wing","player_choice":"Card Removal","floor":12.0,"gold_loss":0.0,"damage_taken":7.0},{"damage_healed":0.0,"max_hp_gain":0.0,"max_hp_loss":0.0,"gold_gain":0.0,"event_name":"Vampires","player_choice":"Ignored","floor":21.0,"gold_loss":0.0,"damage_taken":0.0},{"damage_healed":0.0,"max_hp_gain":0.0,"max_hp_loss":0.0,"gold_gain":0.0,"event_name":"Masked Bandits","player_choice":"Fought Bandits","floor":22.0,"gold_loss":0.0,"damage_taken":0.0},{"damage_healed":0.0,"max_hp_gain":0.0,"max_hp_loss":0.0,"gold_gain":0.0,"event_name":"The Mausoleum","player_choice":"Ignored","floor":29.0,"gold_loss":0.0,"damage_taken":0.0},{"damage_healed":0.0,"max_hp_gain":0.0,"max_hp_loss":0.0,"gold_gain":222.0,"event_name":"Tomb of Lord Red Mask","player_choice":"Wore Mask","floor":36.0,"gold_loss":0.0,"damage_taken":0.0},{"damage_healed":0.0,"max_hp_gain":0.0,"max_hp_loss":0.0,"gold_gain":0.0,"event_name":"Winding Halls","player_choice":"Embrace Madness","floor":38.0,"gold_loss":0.0,"damage_taken":14.0,"cards_obtained":["Madness","Madness"]},{"damage_healed":0.0,"max_hp_gain":0.0,"max_hp_loss":0.0,"gold_gain":0.0,"event_name":"SensoryStone","player_choice":"Memory 3","floor":39.0,"gold_loss":0.0,"damage_taken":10.0},{"cards_removed":["Immolate"],"damage_healed":0.0,"max_hp_gain":0.0,"max_hp_loss":0.0,"gold_gain":0.0,"event_name":"WeMeetAgain","player_choice":"Gave Card","floor":45.0,"gold_loss":0.0,"damage_taken":0.0,"relics_obtained":["Pen Nib"]}],"is_beta":false,"boss_relics":[{"not_picked":["Sozu","Runic Cube"],"picked":"Empty Cage"},{"not_picked":["Black Blood","Velvet Choker"],"picked":"SacredBark"}],"items_purged_floors":[2,13,19,41],"is_endless":false,"potions_floor_spawned":[11,14,18,24,27,28,47,48],"killed_by":"Donu and Deca","ascension_level":20}}