{"host":"syozzdlzcqop4jia","time":1611873895,"event":{"mods":["BaseMod","Colored Map","Colored Powertips","Minty Spire (QoL Compilation)","Quick Restart"],"gold_per_floor":[114,131,206,7,18,18,50,65,65,65,140,156,174,47,47,143,143,163,20,20,20,36,36,69,69,96,112,112,122,122,132,132,132,132],"floor_reached":33,"language":"ENG","playtime":2183,"items_purged":["Defend_R"],"score":309,"play_id":"a7eb1533-bef7-4643-a563-0deabc1b3355","local_time":"20210128234455","is_ascension_mode":true,"campfire_choices":[{"data":"Blood for Blood","floor":6,"key":"SMITH"},{"data":"Wild Strike","floor":10,"key":"SMITH"},{"data":"Shrug It Off","floor":15,"key":"SMITH"},{"data":"Immolate","floor":23,"key":"SMITH"},{"data":"Carnage","floor":25,"key":"SMITH"},{"data":"Feed","floor":28,"key":"SMITH"},{"data":"Flex","floor":32,"key":"SMITH"}],"circlet_count":0,"master_deck":["Defend_R","Defend_R","Defend_R","Bash","Blood for Blood+1","Wild Strike+1","Twin Strike","Pommel Strike","Ghostly Armor","Feed+1","Anger","Headbutt","Carnage+1","Shrug It Off+1","Immolate+1","Flame Barrier","Flame Barrier","Bite","Bite","Bite","Bite","Bite","Headbutt","Flex+1","Twin Strike","Reckless Charge"],"relics":["Burning Blood","Thread and Needle","Potion Belt","Mercury Hourglass","Bottled Flame","Philosopher\u0027s Stone","Blue Candle","Red Mask","Akabeko"],"acts_visited":["Exordium","TheCity"],"potions_floor_usage":[16,18,31,31],"damage_taken":[{"damage":2,"enemies":"Cultist","floor":1,"turns":3},{"damage":0,"enemies":"2 Louse","floor":2,"turns":3},{"damage":3,"enemies":"Jaw Worm","floor":5,"turns":3},{"damage":13,"enemies":"Gremlin Nob","floor":7,"turns":4},{"damage":0,"enemies":"Exordium Thugs","floor":8,"turns":4},{"damage":0,"enemies":"Looter","floor":12,"turns":2},{"damage":0,"enemies":"Large Slime","floor":13,"turns":4},{"damage":64,"enemies":"The Guardian","floor":16,"turns":12},{"damage":15,"enemies":"3 Byrds","floor":18,"turns":3},{"damage":12,"enemies":"Shell Parasite","floor":22,"turns":3},{"damage":0,"enemies":"Masked Bandits","floor":24,"turns":3},{"damage":0,"enemies":"Centurion and Healer","floor":27,"turns":3},{"damage":10,"enemies":"Shelled Parasite and Fungi","floor":29,"turns":2},{"damage":12,"enemies":"Snake Plant","floor":31,"turns":3},{"damage":59,"enemies":"Collector","floor":33,"turns":6}],"seed_played":"-7541506544180969148","potions_obtained":[{"floor":5,"key":"SpeedPotion"},{"floor":7,"key":"SteroidPotion"},{"floor":12,"key":"PowerPotion"},{"floor":16,"key":"SpeedPotion"},{"floor":18,"key":"Energy Potion"},{"floor":22,"key":"SkillPotion"}],"is_trial":false,"path_per_floor":["M","M","?","$","M","R","E","M","T","R","?","M","M","$","R","B",null,"M","$","?","T","M","R","?","R","T","M","R","M","?","M","R","B"],"character_chosen":"IRONCLAD","items_purchased":["Twin Strike","Potion Belt","Carnage","Shrug It Off","Flame Barrier"],"campfire_rested":0,"item_purchase_floors":[4,4,14,14,19],"current_hp_per_floor":[72,72,65,65,68,68,61,67,67,67,56,62,71,71,71,16,78,69,69,54,54,54,54,54,54,54,57,57,53,53,51,51,0,0],"gold":132,"neow_bonus":"ONE_RARE_RELIC","is_daily":false,"chose_seed":false,"campfire_upgraded":7,"win_rate":0.0,"timestamp":1611873895,"path_taken":["M","M","?","$","?","R","E","M","T","R","?","M","M","$","R","BOSS","M","$","?","?","?","R","?","R","T","M","R","M","?","M","R","BOSS"],"items_purchased_type":["Card","Relic","Card","Card","Card"],"build_version":"2020-12-22","purchased_purges":1,"victory":false,"max_hp_per_floor":[72,72,72,72,72,72,72,72,72,72,72,72,75,75,75,78,78,78,78,54,54,54,54,54,54,54,57,57,57,57,57,57,57,57],"card_choices":[{"not_picked":["Armaments","Twin Strike"],"picked":"Blood for Blood","floor":1},{"not_picked":["Disarm","Clash"],"picked":"Wild Strike","floor":2},{"not_picked":["Power Through","Clothesline"],"picked":"Pommel Strike","floor":5},{"not_picked":["Twin Strike","Iron Wave"],"picked":"Ghostly Armor","floor":7},{"not_picked":["Combust","Clothesline"],"picked":"Feed","floor":8},{"not_picked":["Dropkick","Heavy Blade"],"picked":"Anger","floor":12},{"not_picked":["Clothesline","Armaments"],"picked":"Headbutt","floor":13},{"not_picked":["Impervious","Corruption"],"picked":"Immolate","floor":16},{"not_picked":["Searing Blow","Flex+1"],"picked":"Flame Barrier","floor":18},{"not_picked":["Pummel","Spot Weakness"],"picked":"Headbutt","floor":22},{"not_picked":["Clothesline","Sever Soul"],"picked":"Flex","floor":27},{"not_picked":["Clash+1","True Grit"],"picked":"Twin Strike","floor":29},{"not_picked":["Armaments","Evolve"],"picked":"Reckless Charge","floor":31}],"player_experience":420615,"relics_obtained":[{"floor":7,"key":"Mercury Hourglass"},{"floor":9,"key":"Bottled Flame"},{"floor":21,"key":"Blue Candle"},{"floor":24,"key":"Red Mask"},{"floor":26,"key":"Akabeko"}],"event_choices":[{"damage_healed":0,"gold_gain":75,"player_choice":"Touch","damage_taken":7,"max_hp_gain":0,"max_hp_loss":0,"event_name":"FaceTrader","floor":3,"gold_loss":0},{"damage_healed":0,"gold_gain":75,"player_choice":"Gather Gold","damage_taken":11,"max_hp_gain":0,"max_hp_loss":0,"event_name":"World of Goop","floor":11,"gold_loss":0},{"damage_healed":0,"gold_gain":0,"player_choice":"Became a vampire","damage_taken":0,"max_hp_gain":0,"max_hp_loss":24,"event_name":"Vampires","floor":20,"gold_loss":0,"cards_obtained":["Bite","Bite","Bite","Bite","Bite"]},{"damage_healed":0,"gold_gain":0,"player_choice":"Fought Bandits","damage_taken":0,"max_hp_gain":0,"max_hp_loss":0,"event_name":"Masked Bandits","floor":24,"gold_loss":0},{"damage_healed":0,"gold_gain":0,"player_choice":"Ignored","damage_taken":0,"max_hp_gain":0,"max_hp_loss":0,"event_name":"The Mausoleum","floor":30,"gold_loss":0}],"is_beta":false,"boss_relics":[{"not_picked":["SlaversCollar","Busted Crown"],"picked":"Philosopher\u0027s Stone"}],"items_purged_floors":[19],"is_endless":false,"potions_floor_spawned":[5,7,12,16,18,22],"killed_by":"Collector","ascension_level":3}}