{"host":"lirv846qj71y0vl3","time":1611843187,"event":{"mods":["AchievementEnabler","BaseMod","Better Match","Better Note","Colored Map","Colored Powertips","Defuse TimeMaze Blight","Emptier Cage","Highlight Path","Minty Spire (QoL Compilation)","Permanent Neow","Quick Restart","Rare Cards Sparkle","StSLib","Swap Starting Deck Mod","Transform Curses"],"gold_per_floor":[116,15,90,106,123,150,180,180,203,54,2,177,195,213,213,213,213],"floor_reached":16,"language":"ITA","playtime":747,"items_purged":[],"score":150,"play_id":"2346d2f1-73d6-48a7-b3b7-740d8a3e57aa","local_time":"20210128151307","is_ascension_mode":false,"campfire_choices":[{"floor":8,"key":"RECALL"},{"data":"Fusion","floor":15,"key":"SMITH"}],"circlet_count":0,"master_deck":["Meteor Strike","Streamline","Streamline","Streamline","Streamline","Conserve Battery","Conserve Battery","Conserve Battery","Double Energy","Recycle","White Noise","Coolheaded","Rebound","Self Repair","Fusion+1","Conserve Battery","Streamline","Doubt","Compile Driver","Sweeping Beam"],"relics":["Cracked Core","Toy Ornithopter","Blood Vial"],"acts_visited":["Exordium"],"potions_floor_usage":[6],"damage_taken":[{"damage":3,"enemies":"Small Slimes","floor":1,"turns":2},{"damage":0,"enemies":"Cultist","floor":4,"turns":2},{"damage":4,"enemies":"Jaw Worm","floor":5,"turns":3},{"damage":6,"enemies":"Lagavulin","floor":6,"turns":4},{"damage":13,"enemies":"3 Louse","floor":13,"turns":4},{"damage":1,"enemies":"Lots of Slimes","floor":14,"turns":2},{"damage":57,"enemies":"Slime Boss","floor":16,"turns":7}],"seed_played":"792874798535454549","potions_obtained":[{"floor":5,"key":"Weak Potion"},{"floor":14,"key":"SteroidPotion"}],"is_trial":false,"path_per_floor":["M","$","?","M","M","E","?","R","T","$","$","?","M","M","R","B"],"character_chosen":"DEFECT","items_purchased":["Coolheaded","Rebound","Blood Vial","Streamline"],"campfire_rested":0,"item_purchase_floors":[2,2,10,11],"current_hp_per_floor":[54,54,49,49,52,53,53,53,53,53,53,53,49,50,50,0,0],"gold":213,"neow_bonus":"","is_daily":false,"chose_seed":false,"campfire_upgraded":1,"win_rate":0.0,"timestamp":1611843187,"path_taken":["M","$","?","?","M","E","?","R","T","?","$","?","M","M","R","BOSS"],"items_purchased_type":["Card","Card","Relic","Card"],"build_version":"2020-12-22","purchased_purges":0,"victory":false,"max_hp_per_floor":[57,57,57,57,57,57,57,57,57,57,57,57,57,57,57,57,57],"card_choices":[{"not_picked":["Ball Lightning","Recycle"],"picked":"White Noise","floor":1},{"not_picked":["Sunder","Loop"],"picked":"Self Repair","floor":4},{"not_picked":["Auto Shields","Reprogram"],"picked":"Fusion","floor":5},{"not_picked":["All For One","Turbo"],"picked":"Conserve Battery","floor":6},{"not_picked":["Darkness","Turbo"],"picked":"Compile Driver","floor":13},{"not_picked":["Scrape","Beam Cell"],"picked":"Sweeping Beam","floor":14}],"player_experience":145743,"relics_obtained":[{"floor":6,"key":"Toy Ornithopter"}],"event_choices":[{"damage_healed":0,"gold_gain":75,"player_choice":"Touch","damage_taken":5,"max_hp_gain":0,"max_hp_loss":0,"event_name":"FaceTrader","floor":3,"gold_loss":0},{"damage_healed":0,"gold_gain":30,"player_choice":"Searched \u00271\u0027 times","damage_taken":0,"max_hp_gain":0,"max_hp_loss":0,"event_name":"Dead Adventurer","floor":7,"gold_loss":0},{"damage_healed":0,"gold_gain":175,"player_choice":"AGREE","damage_taken":0,"max_hp_gain":0,"max_hp_loss":0,"event_name":"Liars Game","floor":12,"gold_loss":0,"cards_obtained":["Doubt"]}],"is_beta":false,"boss_relics":[],"items_purged_floors":[],"is_endless":false,"potions_floor_spawned":[5,14],"killed_by":"Slime Boss","ascension_level":0}}