{"host":"xervbyl8oukkrn1w","time":1611792752,"event":{"mods":["BaseMod","Beaked The Cultist","Downfall","Gremlin Mod","Hermit","Hubris","Infinite Spire","Jorbs\u0027s Wanderer Trilogy","Mad Scientist","Minty Spire (QoL Compilation)","Quick Restart","READ ME - Guardian Mod","Reliquary","Replay The Spire","Shade Mod","StSLib","The Blackbeard","The Cursed","The Elementalist","The Hierophant","The Jungle","The Necromancer","The Runesmith","The Servant 0.9.4"],"gold_per_floor":[115,126,126,126,55,87,104,119,146,23,23,37,62,62,62,193,193,163,163],"floor_reached":18,"language":"ENG","playtime":1370,"items_purged":[],"score":195,"play_id":"57237e04-b817-490a-a0be-3f4d37bbb09f","local_time":"20210128001232","is_ascension_mode":false,"campfire_choices":[{"floor":11,"key":"REST"},{"floor":15,"key":"REST"}],"circlet_count":0,"master_deck":["beaked:Strike_Y","beaked:Strike_Y","beaked:Strike_Y","beaked:Strike_Y","beaked:Strike_Y","beaked:Strike_Y","beaked:Defend_Y","beaked:Defend_Y","beaked:Defend_Y","beaked:Defend_Y","beaked:Ceremony+1","beaked:Ceremony","beaked:Ceremony","beaked:BraceForImpact","beaked:BraceForImpact","beaked:Foresight","beaked:DesperateSwing","beaked:StickSmack","beaked:Caw+1","beaked:CursingBlood","beaked:Tweet","Injury","beaked:AwakenedForm"],"relics":["beaked:MendingPlumage","NeowsBlessing","hubris:Towel","Replay:Winged Headress","Counterbalance","ReplayTheSpireMod:Lightbulb","beaked:ThroatLozenge","Golden Idol","hubris:Backtick","Runesmith:Nanobots"],"acts_visited":["Exordium","TheCity"],"potions_floor_usage":[12,12,13],"damage_taken":[{"damage":0,"enemies":"2 Louse","floor":1,"turns":1},{"damage":0,"enemies":"Small Slimes","floor":2,"turns":1},{"damage":0,"enemies":"Replay:BlueRogue","floor":6,"turns":1},{"damage":35,"enemies":"infinitespire:Voidling","floor":7,"turns":5},{"damage":24,"enemies":"Large Slime","floor":8,"turns":6},{"damage":5,"enemies":"Exordium Wildlife","floor":12,"turns":4},{"damage":49,"enemies":"Gremlin Nob","floor":13,"turns":6},{"damage":15,"enemies":"Hexaghost","floor":16,"turns":10},{"damage":12,"enemies":"2 Thieves","floor":18,"turns":2}],"seed_played":"-1930535205377651216","potions_obtained":[{"floor":6,"key":"LiquidBronze"},{"floor":7,"key":"Flashbang"},{"floor":8,"key":"Venom Potion"},{"floor":16,"key":"sneckomod:MuddlingPotion"}],"is_trial":false,"path_per_floor":["M","M","?","?","?","E","M","M","T","$","R","M","E","?","R","B",null,"M"],"character_chosen":"BEAKED_THE_CULTIST","items_purchased":["beaked:Caw+1"],"campfire_rested":2,"item_purchase_floors":[10],"current_hp_per_floor":[50,50,50,50,50,50,33,29,29,29,44,47,16,16,31,50,50,38,38],"gold":163,"neow_bonus":"THREE_ENEMY_KILL","is_daily":false,"chose_seed":false,"campfire_upgraded":0,"win_rate":0.0,"timestamp":1611792752,"path_taken":["M","M","?","?","?","E","M","?","T","$","R","M","E","?","R","BOSS","M"],"items_purchased_type":["Card"],"build_version":"2020-12-22","purchased_purges":0,"victory":false,"max_hp_per_floor":[50,50,50,50,50,50,50,50,50,50,50,50,50,50,50,50,50,50,50],"card_choices":[{"not_picked":["beaked:HuntressSpirit","beaked:Negation"],"picked":"beaked:BraceForImpact","floor":1},{"not_picked":["beaked:TuckingFeathers","beaked:Cower"],"picked":"beaked:BraceForImpact","floor":2},{"not_picked":["beaked:Redirect","beaked:HuntressEssence"],"picked":"beaked:Foresight","floor":6},{"not_picked":["beaked:Evade","beaked:Flinch"],"picked":"beaked:DesperateSwing","floor":7},{"not_picked":["beaked:Tweet","beaked:Foresight"],"picked":"beaked:StickSmack","floor":8},{"not_picked":["beaked:RuinSticks","beaked:DigDeep"],"picked":"beaked:CursingBlood","floor":12},{"not_picked":["beaked:Devastation","beaked:BounceBack"],"picked":"beaked:Tweet","floor":13},{"not_picked":["beaked:FullHouse","beaked:LiftOff"],"picked":"beaked:AwakenedForm","floor":16}],"player_experience":123886,"relics_obtained":[{"floor":6,"key":"Counterbalance"},{"floor":9,"key":"ReplayTheSpireMod:Lightbulb"},{"floor":13,"key":"beaked:ThroatLozenge"}],"event_choices":[{"damage_healed":0,"gold_gain":0,"player_choice":"Paid Gold","damage_taken":0,"relics_obtained":["Replay:Winged Headress"],"max_hp_gain":0,"max_hp_loss":0,"event_name":"WeMeetAgain","floor":5,"gold_loss":71},{"damage_healed":0,"gold_gain":0,"player_choice":"Take Wound","damage_taken":0,"relics_obtained":["Golden Idol"],"max_hp_gain":0,"max_hp_loss":0,"event_name":"Golden Idol","floor":14,"gold_loss":0,"cards_obtained":["Injury"]}],"is_beta":false,"boss_relics":[{"not_picked":["Cursed Key","reliquary:RedCape"],"picked":"hubris:Backtick"}],"items_purged_floors":[],"is_endless":false,"potions_floor_spawned":[6,7,8,16],"killed_by":"2 Thieves","ascension_level":0}}