{"host":"xmr2g8b7eju0288o","time":1611847936,"event":{"mods":["100% Spire Juice","AchievementEnabler","BaseMod","Colored Map","Colored Powertips","KOR Keyword Fix","Minty Spire (QoL Compilation)","Quick Restart","Spicy Shops","StSLib","SuperFastMode"],"gold_per_floor":[453,453,453,498,20,20,20],"floor_reached":6,"language":"KOR","playtime":133,"items_purged":[],"score":68,"play_id":"5fbb73c0-dfe8-4204-ab04-5e83341d2052","local_time":"20210129003216","daily_mods":["Heirloom","DeadlyEvents","Elite Swarm","Midas"],"is_ascension_mode":true,"campfire_choices":[],"circlet_count":0,"master_deck":["AscendersBane","Moonworks:Strike","Moonworks:Strike","Moonworks:Strike","Moonworks:Strike","Moonworks:Defend","Moonworks:Defend","Moonworks:Defend","Moonworks:Defend","Moonworks:Ambush","Moonworks:LongDistanceShot","Moonworks:EvilSpyWorkPreparation"],"relics":["Moonworks:BrokenBomb","Moonworks:Homemark","Old Coin","Art of War","Membership Card","Toxic Egg 2","FossilizedHelix"],"acts_visited":["Exordium"],"potions_floor_usage":[],"damage_taken":[{"damage":2.0,"enemies":"2 Louse","floor":1.0,"turns":4.0},{"damage":6.0,"enemies":"Cultist","floor":4.0,"turns":3.0},{"damage":52,"enemies":"Gremlin Nob","floor":6,"turns":4}],"seed_played":"8215349827558532558","potions_obtained":[{"floor":1.0,"key":"BlessingOfTheForge"}],"is_trial":true,"path_per_floor":["M","?","$","M","$","E"],"character_chosen":"THE_STARBREAKER","items_purchased":["Membership Card","Toxic Egg 2","FossilizedHelix"],"campfire_rested":0,"item_purchase_floors":[5,5,5],"current_hp_per_floor":[48,48,48,42,42,0,0],"gold":20,"neow_bonus":"","is_daily":false,"chose_seed":false,"campfire_upgraded":0,"win_rate":0.0,"timestamp":1611847936,"path_taken":["M","?","?","M","$","E"],"items_purchased_type":["Relic","Relic","Relic"],"build_version":"2020-12-22","purchased_purges":0,"victory":false,"max_hp_per_floor":[55,55,55,55,55,55,55],"card_choices":[{"not_picked":["Moonworks:BigBangBell","Moonworks:SealedMemories","Moonworks:FinalSurgery"],"picked":"SKIP","floor":1.0},{"not_picked":["Moonworks:CookingTime","Moonworks:BindingChains"],"picked":"Moonworks:EvilSpyWorkPreparation","floor":4.0}],"player_experience":114780,"relics_obtained":[],"event_choices":[{"damage_healed":0.0,"max_hp_gain":0.0,"max_hp_loss":0.0,"gold_gain":0.0,"event_name":"WeMeetAgain","player_choice":"Gave Potion","floor":2.0,"gold_loss":0.0,"damage_taken":0.0,"relics_obtained":["Art of War"]}],"is_beta":false,"boss_relics":[],"items_purged_floors":[],"is_endless":true,"potions_floor_spawned":[1],"killed_by":"Gremlin Nob","ascension_level":20}}