{"host":"sp1f3sybb350mzsh","time":1611798896,"event":{"mods":["AchievementEnabler","BaseMod","Bestiary","Colored Map","Colored Powertips","Filter the Spire","Minty Spire (QoL Compilation)","Puzzle Mod","Relic Stats","StSLib"],"gold_per_floor":[119,134,309,320,331,331,331,331,358,392,392,420,420,420],"floor_reached":13,"language":"ENG","playtime":441,"items_purged":[],"score":85,"play_id":"bf127a4c-18f9-4e8f-a9ed-0c7452ab60f6","local_time":"20210127195456","is_ascension_mode":false,"campfire_choices":[{"data":"Multi-Cast","floor":6,"key":"SMITH"},{"data":"Coolheaded","floor":11,"key":"SMITH"}],"circlet_count":0,"master_deck":["Strike_B","Strike_B","Strike_B","Strike_B","Defend_B","Defend_B","Defend_B","Defend_B","Zap","Dualcast","Melter","Capacitor","Self Repair","Multi-Cast+1","Pain","Coolheaded+1","Rebound"],"relics":["Runic Pyramid","WarpedTongs","Dream Catcher","CeramicFish"],"acts_visited":["Exordium"],"potions_floor_usage":[10],"damage_taken":[{"damage":11,"enemies":"2 Louse","floor":1,"turns":3},{"damage":3,"enemies":"Jaw Worm","floor":2,"turns":4},{"damage":10,"enemies":"Cultist","floor":4,"turns":4},{"damage":0,"enemies":"Large Slime","floor":5,"turns":5},{"damage":25,"enemies":"Lagavulin","floor":10,"turns":7},{"damage":28,"enemies":"3 Louse","floor":12,"turns":5},{"damage":0,"enemies":"3 Sentries","floor":13,"turns":1}],"seed_played":"-4047109563626385484","potions_obtained":[{"floor":2,"key":"PotionOfCapacity"},{"floor":4,"key":"FearPotion"},{"floor":10,"key":"LiquidMemories"},{"floor":12,"key":"Block Potion"}],"is_trial":false,"path_per_floor":["M","M","?","M","M","R","?","?","T","E","R","M","E"],"character_chosen":"DEFECT","items_purchased":[],"campfire_rested":0,"item_purchase_floors":[],"current_hp_per_floor":[64,61,61,51,58,58,58,58,58,40,40,19,19,19],"gold":420,"neow_bonus":"BOSS_RELIC","is_daily":false,"chose_seed":false,"campfire_upgraded":2,"win_rate":0.0,"timestamp":1611798896,"path_taken":["M","M","?","M","M","R","?","?","T","E","R","M","E"],"items_purchased_type":[],"build_version":"2020-12-22","purchased_purges":0,"victory":false,"max_hp_per_floor":[75,75,75,75,75,75,75,75,75,75,75,75,75,75],"relic_stats":{"Dream Catcher":0,"counters":[7,28],"CeramicFish":18,"obtain_stats":[{"Dream Catcher":9,"CeramicFish":10,"Cracked Core":0,"Runic Pyramid":0,"WarpedTongs":8},{"Dream Catcher":4,"CeramicFish":5,"Cracked Core":0,"Runic Pyramid":0,"WarpedTongs":4},{"Dream Catcher":16,"CeramicFish":23,"Cracked Core":0,"Runic Pyramid":0,"WarpedTongs":16}],"WarpedTongs":[12]},"card_choices":[{"not_picked":["Steam","Cold Snap"],"picked":"Melter","floor":1},{"not_picked":["Steam","Gash"],"picked":"Capacitor","floor":2},{"not_picked":["Gash","Streamline"],"picked":"Self Repair","floor":4},{"not_picked":["Static Discharge","Force Field"],"picked":"Multi-Cast","floor":5},{"not_picked":["Undo","Cold Snap"],"picked":"Coolheaded","floor":10},{"not_picked":["Gash","Steam"],"picked":"Rebound","floor":12}],"player_experience":134254,"relics_obtained":[{"floor":9,"key":"Dream Catcher"},{"floor":10,"key":"CeramicFish"}],"event_choices":[{"damage_healed":0,"gold_gain":175,"player_choice":"AGREE","damage_taken":0,"max_hp_gain":0,"max_hp_loss":0,"event_name":"Liars Game","floor":3,"gold_loss":0,"cards_obtained":["Doubt"]},{"cards_removed":["Doubt"],"damage_healed":0,"gold_gain":0,"player_choice":"Forget","damage_taken":0,"max_hp_gain":0,"max_hp_loss":0,"event_name":"Living Wall","floor":7,"gold_loss":0},{"damage_healed":0,"gold_gain":0,"player_choice":"Rummage","damage_taken":0,"relics_obtained":["WarpedTongs"],"max_hp_gain":0,"max_hp_loss":0,"event_name":"Accursed Blacksmith","floor":8,"gold_loss":0,"cards_obtained":["Pain"]}],"is_beta":false,"boss_relics":[],"items_purged_floors":[],"is_endless":false,"potions_floor_spawned":[2,4,10,12],"killed_by":"3 Sentries","ascension_level":0}}