{"host":"oz4ht6ec7xzo36kd","time":1611851925,"event":{"mods":["Act Like it!","BaseMod","Friendly Minions","Marisa¡]Ãú«B¡@Å]²z¨F¡^","Minty Spire (QoL Compilation)","Remilia¡]Á¢¦Ì²ú?¡^","StSLib","The Marked","The Servant 0.9.4","WarShipGirlsR/??¤Ö¤kR mod","Youmu¡]»î¾z§¯?¡^"],"gold_per_floor":[110,110,124,124,124,124,148,148,197,272,312,72,108,131,131,251,251,266,256,277,47,47,47,47,62,86,86,138,173,17,57,57,57,57],"floor_reached":33,"language":"ZHT","playtime":1350,"items_purged":[],"score":314,"play_id":"9180a1ec-19d0-438c-8cd0-5d7f5d3e3590","local_time":"20210129003845","is_ascension_mode":false,"campfire_choices":[{"floor":6,"key":"RECALL"},{"data":"theMarked:Seal","floor":8,"key":"SMITH"},{"data":"theMarked:EmpowerWeapon","floor":15,"key":"SMITH"},{"data":"theMarked:TakeOffHeels","floor":23,"key":"SMITH"},{"data":"theMarked:Defy","floor":27,"key":"SMITH"},{"data":"theMarked:Toughness","floor":32,"key":"SMITH"}],"circlet_count":0,"master_deck":["theMarked:Strike+1","theMarked:Strike","theMarked:Strike","theMarked:Strike","theMarked:Defend","theMarked:Defend","theMarked:Defend","theMarked:Defend","theMarked:SoldierOfQuellstein+1","theMarked:ChainLightning+1","theMarked:Memento+1","theMarked:Seal+1","theMarked:EmpowerWeapon+1","theMarked:WardOff","theMarked:TakeOffHeels+1","theMarked:HeightenedSenses","theMarked:Toughness+1","theMarked:WardOff","theMarked:MuscleMemory","Writhe","theMarked:Defy+1","theMarked:Overcharge","theMarked:ResourceFulStrike"],"relics":["theMarked:ArtifactOfAir","Golden Idol","Juzu Bracelet","Eternal Feather","Happy Flower","theMarked:SpiritSword","Bronze Scales","Strawberry","Vajra","Whetstone","Blue Candle","TheAbacus","theMarked:NailFile"],"acts_visited":["Exordium","TheCity"],"potions_floor_usage":[13,13,16,25,29,29,33],"damage_taken":[{"damage":5,"enemies":"Small Slimes","floor":1,"turns":4},{"damage":0,"enemies":"Cultist","floor":3,"turns":2},{"damage":0,"enemies":"2 Louse","floor":7,"turns":2},{"damage":25,"enemies":"3 Sentries","floor":11,"turns":8},{"damage":18,"enemies":"Lagavulin","floor":13,"turns":3},{"damage":7,"enemies":"Blue Slaver","floor":14,"turns":3},{"damage":9,"enemies":"The Guardian","floor":16,"turns":8},{"damage":13,"enemies":"3 Byrds","floor":18,"turns":4},{"damage":37,"enemies":"2 Thieves","floor":20,"turns":4},{"damage":0,"enemies":"Snecko","floor":25,"turns":3},{"damage":15,"enemies":"Slavers","floor":29,"turns":4},{"damage":1,"enemies":"Gremlin Leader","floor":31,"turns":5},{"damage":45,"enemies":"Automaton","floor":33,"turns":6}],"seed_played":"-3650359635921039097","potions_obtained":[{"floor":3,"key":"Energy Potion"},{"floor":7,"key":"Weak Potion"},{"floor":11,"key":"theMarked:SummonPotion"},{"floor":16,"key":"Swift Potion"},{"floor":18,"key":"Ancient Potion"},{"floor":25,"key":"SkillPotion"},{"floor":31,"key":"Ancient Potion"}],"is_trial":false,"path_per_floor":["M","?","M","?","?","R","M","R","T","?","E","$","E","M","R","B",null,"M","?","M","$","?","R","?","M","T","R","T","E","$","E","R","B"],"character_chosen":"THE_DEFAULT","items_purchased":["Eternal Feather","Bronze Scales","theMarked:MuscleMemory","TheAbacus"],"campfire_rested":0,"item_purchase_floors":[12,21,21,30],"current_hp_per_floor":[65,65,65,65,65,65,65,65,65,54,29,29,11,4,13,4,70,57,57,20,20,20,29,36,36,36,48,48,33,33,32,44,0,0],"gold":57,"neow_bonus":"UPGRADE_CARD","is_daily":false,"chose_seed":false,"campfire_upgraded":5,"win_rate":0.0,"timestamp":1611851925,"path_taken":["M","?","M","?","?","R","?","R","T","?","E","$","E","M","R","BOSS","M","?","M","$","?","R","?","M","T","R","?","E","$","E","R","BOSS"],"items_purchased_type":["Relic","Relic","Card","Relic"],"build_version":"2020-12-22","purchased_purges":0,"victory":false,"max_hp_per_floor":[70,70,70,70,70,70,70,70,70,70,70,70,70,70,70,70,70,70,70,70,70,70,70,77,77,77,77,77,77,77,77,77,77,77],"card_choices":[{"not_picked":["theMarked:Aftermath","theMarked:GodGivenPower"],"picked":"theMarked:ChainLightning","floor":1},{"not_picked":["theMarked:Parkour","theMarked:Static"],"picked":"theMarked:Memento","floor":3},{"not_picked":["theMarked:EnhanceMovement","theMarked:Indomitable"],"picked":"theMarked:Seal","floor":7},{"not_picked":["theMarked:PowerFlow","theMarked:SwordAndMagic"],"picked":"theMarked:EmpowerWeapon","floor":11},{"not_picked":["theMarked:ChannelForce","theMarked:TwofoldDefense","theMarked:SwordAndMagic"],"picked":"SKIP","floor":13},{"not_picked":["theMarked:Memento","theMarked:SelfDefenseTraining"],"picked":"theMarked:WardOff","floor":14},{"not_picked":["theMarked:Challenge","theMarked:Vacuum"],"picked":"theMarked:TakeOffHeels","floor":16},{"not_picked":["theMarked:ElectricStrings","theMarked:Parkour"],"picked":"theMarked:HeightenedSenses","floor":18},{"not_picked":[],"picked":"theMarked:Toughness","floor":19},{"not_picked":["theMarked:ElectricStrings","theMarked:TwofoldDefense"],"picked":"theMarked:WardOff","floor":20},{"not_picked":["theMarked:HeightenedSenses","theMarked:Parry"],"picked":"theMarked:Defy","floor":25},{"not_picked":["theMarked:GodGivenPower+1","theMarked:EmpowerWeapon"],"picked":"theMarked:Overcharge","floor":29},{"not_picked":["theMarked:EmpowerWeapon","theMarked:TakeCover"],"picked":"theMarked:ResourceFulStrike","floor":31}],"player_experience":410705,"relics_obtained":[{"floor":11,"key":"Juzu Bracelet"},{"floor":13,"key":"Happy Flower"},{"floor":26,"key":"Vajra"},{"floor":28,"key":"Whetstone"},{"floor":29,"key":"Blue Candle"},{"floor":31,"key":"theMarked:NailFile"}],"event_choices":[{"damage_healed":0,"gold_gain":0,"player_choice":"Take Wound","damage_taken":0,"relics_obtained":["Golden Idol"],"max_hp_gain":0,"max_hp_loss":0,"event_name":"Golden Idol","floor":2,"gold_loss":0,"cards_obtained":["Injury"]},{"cards_removed":["Injury"],"damage_healed":0,"gold_gain":0,"player_choice":"Forget","damage_taken":0,"max_hp_gain":0,"max_hp_loss":0,"event_name":"Living Wall","floor":4,"gold_loss":0},{"damage_healed":0,"gold_gain":0,"player_choice":"Upgraded","damage_taken":0,"max_hp_gain":0,"max_hp_loss":0,"event_name":"Upgrade Shrine","floor":5,"gold_loss":0,"cards_upgraded":["theMarked:Memento"]},{"damage_healed":0,"gold_gain":75,"player_choice":"Gather Gold","damage_taken":11,"max_hp_gain":0,"max_hp_loss":0,"event_name":"World of Goop","floor":10,"gold_loss":0},{"cards_removed":["theMarked:Strike"],"damage_healed":0,"gold_gain":0,"player_choice":"Card Removal","damage_taken":0,"max_hp_gain":0,"max_hp_loss":0,"event_name":"Wheel of Change","floor":22,"gold_loss":0},{"damage_healed":0,"gold_gain":0,"player_choice":"Opened","damage_taken":0,"relics_obtained":["Strawberry"],"max_hp_gain":0,"max_hp_loss":0,"event_name":"The Mausoleum","floor":24,"gold_loss":0,"cards_obtained":["Writhe"]}],"is_beta":false,"boss_relics":[{"not_picked":["Busted Crown","Sozu"],"picked":"theMarked:SpiritSword"}],"items_purged_floors":[],"is_endless":false,"potions_floor_spawned":[3,7,11,16,18,25,31],"killed_by":"Automaton","ascension_level":0}}