{"host":"pdsyh71gl8fwuuoe","time":1611801406,"event":{"mods":["AchievementEnabler","Act Like it!","BaseMod","Bestiary","Colored Powertips","Curses Come First","Custom Start","Highlight Path","Minty Spire (QoL Compilation)","Permanent Neow","Quick Restart","Relic Stats","StSLib"],"gold_per_floor":[99,20,20,20,20,20,20,20,20,20,20,20,0,0,0,0,0,0,0,0,0,0,0,0,0,0,0,0,0,0,0,0,0,0],"floor_reached":33,"language":"ENG","playtime":1160,"items_purged":[],"score":428,"play_id":"231fe308-5f6e-484c-bd7b-32824f0dc0c4","local_time":"20210127213646","is_ascension_mode":true,"campfire_choices":[{"data":"Searing Blow","floor":6.0,"key":"SMITH"},{"data":"Searing Blow+1","floor":8.0,"key":"SMITH"},{"data":"Searing Blow+2","floor":10.0,"key":"SMITH"},{"data":"Whirlwind","floor":15.0,"key":"SMITH"},{"floor":24,"key":"REST"},{"floor":27,"key":"REST"},{"data":"Searing Blow+3","floor":30,"key":"SMITH"},{"data":"Searing Blow+4","floor":32,"key":"SMITH"}],"circlet_count":0,"master_deck":["AscendersBane","Strike_R","Strike_R","Defend_R","Defend_R+1","Defend_R","Defend_R","Bash+1","Whirlwind+1","Disarm","Searing Blow+5","Feel No Pain","Corruption","Battle Trance+1","Brutality+1","Warcry+1","Flame Barrier","Flame Barrier+1"],"relics":["Ectoplasm","Singing Bowl","Regal Pillow","Astrolabe","Blue Candle","Orichalcum","Omamori","Eternal Feather"],"acts_visited":["Exordium","TheCity"],"potions_floor_usage":[25,33,33],"damage_taken":[{"damage":7.0,"enemies":"Jaw Worm","floor":1.0,"turns":3.0},{"damage":10.0,"enemies":"Small Slimes","floor":5.0,"turns":4.0},{"damage":0.0,"enemies":"Cultist","floor":7.0,"turns":3.0},{"damage":7.0,"enemies":"3 Sentries","floor":11.0,"turns":4.0},{"damage":3.0,"enemies":"Blue Slaver","floor":14.0,"turns":2.0},{"damage":18.0,"enemies":"The Guardian","floor":16.0,"turns":9.0},{"damage":2.0,"enemies":"Spheric Guardian","floor":18.0,"turns":3.0},{"damage":10.0,"enemies":"Chosen","floor":19.0,"turns":4.0},{"damage":10,"enemies":"3 Cultists","floor":22,"turns":5},{"damage":39,"enemies":"Slavers","floor":23,"turns":5},{"damage":42,"enemies":"Gremlin Leader","floor":25,"turns":5},{"damage":3,"enemies":"Chosen and Byrds","floor":28,"turns":4},{"damage":24,"enemies":"Snecko","floor":29,"turns":4},{"damage":5,"enemies":"Sentry and Sphere","floor":31,"turns":4},{"damage":57,"enemies":"Champ","floor":33,"turns":9}],"seed_played":"-631696441577782712","potions_obtained":[{"floor":1.0,"key":"Strength Potion"},{"floor":7.0,"key":"SmokeBomb"},{"floor":16.0,"key":"SkillPotion"},{"floor":22,"key":"ElixirPotion"},{"floor":25,"key":"FearPotion"}],"is_trial":false,"path_per_floor":["M","$","?","?","M","R","M","R","T","R","E","T","?","M","R","B",null,"M","M","?","?","M","E","R","E","T","R","M","M","R","M","R","B"],"character_chosen":"IRONCLAD","items_purchased":["Disarm"],"campfire_rested":2,"item_purchase_floors":[2],"current_hp_per_floor":[65,65,65,49,39,39,39,39,39,39,34,34,34,31,31,13,65,65,57,57,57,49,10,51,9,9,59,58,36,45,42,51,0,0],"gold":0,"neow_bonus":"BOSS_RELIC","is_daily":false,"chose_seed":false,"campfire_upgraded":6,"win_rate":0.0,"timestamp":1611801406,"path_taken":["M","$","?","?","M","R","M","R","T","R","E","?","?","M","R","BOSS","M","M","?","?","M","E","R","E","T","R","M","?","R","M","R","BOSS"],"items_purchased_type":["Card"],"build_version":"2020-12-22","purchased_purges":0,"victory":false,"max_hp_per_floor":[80,80,80,80,80,80,80,80,80,80,82,82,82,82,82,82,82,84,86,86,86,88,88,88,88,88,88,90,92,92,94,94,94,94],"relic_stats":{"Regal Pillow":30,"Singing Bowl":14,"counters":[15,68],"Astrolabe":["Battle Trance","Brutality","Warcry"],"Blue Candle":[0],"Eternal Feather":27,"Ectoplasm":419,"Orichalcum":[54],"obtain_stats":[{"Regal Pillow":12,"Singing Bowl":11,"Astrolabe":17,"Blue Candle":21,"Eternal Feather":26,"Ectoplasm":0,"Omamori":25,"Orichalcum":23,"Burning Blood":0},{"Regal Pillow":4,"Singing Bowl":4,"Astrolabe":6,"Blue Candle":8,"Eternal Feather":11,"Ectoplasm":0,"Omamori":11,"Orichalcum":10,"Burning Blood":0},{"Regal Pillow":14,"Singing Bowl":14,"Astrolabe":25,"Blue Candle":32,"Eternal Feather":47,"Ectoplasm":0,"Omamori":47,"Orichalcum":42,"Burning Blood":0}]},"card_choices":[{"not_picked":["Metallicize","Thunderclap"],"picked":"Whirlwind","floor":1.0},{"not_picked":["Warcry","Perfected Strike"],"picked":"Searing Blow","floor":5.0},{"not_picked":["Body Slam","Clash","Rage"],"picked":"SKIP","floor":7.0},{"not_picked":["Dual Wield","True Grit","Wild Strike"],"picked":"Singing Bowl","floor":11.0},{"not_picked":["Brutality","Shrug It Off"],"picked":"Feel No Pain","floor":14.0},{"not_picked":["Juggernaut","Berserk"],"picked":"Corruption","floor":16.0},{"not_picked":["Clothesline","Anger+1","Dual Wield"],"picked":"Singing Bowl","floor":18.0},{"not_picked":["Body Slam","Headbutt","Heavy Blade"],"picked":"Singing Bowl","floor":19.0},{"not_picked":["Twin Strike","Intimidate","Clothesline"],"picked":"Singing Bowl","floor":22},{"not_picked":["Dropkick","Cleave+1"],"picked":"Flame Barrier","floor":23},{"not_picked":["Bludgeon","Rampage"],"picked":"Flame Barrier+1","floor":25},{"not_picked":["Sever Soul","Wild Strike","Armaments"],"picked":"Singing Bowl","floor":28},{"not_picked":["Clash","Warcry","Ghostly Armor"],"picked":"Singing Bowl","floor":29},{"not_picked":["Sword Boomerang","Perfected Strike","Disarm"],"picked":"Singing Bowl","floor":31}],"player_experience":540396,"relics_obtained":[{"floor":11.0,"key":"Singing Bowl"},{"floor":12.0,"key":"Regal Pillow"},{"floor":21,"key":"Blue Candle"},{"floor":23,"key":"Orichalcum"},{"floor":25,"key":"Omamori"},{"floor":26,"key":"Eternal Feather"}],"event_choices":[{"damage_healed":0.0,"max_hp_gain":0.0,"max_hp_loss":0.0,"gold_gain":0.0,"event_name":"Liars Game","player_choice":"Ignored","floor":3.0,"gold_loss":0.0,"damage_taken":0.0},{"damage_healed":0.0,"max_hp_gain":0.0,"max_hp_loss":0.0,"gold_gain":0.0,"event_name":"Shining Light","player_choice":"Entered Light","floor":4.0,"gold_loss":0.0,"damage_taken":16.0,"cards_upgraded":["Defend_R","Bash"]},{"damage_healed":0.0,"max_hp_gain":0.0,"max_hp_loss":0.0,"gold_gain":0.0,"event_name":"World of Goop","player_choice":"Left Gold","floor":13.0,"gold_loss":20.0,"damage_taken":0.0},{"damage_healed":0,"gold_gain":0,"player_choice":"Ignored","damage_taken":0,"max_hp_gain":0,"max_hp_loss":0,"event_name":"The Mausoleum","floor":20,"gold_loss":0},{"damage_healed":0,"gold_gain":0,"player_choice":"Relic","damage_taken":0,"max_hp_gain":0,"max_hp_loss":0,"event_name":"Wheel of Change","floor":21,"gold_loss":0}],"is_beta":false,"boss_relics":[{"not_picked":["SlaversCollar","Runic Cube"],"picked":"Astrolabe"}],"items_purged_floors":[],"is_endless":false,"potions_floor_spawned":[1,7,16,22,25,28],"killed_by":"Champ","ascension_level":10}}