{"host":"nwd160me4iqdtr8u","time":1611820699,"event":{"mods":["AchievementEnabler","Act Like it!","BaseMod","Colored Map","DeckTracker","Minty Spire (QoL Compilation)","Quick Restart","Rare Cards Sparkle","StSLib","SuperFastMode","everything is the same but u backflip on backflip"],"gold_per_floor":[118,393,408,425,445,445,126,142,142,142,160,173,191,205,205,305,305,322,322,335,260,175,175,175,175],"floor_reached":24,"language":"KOR","playtime":1017,"items_purged":["Regret"],"score":288,"play_id":"2b4dc199-b83b-49f2-ab1e-305775b31061","local_time":"20210128165819","is_ascension_mode":true,"campfire_choices":[{"floor":6.0,"key":"REST"},{"data":"Concentrate","floor":10.0,"key":"SMITH"},{"floor":15.0,"key":"REST"},{"floor":23,"key":"REST"}],"circlet_count":0,"master_deck":["AscendersBane","Strike_G","Strike_G","Defend_G","Defend_G","Defend_G","Defend_G","Defend_G","Survivor","Neutralize","Concentrate+1","Deadly Poison","Bane","Catalyst","Choke","Bouncing Flask","Blur","PiercingWail","Crippling Poison","Storm of Steel"],"relics":["Ring of the Snake","Gremlin Horn","Calipers","Busted Crown","Shuriken"],"acts_visited":["Exordium","TheCity"],"potions_floor_usage":[],"damage_taken":[{"damage":5.0,"enemies":"Jaw Worm","floor":1.0,"turns":6.0},{"damage":13.0,"enemies":"Cultist","floor":3.0,"turns":5.0},{"damage":9.0,"enemies":"2 Louse","floor":4.0,"turns":4.0},{"damage":10.0,"enemies":"Blue Slaver","floor":5.0,"turns":5.0},{"damage":6.0,"enemies":"3 Louse","floor":8.0,"turns":4.0},{"damage":16.0,"enemies":"Large Slime","floor":11.0,"turns":7.0},{"damage":14.0,"enemies":"Gremlin Gang","floor":12.0,"turns":6.0},{"damage":3.0,"enemies":"Looter","floor":13.0,"turns":4.0},{"damage":1.0,"enemies":"Exordium Thugs","floor":14.0,"turns":5.0},{"damage":16.0,"enemies":"The Guardian","floor":16.0,"turns":8.0},{"damage":27.0,"enemies":"Spheric Guardian","floor":18.0,"turns":5.0},{"damage":16.0,"enemies":"2 Thieves","floor":20.0,"turns":5.0},{"damage":36,"enemies":"Slavers","floor":24,"turns":3}],"seed_played":"-6900096884082654122","potions_obtained":[{"floor":4.0,"key":"SpeedPotion"},{"floor":5.0,"key":"Strength Potion"},{"floor":12.0,"key":"PowerPotion"},{"floor":14.0,"key":"Dexterity Potion"}],"is_trial":false,"path_per_floor":["M","?","M","M","M","R","$","M","T","R","M","M","M","M","R","B",null,"M","?","M","?","?","R","E"],"character_chosen":"THE_SILENT","items_purchased":["Gremlin Horn"],"campfire_rested":3,"item_purchase_floors":[7],"current_hp_per_floor":[58,58,45,36,26,47,47,41,41,41,25,11,8,7,28,12,56,29,29,13,13,13,34,0,0],"gold":175,"neow_bonus":"TRANSFORM_CARD","is_daily":false,"chose_seed":false,"campfire_upgraded":1,"win_rate":0.0,"timestamp":1611820699,"path_taken":["M","?","M","M","M","R","$","?","T","R","M","M","M","M","R","BOSS","M","?","M","?","?","R","E"],"items_purchased_type":["Relic"],"build_version":"2020-12-22","purchased_purges":1,"victory":false,"max_hp_per_floor":[70,70,70,70,70,70,70,70,70,70,70,70,70,70,70,70,70,70,70,70,70,70,70,70,70],"card_choices":[{"not_picked":["Cloak And Dagger","Eviscerate"],"picked":"Deadly Poison","floor":1.0},{"not_picked":["Slice","Acrobatics"],"picked":"Bane","floor":3.0},{"not_picked":["Expertise","Cloak And Dagger"],"picked":"Catalyst","floor":4.0},{"not_picked":["Bane","Poisoned Stab"],"picked":"Choke","floor":5.0},{"not_picked":["Dagger Throw","Outmaneuver","Slice"],"picked":"SKIP","floor":8.0},{"not_picked":["Leg Sweep","Dash"],"picked":"Bouncing Flask","floor":11.0},{"not_picked":["Dagger Spray","Dodge and Roll"],"picked":"Blur","floor":12.0},{"not_picked":["Concentrate","Poisoned Stab"],"picked":"PiercingWail","floor":13.0},{"not_picked":["Noxious Fumes","Flying Knee"],"picked":"Crippling Poison","floor":14.0},{"not_picked":["Unload","Tools of the Trade"],"picked":"Storm of Steel","floor":16.0},{"not_picked":["Setup"],"picked":"SKIP","floor":18.0},{"not_picked":["Choke"],"picked":"SKIP","floor":20}],"player_experience":264932,"relics_obtained":[{"floor":9.0,"key":"Calipers"}],"event_choices":[{"damage_healed":0.0,"max_hp_gain":0.0,"max_hp_loss":0.0,"gold_gain":275.0,"event_name":"Golden Shrine","player_choice":"Desecrate","floor":2.0,"gold_loss":0.0,"damage_taken":0.0,"cards_obtained":["Regret"]},{"cards_removed":["Strike_G"],"damage_healed":0.0,"max_hp_gain":0.0,"max_hp_loss":0.0,"gold_gain":0.0,"event_name":"Back to Basics","player_choice":"Elegance","floor":19.0,"gold_loss":0.0,"damage_taken":0.0},{"cards_removed":["Strike_G"],"damage_healed":0,"gold_gain":0,"player_choice":"Gave Gold","damage_taken":0,"max_hp_gain":0,"max_hp_loss":0,"event_name":"Beggar","floor":21,"gold_loss":75},{"damage_healed":0,"gold_gain":0,"player_choice":"Obtained Relic","damage_taken":0,"relics_obtained":["Shuriken"],"max_hp_gain":0,"max_hp_loss":0,"event_name":"Addict","floor":22,"gold_loss":85}],"is_beta":false,"boss_relics":[{"not_picked":["Calling Bell","Sozu"],"picked":"Busted Crown"}],"items_purged_floors":[7],"is_endless":false,"potions_floor_spawned":[4,5,12,14],"killed_by":"Slavers","ascension_level":10}}