{"host":"yecadp3kwkksam5a","time":1611850650,"event":{"mods":["BaseMod","Minty Spire (QoL Compilation)","StSLib","SuperFastMode","The Cursed"],"gold_per_floor":[112,37,37,112,127,156,186,220,300,300,335,235,235,260,260,332,332,344,219,219,219,219,250,280,310,310,338,338,26,43,60,60,135,185,200,250,269,94,94,119,146,181,250,283,327,357,357,229,229,229,229,229,229,23,55,55],"floor_reached":57,"language":"KOR","playtime":2275,"items_purged":["Dagger Throw","Cloak And Dagger","Dodge and Roll","Cloak And Dagger","Deflect","Prepared","Reflex"],"score":4368,"play_id":"9a016530-a594-45be-821c-3be6b8d7ff37","local_time":"20210129011730","daily_mods":["Draft","Flight"],"is_ascension_mode":true,"campfire_choices":[{"floor":10.0,"key":"DIG"},{"data":"Tactician","floor":15.0,"key":"SMITH"},{"floor":32.0,"key":"DIG"},{"floor":47.0,"key":"DIG"},{"floor":49.0,"key":"RECALL"},{"floor":53,"key":"DIG"}],"circlet_count":0,"master_deck":["AscendersBane","PiercingWail","Acrobatics","Eviscerate+1","Endless Agony+1","PiercingWail","Reflex","Tactician+1","Terror+1","Escape Plan","Adrenaline","Grand Finale","Blur","Acrobatics+1","Footwork+1","Adrenaline"],"relics":["Ring of the Snake","Shovel","MealTicket","Gremlin Horn","Strawberry","Vajra","PreservedInsect","Orichalcum","Happy Flower","Frozen Egg 2","Pear","Paper Crane","Tough Bandages","Tiny House","Smiling Mask","CeramicFish","Thread and Needle","Pantograph","Whetstone","Snake Skull","Darkstone Periapt","Prayer Wheel","Mummified Hand","DollysMirror","Boot"],"acts_visited":["Exordium","TheCity","TheBeyond","TheEnding"],"potions_floor_usage":[],"damage_taken":[{"damage":0.0,"enemies":"2 Louse","floor":1.0,"turns":3.0},{"damage":2.0,"enemies":"Jaw Worm","floor":5.0,"turns":3.0},{"damage":0.0,"enemies":"Lagavulin","floor":6.0,"turns":3.0},{"damage":5.0,"enemies":"Gremlin Nob","floor":7.0,"turns":3.0},{"damage":0.0,"enemies":"Lagavulin","floor":8.0,"turns":2.0},{"damage":0.0,"enemies":"3 Sentries","floor":11.0,"turns":1.0},{"damage":0.0,"enemies":"Lagavulin","floor":14.0,"turns":2.0},{"damage":0.0,"enemies":"Hexaghost","floor":16.0,"turns":1.0},{"damage":0.0,"enemies":"2 Thieves","floor":18.0,"turns":1.0},{"damage":0.0,"enemies":"Gremlin Leader","floor":23.0,"turns":1.0},{"damage":0.0,"enemies":"Book of Stabbing","floor":24.0,"turns":2.0},{"damage":0.0,"enemies":"Slavers","floor":25.0,"turns":2.0},{"damage":0.0,"enemies":"Gremlin Leader","floor":27.0,"turns":1.0},{"damage":0.0,"enemies":"Spheric Guardian","floor":30.0,"turns":2.0},{"damage":0.0,"enemies":"Snecko","floor":31.0,"turns":1.0},{"damage":0.0,"enemies":"Collector","floor":33.0,"turns":2.0},{"damage":0.0,"enemies":"Orb Walker","floor":35.0,"turns":1.0},{"damage":1.0,"enemies":"3 Shapes","floor":37.0,"turns":1.0},{"damage":0.0,"enemies":"Reptomancer","floor":40.0,"turns":1.0},{"damage":0.0,"enemies":"Giant Head","floor":41.0,"turns":1.0},{"damage":0.0,"enemies":"Reptomancer","floor":42.0,"turns":1.0},{"damage":0.0,"enemies":"Giant Head","floor":44.0,"turns":2.0},{"damage":0.0,"enemies":"Reptomancer","floor":45.0,"turns":1.0},{"damage":0.0,"enemies":"Giant Head","floor":46.0,"turns":1.0},{"damage":5.0,"enemies":"Time Eater","floor":50.0,"turns":3.0},{"damage":0.0,"enemies":"Awakened One","floor":51.0,"turns":2.0},{"damage":0,"enemies":"Shield and Spear","floor":55,"turns":1},{"damage":11,"enemies":"The Heart","floor":56,"turns":6}],"seed_played":"-3989798079428959913","potions_obtained":[{"floor":5.0,"key":"BlessingOfTheForge"},{"floor":8.0,"key":"Weak Potion"},{"floor":14.0,"key":"Block Potion"},{"floor":25.0,"key":"GhostInAJar"}],"is_trial":true,"path_per_floor":["M","$","?","?","M","E","E","E","T","R","E","$","?","E","R","B",null,"M","$","?","?","?","E","E","E","T","E","T","$","M","M","R","B",null,"M","?","M","$","?","E","E","E","T","E","E","E","R","$","R","B","B",null,"R","$","E","B",null],"character_chosen":"THE_SILENT","items_purchased":["Grand Finale","Footwork+1","DollysMirror"],"campfire_rested":0,"item_purchase_floors":[29,48,54],"current_hp_per_floor":[59,59,59,48,46,46,41,41,41,48,48,63,68,68,68,68,76,76,78,78,78,78,78,78,78,78,88,88,88,88,88,88,88,93,93,93,92,93,93,93,93,93,93,93,93,93,93,93,93,88,93,93,93,93,93,82],"gold":55,"neow_bonus":"","is_daily":false,"chose_seed":false,"campfire_upgraded":1,"win_rate":0.0,"timestamp":1611850650,"path_taken":["M","$","?","?","?","E","E","E","T","R","E","?","?","E","R","BOSS","BOSS","M","$","?","?","?","E","E","E","T","E","?","$","M","M","R","BOSS","M","?","?","$","?","E","E","E","T","E","E","E","R","$","R","BOSS","BOSS","R","$","E","BOSS"],"items_purchased_type":["Card","Card","Relic"],"build_version":"2020-12-22","purchased_purges":7,"victory":true,"max_hp_per_floor":[66,66,66,66,66,66,66,66,66,73,73,73,78,78,78,78,78,78,78,78,78,78,78,78,78,78,88,88,88,88,88,88,88,93,93,93,93,93,93,93,93,93,93,93,93,93,93,93,93,93,93,93,93,93,93,93],"card_choices":[{"not_picked":["Flying Knee","Noxious Fumes"],"picked":"Prepared","floor":0.0},{"not_picked":["Quick Slash","Terror"],"picked":"PiercingWail","floor":0.0},{"not_picked":["Catalyst","Masterful Stab"],"picked":"Acrobatics","floor":0.0},{"not_picked":["Crippling Poison","Heel Hook"],"picked":"Eviscerate","floor":0.0},{"not_picked":["Poisoned Stab","Flying Knee"],"picked":"Deflect","floor":0.0},{"not_picked":["Bane","Flying Knee"],"picked":"Reflex","floor":0.0},{"not_picked":["Predator","PiercingWail"],"picked":"Endless Agony","floor":0.0},{"not_picked":["Riddle With Holes","Outmaneuver"],"picked":"PiercingWail","floor":0.0},{"not_picked":["Quick Slash","Slice"],"picked":"Reflex","floor":0.0},{"not_picked":["Deflect","Calculated Gamble"],"picked":"Tactician","floor":0.0},{"not_picked":["Slice","Flechettes"],"picked":"Dodge and Roll","floor":0.0},{"not_picked":["Quick Slash","Expertise"],"picked":"Cloak And Dagger","floor":0.0},{"not_picked":["Distraction","Bouncing Flask"],"picked":"Terror","floor":0.0},{"not_picked":["Deadly Poison","Bane"],"picked":"Dagger Throw","floor":0.0},{"not_picked":["Poisoned Stab","Outmaneuver"],"picked":"Cloak And Dagger","floor":0.0},{"not_picked":["Predator","Catalyst"],"picked":"Escape Plan","floor":1.0},{"not_picked":["Sucker Punch","Blur","Quick Slash"],"picked":"SKIP","floor":5.0},{"not_picked":["Escape Plan","A Thousand Cuts","Backflip"],"picked":"SKIP","floor":6.0},{"not_picked":["Escape Plan","A Thousand Cuts","Backflip"],"picked":"SKIP","floor":6.0},{"not_picked":["Crippling Poison","Bane"],"picked":"Acrobatics","floor":7.0},{"not_picked":["Dagger Throw","Blade Dance","Catalyst"],"picked":"SKIP","floor":8.0},{"not_picked":["Dodge and Roll","Endless Agony","Tactician"],"picked":"SKIP","floor":11.0},{"not_picked":["Underhanded Strike","Predator"],"picked":"Adrenaline","floor":14.0},{"not_picked":["PiercingWail","Concentrate","Dagger Spray"],"picked":"SKIP","floor":18.0},{"not_picked":["Infinite Blades","Quick Slash+1","Tactician+1"],"picked":"SKIP","floor":23.0},{"not_picked":["Predator","Flying Knee","Deflect+1"],"picked":"SKIP","floor":24.0},{"not_picked":["Slice","Crippling Poison","Flechettes"],"picked":"SKIP","floor":25.0},{"not_picked":["Flechettes","All Out Attack","Underhanded Strike"],"picked":"SKIP","floor":27.0},{"not_picked":["Riddle With Holes","Choke","Masterful Stab"],"picked":"SKIP","floor":30.0},{"not_picked":["Dagger Throw","Dagger Spray","Flying Knee"],"picked":"SKIP","floor":31.0},{"not_picked":["Poisoned Stab","Backstab","Backflip"],"picked":"SKIP","floor":35.0},{"not_picked":["Dash","Poisoned Stab"],"picked":"Blur","floor":37.0},{"not_picked":["Cloak And Dagger","Masterful Stab","Flying Knee"],"picked":"SKIP","floor":40.0},{"not_picked":["Malaise","Cloak And Dagger","Dash"],"picked":"SKIP","floor":41.0},{"not_picked":["Catalyst","Cloak And Dagger","Backflip"],"picked":"SKIP","floor":42.0},{"not_picked":["Noxious Fumes+1","Sucker Punch","Dagger Spray"],"picked":"SKIP","floor":44.0},{"not_picked":["Concentrate","Backflip"],"picked":"Acrobatics+1","floor":45.0},{"not_picked":["Cloak And Dagger","Dagger Spray","Prepared"],"picked":"SKIP","floor":46.0},{"not_picked":["Bouncing Flask","Eviscerate+1","Quick Slash"],"picked":"SKIP","floor":55}],"player_experience":522945,"relics_obtained":[{"floor":6.0,"key":"Shovel"},{"floor":7.0,"key":"MealTicket"},{"floor":9.0,"key":"Gremlin Horn"},{"floor":10.0,"key":"Strawberry"},{"floor":11.0,"key":"Vajra"},{"floor":14.0,"key":"PreservedInsect"},{"floor":23.0,"key":"Orichalcum"},{"floor":24.0,"key":"Happy Flower"},{"floor":25.0,"key":"Frozen Egg 2"},{"floor":27.0,"key":"Pear"},{"floor":28.0,"key":"Paper Crane"},{"floor":32.0,"key":"Tough Bandages"},{"floor":40.0,"key":"Smiling Mask"},{"floor":41.0,"key":"CeramicFish"},{"floor":42.0,"key":"Thread and Needle"},{"floor":43.0,"key":"Pantograph"},{"floor":44.0,"key":"Whetstone"},{"floor":45.0,"key":"Snake Skull"},{"floor":46.0,"key":"Darkstone Periapt"},{"floor":47.0,"key":"Prayer Wheel"},{"floor":53,"key":"Mummified Hand"},{"floor":55,"key":"Boot"}],"event_choices":[{"damage_healed":0.0,"max_hp_gain":0.0,"max_hp_loss":0.0,"gold_gain":0.0,"event_name":"Liars Game","player_choice":"Ignored","floor":3.0,"gold_loss":0.0,"damage_taken":0.0},{"damage_healed":0.0,"max_hp_gain":0.0,"max_hp_loss":0.0,"gold_gain":75.0,"event_name":"World of Goop","player_choice":"Gather Gold","floor":4.0,"gold_loss":0.0,"damage_taken":11.0},{"damage_healed":0.0,"max_hp_gain":5.0,"max_hp_loss":0.0,"gold_gain":0.0,"event_name":"Big Fish","player_choice":"Donut","floor":13.0,"gold_loss":0.0,"damage_taken":0.0},{"damage_healed":0.0,"max_hp_gain":0.0,"max_hp_loss":0.0,"gold_gain":0.0,"event_name":"Ghosts","player_choice":"Ignored","floor":20.0,"gold_loss":0.0,"damage_taken":0.0},{"damage_healed":0.0,"max_hp_gain":0.0,"max_hp_loss":0.0,"gold_gain":0.0,"event_name":"Vampires","player_choice":"Ignored","floor":21.0,"gold_loss":0.0,"damage_taken":0.0},{"damage_healed":0.0,"max_hp_gain":0.0,"max_hp_loss":0.0,"gold_gain":0.0,"event_name":"Cursed Tome","player_choice":"Ignored","floor":22.0,"gold_loss":0.0,"damage_taken":0.0},{"damage_healed":0.0,"max_hp_gain":0.0,"max_hp_loss":0.0,"gold_gain":50.0,"event_name":"Golden Shrine","player_choice":"Pray","floor":36.0,"gold_loss":0.0,"damage_taken":0.0},{"cards_removed":["Acrobatics"],"damage_healed":0.0,"max_hp_gain":0.0,"max_hp_loss":0.0,"gold_gain":0.0,"event_name":"Falling","player_choice":"Removed Skill","floor":39.0,"gold_loss":0.0,"damage_taken":0.0}],"is_beta":false,"boss_relics":[{"not_picked":["Busted Crown","Calling Bell","Fusion Hammer"]},{"not_picked":["Cursed Key","Runic Dome"],"picked":"Tiny House"}],"items_purged_floors":[2,12,19,29,38,48,54],"is_endless":false,"potions_floor_spawned":[5,8,14,16,25,30,31,35,40,41,44,55],"ascension_level":20}}