{"host":"rzjc4nrqz5d54r3r","time":1611802971,"event":{"mods":["BaseMod","Colored Map","Keyboard Shortcuts","Minty Spire (QoL Compilation)","Quick Restart","StSLib","SuperFastMode","everything is the same but u backflip on backflip"],"gold_per_floor":[117,128,146,146,146,146,179,179,179,208,208,228,228,247,247,366,366,386,410,435,449,30,68,68,68,68,87,11,11,30,53,53,179,179,202,221,221,242,242,242,282,301,347,381,30,43,106,131,131,131],"floor_reached":51,"language":"KOR","playtime":1366,"items_purged":["Strike_R"],"score":1126,"play_id":"85d5ed66-68d3-4df7-8685-eacd0aab82bf","local_time":"20210128120251","is_ascension_mode":true,"campfire_choices":[{"data":"Whirlwind","floor":6.0,"key":"SMITH"},{"data":"Evolve","floor":8.0,"key":"SMITH"},{"data":"Fire Breathing","floor":15.0,"key":"SMITH"},{"floor":25.0,"key":"REST"},{"data":"Uppercut","floor":29.0,"key":"SMITH"},{"floor":32.0,"key":"REST"},{"data":"Armaments","floor":40.0,"key":"SMITH"},{"data":"Apotheosis","floor":49,"key":"SMITH"}],"circlet_count":0,"master_deck":["Strike_R","Strike_R","Strike_R","Defend_R","Defend_R","Defend_R","Defend_R","Bash","Shockwave+1","Burning Pact+1","Whirlwind+1","Headbutt","Evolve+1","Fire Breathing+1","Double Tap","Power Through","Feed","CurseOfTheBell","Second Wind","Dropkick","Limit Break+1","Sword Boomerang+1","Uppercut+1","Shrug It Off","Impervious","Armaments+1","Disarm+1","Apotheosis+1","Battle Trance+1"],"relics":["Burning Blood","Bottled Lightning","Mercury Hourglass","Regal Pillow","Golden Idol","Calling Bell","Pen Nib","Kunai","Thread and Needle","Brimstone","Bag of Preparation","Oddly Smooth Stone","Gremlin Horn","Mark of Pain","Singing Bowl","Boot","MealTicket","Happy Flower","Membership Card","Pantograph","Champion Belt"],"acts_visited":["Exordium","TheCity","TheBeyond"],"potions_floor_usage":[44,50,50],"damage_taken":[{"damage":6.0,"enemies":"Cultist","floor":1.0,"turns":3.0},{"damage":12.0,"enemies":"Jaw Worm","floor":2.0,"turns":4.0},{"damage":0.0,"enemies":"2 Louse","floor":3.0,"turns":4.0},{"damage":10.0,"enemies":"3 Sentries","floor":7.0,"turns":2.0},{"damage":18.0,"enemies":"Gremlin Nob","floor":10.0,"turns":4.0},{"damage":8.0,"enemies":"Large Slime","floor":12.0,"turns":4.0},{"damage":12.0,"enemies":"Exordium Thugs","floor":14.0,"turns":3.0},{"damage":13.0,"enemies":"Slime Boss","floor":16.0,"turns":6.0},{"damage":10.0,"enemies":"2 Thieves","floor":18.0,"turns":3.0},{"damage":8.0,"enemies":"Chosen","floor":19.0,"turns":6.0},{"damage":39.0,"enemies":"Snake Plant","floor":20.0,"turns":6.0},{"damage":16.0,"enemies":"3 Cultists","floor":21.0,"turns":5.0},{"damage":31.0,"enemies":"Slavers","floor":23.0,"turns":4.0},{"damage":0.0,"enemies":"Snecko","floor":27.0,"turns":2.0},{"damage":10.0,"enemies":"Chosen and Byrds","floor":30.0,"turns":4.0},{"damage":9.0,"enemies":"Centurion and Healer","floor":31.0,"turns":3.0},{"damage":30.0,"enemies":"Champ","floor":33.0,"turns":6.0},{"damage":0.0,"enemies":"3 Shapes","floor":35.0,"turns":1.0},{"damage":0.0,"enemies":"3 Darklings","floor":36.0,"turns":4.0},{"damage":0.0,"enemies":"4 Shapes","floor":38.0,"turns":4.0},{"damage":0.0,"enemies":"Giant Head","floor":41.0,"turns":5.0},{"damage":23.0,"enemies":"Maw","floor":42.0,"turns":6.0},{"damage":5,"enemies":"Reptomancer","floor":44,"turns":5},{"damage":48,"enemies":"Writhing Mass","floor":46,"turns":6},{"damage":0,"enemies":"Mind Bloom Boss Battle","floor":47,"turns":9},{"damage":0,"enemies":"Spire Growth","floor":48,"turns":3},{"damage":73,"enemies":"Awakened One","floor":50,"turns":9}],"seed_played":"-7575397384128346057","potions_obtained":[{"floor":1.0,"key":"Strength Potion"},{"floor":2.0,"key":"DuplicationPotion"},{"floor":10.0,"key":"AttackPotion"},{"floor":21.0,"key":"DuplicationPotion"},{"floor":27.0,"key":"ColorlessPotion"},{"floor":30.0,"key":"BlessingOfTheForge"},{"floor":33.0,"key":"BlessingOfTheForge"},{"floor":46,"key":"SpeedPotion"}],"is_trial":false,"path_per_floor":["M","M","M","?","?","R","E","R","T","E","?","M","?","M","R","B",null,"M","M","M","M","$","E","?","R","T","M","$","R","M","M","R","B",null,"M","M","?","M","T","R","E","M","T","E","$","M","?","M","R","B",null],"character_chosen":"IRONCLAD","items_purchased":["Brimstone","Bag of Preparation","BloodPotion","Uppercut","Membership Card","Apotheosis","Pantograph"],"campfire_rested":2,"item_purchase_floors":[22,22,22,28,45,45,45],"current_hp_per_floor":[80,74,80,80,64,64,60,60,60,48,53,51,30,24,24,17,68,64,62,29,19,19,14,14,55,55,61,61,61,60,60,94,73,91,97,100,100,103,103,103,105,88,88,91,106,66,103,109,109,52],"gold":131,"neow_bonus":"TRANSFORM_CARD","is_daily":false,"chose_seed":false,"campfire_upgraded":6,"win_rate":0.0,"timestamp":1611802971,"path_taken":["M","M","M","?","?","R","E","R","T","E","?","M","?","M","R","BOSS","M","M","M","M","$","E","?","R","T","M","?","R","M","M","R","BOSS","M","M","?","M","?","R","E","M","T","E","?","M","?","M","R","BOSS"],"items_purchased_type":["Relic","Relic","Potion","Card","Relic","Card","Relic"],"build_version":"2020-12-22","purchased_purges":1,"victory":true,"max_hp_per_floor":[80,80,80,80,80,80,80,80,80,80,85,85,85,85,85,85,85,85,85,85,85,85,88,88,88,88,88,88,88,91,94,94,97,97,97,100,100,103,103,103,105,105,105,107,107,109,115,115,115,119],"card_choices":[{"not_picked":["Intimidate","Havoc"],"picked":"Burning Pact","floor":1.0},{"not_picked":["True Grit","Headbutt"],"picked":"Whirlwind","floor":2.0},{"not_picked":["Thunderclap","Havoc"],"picked":"Headbutt","floor":3.0},{"not_picked":["Shrug It Off","Entrench"],"picked":"Evolve","floor":7.0},{"not_picked":["Heavy Blade","Hemokinesis"],"picked":"Fire Breathing","floor":10.0},{"not_picked":["Clothesline","Twin Strike"],"picked":"Double Tap","floor":12.0},{"not_picked":["Hemokinesis","Thunderclap"],"picked":"Power Through","floor":14.0},{"not_picked":["Double Tap","Immolate"],"picked":"Feed","floor":16.0},{"not_picked":["Infernal Blade","Wild Strike","Sever Soul"],"picked":"SKIP","floor":18.0},{"not_picked":["True Grit","Sword Boomerang"],"picked":"Second Wind","floor":19.0},{"not_picked":["Metallicize","Infernal Blade","Thunderclap+1"],"picked":"SKIP","floor":20.0},{"not_picked":["Clash","Anger"],"picked":"Dropkick","floor":21.0},{"not_picked":["Flex+1","Shockwave"],"picked":"Limit Break","floor":23.0},{"not_picked":["Heavy Blade+1","Thunderclap"],"picked":"Sword Boomerang+1","floor":27.0},{"not_picked":["Bloodletting","Spot Weakness"],"picked":"Feel No Pain","floor":30.0},{"not_picked":["Clothesline","Iron Wave+1"],"picked":"Shrug It Off","floor":31.0},{"not_picked":["Immolate","Demon Form"],"picked":"Impervious","floor":33.0},{"not_picked":["Clash","Twin Strike"],"picked":"Armaments","floor":35.0},{"not_picked":["Shrug It Off+1","Perfected Strike","Blood for Blood+1"],"picked":"SKIP","floor":36.0},{"not_picked":["Hemokinesis+1","True Grit+1","Fire Breathing+1"],"picked":"SKIP","floor":38.0},{"not_picked":["Inflame","Burning Pact","Immolate"],"picked":"Singing Bowl","floor":41.0},{"not_picked":["Seeing Red","Thunderclap+1"],"picked":"Disarm+1","floor":42.0},{"not_picked":["True Grit","Infernal Blade+1","Sever Soul+1"],"picked":"Singing Bowl","floor":44},{"not_picked":["Flex+1","Intimidate+1","Headbutt+1"],"picked":"Singing Bowl","floor":46},{"not_picked":["Twin Strike+1","Rupture+1","Wild Strike+1"],"picked":"Singing Bowl","floor":47},{"not_picked":["Flex+1","Whirlwind"],"picked":"Battle Trance+1","floor":48}],"player_experience":27086,"relics_obtained":[{"floor":7.0,"key":"Bottled Lightning"},{"floor":9.0,"key":"Mercury Hourglass"},{"floor":10.0,"key":"Regal Pillow"},{"floor":17.0,"key":"Pen Nib"},{"floor":17.0,"key":"Kunai"},{"floor":17.0,"key":"Thread and Needle"},{"floor":23.0,"key":"Oddly Smooth Stone"},{"floor":26.0,"key":"Gremlin Horn"},{"floor":39.0,"key":"Singing Bowl"},{"floor":41.0,"key":"Boot"},{"floor":43.0,"key":"MealTicket"},{"floor":44,"key":"Happy Flower"},{"floor":47,"key":"Champion Belt"}],"event_choices":[{"damage_healed":0.0,"max_hp_gain":0.0,"max_hp_loss":0.0,"gold_gain":0.0,"event_name":"Liars Game","player_choice":"Ignored","floor":4.0,"gold_loss":0.0,"damage_taken":0.0},{"damage_healed":0.0,"max_hp_gain":0.0,"max_hp_loss":0.0,"gold_gain":0.0,"event_name":"Shining Light","player_choice":"Entered Light","floor":5.0,"gold_loss":0.0,"damage_taken":16.0,"cards_upgraded":["Shockwave","Burning Pact"]},{"damage_healed":0.0,"max_hp_gain":5.0,"max_hp_loss":0.0,"gold_gain":0.0,"event_name":"Big Fish","player_choice":"Donut","floor":11.0,"gold_loss":0.0,"damage_taken":0.0},{"damage_healed":0.0,"max_hp_gain":0.0,"max_hp_loss":0.0,"gold_gain":0.0,"event_name":"Golden Idol","player_choice":"Take Damage","floor":13.0,"gold_loss":0.0,"damage_taken":21.0,"relics_obtained":["Golden Idol"]},{"damage_healed":0.0,"max_hp_gain":0.0,"max_hp_loss":0.0,"gold_gain":0.0,"event_name":"Accursed Blacksmith","player_choice":"Forge","floor":24.0,"gold_loss":0.0,"damage_taken":0.0,"cards_upgraded":["Limit Break"]},{"cards_removed":["Feel No Pain"],"damage_healed":0.0,"max_hp_gain":0.0,"max_hp_loss":0.0,"gold_gain":0.0,"event_name":"Falling","player_choice":"Removed Power","floor":37.0,"gold_loss":0.0,"damage_taken":0.0},{"damage_healed":0,"gold_gain":0,"player_choice":"Fight","damage_taken":0,"max_hp_gain":0,"max_hp_loss":0,"event_name":"MindBloom","floor":47,"gold_loss":0}],"is_beta":false,"boss_relics":[{"not_picked":["Fusion Hammer","Ectoplasm"],"picked":"Calling Bell"},{"not_picked":["Velvet Choker","Runic Cube"],"picked":"Mark of Pain"}],"items_purged_floors":[22],"is_endless":false,"potions_floor_spawned":[1,2,10,21,27,30,33,35,38,42,46],"ascension_level":5}}