{"host":"edc6wmn2qug8wnvl","time":1611877447,"event":{"mods":["AchievementEnabler","BaseMod","Colored Map","Colored Powertips","Minty Spire (QoL Compilation)","StSLib"],"gold_per_floor":[111,129,143,143,155,184,184,209,209,226,241,241,314,341,341,341,341],"floor_reached":16,"language":"ENG","playtime":824,"items_purged":[],"score":122,"play_id":"9dce209d-cb26-4f1c-947f-0e0d8725efe8","local_time":"20210128154407","is_ascension_mode":false,"campfire_choices":[{"floor":7,"key":"REST"},{"floor":12,"key":"REST"},{"floor":15,"key":"REST"}],"circlet_count":0,"master_deck":["Strike_R","Strike_R","Strike_R","Strike_R","Strike_R","Defend_R","Defend_R","Defend_R","Defend_R","Bash","Flame Barrier","Shrug It Off","Whirlwind","Fiend Fire","Immolate","Cleave","Battle Trance+1"],"relics":["Burning Blood","NeowsBlessing","Thread and Needle","Nunchaku","Strawberry","Toxic Egg 2"],"acts_visited":["Exordium"],"potions_floor_usage":[8,10,11,16],"damage_taken":[{"damage":0,"enemies":"2 Louse","floor":1,"turns":1},{"damage":0,"enemies":"Cultist","floor":2,"turns":1},{"damage":0,"enemies":"Jaw Worm","floor":3,"turns":1},{"damage":1,"enemies":"2 Fungi Beasts","floor":5,"turns":4},{"damage":56,"enemies":"Lagavulin","floor":6,"turns":11},{"damage":33,"enemies":"3 Sentries","floor":8,"turns":8},{"damage":6,"enemies":"Exordium Thugs","floor":10,"turns":4},{"damage":3,"enemies":"Looter","floor":11,"turns":2},{"damage":13,"enemies":"Gremlin Nob","floor":14,"turns":4},{"damage":83,"enemies":"The Guardian","floor":16,"turns":17}],"seed_played":"-4031349990700318005","potions_obtained":[{"floor":6,"key":"LiquidBronze"},{"floor":8,"key":"Fire Potion"},{"floor":10,"key":"SkillPotion"},{"floor":14,"key":"SpeedPotion"}],"is_trial":false,"path_per_floor":["M","M","M","?","M","E","R","E","T","M","M","R","?","E","R","B"],"character_chosen":"IRONCLAD","items_purchased":[],"campfire_rested":3,"item_purchase_floors":[],"current_hp_per_floor":[80,80,80,80,80,30,54,27,34,34,37,63,63,56,82,0,0],"gold":341,"neow_bonus":"THREE_ENEMY_KILL","is_daily":false,"chose_seed":false,"campfire_upgraded":0,"win_rate":0.0,"timestamp":1611877447,"path_taken":["M","M","M","?","?","E","R","E","T","M","M","R","?","E","R","BOSS"],"items_purchased_type":[],"build_version":"2020-12-22","purchased_purges":0,"victory":false,"max_hp_per_floor":[80,80,80,80,80,80,80,80,87,87,87,87,87,87,87,87,87],"card_choices":[{"not_picked":["Armaments","Twin Strike"],"picked":"Flame Barrier","floor":1},{"not_picked":["Ghostly Armor","Intimidate"],"picked":"Shrug It Off","floor":2},{"not_picked":["Dark Embrace","Wild Strike"],"picked":"Heavy Blade","floor":3},{"not_picked":["Sever Soul","Iron Wave"],"picked":"Whirlwind","floor":5},{"not_picked":["Second Wind","Shrug It Off"],"picked":"Fiend Fire","floor":6},{"not_picked":["Sword Boomerang","Clothesline","Evolve"],"picked":"SKIP","floor":8},{"not_picked":["Thunderclap","Evolve"],"picked":"Immolate","floor":10},{"not_picked":["Rampage","Iron Wave"],"picked":"Cleave","floor":11},{"not_picked":["Dual Wield+1","Headbutt"],"picked":"Battle Trance+1","floor":14}],"player_experience":73088,"relics_obtained":[{"floor":6,"key":"Thread and Needle"},{"floor":8,"key":"Nunchaku"},{"floor":9,"key":"Strawberry"},{"floor":14,"key":"Toxic Egg 2"}],"event_choices":[{"cards_removed":["Heavy Blade"],"damage_healed":5,"gold_gain":0,"player_choice":"Offered Common","damage_taken":0,"max_hp_gain":0,"max_hp_loss":0,"event_name":"Bonfire Elementals","floor":4,"gold_loss":0},{"cards_removed":["Heavy Blade"],"damage_healed":5,"gold_gain":0,"player_choice":"Offered Special","damage_taken":0,"max_hp_gain":0,"max_hp_loss":0,"event_name":"Bonfire Elementals","floor":4,"gold_loss":0},{"damage_healed":0,"gold_gain":73,"player_choice":"Gained Gold","damage_taken":0,"max_hp_gain":0,"max_hp_loss":0,"event_name":"Golden Wing","floor":13,"gold_loss":0}],"is_beta":false,"boss_relics":[],"items_purged_floors":[],"is_endless":false,"potions_floor_spawned":[6,8,10,14],"killed_by":"The Guardian","ascension_level":0}}