{"host":"sc0o2qwpf9j16a4i","time":1611848331,"event":{"mods":["AchievementEnabler","BaseMod","BetterRewards","Block Reminder","Colored Map","Colored Powertips","Custom Start","Highlight Path","Minty Spire (QoL Compilation)","Relic Stats"],"gold_per_floor":[111,36,48,48,102,134,134,151,151,47,57,57,57,97,97,218,218,231,231,231,20,295,295,330,343,366,402,414,441,453,509,521,653,665,695,118,1117,1117,1117,1151,1174,1195,1195,1195,1195,1195,1195,854,854,854,854],"floor_reached":50,"language":"ENG","playtime":1907,"items_purged":["Distraction","Normality"],"score":840,"play_id":"47c187d1-b4ad-4d6e-b08d-26d0298a3198","local_time":"20210128173851","daily_mods":["Insanity","Time Dilation","Binary"],"is_ascension_mode":false,"campfire_choices":[{"data":"Calculated Gamble","floor":7,"key":"SMITH"},{"data":"Calculated Gamble","floor":15,"key":"SMITH"},{"data":"Prepared","floor":23,"key":"SMITH"},{"data":"Calculated Gamble","floor":28,"key":"SMITH"},{"data":"Distraction","floor":30,"key":"SMITH"},{"data":"Distraction","floor":32,"key":"SMITH"},{"floor":49,"key":"REST"}],"circlet_count":0,"master_deck":["Distraction+1","PiercingWail","Prepared+1","Poisoned Stab","Prepared","Eviscerate","Flying Knee","Dodge and Roll","Outmaneuver","Sucker Punch","Choke","Calculated Gamble+1","Distraction+1","Deadly Poison","Flying Knee","Dagger Spray","Caltrops","PiercingWail","Tactician","Predator","Finisher","Deadly Poison","Dodge and Roll","Slice","Sucker Punch","Underhanded Strike","Dash","Prepared","Calculated Gamble+1","Backflip","PiercingWail","Eviscerate","Blade Dance","Prepared","Acrobatics","Leg Sweep","Bane","Dagger Spray","Backflip","Acrobatics","Dash","Dagger Throw","Choke","Leg Sweep","Prepared","Dagger Spray","Flying Knee","Dagger Throw","Calculated Gamble+1","Infinite Blades","Acrobatics","Blade Dance","Accuracy","Crippling Poison","Dagger Throw","Burst","Calculated Gamble+1","Eviscerate","Writhe","Prepared","Regret","PiercingWail","Predator+1","Outmaneuver+1","Blur","Tools of the Trade","Bane","Noxious Fumes","Tactician","Master of Strategy","Deep Breath","Underhanded Strike","Normality","Cloak And Dagger+1","Mind Blast","Bandage Up","Discovery","Eviscerate","Blind","Leg Sweep+1"],"relics":["Ring of the Snake","HornCleat","Dream Catcher","Golden Idol","Bag of Marbles","Sozu","Kunai","Medical Kit","Eternal Feather","MawBank","Bottled Lightning","HoveringKite","Membership Card","Bottled Tornado","Akabeko","Ninja Scroll","Juzu Bracelet","Question Card","Snake Skull","Pocketwatch"],"acts_visited":["Exordium","TheCity","TheBeyond"],"potions_floor_usage":[6,6,6,16,44],"damage_taken":[{"damage":0,"enemies":"Small Slimes","floor":1,"turns":3},{"damage":1,"enemies":"Jaw Worm","floor":3,"turns":4},{"damage":0,"enemies":"3 Sentries","floor":6,"turns":4},{"damage":0,"enemies":"2 Louse","floor":8,"turns":3},{"damage":0,"enemies":"Blue Slaver","floor":11,"turns":4},{"damage":0,"enemies":"Gremlin Nob","floor":14,"turns":2},{"damage":4,"enemies":"The Guardian","floor":16,"turns":11},{"damage":6,"enemies":"Spheric Guardian","floor":18,"turns":4},{"damage":4,"enemies":"Book of Stabbing","floor":24,"turns":5},{"damage":6,"enemies":"2 Thieves","floor":25,"turns":3},{"damage":0,"enemies":"Snecko","floor":27,"turns":4},{"damage":3,"enemies":"Shelled Parasite and Fungi","floor":29,"turns":6},{"damage":9,"enemies":"Slavers","floor":31,"turns":3},{"damage":34,"enemies":"Automaton","floor":33,"turns":12},{"damage":3,"enemies":"3 Darklings","floor":35,"turns":5},{"damage":34,"enemies":"Nemesis","floor":40,"turns":7},{"damage":0,"enemies":"Orb Walker","floor":42,"turns":1},{"damage":22,"enemies":"Giant Head","floor":44,"turns":6},{"damage":81,"enemies":"Time Eater","floor":50,"turns":12}],"seed_played":"-218452145486502033","potions_obtained":[{"floor":1,"key":"Fire Potion"},{"floor":3,"key":"EntropicBrew"},{"floor":8,"key":"SmokeBomb"}],"is_trial":true,"path_per_floor":["M","$","M","?","?","E","R","M","T","$","M","?","?","E","R","B",null,"M","?","?","$","?","R","E","M","T","M","R","M","R","E","R","B",null,"M","$","?","?","?","E","T","M","T","E","?","?","?","$","R","B"],"character_chosen":"THE_SILENT","items_purchased":["Blade Dance","Accuracy","Medical Kit","Prepared","Membership Card","Noxious Fumes","Bottled Tornado","Akabeko","Tactician","Master of Strategy","Deep Breath","Underhanded Strike","Snake Skull","Eviscerate","Blind","Pocketwatch"],"campfire_rested":1,"item_purchase_floors":[10,10,21,21,36,36,36,36,36,36,36,36,48,48,48,48],"current_hp_per_floor":[70,70,69,74,74,74,74,74,74,74,74,56,56,56,56,52,75,69,69,69,69,69,69,65,59,59,59,75,72,75,66,75,41,75,72,72,72,71,71,37,37,37,37,15,5,5,5,5,71,0,0],"gold":854,"neow_bonus":"","is_daily":false,"chose_seed":false,"campfire_upgraded":6,"win_rate":0.0,"timestamp":1611848331,"path_taken":["M","$","M","?","?","E","R","M","T","$","M","?","?","E","R","BOSS","M","?","?","$","?","R","E","M","T","M","R","?","R","E","R","BOSS","M","$","?","?","?","E","?","M","T","E","?","?","?","$","R","BOSS"],"items_purchased_type":["Card","Card","Relic","Card","Relic","Card","Relic","Relic","Card","Card","Card","Card","Relic","Card","Card","Relic"],"build_version":"2020-12-22","purchased_purges":2,"victory":false,"max_hp_per_floor":[70,70,70,75,75,75,75,75,75,75,75,75,75,75,75,75,75,75,75,75,75,75,75,75,75,75,75,75,75,75,75,75,75,75,75,75,75,71,71,71,71,71,71,71,71,71,71,71,71,71,71],"relic_stats":{"counters":[19,99],"Golden Idol":108,"HoveringKite":[31],"Eternal Feather":73,"Snake Skull":[9],"Juzu Bracelet":1,"Medical Kit":[0],"MawBank":120,"Question Card":4,"Sozu":6,"Dream Catcher":1,"Kunai":[21],"obtain_stats":[{"Golden Idol":12,"HoveringKite":34,"Eternal Feather":24,"Snake Skull":48,"Juzu Bracelet":41,"Bottled Tornado":36,"Medical Kit":21,"MawBank":26,"Question Card":43,"Akabeko":36,"Sozu":17,"Dream Catcher":9,"HornCleat":6,"Ninja Scroll":40,"Bag of Marbles":14,"Kunai":20,"Bottled Lightning":31,"Membership Card":36,"Ring of the Snake":0,"Pocketwatch":48},{"Golden Idol":5,"HoveringKite":14,"Eternal Feather":9,"Snake Skull":18,"Juzu Bracelet":16,"Bottled Tornado":15,"Medical Kit":8,"MawBank":10,"Question Card":17,"Akabeko":15,"Sozu":7,"Dream Catcher":4,"HornCleat":3,"Ninja Scroll":16,"Bag of Marbles":6,"Kunai":8,"Bottled Lightning":13,"Membership Card":15,"Ring of the Snake":0,"Pocketwatch":18},{"Golden Idol":18,"HoveringKite":68,"Eternal Feather":40,"Snake Skull":87,"Juzu Bracelet":80,"Bottled Tornado":73,"Medical Kit":35,"MawBank":43,"Question Card":81,"Akabeko":73,"Sozu":31,"Dream Catcher":14,"HornCleat":11,"Ninja Scroll":80,"Bag of Marbles":20,"Kunai":35,"Bottled Lightning":56,"Membership Card":73,"Ring of the Snake":0,"Pocketwatch":87}],"Ring of the Snake":[38],"Pocketwatch":[12]},"card_choices":[{"not_picked":["Blade Dance"],"picked":"Calculated Gamble","floor":1},{"not_picked":["Underhanded Strike","Concentrate"],"picked":"SKIP","floor":3},{"not_picked":["Distraction"],"picked":"Infinite Blades","floor":6},{"not_picked":["Expertise"],"picked":"Acrobatics","floor":8},{"not_picked":["Skewer"],"picked":"Crippling Poison","floor":11},{"not_picked":["Slice"],"picked":"Dagger Throw","floor":14},{"not_picked":["Grand Finale"],"picked":"Burst","floor":16},{"not_picked":["Flechettes"],"picked":"Calculated Gamble","floor":18},{"not_picked":["Underhanded Strike"],"picked":"PiercingWail","floor":24},{"not_picked":["Expertise+1","Bane"],"picked":"SKIP","floor":25},{"not_picked":["Blur"],"picked":"Predator+1","floor":27},{"not_picked":["Blade Dance+1"],"picked":"Outmaneuver+1","floor":29},{"not_picked":["Dash"],"picked":"Blur","floor":31},{"not_picked":["Bullet Time"],"picked":"Tools of the Trade","floor":33},{"not_picked":["Terror"],"picked":"Bane","floor":35},{"not_picked":["Die Die Die"],"picked":"Cloak And Dagger+1","floor":40},{"not_picked":["Riddle With Holes+1","Masterful Stab"],"picked":"SKIP","floor":42},{"not_picked":["PanicButton","Trip"],"picked":"Mind Blast","floor":45},{"not_picked":["Discovery","Madness"],"picked":"Bandage Up","floor":45},{"not_picked":["Blind","Chrysalis"],"picked":"Discovery","floor":45},{"not_picked":["Bouncing Flask","Outmaneuver"],"picked":"Leg Sweep+1","floor":49}],"player_experience":1026835,"relics_obtained":[{"floor":6,"key":"HornCleat"},{"floor":9,"key":"Dream Catcher"},{"floor":14,"key":"Bag of Marbles"},{"floor":24,"key":"Eternal Feather"},{"floor":26,"key":"MawBank"},{"floor":31,"key":"Bottled Lightning"},{"floor":40,"key":"Ninja Scroll"},{"floor":41,"key":"Juzu Bracelet"},{"floor":43,"key":"Question Card"}],"event_choices":[{"damage_healed":0,"gold_gain":0,"player_choice":"Donut","damage_taken":0,"max_hp_gain":5,"max_hp_loss":0,"event_name":"Big Fish","floor":4,"gold_loss":0},{"damage_healed":0,"gold_gain":54,"player_choice":"Gained Gold","damage_taken":0,"max_hp_gain":0,"max_hp_loss":0,"event_name":"Golden Wing","floor":5,"gold_loss":0},{"damage_healed":0,"gold_gain":0,"player_choice":"Take Damage","damage_taken":18,"relics_obtained":["Golden Idol"],"max_hp_gain":0,"max_hp_loss":0,"event_name":"Golden Idol","floor":12,"gold_loss":0},{"damage_healed":0,"gold_gain":0,"player_choice":"Upgraded","damage_taken":0,"max_hp_gain":0,"max_hp_loss":0,"event_name":"Upgrade Shrine","floor":13,"gold_loss":0,"cards_upgraded":["Calculated Gamble"]},{"damage_healed":0,"gold_gain":0,"player_choice":"Read","damage_taken":0,"max_hp_gain":0,"max_hp_loss":0,"event_name":"The Library","floor":19,"gold_loss":0,"cards_obtained":["Eviscerate"]},{"damage_healed":0,"gold_gain":0,"player_choice":"Opened","damage_taken":0,"relics_obtained":["Kunai"],"max_hp_gain":0,"max_hp_loss":0,"event_name":"The Mausoleum","floor":20,"gold_loss":0,"cards_obtained":["Writhe"]},{"damage_healed":0,"gold_gain":275,"player_choice":"Desecrate","damage_taken":0,"max_hp_gain":0,"max_hp_loss":0,"event_name":"Golden Shrine","floor":22,"gold_loss":0,"cards_obtained":["Regret"]},{"damage_healed":0,"gold_gain":999,"player_choice":"Gold","damage_taken":0,"max_hp_gain":0,"max_hp_loss":0,"event_name":"MindBloom","floor":37,"gold_loss":0,"cards_obtained":["Normality","Normality"]},{"damage_healed":0,"gold_gain":0,"player_choice":"Max HP","damage_taken":0,"max_hp_gain":0,"max_hp_loss":4,"event_name":"Winding Halls","floor":38,"gold_loss":0},{"damage_healed":0,"gold_gain":0,"player_choice":"Ignored","damage_taken":0,"max_hp_gain":0,"max_hp_loss":0,"event_name":"Tomb of Lord Red Mask","floor":39,"gold_loss":0},{"damage_healed":0,"gold_gain":0,"player_choice":"Memory 3","damage_taken":10,"max_hp_gain":0,"max_hp_loss":0,"event_name":"SensoryStone","floor":45,"gold_loss":0},{"cards_removed":["Deadly Poison"],"damage_healed":0,"gold_gain":0,"player_choice":"Removed Skill","damage_taken":0,"max_hp_gain":0,"max_hp_loss":0,"event_name":"Falling","floor":46,"gold_loss":0},{"damage_healed":0,"gold_gain":0,"player_choice":"Ignored","damage_taken":0,"max_hp_gain":0,"max_hp_loss":0,"event_name":"Mysterious Sphere","floor":47,"gold_loss":0}],"is_beta":false,"boss_relics":[{"not_picked":["SacredBark","Coffee Dripper"],"picked":"Sozu"},{"not_picked":["Philosopher\u0027s Stone","Empty Cage"],"picked":"HoveringKite"}],"items_purged_floors":[2,48],"is_endless":false,"potions_floor_spawned":[1,3,8,18,25,31,33,40,42],"killed_by":"Time Eater","ascension_level":0}}