{"host":"uvmuduost5bzvojs","time":1611828065,"event":{"mods":["Aspiration","Bard","BaseMod","Better Match","Block Reminder","Conspire","Hermit","Highlight Path","Hubris","Infinite Spire","Jorbs\u0027s Wanderer Trilogy","Mad Scientist","Marisa????????","Mimic Mod","Minty Spire (QoL Compilation)","Potionbrewer","Replay The Spire","Robot Space Explorer","StSLib","The Blackbeard","The Construct","The Cursed","The Disciple","The Hayseed","The Hierophant","The Juggle","The Jungle","The Poker Player","The Runesmith","The Servant 0.9.4","The Spell Scribe","The Valiant","TheBandit"],"gold_per_floor":[112,112,112,132,232,232,260,279,279,279,310,280,280,295,295,295,295,295],"floor_reached":16,"language":"ENG","playtime":880,"items_purged":[],"score":108,"play_id":"4107408b-1df9-49d5-98f8-72c9b93b32eb","local_time":"20210128050105","is_ascension_mode":false,"metric_token":2130,"campfire_choices":[{"data":"PokerPlayerMod:PoorCopy","floor":6,"key":"SMITH"},{"floor":13,"key":"REST"},{"floor":15,"key":"REST"}],"circlet_count":0,"master_deck":["PokerPlayerMod:Diamond1","PokerPlayerMod:Diamond2","PokerPlayerMod:Diamond3","PokerPlayerMod:Diamond4","PokerPlayerMod:Diamond5","PokerPlayerMod:Spade1","PokerPlayerMod:Spade2","PokerPlayerMod:Spade3","PokerPlayerMod:Spade4","PokerPlayerMod:Club1","PokerPlayerMod:Club2","PokerPlayerMod:Heart2","PokerPlayerMod:TrumpStrike","PokerPlayerMod:BadJoker","PokerPlayerMod:Mulligan","PokerPlayerMod:WildCard+1","PokerPlayerMod:PoorCopy+1","PokerPlayerMod:StackedDeck","PokerPlayerMod:Extraction+1","PokerPlayerMod:DamnStraight"],"relics":["PokerPlayerMod:DeckCase","hubris:Icosahedron","PreservedInsect","Question Card","Nunchaku"],"acts_visited":["Exordium"],"potions_floor_usage":[12],"damage_taken":[{"damage":0,"enemies":"Small Slimes","floor":1,"turns":2},{"damage":11,"enemies":"Jaw Worm","floor":4,"turns":3},{"damage":10,"enemies":"3 Sentries","floor":7,"turns":5},{"damage":0,"enemies":"Cultist","floor":8,"turns":4},{"damage":31,"enemies":"Lagavulin","floor":11,"turns":6},{"damage":7,"enemies":"Looter","floor":12,"turns":4},{"damage":8,"enemies":"Gremlin Gang","floor":14,"turns":2},{"damage":29,"enemies":"The Guardian","floor":16,"turns":6}],"seed_played":"2455263094321423279","potions_obtained":[{"floor":7,"key":"PowerPotion"},{"floor":14,"key":"potionbrewer:NoxiousPotion"}],"is_trial":false,"path_per_floor":["M","?","?","M","?","R","E","M","T","?","E","M","R","M","R","B"],"character_chosen":"THE_POKER_PLAYER","items_purchased":[],"campfire_rested":2,"item_purchase_floors":[],"current_hp_per_floor":[52,52,52,43,43,43,39,41,41,41,10,5,20,12,27,0,0,0],"gold":295,"neow_bonus":"ONE_RANDOM_RARE_CARD","is_daily":false,"chose_seed":false,"campfire_upgraded":1,"win_rate":0.0,"timestamp":1611828065,"path_taken":["M","?","?","M","?","R","E","?","T","?","E","M","R","?","R","BOSS"],"items_purchased_type":[],"build_version":"2020-12-22","purchased_purges":0,"victory":false,"max_hp_per_floor":[52,52,52,52,52,52,52,52,52,52,52,52,52,52,52,52,52,52],"card_choices":[{"not_picked":["PokerPlayerMod:Diamond2","PokerPlayerMod:Spade2","PokerPlayerMod:Diamond3"],"picked":"SKIP","floor":1},{"not_picked":["PokerPlayerMod:Heart2","PokerPlayerMod:Club2"],"picked":"PokerPlayerMod:PoorCopy","floor":4},{"not_picked":["PokerPlayerMod:Spade8","PokerPlayerMod:RoyalStrike"],"picked":"PokerPlayerMod:StackedDeck","floor":7},{"not_picked":["PokerPlayerMod:Spade3","PokerPlayerMod:Diamond4"],"picked":"PokerPlayerMod:Extraction","floor":8},{"not_picked":["PokerPlayerMod:Spade3","PokerPlayerMod:HiddenCard","PokerPlayerMod:SpadeStrike"],"picked":"PokerPlayerMod:DamnStraight","floor":11},{"not_picked":["PokerPlayerMod:Diamond1","PokerPlayerMod:Diamond4","PokerPlayerMod:PoorCopy","PokerPlayerMod:Spade2"],"picked":"SKIP","floor":12},{"not_picked":["PokerPlayerMod:Club4","PokerPlayerMod:Club1","PokerPlayerMod:Diamond4","PokerPlayerMod:CardBurn"],"picked":"SKIP","floor":14},{"not_picked":["PokerPlayerMod:Club4","PokerPlayerMod:Club1","PokerPlayerMod:Diamond4","PokerPlayerMod:CardBurn"],"picked":"SKIP","floor":14}],"player_experience":1887569,"relics_obtained":[{"floor":7,"key":"PreservedInsect"},{"floor":9,"key":"Question Card"},{"floor":11,"key":"Nunchaku"}],"event_choices":[{"damage_healed":0,"gold_gain":100,"player_choice":"Pray","damage_taken":0,"max_hp_gain":0,"max_hp_loss":0,"event_name":"Golden Shrine","floor":5,"gold_loss":0},{"damage_healed":0,"gold_gain":0,"player_choice":"Forge","damage_taken":0,"max_hp_gain":0,"max_hp_loss":0,"event_name":"Accursed Blacksmith","floor":10,"gold_loss":0,"cards_upgraded":["PokerPlayerMod:Extraction"]}],"is_beta":false,"boss_relics":[],"items_purged_floors":[],"is_endless":false,"potions_floor_spawned":[7,14],"killed_by":"The Guardian","ascension_level":0}}