{"host":"vrsxkkch9ccrec7k","time":1611819085,"event":{"mods":["Act Like it!","BaseMod","Bestiary","Better Altar","Better Match","Better Note","Better Sensory Stone","Better Skull","Better Third Choice","Better Vampires","Downfall","Minty Spire (QoL Compilation)","Permanent Neow","Relic Stats","Spicy Shops","StSLib"],"gold_per_floor":[114,128,128,147,158,158,171,171,171,198,215,215,21,34,34,113,113,129,129,109,125,140,140,140,56,137,152,152,152,152,152,152,230,230,244,244,254,0,15,15,15,15,40,73,90,90,104,104,104],"floor_reached":48,"language":"ENG","playtime":3550,"items_purged":["Pain"],"score":882,"play_id":"c4abfe5d-d93b-445f-a9cf-c2099f807580","local_time":"20210128023125","is_ascension_mode":true,"campfire_choices":[{"data":"Zap","floor":6,"key":"SMITH"},{"data":"Dualcast","floor":8,"key":"SMITH"},{"data":"Auto Shields","floor":15,"key":"SMITH"},{"floor":23,"key":"REST"},{"data":"Seek","floor":30,"key":"SMITH"},{"data":"Echo Form","floor":32,"key":"SMITH"},{"data":"Capacitor","floor":40,"key":"SMITH"},{"floor":42,"key":"REST"},{"floor":46,"key":"REST"}],"circlet_count":0,"master_deck":["AscendersBane","Defend_B","Defend_B","Defend_B","Defend_B","Zap+1","Dualcast+1","Ball Lightning","Compile Driver","Glacier","Cold Snap","Ball Lightning+1","Rebound+1","Auto Shields+1","Seek+1","FTL+1","Defragment+1","Ball Lightning+1","Glacier","Go for the Eyes+1","Bite+1","All For One+1","Go for the Eyes+1","Echo Form+1","Electrodynamics","Compile Driver+1","Sweeping Beam+1","Capacitor+1","Stack","Creative AI"],"relics":["Cracked Core","Toy Ornithopter","Molten Egg 2","Art of War","OrangePellets","Astrolabe","Sundial","Blue Candle","SlaversCollar","Lee\u0027s Waffle","Bag of Preparation","Calipers"],"acts_visited":["Exordium","TheCity","TheBeyond"],"potions_floor_usage":[7,10,16,33,36],"damage_taken":[{"damage":0,"enemies":"2 Louse","floor":1,"turns":2},{"damage":7,"enemies":"Small Slimes","floor":2,"turns":3},{"damage":0,"enemies":"Cultist","floor":4,"turns":3},{"damage":2,"enemies":"2 Fungi Beasts","floor":5,"turns":5},{"damage":4,"enemies":"Exordium Thugs","floor":7,"turns":4},{"damage":16,"enemies":"Lagavulin","floor":10,"turns":9},{"damage":1,"enemies":"Looter","floor":11,"turns":2},{"damage":0,"enemies":"2 Fungi Beasts","floor":14,"turns":3},{"damage":58,"enemies":"Slime Boss","floor":16,"turns":10},{"damage":6,"enemies":"3 Byrds","floor":18,"turns":5},{"damage":0,"enemies":"Spheric Guardian","floor":21,"turns":5},{"damage":10,"enemies":"Shelled Parasite and Fungi","floor":22,"turns":7},{"damage":0,"enemies":"Snake Plant","floor":27,"turns":5},{"damage":39,"enemies":"Collector","floor":33,"turns":11},{"damage":2,"enemies":"Orb Walker","floor":35,"turns":4},{"damage":2,"enemies":"3 Shapes","floor":36,"turns":6},{"damage":35,"enemies":"Maw","floor":37,"turns":9},{"damage":32,"enemies":"Sphere and 2 Shapes","floor":39,"turns":6},{"damage":36,"enemies":"Reptomancer","floor":44,"turns":7},{"damage":37,"enemies":"Writhing Mass","floor":45,"turns":11},{"damage":51,"enemies":"3 Darklings","floor":47,"turns":4},{"damage":14,"enemies":"Transient","floor":48,"turns":5}],"seed_played":"-8832873586353651288","potions_obtained":[{"floor":4,"key":"Fire Potion"},{"floor":7,"key":"PowerPotion"},{"floor":10,"key":"SmokeBomb"},{"floor":18,"key":"CultistPotion"},{"floor":35,"key":"Ancient Potion"},{"floor":37,"key":"FairyPotion"}],"is_trial":false,"path_per_floor":["M","M","?","M","M","R","M","R","T","E","M","?","$","M","R","B",null,"M","?","?","M","M","R","?","$","T","M","?","?","R","?","R","B",null,"M","M","M","$","M","R","?","R","T","E","M","R","M","M"],"character_chosen":"DEFECT","items_purchased":["OrangePellets","Fire Potion","All For One+1","Capacitor","Lee\u0027s Waffle"],"campfire_rested":3,"item_purchase_floors":[13,13,25,38,38],"current_hp_per_floor":[64,57,62,62,60,60,61,61,61,50,49,76,76,76,76,18,62,56,56,56,56,46,68,68,68,68,71,66,66,66,49,49,18,58,56,59,36,78,49,49,46,69,69,33,5,28,10,0,0],"gold":104,"neow_bonus":"RANDOM_COMMON_RELIC","is_daily":false,"chose_seed":false,"campfire_upgraded":6,"win_rate":0.0,"timestamp":1611819085,"path_taken":["M","M","?","M","M","R","M","R","T","E","M","?","$","?","R","BOSS","M","?","?","?","M","R","?","$","T","M","?","?","R","?","R","BOSS","M","M","M","$","M","R","?","R","T","E","?","R","M","M"],"items_purchased_type":["Relic","Potion","Card","Card","Relic"],"build_version":"2020-12-22","purchased_purges":1,"victory":false,"max_hp_per_floor":[71,71,76,76,76,76,76,76,76,76,76,76,76,76,76,76,76,76,76,76,76,76,76,71,71,71,71,71,71,71,71,71,71,71,71,71,71,78,78,78,78,78,78,78,78,78,78,78,78],"relic_stats":{"OrangePellets":[7],"Lee\u0027s Waffle":42,"counters":[22,126],"Sundial":[6],"Astrolabe":["FTL","Defragment","Ball Lightning"],"Blue Candle":[0],"Art of War":[8],"Bag of Preparation":[8],"obtain_stats":[{"OrangePellets":13,"SlaversCollar":34,"Lee\u0027s Waffle":38,"Calipers":44,"Sundial":26,"Astrolabe":17,"Blue Candle":28,"Molten Egg 2":9,"Art of War":10,"Bag of Preparation":43,"Cracked Core":0,"Toy Ornithopter":0},{"OrangePellets":7,"SlaversCollar":14,"Lee\u0027s Waffle":17,"Calipers":19,"Sundial":12,"Astrolabe":9,"Blue Candle":13,"Molten Egg 2":5,"Art of War":6,"Bag of Preparation":18,"Cracked Core":0,"Toy Ornithopter":0},{"OrangePellets":28,"SlaversCollar":74,"Lee\u0027s Waffle":93,"Calipers":106,"Sundial":58,"Astrolabe":41,"Blue Candle":63,"Molten Egg 2":17,"Art of War":26,"Bag of Preparation":99,"Cracked Core":0,"Toy Ornithopter":0}],"Toy Ornithopter":20},"card_choices":[{"not_picked":["Sweeping Beam","Melter"],"picked":"Ball Lightning","floor":1},{"not_picked":["BootSequence","Barrage"],"picked":"Compile Driver","floor":2},{"not_picked":["Blizzard","Consume"],"picked":"Glacier","floor":4},{"not_picked":["Beam Cell","Steam"],"picked":"FTL","floor":5},{"not_picked":["Rebound","Barrage"],"picked":"Cold Snap","floor":7},{"not_picked":["Darkness","Beam Cell+1"],"picked":"Ball Lightning+1","floor":10},{"not_picked":["Self Repair","Redo"],"picked":"Rebound+1","floor":11},{"not_picked":["Hello World","Streamline+1"],"picked":"Auto Shields","floor":14},{"not_picked":["Amplify","Meteor Strike+1"],"picked":"Seek","floor":16},{"not_picked":["Beam Cell+1","Cold Snap+1"],"picked":"Glacier","floor":18},{"not_picked":["Streamline+1","Stack","BootSequence"],"picked":"SKIP","floor":21},{"not_picked":["Darkness","Melter+1","Turbo"],"picked":"SKIP","floor":22},{"not_picked":["Darkness","Hello World"],"picked":"Go for the Eyes+1","floor":27},{"not_picked":["Hyperbeam+1","Machine Learning"],"picked":"Electrodynamics","floor":33},{"not_picked":["Steam+1","Auto Shields"],"picked":"Compile Driver+1","floor":35},{"not_picked":["Glacier","Recycle"],"picked":"Sweeping Beam+1","floor":37},{"not_picked":["Rebound+1","Cold Snap+1"],"picked":"Stack","floor":39},{"not_picked":["Consume","Lockon+1"],"picked":"Creative AI","floor":44},{"not_picked":["Reprogram","Chill","Rebound+1"],"picked":"SKIP","floor":45},{"not_picked":["Rebound+1","Barrage+1","Beam Cell+1"],"picked":"SKIP","floor":47}],"player_experience":1783963,"relics_obtained":[{"floor":9,"key":"Molten Egg 2"},{"floor":10,"key":"Art of War"},{"floor":26,"key":"Sundial"},{"floor":43,"key":"Bag of Preparation"},{"floor":44,"key":"Calipers"}],"event_choices":[{"damage_healed":0,"gold_gain":0,"player_choice":"Donut","damage_taken":0,"max_hp_gain":5,"max_hp_loss":0,"event_name":"Big Fish","floor":3,"gold_loss":0},{"cards_removed":["FTL"],"damage_healed":27,"gold_gain":0,"player_choice":"Offered Uncommon","damage_taken":0,"max_hp_gain":0,"max_hp_loss":0,"event_name":"Bonfire Elementals","floor":12,"gold_loss":0},{"damage_healed":0,"gold_gain":0,"player_choice":"Read","damage_taken":0,"max_hp_gain":0,"max_hp_loss":0,"event_name":"The Library","floor":19,"gold_loss":0,"cards_obtained":["Go for the Eyes"]},{"damage_healed":0,"gold_gain":0,"player_choice":"Bought 1 Potion","damage_taken":0,"max_hp_gain":0,"max_hp_loss":0,"event_name":"The Woman in Blue","floor":20,"gold_loss":0},{"damage_healed":0,"gold_gain":0,"player_choice":"Became a vampire","damage_taken":0,"max_hp_gain":0,"max_hp_loss":5,"event_name":"Vampires","floor":24,"gold_loss":0,"cards_obtained":["Bite"]},{"damage_healed":0,"gold_gain":0,"player_choice":"Ignored","damage_taken":0,"max_hp_gain":0,"max_hp_loss":0,"event_name":"The Mausoleum","floor":29,"gold_loss":0},{"damage_healed":0,"gold_gain":2,"player_choice":"2","damage_taken":0,"max_hp_gain":0,"max_hp_loss":17,"event_name":"betterStone:BetterStone","floor":31,"gold_loss":0},{"damage_healed":0,"gold_gain":0,"player_choice":"","damage_taken":3,"relics_obtained":[],"max_hp_gain":0,"max_hp_loss":0,"event_name":"betterSkull:BetterSkull","floor":41,"gold_loss":0,"cards_upgraded":[]}],"is_beta":false,"boss_relics":[{"not_picked":["Empty Cage","sneckomod:SneckoTalon"],"picked":"Astrolabe"},{"not_picked":["Black Star","Coffee Dripper"],"picked":"SlaversCollar"}],"items_purged_floors":[13],"is_endless":false,"potions_floor_spawned":[4,7,10,18,22,35,37,45],"killed_by":"Transient","ascension_level":18}}