{"host":"Koishi","time":1611869845,"event":{"mods":["2.2 Compatiblity","AchievementEnabler","Act Like it!","BaseMod","Better Match","Better Note","Better Sensory Stone","Better Third Choice","Colored Powertips","Gensokyo","Hermit","Koishi","Lobotomy","LobotomyExtend","MarisaÅiñ∂âJÅ@ñÇóùçπÅj","Minty Spire (QoL Compilation)","Monster B Gone","Quick Restart","Rare Cards Sparkle","ReimuÅiîé??öÎÅj","Relic Filter Mod","Relic Stats","Spicy Shops","StSLib","The Construct","Åy?ï®?îvÅzREMEMod"],"gold_per_floor":[109,125,50,65,80,114,114,114,168,202,202,226,226,249,249,353,353,364,298,307,326,576,576,619,619,667,652,652,396,424,210,210,322,322,340,366,366,385,415,450,450,468,468,468,19,45,45,70,70,70],"floor_reached":51,"language":"ENG","playtime":3693,"items_purged":["construct:Strike_Gold"],"score":942,"play_id":"63f8c2b2-1dc3-4634-9f09-9dfe823da36b","local_time":"20210128163725","is_ascension_mode":true,"campfire_choices":[{"data":"SubcavityFantasy:ReiMu","floor":13,"key":"SMITH"},{"data":"Blind","floor":15,"key":"SMITH"},{"data":"construct:SpinDrive","floor":23,"key":"SMITH"},{"data":"construct:SpinDrive+1","floor":25,"key":"SMITH"},{"data":"construct:SyphonStrike+1","floor":28,"key":"SMITH"},{"data":"construct:Enhance+1","floor":32,"key":"SMITH"},{"data":"construct:Reserves","floor":41,"key":"SMITH"},{"floor":44,"key":"RECALL"},{"data":"construct:Accumulate+1","floor":49,"key":"SMITH"}],"circlet_count":0,"master_deck":["construct:Strike_Gold","construct:Strike_Gold","construct:Strike_Gold","construct:Strike_Gold","construct:Defend_Gold","construct:Defend_Gold","construct:Defend_Gold","construct:Defend_Gold","construct:Defend_Gold","construct:AttackMode","construct:DefenseMode","SubcavityFantasy:ReiMu+1","construct:ScrapCannon","OSAHOGD","construct:SyphonStrike","WallGazer","construct:ShiftStrike+1","construct:HeavyBolt","construct:ClusterMines","UniverseFragment","QueenOfHatred","construct:Missile","construct:PanicFire","construct:Chainstrike+2","construct:SpinDrive+2","construct:SyphonStrike+2","construct:Impenetrable","construct:CriticalHit","construct:SweepLaser","construct:Enhance+2","construct:Failsafe","construct:Hazardproof","construct:Isolate+1","construct:Reserves+1","Variant","BlueStar","CENSORED","construct:ModeShift+1","construct:BatteryAcid+1","construct:Accumulate+2","construct:Boost"],"relics":["construct:ClockworkPhoenix","construct:Challenge1","REME_ComplimentaryCards","CogitoBucket","LetterFromLob","Bottled Lightning","Gensokyo:Mercy","CeramicFish","Strawberry","LuminousBracelet","Happy Flower","Coffee Dripper","REME_HourglassOfDeath","Anchor","Orrery","ChangeAnything","OrangePellets","Sozu","AtMidnight","BehaviorAdjustment","Mastiff:ReiMu","construct:MasterCore","Ginger","MealTicket","RuthlessExorcism:ReiMu"],"acts_visited":["Gensokyo:Gensokyo","Gensokyo:Gensokyoer","Gensokyo:Gensokyoest"],"potions_floor_usage":[10,12,16,35,51],"damage_taken":[{"damage":9,"enemies":"Gensokyo:2_Kodama","floor":1,"turns":4},{"damage":3,"enemies":"Gensokyo:Gryphon","floor":2,"turns":3},{"damage":4,"enemies":"Gensokyo:3_Fairies","floor":4,"turns":4},{"damage":22,"enemies":"Gensokyo:VengefulSpirit","floor":5,"turns":7},{"damage":16,"enemies":"Gensokyo:Aya","floor":6,"turns":4},{"damage":3,"enemies":"Gensokyo:Cirno","floor":10,"turns":4},{"damage":37,"enemies":"Gensokyo:LivingMonolith","floor":12,"turns":4},{"damage":30,"enemies":"Gensokyo:Reimu","floor":16,"turns":10},{"damage":8,"enemies":"Gensokyo:Chomper","floor":18,"turns":4},{"damage":60,"enemies":"Gensokyo:3_Dogs","floor":21,"turns":5},{"damage":32,"enemies":"Gensokyo:Reisen","floor":24,"turns":5},{"damage":40,"enemies":"Gensokyo:3_Gloops","floor":30,"turns":5},{"damage":63,"enemies":"Gensokyo:Kaguya","floor":33,"turns":7},{"damage":25,"enemies":"Gensokyo:3_Boulders","floor":35,"turns":5},{"damage":10,"enemies":"Gensokyo:3_Bats","floor":36,"turns":4},{"damage":27,"enemies":"Gensokyo:Dusk_and_Dawn","floor":38,"turns":5},{"damage":51,"enemies":"Gensokyo:SeedOfUnknown","floor":39,"turns":6},{"damage":69,"enemies":"Gensokyo:Kasen","floor":40,"turns":4},{"damage":5,"enemies":"Gensokyo:Marisa","floor":48,"turns":4},{"damage":43,"enemies":"Gensokyo:Shinki","floor":50,"turns":9},{"damage":58,"enemies":"Malkuth","floor":51,"turns":6},{"damage":60,"enemies":"Hod","floor":51,"turns":6},{"damage":109,"enemies":"Chesed","floor":51,"turns":4},{"damage":207,"enemies":"Binah","floor":51,"turns":9}],"seed_played":"4708001661957673813","potions_obtained":[{"floor":2,"key":"SkillPotion"},{"floor":4,"key":"ColorlessPotion"},{"floor":5,"key":"Regen Potion"},{"floor":12,"key":"construct:MegaPotion"},{"floor":18,"key":"Fire Potion"},{"floor":30,"key":"Swift Potion"}],"is_trial":false,"path_per_floor":["M","M","?","M","M","E","?","?","T","E","?","M","R","T","R","B",null,"M","?","?","M","?","R","E","R","T","?","R","$","M","COS","R","B",null,"M","M","?","M","M","E","R","?","T","R","$","T","?","E","R","B",null],"character_chosen":"THE_CONSTRUCT_MOD","items_purchased":["Orrery","construct:Hazardproof","construct:MasterCore","Ginger","construct:Boost"],"campfire_rested":0,"item_purchase_floors":[29,29,45,45,45],"current_hp_per_floor":[76,73,73,69,47,31,31,31,31,47,55,39,39,39,39,49,107,101,101,101,75,75,75,57,57,57,88,88,88,69,69,69,24,101,85,82,67,50,73,51,51,51,51,51,51,51,51,53,53,66],"gold":70,"neow_bonus":"","is_daily":false,"chose_seed":false,"campfire_upgraded":8,"win_rate":0.0,"timestamp":1611869845,"path_taken":["M","M","?","?","M","E","?","?","T","E","?","?","R","?","R","BOSS","M","?","?","M","?","R","E","R","T","?","R","$","M","COS","R","BOSS","M","M","?","M","M","E","R","?","T","R","$","?","?","E","R","BOSS"],"items_purchased_type":["Relic","Card","Relic","Relic","Card"],"build_version":"2020-12-18","purchased_purges":1,"victory":true,"max_hp_per_floor":[85,85,85,85,85,85,85,85,85,92,92,107,107,107,107,107,107,107,107,107,107,101,101,101,101,101,101,101,101,101,101,101,101,101,101,101,101,101,101,101,101,101,101,101,101,101,101,101,101,101],"relic_stats":{"Sozu":3,"OrangePellets":[13],"Happy Flower":[35],"counters":[28,137],"CeramicFish":198,"MealTicket":0,"Ginger":[37],"obtain_stats":[{"CeramicFish":9,"LuminousBracelet":12,"Ginger":45,"construct:ClockworkPhoenix":0,"Sozu":34,"CogitoBucket":0,"Mastiff:ReiMu":40,"Strawberry":10,"MealTicket":46,"construct:MasterCore":45,"Happy Flower":14,"construct:Challenge1":0,"OrangePellets":31,"Anchor":26,"Gensokyo:Mercy":7,"REME_HourglassOfDeath":24,"Orrery":29,"AtMidnight":39,"BehaviorAdjustment":39,"LetterFromLob":1,"Coffee Dripper":17,"Bottled Lightning":6,"ChangeAnything":30,"REME_ComplimentaryCards":0,"RuthlessExorcism:ReiMu":48},{"CeramicFish":5,"LuminousBracelet":8,"Ginger":21,"construct:ClockworkPhoenix":0,"Sozu":15,"CogitoBucket":0,"Mastiff:ReiMu":21,"Strawberry":6,"MealTicket":21,"construct:MasterCore":21,"Happy Flower":8,"construct:Challenge1":0,"OrangePellets":14,"Anchor":12,"Gensokyo:Mercy":5,"REME_HourglassOfDeath":12,"Orrery":12,"AtMidnight":20,"BehaviorAdjustment":20,"LetterFromLob":1,"Coffee Dripper":9,"Bottled Lightning":5,"ChangeAnything":14,"REME_ComplimentaryCards":0,"RuthlessExorcism:ReiMu":22},{"CeramicFish":22,"LuminousBracelet":31,"Ginger":92,"construct:ClockworkPhoenix":0,"Sozu":67,"CogitoBucket":0,"Mastiff:ReiMu":92,"Strawberry":26,"MealTicket":92,"construct:MasterCore":92,"Happy Flower":31,"construct:Challenge1":0,"OrangePellets":60,"Anchor":54,"Gensokyo:Mercy":22,"REME_HourglassOfDeath":54,"Orrery":54,"AtMidnight":88,"BehaviorAdjustment":88,"LetterFromLob":4,"Coffee Dripper":41,"Bottled Lightning":22,"ChangeAnything":60,"REME_ComplimentaryCards":0,"RuthlessExorcism:ReiMu":96}]},"card_choices":[{"not_picked":["construct:Boost","construct:Overcharge"],"picked":"construct:ScrapCannon","floor":1},{"not_picked":["FairyFestival","Murderer"],"picked":"OSAHOGD","floor":1},{"not_picked":["construct:Backfire","construct:MetalShell"],"picked":"construct:SyphonStrike","floor":2},{"not_picked":["PunishingBird","LongBird"],"picked":"WallGazer","floor":2},{"not_picked":["construct:ModeShift+1","construct:Versatility+1"],"picked":"construct:ShiftStrike+1","floor":3},{"not_picked":["construct:Anticipate","construct:PanicFire"],"picked":"construct:HeavyBolt","floor":4},{"not_picked":["SingingMachine","ShyLook","HeroicMonk"],"picked":"Singing Bowl","floor":4},{"not_picked":["construct:PowerUp","construct:SweepLaser"],"picked":"construct:ClusterMines","floor":5},{"not_picked":["Porccubus","BeautyBeast","CherryBlossoms"],"picked":"Singing Bowl","floor":5},{"not_picked":["ShyLook","Bloodbath"],"picked":"UniverseFragment","floor":5},{"not_picked":["construct:Autoturret","construct:Bunker"],"picked":"construct:FlakBarrage","floor":6},{"not_picked":["VoidDream","FairyFestival"],"picked":"QueenOfHatred","floor":6},{"not_picked":["The Bomb","Enlightenment"],"picked":"Blind","floor":8},{"not_picked":["construct:Analyze","construct:SyphonStrike"],"picked":"construct:Missile","floor":10},{"not_picked":["SingingMachine","MeatLantern","DreamingCurrent"],"picked":"Singing Bowl","floor":10},{"not_picked":["OldLady","MHz","SpiderBud"],"picked":"Singing Bowl","floor":12},{"not_picked":["construct:ElectricArmor","construct:ShiftStrike"],"picked":"construct:Antimatter","floor":12},{"not_picked":["construct:MassProduction","construct:ShiftingStance"],"picked":"construct:PanicFire","floor":16},{"not_picked":["Scorched","CrumblingArmor","OldLady"],"picked":"Singing Bowl","floor":16},{"not_picked":["RedShoes","Woodsman","HeroicMonk"],"picked":"Singing Bowl","floor":18},{"not_picked":["construct:ModeShift","construct:ShiftStrike","construct:FierceBash"],"picked":"SKIP","floor":18},{"not_picked":["construct:CriticalHit+1","construct:Backup+1"],"picked":"construct:Chainstrike+1","floor":19},{"not_picked":["construct:ModeShift","construct:Electrocute+1"],"picked":"construct:SyphonStrike+1","floor":21},{"not_picked":["BodiesMountain","SingingMachine","PunishingBird"],"picked":"Singing Bowl","floor":21},{"not_picked":["construct:Versatility","construct:MemoryTap"],"picked":"construct:Impenetrable","floor":24},{"not_picked":["WhitesApple","PunishingBird","HeroicMonk"],"picked":"Singing Bowl","floor":24},{"not_picked":["construct:Analyze","construct:Forcefield"],"picked":"construct:CriticalHit","floor":29},{"not_picked":["construct:FocusedBeam","construct:ElectricArmor"],"picked":"construct:SweepLaser","floor":29},{"not_picked":["construct:Analyze","construct:Versatility"],"picked":"construct:Enhance+1","floor":29},{"not_picked":["construct:OneWayMirror","construct:Autoturret"],"picked":"construct:Failsafe","floor":29},{"not_picked":["CrumblingArmor","Mercenary","Alriune"],"picked":"Singing Bowl","floor":30},{"not_picked":["construct:Missile","construct:Reinforce+1"],"picked":"construct:Isolate+1","floor":30},{"not_picked":["construct:ShieldGenerator","construct:ShiftingStance"],"picked":"construct:Reserves","floor":33},{"not_picked":["BlackSwan","SnowQueen","VoidDream"],"picked":"Singing Bowl","floor":33},{"not_picked":["LongBird","PlagueDoctor","BlackArmy"],"picked":"Singing Bowl","floor":35},{"not_picked":["construct:HeavyBolt+1","construct:Backfire+1","construct:FocusedBeam"],"picked":"SKIP","floor":35},{"not_picked":["SnowQueen","BeautyBeast"],"picked":"Variant","floor":36},{"not_picked":["construct:ChargeShot+1","construct:HeavyBolt","construct:Missile"],"picked":"SKIP","floor":36},{"not_picked":["SnowQueen","NakedNest"],"picked":"BlueStar","floor":38},{"not_picked":["construct:SyphonStrike","construct:SuppressiveFire+1","construct:ReactiveShield"],"picked":"SKIP","floor":38},{"not_picked":["Yin","CrumblingArmor"],"picked":"CENSORED","floor":39},{"not_picked":["construct:ScrapCannon+1","construct:Forcefield"],"picked":"construct:ModeShift+1","floor":39},{"not_picked":["Yin","GalaxyChild","WhitesApple"],"picked":"Singing Bowl","floor":40},{"not_picked":["construct:Analyze+1","construct:Backup","construct:MassProduction"],"picked":"SKIP","floor":40},{"not_picked":["construct:Dampening+1","construct:Synchronize+1"],"picked":"construct:BatteryAcid+1","floor":42},{"not_picked":["construct:Versatility+1","construct:Forcefield+1"],"picked":"construct:Accumulate+1","floor":42},{"not_picked":["Yin","PunishingBird","BlackSwan"],"picked":"Singing Bowl","floor":48},{"not_picked":["construct:Versatility+1","construct:Reinforce+1","construct:Forcefield+1"],"picked":"SKIP","floor":48}],"player_experience":213780,"relics_obtained":[{"floor":1,"key":"LetterFromLob"},{"floor":6,"key":"Bottled Lightning"},{"floor":9,"key":"CeramicFish"},{"floor":10,"key":"Strawberry"},{"floor":14,"key":"Happy Flower"},{"floor":24,"key":"REME_HourglassOfDeath"},{"floor":26,"key":"Anchor"},{"floor":39,"key":"AtMidnight"},{"floor":40,"key":"Mastiff:ReiMu"},{"floor":46,"key":"MealTicket"},{"floor":48,"key":"RuthlessExorcism:ReiMu"}],"event_choices":[{"damage_healed":0,"gold_gain":0,"player_choice":"2","damage_taken":0,"max_hp_gain":0,"max_hp_loss":0,"event_name":"betterMatch:BetterMatch","floor":3,"gold_loss":0,"cards_obtained":["betterMatch:CommonCard"]},{"damage_healed":0,"gold_gain":1,"player_choice":"1","damage_taken":0,"max_hp_gain":0,"max_hp_loss":0,"event_name":"betterStone:BetterStone","floor":8,"gold_loss":0},{"damage_healed":0,"gold_gain":0,"player_choice":"2","damage_taken":0,"max_hp_gain":0,"max_hp_loss":0,"event_name":"betterMatch:BetterMatch","floor":19,"gold_loss":0,"cards_obtained":["betterMatch:UncommonCard"]},{"damage_healed":0,"gold_gain":0,"player_choice":"2","damage_taken":0,"max_hp_gain":0,"max_hp_loss":0,"event_name":"betterMatch:BetterMatch","floor":42,"gold_loss":0,"cards_obtained":["betterMatch:UncommonCard","betterMatch:CommonCard"]}],"is_beta":true,"boss_relics":[{"not_picked":["SlaversCollar","SacredBark"],"picked":"Coffee Dripper"},{"not_picked":["Tiny House","Calling Bell"],"picked":"Sozu"}],"items_purged_floors":[29],"is_endless":false,"potions_floor_spawned":[2,4,5,12,18,30,39,40,48],"ascension_level":2}}