{"host":"zwuytn9vh5b8tdl7","time":1611807777,"event":{"mods":["AchievementEnabler","BaseMod","Colored Powertips","GifTheSpireLib","Minty Spire (QoL Compilation)","Rare Cards Sparkle","StSLib","The Animator"],"gold_per_floor":[123,123,198,48,64,110,110,110,159,199,214,214,228,245,245,348,348,361,361,361,384,411,411,254,254,254,267,296,310,310,320,320,320,320],"floor_reached":33,"language":"ENG","playtime":1133,"items_purged":[],"score":300,"play_id":"f472c85c-8203-4e50-bc1f-6e392443ab5d","local_time":"20210127232257","is_ascension_mode":false,"campfire_choices":[{"floor":7,"key":"REST"},{"floor":12,"key":"REST"},{"floor":15,"key":"RECALL"},{"floor":23,"key":"REST"},{"data":"animator:Megumin+5","floor":25,"key":"SMITH"},{"floor":32,"key":"REST"}],"circlet_count":0,"master_deck":["animator:Strike_Fate","animator:Defend_Fate","animator:Strike","animator:Strike","animator:Strike","animator:Defend","animator:Defend","animator:Defend","animator:Alexander+1","animator:Rider","animator:Gillette","animator:ChaikaBohdan","animator:AcuraShin","animator:ShinjiMatou","animator:Megumin+9","animator:Eris","animator:Rimuru","animator:EmiyaShirou+1","animator:DolaRiku+1","animator:Kazuma","animator:Mitsurugi"],"relics":["animator:LivingPicture","animator:TheMissingPiece","NeowsBlessing","animator:ShionDessert","Bottled Flame","Nunchaku","MealTicket","SlaversCollar","MutagenicStrength","Strawberry","Bag of Marbles","Omamori","Mercury Hourglass"],"acts_visited":["Exordium","TheCity"],"potions_floor_usage":[16,16,33,33],"damage_taken":[{"damage":0,"enemies":"Jaw Worm","floor":1,"turns":1},{"damage":0,"enemies":"2 Louse","floor":5,"turns":1},{"damage":0,"enemies":"3 Sentries","floor":6,"turns":1},{"damage":31,"enemies":"Lagavulin","floor":10,"turns":5},{"damage":1,"enemies":"Cultist","floor":11,"turns":3},{"damage":5,"enemies":"Looter","floor":13,"turns":3},{"damage":0,"enemies":"3 Louse","floor":14,"turns":2},{"damage":14,"enemies":"Hexaghost","floor":16,"turns":8},{"damage":21,"enemies":"Chosen","floor":18,"turns":5},{"damage":19,"enemies":"3 Byrds","floor":22,"turns":5},{"damage":0,"enemies":"Snake Plant","floor":27,"turns":1},{"damage":31,"enemies":"Slavers","floor":28,"turns":3},{"damage":16,"enemies":"Snecko","floor":29,"turns":4},{"damage":30,"enemies":"Chosen and Byrds","floor":31,"turns":7},{"damage":83,"enemies":"Collector","floor":33,"turns":8}],"seed_played":"-7861744591628711738","potions_obtained":[{"floor":5,"key":"AttackPotion"},{"floor":10,"key":"Ancient Potion"},{"floor":13,"key":"AttackPotion"},{"floor":18,"key":"LiquidBronze"},{"floor":27,"key":"EssenceOfSteel"}],"is_trial":false,"path_per_floor":["M","?","?","$","M","E","R","?","T","E","M","R","M","M","R","B",null,"M","?","?","T","M","R","$","R","T","M","E","M","?","M","R","B"],"character_chosen":"THE_ANIMATOR","items_purchased":["animator:ShionDessert","Bag of Marbles"],"campfire_rested":4,"item_purchase_floors":[4,24],"current_hp_per_floor":[66,66,55,55,56,56,67,67,67,36,35,55,50,52,52,40,67,48,36,36,43,29,52,67,67,67,71,45,31,80,50,74,0,0],"gold":320,"neow_bonus":"THREE_ENEMY_KILL","is_daily":false,"chose_seed":false,"campfire_upgraded":1,"win_rate":0.0,"timestamp":1611807777,"path_taken":["M","?","?","$","M","E","R","?","T","E","M","R","M","M","R","BOSS","M","?","?","?","?","R","$","R","T","M","E","M","?","?","R","BOSS"],"items_purchased_type":["Relic","Relic"],"build_version":"2020-12-22","purchased_purges":0,"victory":false,"max_hp_per_floor":[66,66,66,66,67,67,67,67,67,67,67,67,67,67,67,67,67,67,72,72,79,79,79,79,79,79,80,80,80,80,80,80,80,80],"card_choices":[{"not_picked":["animator:Entoma","animator:AcuraAkari"],"picked":"animator:Gillette","floor":1},{"not_picked":["animator:Rider","animator:RinTohsaka"],"picked":"animator:ChaikaBohdan","floor":5},{"not_picked":["animator:Gillette","animator:DolaStephanie"],"picked":"animator:AcuraShin","floor":6},{"not_picked":["animator:Alexander","animator:Archer"],"picked":"animator:ShinjiMatou","floor":10},{"not_picked":["animator:Hakurou","animator:DolaRiku"],"picked":"animator:Megumin","floor":11},{"not_picked":["animator:Shuna","animator:AcuraTooru"],"picked":"animator:Aqua","floor":13},{"not_picked":["animator:Alexander","animator:Caster"],"picked":"animator:Eris","floor":14},{"not_picked":["animator:AcuraShin","animator:Hans"],"picked":"animator:Eris","floor":16},{"not_picked":["animator:Chris","animator:Vanir"],"picked":"animator:Megumin","floor":18},{"not_picked":["animator:Berserker","animator:DolaStephanie"],"picked":"animator:Rimuru","floor":22},{"not_picked":["animator:Assassin","animator:Fredrika"],"picked":"animator:EmiyaShirou+1","floor":27},{"not_picked":["animator:Cocytus","animator:ShinjiMatou"],"picked":"animator:DolaRiku+1","floor":28},{"not_picked":["animator:Vanir","animator:Verdia"],"picked":"animator:Kazuma","floor":29},{"not_picked":["animator:Sonic+1","animator:PandorasActor"],"picked":"animator:Mitsurugi","floor":31}],"player_experience":338252,"relics_obtained":[{"floor":6,"key":"Bottled Flame"},{"floor":9,"key":"Nunchaku"},{"floor":10,"key":"MealTicket"},{"floor":21,"key":"Strawberry"},{"floor":26,"key":"Omamori"},{"floor":28,"key":"Mercury Hourglass"}],"event_choices":[{"damage_healed":0,"gold_gain":0,"player_choice":"Grow","damage_taken":0,"max_hp_gain":0,"max_hp_loss":0,"event_name":"Living Wall","floor":2,"gold_loss":0,"cards_upgraded":["animator:Alexander"]},{"damage_healed":0,"gold_gain":75,"player_choice":"Gather Gold","damage_taken":11,"max_hp_gain":0,"max_hp_loss":0,"event_name":"World of Goop","floor":3,"gold_loss":0},{"damage_healed":0,"gold_gain":0,"player_choice":"Leave","damage_taken":0,"max_hp_gain":0,"max_hp_loss":0,"event_name":"The Cleric","floor":8,"gold_loss":0},{"damage_healed":0,"gold_gain":0,"player_choice":"Shed Blood","damage_taken":17,"max_hp_gain":5,"max_hp_loss":0,"event_name":"Forgotten Altar","floor":19,"gold_loss":0},{"damage_healed":0,"gold_gain":0,"player_choice":"Inject Mutagens","damage_taken":0,"relics_obtained":["MutagenicStrength"],"max_hp_gain":0,"max_hp_loss":0,"event_name":"Drug Dealer","floor":20,"gold_loss":0},{"cards_removed":["animator:Aqua"],"damage_healed":49,"gold_gain":0,"player_choice":"Offered Uncommon","damage_taken":0,"max_hp_gain":0,"max_hp_loss":0,"event_name":"Bonfire Elementals","floor":30,"gold_loss":0}],"is_beta":false,"boss_relics":[{"not_picked":["Fusion Hammer","Cursed Key"],"picked":"SlaversCollar"}],"items_purged_floors":[],"is_endless":false,"potions_floor_spawned":[5,10,13,14,18,27,28],"killed_by":"Collector","ascension_level":0}}