{"host":"sc0o2qwpf9j16a4i","time":1611846101,"event":{"mods":["AchievementEnabler","BaseMod","BetterRewards","Block Reminder","Colored Map","Colored Powertips","Custom Start","Highlight Path","Minty Spire (QoL Compilation)","Relic Stats"],"gold_per_floor":[112,130,205,205,4,4,4],"floor_reached":6,"language":"ENG","playtime":202,"items_purged":[],"score":68,"play_id":"4d792911-faf0-4eab-96a5-95066faca022","local_time":"20210128170141","is_ascension_mode":true,"campfire_choices":[],"circlet_count":0,"master_deck":["AscendersBane","Strike_R","Strike_R","Strike_R","Strike_R","Defend_R","Defend_R","Defend_R","Defend_R","Bash","Disarm","Shrug It Off","Clothesline","Carnage"],"relics":["Burning Blood","Medical Kit","Frozen Egg 2","Membership Card"],"acts_visited":["Exordium"],"potions_floor_usage":[6,6],"damage_taken":[{"damage":6,"enemies":"2 Louse","floor":1,"turns":4},{"damage":12,"enemies":"Jaw Worm","floor":2,"turns":8},{"damage":37,"enemies":"Lagavulin","floor":6,"turns":11}],"seed_played":"5563688882928660589","potions_obtained":[{"floor":1,"key":"Dexterity Potion"}],"is_trial":false,"path_per_floor":["M","M","?","?","$","E"],"character_chosen":"IRONCLAD","items_purchased":["Medical Kit","Frozen Egg 2","Disarm","PowerPotion","Membership Card","Carnage"],"campfire_rested":0,"item_purchase_floors":[0,0,0,0,5,5],"current_hp_per_floor":[48,42,31,31,31,0,0],"gold":4,"neow_bonus":"","is_daily":false,"chose_seed":false,"campfire_upgraded":0,"win_rate":0.0,"timestamp":1611846101,"path_taken":["M","M","?","?","$","E"],"items_purchased_type":["Relic","Relic","Card","Potion","Relic","Card"],"build_version":"2020-12-22","purchased_purges":0,"victory":false,"max_hp_per_floor":[75,75,75,75,75,75,75],"relic_stats":{"counters":[22,120],"Medical Kit":[0],"obtain_stats":[{"Gremlin Horn":6,"Happy Flower":9,"Vajra":11,"Velvet Choker":17,"Orichalcum":29,"Frozen Egg 2":0,"Medical Kit":0,"Burning Blood":0,"Anchor":2,"MutagenicStrength":20,"Red Mask":31,"Black Star":34,"Membership Card":19,"Toxic Egg 2":26,"FossilizedHelix":23,"Pocketwatch":8},{"Gremlin Horn":3,"Happy Flower":3,"Vajra":5,"Velvet Choker":8,"Orichalcum":15,"Frozen Egg 2":19,"Medical Kit":19,"Burning Blood":0,"Anchor":1,"MutagenicStrength":9,"Red Mask":17,"Black Star":18,"Membership Card":9,"Toxic Egg 2":12,"FossilizedHelix":11,"Pocketwatch":3},{"Gremlin Horn":11,"Happy Flower":11,"Vajra":19,"Velvet Choker":39,"Orichalcum":74,"Frozen Egg 2":97,"Medical Kit":97,"Burning Blood":0,"Anchor":4,"MutagenicStrength":46,"Red Mask":86,"Black Star":97,"Membership Card":46,"Toxic Egg 2":61,"FossilizedHelix":55,"Pocketwatch":11}],"Burning Blood":58},"card_choices":[{"not_picked":["Searing Blow","Sentinel"],"picked":"Shrug It Off","floor":1},{"not_picked":["Iron Wave","Wild Strike"],"picked":"Clothesline","floor":2}],"player_experience":1026335,"relics_obtained":[],"event_choices":[{"damage_healed":0,"gold_gain":75,"player_choice":"Gather Gold","damage_taken":11,"max_hp_gain":0,"max_hp_loss":0,"event_name":"World of Goop","floor":3,"gold_loss":0},{"cards_removed":["Strike_R"],"damage_healed":0,"gold_gain":0,"player_choice":"Offered Basic","damage_taken":0,"max_hp_gain":0,"max_hp_loss":0,"event_name":"Bonfire Elementals","floor":4,"gold_loss":0}],"is_beta":false,"boss_relics":[],"items_purged_floors":[],"is_endless":false,"potions_floor_spawned":[1],"killed_by":"Lagavulin","ascension_level":20}}