{"host":"ik8ww1p4uabx5gam","time":1611803971,"event":{"mods":["Always Whale","Aspiration","BaseMod","Beaked The Cultist","Better Third Choice","BetterRewards","Colored Map","Colored Powertips","Conspire","Energized Spire","FetchMod","GifTheSpireLib","Hubris","Infinite Spire","Ironclad Rager","Jedi Mod","Minty Spire (QoL Compilation)","Random Character Button","Reliquary","Replay The Spire","Shop Mod","Spicy Shops","Spikes Relics","StSLib","Stuff the Spire","The Blue Laboratory","The Gatherer","Wandering Minibosses","??????REMEMod"],"gold_per_floor":[114,185,185,185,198,198,224,224,224,234,254,254,274,274,274,378,378,392,412,412,412,431,431,431,431,485,514,514,533,533,565,565,660,660,831,841,860,926,926,966,750,777,777,777,807,827,827,841,841,841],"floor_reached":51,"language":"ENG","playtime":3104,"items_purged":["Strike_G","Strike_G"],"score":918,"play_id":"a0da62f7-6651-4b85-a53a-4ca00500325d","local_time":"20210127211931","is_ascension_mode":true,"campfire_choices":[{"data":"m_Survivalism","floor":6,"key":"SMITH"},{"data":"Grand Finale","floor":8,"key":"SMITH"},{"data":"Neutralize","floor":12,"key":"SMITH"},{"floor":15,"key":"REST"},{"data":"Hidden Blade","floor":23,"key":"SMITH"},{"data":"Prepared","floor":25,"key":"SMITH"},{"data":"Grand Finale","floor":30,"key":"SMITH"},{"floor":47,"key":"REST"},{"data":"Adrenaline","floor":49,"key":"SMITH"}],"circlet_count":0,"master_deck":["Strike_G","Strike_G","Strike_G","Defend_G","Defend_G","Defend_G","Defend_G","Neutralize+1","Grand Finale+1","m_Survivalism+1","Backflip","Hidden Blade+1","StuffTheSpire:MirrorStance+1","Blur+1","Prepared+1","Grand Finale+1","Prepared+1","Noxious Fumes+1","Adrenaline+1","Adrenaline","Adrenaline","Acrobatics+1"],"relics":["Ring of the Serpent","StrikeDummy","Sundial","beaked:MawFillet","ReplayFunnel","reliquary:TuningFork","Blood Vial","Nloth\u0027s Gift","jedi:gremlinknob","reliquary:RadioactivePellet","Replay:PocketPolymizer","jedi:heavyjacket","conspire:TopHat"],"acts_visited":["Exordium","TheCity","TheBeyond"],"potions_floor_usage":[16,27,31,50],"damage_taken":[{"damage":0,"enemies":"2 Louse","floor":1,"turns":2},{"damage":6,"enemies":"Jaw Worm","floor":5,"turns":9},{"damage":0,"enemies":"Replay:BlueRogue","floor":7,"turns":3},{"damage":0,"enemies":"conspire:RoseBush","floor":10,"turns":3},{"damage":13,"enemies":"Exordium Thugs","floor":11,"turns":5},{"damage":0,"enemies":"3 Louse","floor":13,"turns":2},{"damage":35,"enemies":"Fading Forest","floor":16,"turns":11},{"damage":11,"enemies":"3 Byrds","floor":18,"turns":7},{"damage":0,"enemies":"Shell Parasite","floor":19,"turns":2},{"damage":0,"enemies":"Sentry and Sphere","floor":22,"turns":2},{"damage":17,"enemies":"Slavers","floor":27,"turns":6},{"damage":0,"enemies":"3 Cultists","floor":29,"turns":2},{"damage":31,"enemies":"Gremlin Leader","floor":31,"turns":4},{"damage":15,"enemies":"hubris:MusketHawk","floor":33,"turns":7},{"damage":3,"enemies":"3 Shapes","floor":35,"turns":3},{"damage":1,"enemies":"Orb Walker","floor":36,"turns":6},{"damage":0,"enemies":"Spire Growth","floor":37,"turns":2},{"damage":3,"enemies":"Sphere and 2 Shapes","floor":38,"turns":5},{"damage":4,"enemies":"R_Hoarder","floor":40,"turns":10},{"damage":22,"enemies":"Nemesis","floor":42,"turns":11},{"damage":27,"enemies":"Reptomancer","floor":45,"turns":8},{"damage":8,"enemies":"Writhing Mass","floor":46,"turns":2},{"damage":0,"enemies":"4 Shapes","floor":48,"turns":5},{"damage":0,"enemies":"Awakened One","floor":50,"turns":10}],"seed_played":"4031771752035784973","potions_obtained":[{"floor":1,"key":"FairyPotion"},{"floor":11,"key":"Block Potion"},{"floor":16,"key":"ColorlessPotion"},{"floor":22,"key":"blueLaboratory:BottleOfRum"},{"floor":29,"key":"Fire Potion"},{"floor":33,"key":"Strength Potion"},{"floor":36,"key":"blueLaboratory:ExaltedPotion"},{"floor":46,"key":"SkillPotion"},{"floor":48,"key":"blueLaboratory:StoneskinPotion"}],"is_trial":false,"path_per_floor":["M","?","?","?","M","R","E","R","T","M","M","R","M","?","R_BF","B",null,"M","M","?","AVR","M","R","?","R","T","E","?","M","R","E","R_BF","B",null,"M","M","M","M","T","E","$","E","T","?","E","M","R","M","R","B",null],"character_chosen":"THE_SILENT","items_purchased":["Adrenaline"],"campfire_rested":2,"item_purchase_floors":[41],"current_hp_per_floor":[70,70,70,70,64,64,64,64,64,64,51,51,51,51,70,47,70,59,59,70,70,70,70,70,70,70,53,53,55,55,26,47,34,70,67,68,70,67,67,65,65,45,45,45,20,14,35,37,37,39],"gold":841,"neow_bonus":"REMOVE_CARD","is_daily":false,"chose_seed":false,"campfire_upgraded":7,"win_rate":0.0,"timestamp":1611803971,"path_taken":["M","?","?","?","M","R","E","R","T","M","M","R","?","?","R_BF","BOSS","M","M","?","AVR","?","R","?","R","T","E","?","M","R","E","R_BF","BOSS","M","M","M","?","?","E","?","E","T","?","E","M","R","?","R","BOSS"],"items_purchased_type":["Card"],"build_version":"2020-12-22","purchased_purges":2,"victory":true,"max_hp_per_floor":[70,70,70,70,70,70,70,70,70,70,70,70,70,70,70,70,70,70,70,70,70,70,70,70,70,70,70,70,70,70,70,70,70,70,70,70,70,70,70,70,70,70,70,70,70,70,70,70,70,70],"card_choices":[{"not_picked":["Poisoned Stab","StuffTheSpire:Python","hubris:SlightOfHand"],"picked":"SKIP","floor":1},{"not_picked":["hubris:TrickCloak","Slice"],"picked":"Backflip","floor":5},{"not_picked":["Quick Slash","Tactician","StuffTheSpire:ClusterCrunch"],"picked":"SKIP","floor":7},{"not_picked":["Blade Dance","Cloak And Dagger","Choke"],"picked":"SKIP","floor":10},{"not_picked":["Bouncing Flask","Flying Knee","ReplayTheSpireMod:Tripwire"],"picked":"SKIP","floor":11},{"not_picked":["REME_GrazeFinale","Masterful Stab"],"picked":"Hidden Blade","floor":13},{"not_picked":["REME_ShadowStrike","jedi:pocketpoison","StuffTheSpire:BumpUp+1"],"picked":"SKIP","floor":18},{"not_picked":["Bane+1","Footwork"],"picked":"StuffTheSpire:MirrorStance+1","floor":19},{"not_picked":["Dagger Spray","ReplayTheSpireMod:Necrosis"],"picked":"Blur","floor":22},{"not_picked":["Flying Knee+1","jedi:pocketpoison","Flechettes"],"picked":"SKIP","floor":27},{"not_picked":["Well Laid Plans","Prepared"],"picked":"Grand Finale","floor":29},{"not_picked":["Distraction","Infinite Blades+1","StuffTheSpire:ClusterCrunch"],"picked":"SKIP","floor":31},{"not_picked":["StuffTheSpire:Python","StuffTheSpire:Injection+1","Blur+1"],"picked":"SKIP","floor":35},{"not_picked":["Prepared+1","jedi:unstablefumes","Poisoned Stab+1"],"picked":"SKIP","floor":36},{"not_picked":["jedi:unstablefumes","Poisoned Stab+1"],"picked":"Prepared+1","floor":36},{"not_picked":["StuffTheSpire:BrimstoneBlast+1","Sucker Punch+1","Leg Sweep+1"],"picked":"SKIP","floor":37},{"not_picked":["Draining Mist","hubris:Sniper","conspire:PoisonWeapons"],"picked":"SKIP","floor":38},{"not_picked":["Replay:Poison Smokescreen","Tools of the Trade"],"picked":"Noxious Fumes+1","floor":40},{"not_picked":["Cloak And Dagger","Crippling Poison+1","Outmaneuver+1"],"picked":"SKIP","floor":42},{"not_picked":["Catalyst","Fluid Movement+1"],"picked":"Adrenaline","floor":45},{"not_picked":["StuffTheSpire:BumpUp","ReplayTheSpireMod:Scrap Shanks+1","Eviscerate+1"],"picked":"SKIP","floor":46},{"not_picked":["Prepared","StuffTheSpire:Injection"],"picked":"Acrobatics+1","floor":48}],"player_experience":1034774,"relics_obtained":[{"floor":7,"key":"StrikeDummy"},{"floor":9,"key":"Sundial"},{"floor":26,"key":"reliquary:TuningFork"},{"floor":27,"key":"Blood Vial"},{"floor":31,"key":"jedi:gremlinknob"},{"floor":40,"key":"reliquary:RadioactivePellet"},{"floor":42,"key":"Replay:PocketPolymizer"},{"floor":43,"key":"jedi:heavyjacket"},{"floor":45,"key":"conspire:TopHat"}],"event_choices":[{"damage_healed":0,"gold_gain":71,"player_choice":"Gained Gold","damage_taken":0,"max_hp_gain":0,"max_hp_loss":0,"event_name":"Golden Wing","floor":2,"gold_loss":0},{"damage_healed":0,"gold_gain":0,"player_choice":"Ignored","damage_taken":0,"max_hp_gain":0,"max_hp_loss":0,"event_name":"NoteForYourself","floor":4,"gold_loss":0},{"damage_healed":0,"gold_gain":0,"player_choice":"Leave","damage_taken":0,"max_hp_gain":0,"max_hp_loss":0,"event_name":"conspire:Investor","floor":14,"gold_loss":0},{"damage_healed":11,"gold_gain":0,"player_choice":"Full Heal","damage_taken":0,"max_hp_gain":0,"max_hp_loss":0,"event_name":"Wheel of Change","floor":20,"gold_loss":0},{"damage_healed":0,"gold_gain":0,"player_choice":"Read","damage_taken":0,"max_hp_gain":0,"max_hp_loss":0,"event_name":"The Library","floor":24,"gold_loss":0,"cards_obtained":["Prepared"]},{"damage_healed":0,"gold_gain":0,"player_choice":"Traded Relic","damage_taken":0,"relics_obtained":["Nloth\u0027s Gift"],"max_hp_gain":0,"max_hp_loss":0,"event_name":"N\u0027loth","floor":28,"relics_lost":["REME_ComplimentaryCards"],"gold_loss":0},{"damage_healed":0,"gold_gain":0,"player_choice":"Copied","damage_taken":0,"max_hp_gain":0,"max_hp_loss":0,"event_name":"Duplicator","floor":44,"gold_loss":0,"cards_obtained":["Adrenaline"]}],"is_beta":false,"boss_relics":[{"not_picked":["Black Star","aspiration:BeakedSkillbook"],"picked":"beaked:MawFillet"},{"not_picked":["Replay:Ancient Bell","reliquary:WritOfMandamus"],"picked":"Ring of the Serpent"}],"items_purged_floors":[21,41],"is_endless":false,"potions_floor_spawned":[1,11,16,22,29,33,36,45,46,48],"ascension_level":1}}