{"host":"l84l8xigz5v5foa2","time":1611834404,"event":{"mods":["2.2 Compatiblity","AchievementEnabler","BaseMod","Better Note","Better Vampires","Card Filter","Colored Map","DeckTracker","Downfall","Gremlin Skip","Highlight Path","Keyboard Shortcuts","Minty Spire (QoL Compilation)","Permanent Neow","Quick Restart","Relic Filter","Relic Stats","StSLib","SuperFastMode","Transform Curses","Unknown Chances"],"gold_per_floor":[99,109,124,138,202,202,227,245,274,274,5,5,5,18,36,140,140,140,150,35,35,35,51,51,86,86,71,82,82,117,117,128,128,128,128],"floor_reached":33,"language":"ENG","playtime":2494,"items_purged":["bronze:Strike","bronze:Strike"],"score":341,"play_id":"9738730c-48eb-43df-8029-6f8669122ca0","local_time":"20210128204644","is_ascension_mode":true,"campfire_choices":[{"data":"bronze:Goto","floor":1.0,"key":"SMITH"},{"data":"bronze:Overheat","floor":6.0,"key":"SMITH"},{"data":"bronze:RecursiveStrike","floor":10.0,"key":"SMITH"},{"data":"bronze:InfiniteLoop","floor":13.0,"key":"SMITH"},{"data":"bronze:CutThrough","floor":18.0,"key":"SMITH"},{"data":"bronze:BitShift","floor":26.0,"key":"SMITH"},{"data":"bronze:Assembly","floor":29.0,"key":"SMITH"}],"circlet_count":0,"master_deck":["bronze:Strike","bronze:Strike","bronze:Defend","bronze:Defend","bronze:Defend","bronze:Defend","bronze:Replicate","bronze:Goto+1","Trip","bronze:Overheat+1","bronze:Repair","bronze:OilSpill","bronze:Fortify","bronze:RecursiveStrike+1","bronze:Assembly+1","bronze:InfiniteLoop+1","bronze:Repulsor+1","bronze:CutThrough+1","bronze:Boost","bronze:Format","bronze:CutThrough+1","bronze:BitShift+1","bronze:Terminator","bronze:Frontload","bronze:MaxOutput+1","bronze:Philosophize","bronze:ForLoop"],"relics":["bronze:BronzeCore","Frozen Egg 2","sneckomod:BlankCard","Bottled Flame","Philosopher\u0027s Stone","bronze:BottledCode","Kunai","Centennial Puzzle","Calipers","Shuriken"],"acts_visited":["TheCity"],"potions_floor_usage":[30,33],"damage_taken":[{"damage":0.0,"enemies":"Small Slimes","floor":2.0,"turns":3.0},{"damage":2.0,"enemies":"Jaw Worm","floor":3.0,"turns":3.0},{"damage":0.0,"enemies":"Cultist","floor":4.0,"turns":2.0},{"damage":19.0,"enemies":"3 Sentries","floor":5.0,"turns":7.0},{"damage":0.0,"enemies":"Blue Slaver","floor":8.0,"turns":3.0},{"damage":16.0,"enemies":"Gremlin Nob","floor":9.0,"turns":3.0},{"damage":5.0,"enemies":"downfall:FleeingMerchant","floor":11.0,"turns":4.0},{"damage":5.0,"enemies":"Gremlin Gang","floor":14.0,"turns":3.0},{"damage":4.0,"enemies":"Large Slime","floor":15.0,"turns":5.0},{"damage":4.0,"enemies":"SI_SHIV_ARCHETYPE","floor":16.0,"turns":5.0},{"damage":8.0,"enemies":"Shell Parasite","floor":19.0,"turns":4.0},{"damage":5.0,"enemies":"downfall:FleeingMerchant","floor":20.0,"turns":4.0},{"damage":21.0,"enemies":"3 Byrds","floor":23.0,"turns":4.0},{"damage":0.0,"enemies":"Book of Stabbing","floor":25.0,"turns":2.0},{"damage":0.0,"enemies":"downfall:FleeingMerchant","floor":27.0,"turns":4.0},{"damage":0.0,"enemies":"Centurion and Healer","floor":28.0,"turns":3.0},{"damage":9,"enemies":"Slavers","floor":30,"turns":4},{"damage":9,"enemies":"Snecko","floor":32,"turns":5},{"damage":56,"enemies":"IC_MUSHROOM_ARCHETYPE","floor":33,"turns":8}],"seed_played":"-6560754006626279353","potions_obtained":[{"floor":4.0,"key":"Swift Potion"},{"floor":5.0,"key":"EssenceOfSteel"},{"floor":14.0,"key":"DistilledChaos"},{"floor":25.0,"key":"sneckomod:MuddlingPotion"},{"floor":28.0,"key":"DistilledChaos"},{"floor":30,"key":"Strength Potion"}],"is_trial":false,"path_per_floor":["R","M","M","M","?","R","T","M","E","R","$","?","R","M","M","B",null,"R","M","$","?","?","M","T","E","R","$","M","R","E","T","M","B"],"character_chosen":"THE_AUTOMATON","items_purchased":["bronze:InfiniteLoop","bronze:Repulsor+1"],"campfire_rested":0,"item_purchase_floors":[11,11],"current_hp_per_floor":[70,70,68,68,56,56,56,56,47,47,49,49,49,44,47,50,70,70,62,57,57,57,39,39,46,46,53,60,60,51,51,49,0,0,0],"gold":128,"neow_bonus":"RANDOM_COLORLESS","is_daily":false,"chose_seed":false,"campfire_upgraded":7,"win_rate":0.0,"timestamp":1611834404,"path_taken":["R","M","M","M","?","R","T","M","E","R","$","?","R","M","M","BOSS","R","M","$","?","?","M","T","E","R","?","M","R","E","?","M","BOSS"],"items_purchased_type":["Card","Card"],"build_version":"2020-12-22","purchased_purges":2,"victory":false,"max_hp_per_floor":[70,70,70,70,70,70,70,70,70,70,70,70,70,70,70,70,70,70,70,70,70,60,60,60,60,60,60,60,60,60,60,60,60,60,60],"relic_stats":{"Centennial Puzzle":[9],"counters":[19,76],"Shuriken":[3],"Kunai":[13],"obtain_stats":[{"bronze:BottledCode":22,"Bottled Flame":9,"Centennial Puzzle":25,"bronze:BronzeCore":0,"Calipers":30,"Shuriken":31,"sneckomod:BlankCard":7,"Philosopher\u0027s Stone":17,"Kunai":24,"Frozen Egg 2":5},{"bronze:BottledCode":12,"Bottled Flame":6,"Centennial Puzzle":14,"bronze:BronzeCore":0,"Calipers":17,"Shuriken":17,"sneckomod:BlankCard":4,"Philosopher\u0027s Stone":10,"Kunai":13,"Frozen Egg 2":4},{"bronze:BottledCode":46,"Bottled Flame":21,"Centennial Puzzle":52,"bronze:BronzeCore":0,"Calipers":63,"Shuriken":63,"sneckomod:BlankCard":15,"Philosopher\u0027s Stone":38,"Kunai":50,"Frozen Egg 2":15}]},"card_choices":[{"not_picked":["Forethought","Enlightenment"],"picked":"Trip","floor":0.0},{"not_picked":["bronze:Separator","bronze:Frontload","bronze:Branch"],"picked":"SKIP","floor":2.0},{"not_picked":["bronze:ItsAFeature","bronze:Repulsor"],"picked":"bronze:Overheat","floor":3.0},{"not_picked":["bronze:BitShift","bronze:WildBeam"],"picked":"bronze:Repair","floor":4.0},{"not_picked":["bronze:Branch","bronze:CloningBeam"],"picked":"bronze:OilSpill","floor":5.0},{"not_picked":["bronze:Philosophize","bronze:Frontload"],"picked":"bronze:Fortify","floor":8.0},{"not_picked":["bronze:OilSpill","bronze:Constructor"],"picked":"bronze:RecursiveStrike","floor":9.0},{"not_picked":["bronze:Fortify","bronze:DelayedSlice"],"picked":"bronze:Assembly","floor":11.0},{"not_picked":["bronze:ForceShield","bronze:Turbo"],"picked":"bronze:CutThrough","floor":14.0},{"not_picked":["bronze:ForceShield","bronze:InfiniteBeams+1"],"picked":"bronze:Boost","floor":15.0},{"not_picked":["bronze:Break","bronze:Verify+1"],"picked":"bronze:Format","floor":16.0},{"not_picked":["bronze:Fortify","bronze:BronzeArmor"],"picked":"bronze:CutThrough+1","floor":19.0},{"not_picked":["bronze:Fortify","bronze:WildBeam"],"picked":"bronze:BitShift","floor":20.0},{"not_picked":["bronze:WildBeam+1","bronze:Iterate+1"],"picked":"bronze:Frontload","floor":23.0},{"not_picked":["bronze:Repulsor+1","bronze:Backtrace"],"picked":"bronze:MaxOutput+1","floor":25.0},{"not_picked":["bronze:Invalidate","bronze:Turbo","bronze:Constructor"],"picked":"SKIP","floor":27.0},{"not_picked":["bronze:Optimize+1","bronze:ShipIt","bronze:BugBarrage"],"picked":"SKIP","floor":28.0},{"not_picked":["bronze:Repair+1","bronze:Terminator"],"picked":"bronze:Philosophize","floor":30},{"not_picked":["bronze:Invalidate","bronze:DelayedSlice"],"picked":"bronze:ForLoop","floor":32}],"player_experience":3473800,"relics_obtained":[{"floor":5.0,"key":"Frozen Egg 2"},{"floor":7.0,"key":"sneckomod:BlankCard"},{"floor":9.0,"key":"Bottled Flame"},{"floor":24.0,"key":"Kunai"},{"floor":25.0,"key":"Centennial Puzzle"},{"floor":30,"key":"Calipers"},{"floor":31,"key":"Shuriken"}],"event_choices":[{"damage_healed":0.0,"max_hp_gain":0.0,"max_hp_loss":0.0,"gold_gain":0.0,"event_name":"The Library","player_choice":"Read","floor":21.0,"gold_loss":0.0,"damage_taken":0.0,"cards_obtained":["bronze:Terminator"]}],"is_beta":false,"boss_relics":[{"not_picked":["SacredBark","Empty Cage"],"picked":"Philosopher\u0027s Stone"}],"items_purged_floors":[11,20],"is_endless":false,"potions_floor_spawned":[4,5,14,25,28,30],"killed_by":"IC_MUSHROOM_ARCHETYPE","ascension_level":2}}