{"host":"gk9qdtkqd8dwfeg2","time":1611849208,"event":{"mods":["Aspiration","BaseMod","Colored Powertips","Downfall","Minty Spire (QoL Compilation)","Quick Restart","Replay The Spire","Shop Mod","StSLib","TestMod","The Servant 0.9.4","Waifu the Spire","WarShipGirlsR/战舰少女R mod","【遗物卡牌】REMEMod"],"gold_per_floor":[112,112,112,32,57,92,38,62,89,29,29,29,29,63,63,63,63],"floor_reached":16,"language":"ZHS","playtime":357,"items_purged":[],"score":262,"play_id":"ed8181fb-ad28-41d5-95c1-6a7329734e03","local_time":"20210128235328","is_ascension_mode":true,"campfire_choices":[{"data":"REME_Scribble","floor":11,"key":"SMITH"},{"data":"Spot Weakness","floor":13,"key":"SMITH"},{"data":"Armaments","floor":15,"key":"SMITH"}],"circlet_count":0,"master_deck":["AscendersBane","Strike_R","Strike_R","Strike_R","Strike_R","Strike_R","Defend_R","Defend_R","Defend_R","Defend_R","Bash","rmod:diaomin","FlawlessForm","Spot Weakness+1","Power Through","Blood for Blood","Rupture+1","REME_Scribble+1","Armaments+1"],"relics":["Burning Blood","testmod-TestBox","testmod-Déjàvu","NeowsBlessing","REME_ComplimentaryCards","Golden Idol","Ginger","Toy Ornithopter","Bag of Preparation"],"acts_visited":["Exordium"],"potions_floor_usage":[14],"damage_taken":[{"damage":0.0,"enemies":"Jaw Worm","floor":1.0,"turns":1.0},{"damage":0.0,"enemies":"Small Slimes","floor":5.0,"turns":2.0},{"damage":0.0,"enemies":"Lagavulin","floor":6.0,"turns":1.0},{"damage":3,"enemies":"2 Louse","floor":8,"turns":4},{"damage":0,"enemies":"Looter","floor":10,"turns":5},{"damage":33,"enemies":"Replay:BlueRogue","floor":14,"turns":3},{"damage":50,"enemies":"Slime Boss","floor":16,"turns":10}],"seed_played":"4530161882419678084","potions_obtained":[{"floor":5.0,"key":"bronze:BurnAndBuffPotion"},{"floor":8,"key":"DistilledChaos"}],"is_trial":false,"path_per_floor":["M","?","?","$","M","E","$","M","T","M","R","$","R","E","R","B"],"character_chosen":"IRONCLAD","items_purchased":["Spot Weakness","Rupture+1"],"campfire_rested":0,"item_purchase_floors":[4,7],"current_hp_per_floor":[74,74,48,48,54,60,60,63,63,69,69,69,69,50,50,3,3],"gold":63,"neow_bonus":"THREE_ENEMY_KILL","is_daily":false,"chose_seed":false,"campfire_upgraded":3,"win_rate":0.0,"timestamp":1611849208,"path_taken":["M","?","?","?","M","E","$","M","T","M","R","$","R","E","R","BOSS"],"items_purchased_type":["Card","Card"],"build_version":"2020-12-22","purchased_purges":0,"victory":false,"max_hp_per_floor":[75,75,75,75,75,75,75,75,75,75,75,75,75,78,78,81,81],"card_choices":[{"not_picked":["Searing Blow","Massacre","Wild Strike"],"picked":"SKIP","floor":1.0},{"not_picked":["Life Link","Entrench"],"picked":"Power Through","floor":5.0},{"not_picked":["Heavy Blade","Wild Strike"],"picked":"Blood for Blood","floor":6.0},{"not_picked":["Replay:Undeath\u0027s Touch","Metallicize","Pommel Strike"],"picked":"SKIP","floor":8},{"not_picked":["Replay:Undeath\u0027s Touch","Armaments"],"picked":"REME_Scribble","floor":10},{"not_picked":["Run Through","Inflame"],"picked":"Armaments","floor":14}],"player_experience":763236,"relics_obtained":[{"floor":6.0,"key":"Ginger"},{"floor":9,"key":"Toy Ornithopter"},{"floor":14,"key":"Bag of Preparation"}],"event_choices":[{"damage_healed":0.0,"max_hp_gain":0.0,"max_hp_loss":0.0,"gold_gain":0.0,"event_name":"给自己的盒子","player_choice":"Swap Relic","floor":2.0,"relics_lost":["REME_ComplimentaryCards"],"gold_loss":0.0,"damage_taken":0.0,"relics_obtained":["REME_ComplimentaryCards"]},{"damage_healed":0.0,"max_hp_gain":0.0,"max_hp_loss":0.0,"gold_gain":0.0,"event_name":"Golden Idol","player_choice":"Take Damage","floor":3.0,"gold_loss":0.0,"damage_taken":26.0,"relics_obtained":["Golden Idol"]}],"is_beta":false,"boss_relics":[],"items_purged_floors":[],"is_endless":false,"potions_floor_spawned":[5,8],"killed_by":"Slime Boss","ascension_level":20}}