{"host":"gaqyve1328ta0etl","time":1611871579,"event":{"mods":["BaseMod","Colored Map","Colored Powertips","Googly Eyes","Minty Spire (QoL Compilation)","Shop Mod","StSLib","SuperFastMode","The Hierophant","The Runesmith"],"gold_per_floor":[110,110,35,135,155,155,168,179,179,129,129,163,182,214,214,214,214],"floor_reached":16,"language":"ENG","playtime":409,"items_purged":["Strike_B"],"score":203,"play_id":"d676df84-fbdd-4b6f-9676-dbf0e1a7b4d4","local_time":"20210128140619","is_ascension_mode":true,"campfire_choices":[{"data":"Ball Lightning","floor":6,"key":"SMITH"},{"data":"Beam Cell","floor":11,"key":"SMITH"},{"floor":15,"key":"REST"}],"circlet_count":0,"master_deck":["AscendersBane","Strike_B","Defend_B","Defend_B","Defend_B","Defend_B","Zap+1","Dualcast","Ball Lightning+1","Beam Cell+1","Coolheaded","Core Surge"],"relics":["Cracked Core","Question Card","Mummified Hand","The Courier"],"acts_visited":["Exordium"],"potions_floor_usage":[12,14,16],"damage_taken":[{"damage":2,"enemies":"Jaw Worm","floor":1,"turns":4},{"damage":4,"enemies":"2 Louse","floor":5,"turns":3},{"damage":0,"enemies":"Cultist","floor":7,"turns":3},{"damage":4,"enemies":"Large Slime","floor":8,"turns":4},{"damage":39,"enemies":"Gremlin Nob","floor":12,"turns":4},{"damage":8,"enemies":"Blue Slaver","floor":13,"turns":2},{"damage":0,"enemies":"Lagavulin","floor":14,"turns":4},{"damage":27,"enemies":"Slime Boss","floor":16,"turns":8}],"seed_played":"3075094017527243050","potions_obtained":[{"floor":1,"key":"LiquidBronze"},{"floor":7,"key":"DuplicationPotion"},{"floor":13,"key":"Weak Potion"},{"floor":14,"key":"ColorlessPotion"}],"is_trial":false,"path_per_floor":["M","?","$","?","M","R","M","M","T","?","R","E","M","E","R","B"],"character_chosen":"DEFECT","items_purchased":[],"campfire_rested":1,"item_purchase_floors":[],"current_hp_per_floor":[66,59,59,59,55,55,55,51,51,51,51,12,4,4,26,0,0],"gold":214,"neow_bonus":"UPGRADE_CARD","is_daily":false,"chose_seed":false,"campfire_upgraded":2,"win_rate":0.0,"timestamp":1611871579,"path_taken":["M","?","$","?","?","R","M","M","T","?","R","E","M","E","R","BOSS"],"items_purchased_type":[],"build_version":"2020-12-22","purchased_purges":1,"victory":false,"max_hp_per_floor":[75,75,75,75,75,75,75,75,75,75,75,75,75,75,75,75,75],"card_choices":[{"not_picked":["Blizzard","Stack"],"picked":"Ball Lightning","floor":1},{"not_picked":["Leap","Hologram","Reinforced Body"],"picked":"SKIP","floor":5},{"not_picked":["Streamline","Recycle"],"picked":"Beam Cell","floor":7},{"not_picked":["Stack","Hello World","Beam Cell"],"picked":"SKIP","floor":8},{"not_picked":["Stack","Aggregate","Lockon","Hello World"],"picked":"SKIP","floor":12},{"not_picked":["Leap","Recycle","Beam Cell"],"picked":"Coolheaded","floor":13},{"not_picked":["Aggregate","Go for the Eyes","Recycle"],"picked":"Core Surge","floor":14}],"player_experience":2050765,"relics_obtained":[{"floor":9,"key":"Question Card"},{"floor":12,"key":"Mummified Hand"},{"floor":14,"key":"The Courier"}],"event_choices":[{"cards_removed":["Strike_B"],"damage_healed":0,"gold_gain":0,"player_choice":"Card Removal","damage_taken":7,"max_hp_gain":0,"max_hp_loss":0,"event_name":"Golden Wing","floor":2,"gold_loss":0},{"damage_healed":0,"gold_gain":100,"player_choice":"Pray","damage_taken":0,"max_hp_gain":0,"max_hp_loss":0,"event_name":"Golden Shrine","floor":4,"gold_loss":0},{"cards_removed":["Strike_B"],"damage_healed":0,"gold_gain":0,"player_choice":"Card Removal","damage_taken":0,"max_hp_gain":0,"max_hp_loss":0,"event_name":"The Cleric","floor":10,"gold_loss":50}],"is_beta":false,"boss_relics":[],"items_purged_floors":[3],"is_endless":false,"potions_floor_spawned":[1,7,13,14],"killed_by":"Slime Boss","ascension_level":10}}