{"host":"ty2cix8xj6r3ad26","time":1611871046,"event":{"mods":["AchievementEnabler","BaseMod","BetterRewards","Minty Spire (QoL Compilation)","Quick Restart","Robot Space Explorer","StSLib","SuperFastMode","The Hierophant"],"gold_per_floor":[111,122,122,134,145,145,145,163,213,213,232,232,242,69,69,171,171,188,204,204,210,226,271,310,310,310,336,336,336],"floor_reached":28,"language":"ENG","playtime":1577,"items_purged":["hierophant:Strike_Hierophant","hierophant:Defend_Hierophant"],"score":198,"play_id":"e6ef4128-de95-426e-a53c-4a283581ec0f","local_time":"20210128235726","is_ascension_mode":false,"campfire_choices":[{"data":"hierophant:FlamingChariot","floor":6,"key":"SMITH"},{"floor":10,"key":"REST"},{"data":"hierophant:Glossolalia","floor":15,"key":"SMITH"}],"circlet_count":0,"master_deck":["hierophant:Strike_Hierophant","hierophant:Strike_Hierophant","hierophant:Strike_Hierophant","hierophant:Punish","hierophant:Defend_Hierophant","hierophant:Defend_Hierophant","hierophant:Defend_Hierophant","hierophant:ChurchCoffers","hierophant:RepressedViolence","hierophant:Glossolalia+1","hierophant:FlamingChariot+1","hierophant:ThreeLashes","hierophant:ArchangelShield","hierophant:SecretStash","hierophant:FieryStrike+1"],"relics":["hierophant:PropheticMaskRelic","MealTicket","Tiny Chest","Incense Burner","Centennial Puzzle","Regal Pillow","PreservedInsect","SlaversCollar","Strawberry","Mercury Hourglass"],"acts_visited":["Exordium","TheCity"],"potions_floor_usage":[7,16,18,21,22,23,23,24,25],"damage_taken":[{"damage":7,"enemies":"Cultist","floor":1,"turns":5},{"damage":1,"enemies":"Small Slimes","floor":2,"turns":2},{"damage":1,"enemies":"Jaw Worm","floor":4,"turns":2},{"damage":4,"enemies":"Blue Slaver","floor":5,"turns":3},{"damage":22,"enemies":"3 Sentries","floor":7,"turns":4},{"damage":1,"enemies":"Red Slaver","floor":8,"turns":3},{"damage":6,"enemies":"Exordium Wildlife","floor":11,"turns":3},{"damage":2,"enemies":"Blue Slaver","floor":13,"turns":2},{"damage":2,"enemies":"Slime Boss","floor":16,"turns":7},{"damage":5,"enemies":"Chosen","floor":18,"turns":2},{"damage":15,"enemies":"Shell Parasite","floor":19,"turns":5},{"damage":15,"enemies":"Shelled Parasite and Fungi","floor":21,"turns":3},{"damage":3,"enemies":"3 Cultists","floor":22,"turns":4},{"damage":13,"enemies":"Book of Stabbing","floor":23,"turns":3},{"damage":10,"enemies":"Cultist and Chosen","floor":24,"turns":6},{"damage":7,"enemies":"Centurion and Healer","floor":25,"turns":2},{"damage":7,"enemies":"Sentry and Sphere","floor":27,"turns":4},{"damage":8,"enemies":"Snake Plant","floor":28,"turns":2}],"seed_played":"-1712989083098048146","potions_obtained":[{"floor":1,"key":"SmokeBomb"},{"floor":2,"key":"LiquidMemories"},{"floor":8,"key":"AttackPotion"},{"floor":13,"key":"EssenceOfSteel"},{"floor":20,"key":"SneckoOil"},{"floor":20,"key":"BlessingOfTheForge"},{"floor":20,"key":"CultistPotion"},{"floor":22,"key":"SpeedPotion"},{"floor":23,"key":"Block Potion"},{"floor":24,"key":"SmokeBomb"}],"is_trial":false,"path_per_floor":["M","M","?","M","M","R","E","M","T","R","M","T","M","$","R","B",null,"M","M","?","M","M","E","M","M","T","M","M"],"character_chosen":"HIEROPHANT","items_purchased":["MealTicket","Tiny Chest","hierophant:RepressedViolence","hierophant:Glossolalia","hierophant:FlamingChariot","hierophant:ThreeLashes","Incense Burner","hierophant:ArchangelShield"],"campfire_rested":1,"item_purchase_floors":[0,0,0,0,0,0,0,14],"current_hp_per_floor":[33,32,32,31,27,27,5,4,4,41,35,35,33,48,48,46,75,70,55,55,40,37,31,21,14,14,7,0,0],"gold":336,"neow_bonus":"","is_daily":false,"chose_seed":false,"campfire_upgraded":2,"win_rate":0.0,"timestamp":1611871046,"path_taken":["M","?","?","M","?","R","E","M","T","R","M","?","M","$","R","BOSS","M","M","?","M","M","E","M","?","T","M","M"],"items_purchased_type":["Relic","Relic","Card","Card","Card","Card","Relic","Card"],"build_version":"2020-12-22","purchased_purges":2,"victory":false,"max_hp_per_floor":[75,75,75,75,75,75,75,75,75,75,75,75,75,75,75,75,75,75,75,75,75,75,82,82,82,82,82,82,82],"card_choices":[{"not_picked":["hierophant:Purify","hierophant:Zeal","hierophant:AuricShield"],"picked":"SKIP","floor":1},{"not_picked":["hierophant:OrnateJavelin","hierophant:FlamingChariot","hierophant:Encroach"],"picked":"SKIP","floor":2},{"not_picked":["hierophant:FlamingChariot","hierophant:Rebuild","hierophant:Racketeering"],"picked":"SKIP","floor":4},{"not_picked":["hierophant:OrnateBuckler","hierophant:RecallFunds","hierophant:RustyCrate"],"picked":"SKIP","floor":5},{"not_picked":["hierophant:RepressedViolence","hierophant:MirrorShield","hierophant:Remorse"],"picked":"SKIP","floor":8},{"not_picked":["hierophant:Shelter","hierophant:DivineIntervention","hierophant:RepressedViolence"],"picked":"SKIP","floor":11},{"not_picked":["hierophant:AuricBeam","hierophant:Remorse","hierophant:SealAway"],"picked":"SKIP","floor":13},{"not_picked":["hierophant:RustyCrate","hierophant:SealAway","hierophant:Purify"],"picked":"SKIP","floor":18},{"not_picked":["hierophant:Shelter","hierophant:Doomsaying","hierophant:AuricShield+1"],"picked":"SKIP","floor":19},{"not_picked":["hierophant:Encroach","hierophant:ThreeLashes","hierophant:OrnateBuckler"],"picked":"SKIP","floor":21},{"not_picked":["hierophant:OrnateBuckler","hierophant:Patience"],"picked":"hierophant:SecretStash","floor":22},{"not_picked":["hierophant:Smite+1","hierophant:OrnateBuckler"],"picked":"hierophant:FieryStrike+1","floor":23},{"not_picked":["hierophant:EyeForCoin","hierophant:Repentance+1","hierophant:CoinFling"],"picked":"SKIP","floor":24},{"not_picked":["hierophant:RecallFunds+1","hierophant:Smite","hierophant:ThreeLashes"],"picked":"SKIP","floor":27}],"player_experience":509217,"relics_obtained":[{"floor":9,"key":"Regal Pillow"},{"floor":12,"key":"PreservedInsect"},{"floor":23,"key":"Strawberry"},{"floor":26,"key":"Mercury Hourglass"}],"event_choices":[{"damage_healed":0,"gold_gain":0,"player_choice":"Gave Potion","damage_taken":0,"relics_obtained":["Centennial Puzzle"],"max_hp_gain":0,"max_hp_loss":0,"event_name":"WeMeetAgain","floor":3,"gold_loss":0},{"damage_healed":0,"gold_gain":0,"player_choice":"Got Potions","damage_taken":0,"max_hp_gain":0,"max_hp_loss":0,"event_name":"Lab","floor":20,"gold_loss":0}],"is_beta":false,"boss_relics":[{"not_picked":["Coffee Dripper","Cursed Key"],"picked":"SlaversCollar"}],"items_purged_floors":[0,14],"is_endless":false,"potions_floor_spawned":[1,2,8,13,22,23,24,25],"killed_by":"Snake Plant","ascension_level":0}}