{"host":"18wi9kpcl4eah7pe","time":1611817047,"event":{"mods":["BaseMod","Colored Powertips","Downfall","Minty Spire (QoL Compilation)","StSLib"],"gold_per_floor":[99,99,99,99,99,199,245,270,270,270,304,322,222,238,258,360,360,360,376,394,394,409,423,475,505,518,537,366,366,94,94,109,211,211,11,24,98,98,98,133,133,133,29,29,29,55,55,55,66,66,66,97,97,97,97,97,97,97],"floor_reached":56,"language":"ENG","playtime":3354,"items_purged":[],"score":981,"play_id":"ec8e499d-4664-4dd9-a920-2743aefeb4ca","local_time":"20210128005727","is_ascension_mode":true,"campfire_choices":[{"floor":1,"key":"RECALL"},{"floor":13,"key":"REST"},{"data":"champ:DancingMaster","floor":18,"key":"SMITH"},{"data":"champ:GladiatorForm","floor":35,"key":"SMITH"},{"data":"champ:StanceDance","floor":42,"key":"SMITH"},{"floor":44,"key":"REST"},{"data":"champ:ArenaPreparation","floor":54,"key":"SMITH"}],"circlet_count":0,"master_deck":["champ:Strike+1","champ:Strike+1","champ:Defend+1","champ:Defend","champ:Execute","champ:Taunt","champ:ArenaPreparation+1","champ:Circumvent","champ:TornadoPunch","champ:Improvising","champ:IronFortress","champ:Backstep","champ:PreciseThrust","champ:DancingMaster+1","champ:RecklessLeap+1","champ:IronFortress+1","champ:SwordSigil+1","champ:FancyFootwork+1","champ:FanOfKnives+1","champ:ShieldWall","champ:StanceDance+1","champ:GutPunch","champ:Shatter","champ:GladiatorForm+1","champ:Haymaker","champ:ShieldSigil+1","champ:TripleStrike","champ:ShieldSigil+1","expansioncontent:DashGenerateEvil","champ:FlashCut","champ:ViciousMockery","champ:DeathBlow","champ:CalledShot","champ:AdrenalArmor"],"relics":["champ:ChampionCrown","downfall:HeartsMalice","Spirit Poop","Lantern","hexamod:Sixitude","champ:LiftRelic","Thread and Needle","PreservedInsect","downfall:HeartBlessingRed","Astrolabe","Bottled Lightning","Regal Pillow","hexamod:CandleOfCauterizing","Pantograph","Enchiridion","bronze:MakeshiftBattery","downfall:HeartBlessingBlue","downfall:HeartBlessingGreen","Sundial","Juzu Bracelet","Pear","Ginger","Oddly Smooth Stone","The Courier","Blue Candle","champ:SpectersHand"],"acts_visited":["Exordium","TheCity","TheBeyond","TheEnding"],"potions_floor_usage":[11,20,22,25,33,50,50,55,56],"damage_taken":[{"damage":0,"enemies":"2 Louse","floor":2,"turns":1},{"damage":0,"enemies":"Jaw Worm","floor":5,"turns":1},{"damage":0,"enemies":"Gremlin Nob","floor":8,"turns":1},{"damage":21,"enemies":"Lagavulin","floor":11,"turns":5},{"damage":0,"enemies":"Cultist","floor":12,"turns":2},{"damage":2,"enemies":"Large Slime","floor":14,"turns":3},{"damage":0,"enemies":"2 Fungi Beasts","floor":15,"turns":3},{"damage":74,"enemies":"WA_ARCHETYPE_RETAIN","floor":16,"turns":12},{"damage":25,"enemies":"Chosen","floor":19,"turns":4},{"damage":10,"enemies":"Spheric Guardian","floor":20,"turns":2},{"damage":47,"enemies":"Shelled Parasite and Fungi","floor":22,"turns":6},{"damage":7,"enemies":"Cultist and Chosen","floor":23,"turns":6},{"damage":4,"enemies":"Gremlin Leader","floor":25,"turns":5},{"damage":23,"enemies":"Sentry and Sphere","floor":26,"turns":5},{"damage":10,"enemies":"Centurion and Healer","floor":27,"turns":5},{"damage":36,"enemies":"downfall:FleeingMerchant","floor":28,"turns":4},{"damage":30,"enemies":"downfall:FleeingMerchant","floor":30,"turns":4},{"damage":6,"enemies":"Snake Plant","floor":32,"turns":5},{"damage":19,"enemies":"IC_MUSHROOM_ARCHETYPE","floor":33,"turns":6},{"damage":10,"enemies":"3 Darklings","floor":36,"turns":4},{"damage":62,"enemies":"Giant Head","floor":40,"turns":8},{"damage":16,"enemies":"downfall:FleeingMerchant","floor":43,"turns":4},{"damage":46,"enemies":"Nemesis","floor":46,"turns":5},{"damage":35,"enemies":"Orb Walker","floor":49,"turns":2},{"damage":170,"enemies":"SI_POISON_ARCHETYPE","floor":50,"turns":10},{"damage":36,"enemies":"downfall:CharBossMerchant","floor":52,"turns":5},{"damage":98,"enemies":"downfall:NeowBoss","floor":55,"turns":15},{"damage":118,"enemies":"downfall:NeowBossFinal","floor":56,"turns":8}],"seed_played":"3006380137997075298","potions_obtained":[{"floor":8,"key":"SteroidPotion"},{"floor":14,"key":"LiquidMemories"},{"floor":15,"key":"champ:CounterPotion"},{"floor":19,"key":"Ancient Potion"},{"floor":22,"key":"Fruit Juice"},{"floor":27,"key":"sneckomod:MuddlingPotion"},{"floor":32,"key":"SteroidPotion"},{"floor":49,"key":"champ:OpenerPotion"},{"floor":52,"key":"AttackPotion"}],"is_trial":false,"path_per_floor":["R","M","?","?","M","?","T","E","?","?","E","M","R","M","M","B",null,"R","M","M","?","M","M","T","E","M","M","$","?","$","?","M","B",null,"R","M","?","?","?","E","T","R","$","R","?","E","?","?","M","B",null,"E","$","R","B","B"],"character_chosen":"THE_CHAMP","items_purchased":["Regal Pillow","Pantograph","Ginger","Oddly Smooth Stone"],"campfire_rested":2,"item_purchase_floors":[28,30,43,43],"current_hp_per_floor":[90,90,90,90,90,90,90,90,90,65,64,64,90,88,88,44,90,90,90,90,90,73,71,71,67,59,59,53,53,53,37,31,37,95,105,105,105,105,105,88,98,98,82,115,115,74,74,69,64,16,115,104,104,104,82,0,0,0],"gold":97,"neow_bonus":"THREE_ENEMY_KILL","is_daily":false,"chose_seed":false,"campfire_upgraded":4,"win_rate":0.0,"timestamp":1611817047,"path_taken":["R","M","?","?","?","?","T","E","?","?","E","?","R","M","M","BOSS","R","M","M","?","M","M","T","E","M","M","$","?","$","?","M","BOSS","R","M","?","?","?","E","T","R","$","R","?","E","?","?","M","BOSS","E","$","R","BOSS","BOSS"],"items_purchased_type":["Relic","Relic","Relic","Relic"],"build_version":"2020-12-22","purchased_purges":0,"victory":false,"max_hp_per_floor":[90,90,90,90,90,90,90,90,90,90,90,90,90,90,90,90,90,90,90,90,90,95,95,95,95,95,95,95,95,95,95,95,95,95,105,105,105,105,105,105,115,115,115,115,115,115,115,115,115,115,115,115,115,115,115,115,115,115],"card_choices":[{"not_picked":["champ:BerserkersShout","champ:Backstep"],"picked":"champ:ArenaPreparation","floor":2},{"not_picked":["champ:Haymaker","champ:ShieldSlam"],"picked":"champ:Circumvent","floor":5},{"not_picked":["champ:BerserkersShout","champ:Shatter"],"picked":"champ:TornadoPunch","floor":8},{"not_picked":["champ:AdrenalArmor","champ:BerserkersShout"],"picked":"champ:Improvising","floor":11},{"not_picked":["champ:Backstep","champ:ViciousMockery"],"picked":"champ:IronFortress","floor":12},{"not_picked":["champ:Duel","champ:GutPunch"],"picked":"champ:Backstep","floor":14},{"not_picked":["champ:BerserkerStyle","champ:Circumvent"],"picked":"champ:PreciseThrust","floor":15},{"not_picked":["champ:HeavySlash","champ:Improvising"],"picked":"champ:DancingMaster","floor":16},{"not_picked":["champ:EnGarde","champ:BerserkerStyle"],"picked":"champ:BringItOn+1","floor":19},{"not_picked":["champ:BringItOn","champ:FaceSlap+1"],"picked":"champ:FancyFootwork+1","floor":20},{"not_picked":["champ:RapidStrikes","champ:BringItOn+1"],"picked":"champ:FanOfKnives+1","floor":22},{"not_picked":["champ:HoldFirm","champ:CalledShot+1"],"picked":"champ:ShieldWall","floor":23},{"not_picked":["champ:AdrenalArmor","champ:DeathBlow"],"picked":"champ:StanceDance","floor":25},{"not_picked":["champ:TornadoPunch+1","champ:PreciseThrust"],"picked":"champ:GutPunch","floor":26},{"not_picked":["champ:SetATrap","champ:Circumvent"],"picked":"champ:Shatter","floor":27},{"not_picked":["champ:Encircle","champ:EnragedBash+1"],"picked":"champ:GladiatorForm","floor":28},{"not_picked":["champ:RisingSlash","champ:PerfectedStrike"],"picked":"champ:Haymaker","floor":30},{"not_picked":["champ:BladeFlurry","champ:Shatter"],"picked":"champ:ShieldSigil+1","floor":32},{"not_picked":["champ:EnchantShield","champ:StrikeOfGenius"],"picked":"champ:TripleStrike","floor":33},{"not_picked":["champ:AdrenalArmor+1","champ:EndlessRage+1"],"picked":"champ:ShieldSigil+1","floor":36},{"not_picked":["expansioncontent:DecaShield","expansioncontent:InvincibleStrength"],"picked":"expansioncontent:DashGenerateEvil","floor":39},{"not_picked":["champ:BerserkerStyle","champ:DefensiveShout+1"],"picked":"champ:FlashCut","floor":40},{"not_picked":["champ:ShieldThrow","champ:Circumvent+1"],"picked":"champ:ViciousMockery","floor":43},{"not_picked":["champ:CrownThrow+1","champ:ShieldSlam"],"picked":"champ:DeathBlow","floor":46},{"not_picked":["champ:PerfectedStrike+1","champ:FocusedBerserking","champ:BerserkersShout"],"picked":"SKIP","floor":49},{"not_picked":["champ:EndlessRage","champ:PerfectedStrike+1"],"picked":"champ:AdrenalArmor","floor":52}],"player_experience":975713,"relics_obtained":[{"floor":7,"key":"Lantern"},{"floor":8,"key":"hexamod:Sixitude"},{"floor":11,"key":"PreservedInsect"},{"floor":25,"key":"Bottled Lightning"},{"floor":31,"key":"Enchiridion"},{"floor":37,"key":"Sundial"},{"floor":40,"key":"Juzu Bracelet"},{"floor":41,"key":"Pear"},{"floor":46,"key":"The Courier"},{"floor":52,"key":"champ:SpectersHand"}],"event_choices":[{"cards_removed":["downfall:Malfunctioning"],"damage_healed":0,"gold_gain":0,"player_choice":"Offered Curse","damage_taken":0,"relics_obtained":["Spirit Poop"],"max_hp_gain":0,"max_hp_loss":0,"event_name":"Bonfire Elementals","floor":4,"gold_loss":0},{"damage_healed":0,"gold_gain":0,"player_choice":"Success","damage_taken":25,"relics_obtained":["Thread and Needle"],"max_hp_gain":0,"max_hp_loss":0,"event_name":"Scrap Ooze","floor":10,"gold_loss":0},{"damage_healed":0,"gold_gain":0,"player_choice":"Ignored","damage_taken":0,"max_hp_gain":0,"max_hp_loss":0,"event_name":"Vampires","floor":21,"gold_loss":0},{"cards_removed":["champ:BringItOn"],"damage_healed":0,"gold_gain":0,"player_choice":"Removed Skill","damage_taken":0,"max_hp_gain":0,"max_hp_loss":0,"event_name":"Falling","floor":45,"gold_loss":0}],"is_beta":false,"boss_relics":[{"not_picked":["Empty Cage","Philosopher\u0027s Stone"],"picked":"Astrolabe"},{"not_picked":["Pandora\u0027s Box","Black Star"],"picked":"bronze:MakeshiftBattery"}],"items_purged_floors":[],"is_endless":false,"potions_floor_spawned":[8,14,15,19,22,27,32,49,52],"killed_by":"downfall:NeowBossFinal","ascension_level":2}}