{"host":"n7aywsqehmyjh5xy","time":1611801647,"event":{"mods":["BaseMod","Colored Map","Downfall","Minty Spire (QoL Compilation)","StSLib"],"gold_per_floor":[16,31,31,50,61,91,41,55,109,144,157,45,71,89,89,185,185,196,211,211,225,125,125,125],"floor_reached":23,"language":"ENG","playtime":1620,"items_purged":["Strike_B","Defend_B"],"score":324,"play_id":"84683e40-b4e7-4261-b36b-d4ac46a4c6e8","local_time":"20210127214047","is_ascension_mode":true,"campfire_choices":[{"data":"Defragment","floor":15,"key":"SMITH"}],"circlet_count":0,"master_deck":["Strike_B","Strike_B","Defend_B","Defend_B","Defend_B","Zap","Dualcast","Electrodynamics+1","Leap","Go for the Eyes","Steam","Echo Form","Coolheaded","Creative AI","Heatsinks","Conserve Battery","Glacier","Defragment+1","White Noise","Redo+1","Chaos","Chaos+1"],"relics":["Cracked Core","InkBottle","MealTicket","Question Card","Pen Nib","SacredBark"],"acts_visited":["Exordium","TheCity"],"potions_floor_usage":[8,10,10,19,23],"damage_taken":[{"damage":9,"enemies":"Jaw Worm","floor":1,"turns":4},{"damage":0,"enemies":"Small Slimes","floor":2,"turns":3},{"damage":0,"enemies":"2 Louse","floor":4,"turns":1},{"damage":0,"enemies":"Gremlin Gang","floor":5,"turns":2},{"damage":0,"enemies":"Lagavulin","floor":6,"turns":6},{"damage":3,"enemies":"Large Slime","floor":8,"turns":3},{"damage":25,"enemies":"Gremlin Nob","floor":10,"turns":4},{"damage":0,"enemies":"Blue Slaver","floor":11,"turns":4},{"damage":10,"enemies":"3 Sentries","floor":13,"turns":6},{"damage":1,"enemies":"2 Fungi Beasts","floor":14,"turns":3},{"damage":19,"enemies":"Slime Boss","floor":16,"turns":6},{"damage":16,"enemies":"Shell Parasite","floor":18,"turns":12},{"damage":0,"enemies":"2 Thieves","floor":19,"turns":4},{"damage":36,"enemies":"Snecko","floor":21,"turns":7},{"damage":29,"enemies":"Gremlin Leader","floor":23,"turns":5}],"seed_played":"4890993137923370560","potions_obtained":[{"floor":1,"key":"SkillPotion"},{"floor":2,"key":"SkillPotion"},{"floor":6,"key":"AttackPotion"},{"floor":10,"key":"Swift Potion"},{"floor":11,"key":"Strength Potion"},{"floor":21,"key":"GamblersBrew"}],"is_trial":false,"path_per_floor":["M","M","?","M","M","E","?","M","T","E","M","$","E","M","R","B",null,"M","M","?","M","$","E"],"character_chosen":"DEFECT","items_purchased":["Glacier"],"campfire_rested":0,"item_purchase_floors":[12],"current_hp_per_floor":[59,59,59,59,59,59,59,56,56,31,31,46,36,35,35,16,60,44,44,44,8,23,0,0],"gold":125,"neow_bonus":"THREE_RARE_CARDS","is_daily":false,"chose_seed":false,"campfire_upgraded":1,"win_rate":0.0,"timestamp":1611801647,"path_taken":["M","M","?","M","M","E","?","M","T","E","M","$","E","M","R","BOSS","M","M","?","M","?","E"],"items_purchased_type":["Card"],"build_version":"2020-12-22","purchased_purges":2,"victory":false,"max_hp_per_floor":[75,75,75,75,75,75,75,75,75,75,75,75,75,75,75,75,75,75,75,75,75,75,75,75],"card_choices":[{"not_picked":["Meteor Strike","Amplify"],"picked":"Electrodynamics","floor":0},{"not_picked":["Static Discharge","Ball Lightning"],"picked":"Leap","floor":1},{"not_picked":["Gash","Rebound"],"picked":"Go for the Eyes","floor":2},{"not_picked":["Double Energy","Rip and Tear"],"picked":"Steam","floor":4},{"not_picked":["Streamline","Static Discharge"],"picked":"Echo Form","floor":5},{"not_picked":["Beam Cell","Conserve Battery"],"picked":"Coolheaded","floor":6},{"not_picked":["Rebound","Darkness"],"picked":"Creative AI","floor":8},{"not_picked":["Lockon","Gash"],"picked":"Heatsinks","floor":10},{"not_picked":["Stack","Chill","Electrodynamics"],"picked":"Conserve Battery","floor":11},{"not_picked":["Undo","Leap","BootSequence"],"picked":"Defragment","floor":13},{"not_picked":["Coolheaded","Genetic Algorithm","Gash"],"picked":"White Noise","floor":14},{"not_picked":["Leap","Sweeping Beam","Steam"],"picked":"Redo+1","floor":18},{"not_picked":["Gash+1","Leap","Ball Lightning"],"picked":"Chaos","floor":19},{"not_picked":["Darkness+1","Go for the Eyes","Ball Lightning"],"picked":"Chaos+1","floor":21}],"player_experience":171097,"relics_obtained":[{"floor":6,"key":"InkBottle"},{"floor":9,"key":"MealTicket"},{"floor":10,"key":"Question Card"},{"floor":13,"key":"Pen Nib"}],"event_choices":[{"damage_healed":0,"gold_gain":0,"player_choice":"Grow","damage_taken":0,"max_hp_gain":0,"max_hp_loss":0,"event_name":"Living Wall","floor":3,"gold_loss":0,"cards_upgraded":["Electrodynamics"]},{"cards_removed":["Strike_B"],"damage_healed":0,"gold_gain":0,"player_choice":"Card Removal","damage_taken":0,"max_hp_gain":0,"max_hp_loss":0,"event_name":"The Cleric","floor":7,"gold_loss":50}],"is_beta":false,"boss_relics":[{"not_picked":["Philosopher\u0027s Stone","Busted Crown"],"picked":"SacredBark"}],"items_purged_floors":[12,22],"is_endless":false,"potions_floor_spawned":[1,2,6,10,11,21],"killed_by":"Gremlin Leader","ascension_level":7}}