{"host":"r53pw7z744tg3fxg","time":1611861793,"event":{"mods":["AchievementEnabler","BaseMod","Colored Map","Colored Powertips","Highlight Path","Minty Spire (QoL Compilation)","Quick Restart","Transform Curses"],"gold_per_floor":[111,111,19,19,19,19,55,68,68,82,82,103,103,154,154,253,253,232,232,232],"floor_reached":19,"language":"ENG","playtime":620,"items_purged":[],"score":441,"play_id":"e7a43bcf-a3d0-41f0-9e37-247a1aa9cba2","local_time":"20210128122313","is_ascension_mode":true,"campfire_choices":[{"data":"Discovery","floor":6,"key":"SMITH"},{"floor":13,"key":"REST"},{"floor":15,"key":"REST"}],"circlet_count":0,"master_deck":["AscendersBane","Strike_P","Strike_P","Strike_P","Strike_P","Defend_P","Defend_P","Defend_P","Defend_P","Eruption+1","Vigilance","Consecrate","Discovery+1","DeceiveReality","Worship","ClearTheMind","BowlingBash","Devotion","Judgement","ThirdEye"],"relics":["PureWater","Golden Idol","Sundial","Pear","White Beast Statue","VioletLotus"],"acts_visited":["Exordium","TheCity"],"potions_floor_usage":[1,1,1,7,10,14,14,16,19],"damage_taken":[{"damage":9,"enemies":"Jaw Worm","floor":1,"turns":4},{"damage":46,"enemies":"Gremlin Nob","floor":7,"turns":5},{"damage":0,"enemies":"2 Louse","floor":8,"turns":2},{"damage":20,"enemies":"Small Slimes","floor":10,"turns":5},{"damage":0,"enemies":"Blue Slaver","floor":12,"turns":3},{"damage":5,"enemies":"3 Sentries","floor":14,"turns":5},{"damage":0,"enemies":"Slime Boss","floor":16,"turns":5},{"damage":11,"enemies":"2 Thieves","floor":18,"turns":4},{"damage":100065,"enemies":"Masked Bandits","floor":19,"turns":7}],"seed_played":"5811753658152907365","potions_obtained":[{"floor":1,"key":"EntropicBrew"},{"floor":8,"key":"PowerPotion"},{"floor":12,"key":"ColorlessPotion"},{"floor":14,"key":"Ambrosia"},{"floor":16,"key":"SmokeBomb"},{"floor":18,"key":"EssenceOfSteel"}],"is_trial":false,"path_per_floor":["M","?","$","?","?","R","E","M","T","M","?","M","R","E","R","B",null,"M","?"],"character_chosen":"WATCHER","items_purchased":["Discovery"],"campfire_rested":2,"item_purchase_floors":[3],"current_hp_per_floor":[63,63,63,63,63,63,17,17,27,7,7,7,33,28,54,54,80,69,0,0],"gold":232,"neow_bonus":"TEN_PERCENT_HP_BONUS","is_daily":false,"chose_seed":false,"campfire_upgraded":1,"win_rate":0.0,"timestamp":1611861793,"path_taken":["M","?","$","?","?","R","E","M","T","?","?","?","R","E","R","BOSS","M","?"],"items_purchased_type":["Card"],"build_version":"2020-12-22","purchased_purges":0,"victory":false,"max_hp_per_floor":[79,79,79,79,79,79,79,79,89,89,89,89,89,89,89,89,89,89,89,89],"card_choices":[{"not_picked":["TalkToTheHand","EmptyFist"],"picked":"Consecrate","floor":1},{"not_picked":["Wish","JustLucky"],"picked":"DeceiveReality","floor":7},{"not_picked":["SandsOfTime","Sanctity"],"picked":"Worship","floor":8},{"not_picked":["Weave","Crescendo"],"picked":"ClearTheMind","floor":10},{"not_picked":["EmptyFist","FlurryOfBlows"],"picked":"BowlingBash","floor":12},{"not_picked":["SashWhip","Wireheading"],"picked":"Devotion","floor":14},{"not_picked":["DeusExMachina","Brilliance"],"picked":"Judgement","floor":16},{"not_picked":["FlyingSleeves","Fasting2"],"picked":"ThirdEye","floor":18}],"player_experience":1381200,"relics_obtained":[{"floor":7,"key":"Sundial"},{"floor":9,"key":"Pear"},{"floor":14,"key":"White Beast Statue"}],"event_choices":[{"damage_healed":0,"gold_gain":0,"player_choice":"Ignored","damage_taken":0,"max_hp_gain":0,"max_hp_loss":0,"event_name":"Golden Wing","floor":2,"gold_loss":0},{"damage_healed":0,"gold_gain":0,"player_choice":"Grow","damage_taken":0,"max_hp_gain":0,"max_hp_loss":0,"event_name":"Living Wall","floor":4,"gold_loss":0,"cards_upgraded":["Eruption"]},{"damage_healed":0,"gold_gain":0,"player_choice":"Take Wound","damage_taken":0,"relics_obtained":["Golden Idol"],"max_hp_gain":0,"max_hp_loss":0,"event_name":"Golden Idol","floor":5,"gold_loss":0,"cards_obtained":["Injury"]},{"cards_removed":["Injury"],"damage_healed":0,"gold_gain":0,"player_choice":"Purged","damage_taken":0,"max_hp_gain":0,"max_hp_loss":0,"event_name":"Purifier","floor":11,"gold_loss":0},{"damage_healed":0,"gold_gain":0,"player_choice":"Fought Bandits","damage_taken":0,"max_hp_gain":0,"max_hp_loss":0,"event_name":"Masked Bandits","floor":19,"gold_loss":0}],"is_beta":false,"boss_relics":[{"not_picked":["Philosopher\u0027s Stone","Ectoplasm"],"picked":"VioletLotus"}],"items_purged_floors":[],"is_endless":false,"potions_floor_spawned":[1,8,12,14,16,18],"killed_by":"Masked Bandits","ascension_level":17}}