{"host":"8ef2eyqaps3igadt","time":1611859552,"event":{"mods":["AchievementEnabler","Act Like it!","Aspiration","BaseMod","Better Altar","Better Match","Better Skull","Better Third Choice","Better Vampires","BetterRewards","Conspire","Curses Come First","Defuse TimeMaze Blight","Disable Question Mark Monsters","Displayed Cursed Tome","Energized Spire","Fox Events","GifTheSpireLib","Hallownest","Highlight Path","Hubris","Infinite Spire","Marked Mod","Mimic Mod","Minty Spire (QoL Compilation)","Quick Restart","Replay The Spire","Shop Mod","Spicy Shops","Spikes Relics","StS++","StSLib","Stuff the Spire","SuperFastMode","The Marked","Trackpad","Unceasing Turn Reminder","Virulent Crown","Wandering Minibosses"],"gold_per_floor":[116,116,116,136,136,163,174,205,237,269,284,284,242,254,254,254,254],"floor_reached":16,"language":"ENG","playtime":410,"items_purged":[],"score":145,"play_id":"9c4ed7a0-e7a6-4942-b50d-9765773e7c58","local_time":"20210128194552","is_ascension_mode":false,"campfire_choices":[{"floor":12,"key":"REST"},{"data":"StSpp:FiercePoison","floor":15,"key":"SMITH"}],"circlet_count":0,"master_deck":["Strike_G","Strike_G","Strike_G","Strike_G","Strike_G","Defend_G","Defend_G","Defend_G","Defend_G","Defend_G","Survivor","Neutralize","StSpp:FiercePoison+1","Poisoned Stab","Flying Knee","Dash","Unload","StSpp:AbandonFlesh","Dagger Spray","Choke"],"relics":["Ring of the Snake","NeowsBlessing","hubris:Towel","hubris:Potato","Oddly Smooth Stone","PreservedInsect","Anchor","CherryCoatedStake","betterThird:SlimedRelic"],"acts_visited":["Exordium"],"potions_floor_usage":[],"damage_taken":[{"damage":0,"enemies":"2 Louse","floor":1,"turns":1},{"damage":0,"enemies":"Cultist","floor":4,"turns":1},{"damage":0,"enemies":"Gremlin Nob","floor":6,"turns":1},{"damage":2,"enemies":"Small Slimes","floor":7,"turns":4},{"damage":36,"enemies":"3 Sentries","floor":8,"turns":10},{"damage":0,"enemies":"3 Louse","floor":9,"turns":8},{"damage":1,"enemies":"Gremlin Nob","floor":10,"turns":4},{"damage":5,"enemies":"3 Louse","floor":11,"turns":4},{"damage":1,"enemies":"Blue Slaver","floor":14,"turns":7},{"damage":51,"enemies":"Slime Boss","floor":16,"turns":9}],"seed_played":"-4170773485125859560","potions_obtained":[{"floor":1,"key":"Swift Potion"},{"floor":7,"key":"FearPotion"},{"floor":8,"key":"Strength Potion"}],"is_trial":false,"path_per_floor":["M","?","$","M","?","E","M","E","MIM","E","M","R","?","M","R","B"],"character_chosen":"THE_SILENT","items_purchased":[],"campfire_rested":1,"item_purchase_floors":[],"current_hp_per_floor":[70,70,70,70,70,70,68,32,32,31,33,54,43,45,45,0,0],"gold":254,"neow_bonus":"THREE_ENEMY_KILL","is_daily":false,"chose_seed":false,"campfire_upgraded":1,"win_rate":0.0,"timestamp":1611859552,"path_taken":["M","?","$","M","?","E","M","E","MIM","E","M","R","?","M","R","BOSS"],"items_purchased_type":[],"build_version":"2020-12-22","purchased_purges":0,"victory":false,"max_hp_per_floor":[70,70,70,70,70,70,70,70,70,70,70,70,70,70,70,70,70],"card_choices":[{"not_picked":["StuffTheSpire:Fury","StSpp:ChainedTrap"],"picked":"StSpp:FiercePoison","floor":1},{"not_picked":["StSpp:Dive","hubris:SlightOfHand"],"picked":"Poisoned Stab","floor":4},{"not_picked":["Prepared","Dagger Throw"],"picked":"Flying Knee","floor":6},{"not_picked":["ReplayTheSpireMod:Speed Training","Deflect"],"picked":"Dash","floor":7},{"not_picked":["Flying Knee","StSpp:Dive"],"picked":"Unload","floor":8},{"not_picked":["Quick Slash","Sneak Up"],"picked":"StSpp:AbandonFlesh","floor":9},{"not_picked":["StuffTheSpire:Shiver","Dagger Throw"],"picked":"Dagger Spray","floor":10},{"not_picked":["StSpp:Lure","Underhanded Strike","Outmaneuver"],"picked":"SKIP","floor":11},{"not_picked":["StuffTheSpire:FinalStruggle","StSpp:Throw"],"picked":"Choke","floor":14}],"player_experience":14439,"relics_obtained":[{"floor":6,"key":"hubris:Potato"},{"floor":8,"key":"Oddly Smooth Stone"},{"floor":9,"key":"PreservedInsect"},{"floor":9,"key":"Anchor"},{"floor":10,"key":"CherryCoatedStake"}],"event_choices":[{"damage_healed":0,"gold_gain":0,"player_choice":"Bought 0 Potions","damage_taken":0,"max_hp_gain":0,"max_hp_loss":0,"event_name":"The Woman in Blue","floor":2,"gold_loss":0},{"damage_healed":0,"gold_gain":0,"player_choice":"Slimed","damage_taken":11,"max_hp_gain":0,"max_hp_loss":0,"event_name":"betterThird:BetterGoop","floor":13,"gold_loss":42}],"is_beta":false,"boss_relics":[],"items_purged_floors":[],"is_endless":false,"potions_floor_spawned":[1,7,8,10],"killed_by":"Slime Boss","ascension_level":0}}