{"host":"3j2m8n0ywf988fwb","time":1611802035,"event":{"mods":["2.2 Compatiblity","AchievementEnabler","Aspiration","BaseMod","Better Altar","Better Match","Better Note","Better Sensory Stone","Better Skull","Better Third Choice","CCEM2","ChefMod","Colored Map","Colored Powertips","Conspire","Dark Map","Energized Spire","GifTheSpireLib","Halation","Highlight Path","Hubris","Infinite Spire","Jedi Mod","Marked Mod","Mimic Mod","Minty Spire (QoL Compilation)","Monster B Gone","Random Character Button","Relic Filter Mod","Relic Stats","Reliquary","Replay The Spire","Robot Space Explorer","Shop Mod","Somnambulant","StS++","StSLib","Stuff the Spire","The Bug Knight","The Hierophant","The Kombatant","The Runesmith","TheSurvivalist","Unceasing Turn Reminder","Weighted Paths","everything is the same but u backflip on backflip"],"gold_per_floor":[118,137,137,155,3,3,3],"floor_reached":6,"language":"ENG","playtime":439,"items_purged":["Strike_G"],"score":54,"play_id":"acd2c952-6ead-41f9-a9ac-3f5dc0d9d076","local_time":"20210127204715","is_ascension_mode":true,"campfire_choices":[],"circlet_count":0,"master_deck":["AscendersBane","Strike_G","Strike_G","Strike_G","Strike_G","Defend_G","Defend_G","Defend_G","Defend_G","Defend_G","Survivor","Neutralize","StuffTheSpire:ClusterCrunch","Flying Knee","Neutralize","Dash"],"relics":["hubris:HollowSoul"],"acts_visited":["Exordium"],"potions_floor_usage":[6],"damage_taken":[{"damage":4,"enemies":"2 Louse","floor":1,"turns":4},{"damage":7,"enemies":"Cultist","floor":2,"turns":6},{"damage":4,"enemies":"Small Slimes","floor":4,"turns":4},{"damage":17,"enemies":"Lagavulin","floor":6,"turns":7}],"seed_played":"5585621855869462203","potions_obtained":[{"floor":4,"key":"Languid Potion"}],"is_trial":false,"path_per_floor":["M","M","?","M","$","E"],"character_chosen":"THE_SILENT","items_purchased":["Dash"],"campfire_rested":0,"item_purchase_floors":[5],"current_hp_per_floor":[59,52,52,48,48,0,0],"gold":3,"neow_bonus":"BOSS_RELIC","is_daily":false,"chose_seed":false,"campfire_upgraded":0,"win_rate":0.0,"timestamp":1611802035,"path_taken":["M","M","?","?","$","E"],"items_purchased_type":["Card"],"build_version":"2020-12-22","purchased_purges":1,"victory":false,"max_hp_per_floor":[70,70,70,70,70,70,70],"relic_stats":{"counters":[4,34],"obtain_stats":[{"hubris:HollowSoul":0,"Ring of the Snake":0},{"hubris:HollowSoul":0,"Ring of the Snake":0},{"hubris:HollowSoul":0,"Ring of the Snake":0}]},"card_choices":[{"not_picked":["StuffTheSpire:Python","StSpp:Dive"],"picked":"StuffTheSpire:ClusterCrunch","floor":1},{"not_picked":["jedi:unstablefumes","ReplayTheSpireMod:Shiv Toss"],"picked":"Flying Knee","floor":2},{"not_picked":["hubris:Sniper","jedi:pocketpoison","ReplayTheSpireMod:Exploit Weakness"],"picked":"SKIP","floor":4}],"player_experience":990689,"relics_obtained":[],"event_choices":[{"cards_removed":["Neutralize"],"damage_healed":0,"gold_gain":0,"player_choice":"Take \u0026 Give","damage_taken":0,"max_hp_gain":0,"max_hp_loss":0,"event_name":"betterNote:BetterNote","floor":3,"gold_loss":0,"cards_obtained":["Neutralize"]}],"is_beta":false,"boss_relics":[],"items_purged_floors":[5],"is_endless":false,"potions_floor_spawned":[4],"killed_by":"Lagavulin","ascension_level":10}}