{"host":"zyv4qd6no272sqjf","time":1611806243,"event":{"mods":["AchievementEnabler","BaseMod","Colored Map","Minty Spire (QoL Compilation)","Relic Stats","Slay the Relics Exporter","StSLib","everything is the same but u backflip on backflip"],"gold_per_floor":[119,119,136,136,136,136,169,180,204,223,238,248,23,40,40,141,141,153,153,153,46,59,59,93,93,93,93,93,5,5,25,25,124,124,136,0,0,16,16,16,16,45,97,97,97,115,161,171,171,171],"floor_reached":51,"language":"ENG","playtime":2045,"items_purged":[],"score":801,"play_id":"0ee95632-9181-4770-b6c4-6f251bc72f42","local_time":"20210128135723","is_ascension_mode":true,"campfire_choices":[{"data":"Eruption","floor":6.0,"key":"SMITH"},{"data":"Halt","floor":15.0,"key":"SMITH"},{"data":"Wallop","floor":23.0,"key":"SMITH"},{"data":"TalkToTheHand","floor":25.0,"key":"SMITH"},{"floor":27.0,"key":"RECALL"},{"data":"Blasphemy","floor":30.0,"key":"SMITH"},{"floor":32.0,"key":"REST"},{"data":"MasterReality","floor":40.0,"key":"SMITH"},{"floor":44.0,"key":"REST"},{"floor":49,"key":"REST"}],"circlet_count":0,"master_deck":["Eruption+1","Vigilance","ReachHeaven","Prostrate","Halt","Perseverance","Halt+1","ConjureBlade","SandsOfTime","SandsOfTime","DeusExMachina","Evaluate","SandsOfTime","Meditate","FlurryOfBlows","EmptyBody","TalkToTheHand+1","CarveReality","Blasphemy+1","EmptyFist+1","Ghostly","Ghostly","Ghostly","Ghostly","Ghostly","Wallop+1","BattleHymn","Consecrate+1","ReachHeaven+1","MasterReality+1","Conclude+1","Madness","Madness","Jack Of All Trades","WindmillStrike+1","FollowUp+1","Crescendo+1","FlurryOfBlows+1"],"relics":["PureWater","NeowsBlessing","Smiling Mask","Regal Pillow","Omamori","DollysMirror","Pandora\u0027s Box","Strawberry","Meat on the Bone","Molten Egg 2","Boot","VioletLotus","Red Mask","Lizard Tail","Happy Flower","FossilizedHelix"],"acts_visited":["Exordium","TheCity","TheBeyond"],"potions_floor_usage":[46,50],"damage_taken":[{"damage":0.0,"enemies":"Jaw Worm","floor":1.0,"turns":1.0},{"damage":0.0,"enemies":"2 Louse","floor":3.0,"turns":1.0},{"damage":0.0,"enemies":"3 Sentries","floor":7.0,"turns":2.0},{"damage":0.0,"enemies":"Small Slimes","floor":8.0,"turns":2.0},{"damage":7.0,"enemies":"Exordium Thugs","floor":10.0,"turns":3.0},{"damage":2.0,"enemies":"Looter","floor":11.0,"turns":4.0},{"damage":0.0,"enemies":"Large Slime","floor":12.0,"turns":5.0},{"damage":0.0,"enemies":"Blue Slaver","floor":14.0,"turns":3.0},{"damage":23.0,"enemies":"The Guardian","floor":16.0,"turns":8.0},{"damage":0.0,"enemies":"2 Thieves","floor":18.0,"turns":1.0},{"damage":1.0,"enemies":"Spheric Guardian","floor":22.0,"turns":3.0},{"damage":13.0,"enemies":"Slavers","floor":24.0,"turns":7.0},{"damage":2.0,"enemies":"3 Cultists","floor":31.0,"turns":4.0},{"damage":28.0,"enemies":"Automaton","floor":33.0,"turns":10.0},{"damage":0.0,"enemies":"Orb Walker","floor":35.0,"turns":2.0},{"damage":2.0,"enemies":"3 Shapes","floor":38.0,"turns":4.0},{"damage":34.0,"enemies":"Reptomancer","floor":42.0,"turns":9.0},{"damage":22,"enemies":"Writhing Mass","floor":46,"turns":5},{"damage":16,"enemies":"2 Orb Walkers","floor":47,"turns":5},{"damage":1,"enemies":"Spire Growth","floor":48,"turns":4},{"damage":68,"enemies":"Donu and Deca","floor":50,"turns":10}],"seed_played":"-9030214088816542928","potions_obtained":[{"floor":3.0,"key":"AttackPotion"},{"floor":8.0,"key":"Swift Potion"},{"floor":11.0,"key":"DistilledChaos"},{"floor":16.0,"key":"LiquidBronze"},{"floor":22.0,"key":"SpeedPotion"},{"floor":31.0,"key":"Block Potion"},{"floor":35.0,"key":"FearPotion"},{"floor":42.0,"key":"EssenceOfSteel"}],"is_trial":false,"path_per_floor":["M","?","M","?","?","R","E","M","T","M","M","M","$","M","R","B",null,"M","?","?","$","M","R","E","R","T","R","$","?","R","M","R","B",null,"M","?","?","M","$","R","?","E","T","R","$","M","?","M","R","B",null],"character_chosen":"WATCHER","items_purchased":["SandsOfTime","DollysMirror","Wallop","BattleHymn"],"campfire_rested":3,"item_purchase_floors":[13,13,21,21],"current_hp_per_floor":[72,77,77,59,59,59,59,59,59,52,50,50,50,50,50,27,77,77,38,45,45,44,44,31,31,31,31,31,31,31,29,45,29,45,45,45,39,37,37,37,37,15,15,43,43,33,29,28,45,13],"gold":171,"neow_bonus":"THREE_ENEMY_KILL","is_daily":false,"chose_seed":false,"campfire_upgraded":6,"win_rate":0.0,"timestamp":1611806243,"path_taken":["M","?","M","?","?","R","E","?","T","M","M","M","$","M","R","BOSS","M","?","?","?","M","R","E","R","T","R","$","?","R","?","R","BOSS","M","?","?","M","$","R","?","E","T","R","?","M","?","M","R","BOSS"],"items_purchased_type":["Card","Relic","Card","Card"],"build_version":"2020-12-22","purchased_purges":0,"victory":true,"max_hp_per_floor":[72,77,77,77,77,77,77,77,77,77,77,77,77,77,77,77,77,77,38,45,45,45,45,45,45,45,45,45,45,45,45,45,45,45,45,45,45,45,45,45,45,45,45,45,45,45,45,45,45,45],"relic_stats":{"Regal Pillow":22,"Lizard Tail":22,"Happy Flower":[8],"counters":[21,93],"Pandora\u0027s Box":["Evaluate","SandsOfTime","Meditate","FlurryOfBlows","EmptyBody","TalkToTheHand","CarveReality","Blasphemy"],"VioletLotus":[6],"Smiling Mask":0,"Boot":[14],"obtain_stats":[{"Regal Pillow":7,"NeowsBlessing":0,"Happy Flower":43,"Omamori":9,"Smiling Mask":4,"Boot":29,"Lizard Tail":42,"DollysMirror":13,"Strawberry":20,"Pandora\u0027s Box":17,"Molten Egg 2":26,"VioletLotus":34,"Red Mask":36,"PureWater":0,"FossilizedHelix":47,"Meat on the Bone":24},{"Regal Pillow":3,"NeowsBlessing":0,"Happy Flower":17,"Omamori":4,"Smiling Mask":2,"Boot":12,"Lizard Tail":17,"DollysMirror":7,"Strawberry":10,"Pandora\u0027s Box":9,"Molten Egg 2":12,"VioletLotus":14,"Red Mask":15,"PureWater":0,"FossilizedHelix":19,"Meat on the Bone":12},{"Regal Pillow":4,"NeowsBlessing":0,"Happy Flower":69,"Omamori":6,"Smiling Mask":2,"Boot":40,"Lizard Tail":69,"DollysMirror":18,"Strawberry":30,"Pandora\u0027s Box":29,"Molten Egg 2":40,"VioletLotus":54,"Red Mask":56,"PureWater":0,"FossilizedHelix":79,"Meat on the Bone":40}],"Meat on the Bone":60},"card_choices":[{"not_picked":["FlyingSleeves","ClearTheMind"],"picked":"ReachHeaven","floor":1.0},{"not_picked":["Crescendo","JustLucky"],"picked":"Prostrate","floor":3.0},{"not_picked":["Evaluate","PathToVictory"],"picked":"Halt","floor":7.0},{"not_picked":["Nirvana","Indignation"],"picked":"Perseverance","floor":8.0},{"not_picked":["Prostrate","Nirvana"],"picked":"Halt","floor":10.0},{"not_picked":["FlyingSleeves","Halt"],"picked":"ConjureBlade","floor":11.0},{"not_picked":["Tantrum","BowlingBash","Fasting2"],"picked":"SKIP","floor":12.0},{"not_picked":["EmptyBody","Nirvana","WheelKick"],"picked":"SKIP","floor":14.0},{"not_picked":["ConjureBlade","SpiritShield"],"picked":"DeusExMachina","floor":16.0},{"not_picked":["Conclude","Perseverance"],"picked":"EmptyFist+1","floor":18.0},{"not_picked":["WindmillStrike","ForeignInfluence","CutThroughFate"],"picked":"SKIP","floor":22.0},{"not_picked":["BowlingBash","MentalFortress"],"picked":"Consecrate+1","floor":24.0},{"not_picked":["Halt","LikeWater+1"],"picked":"ReachHeaven+1","floor":31.0},{"not_picked":["Vault","DevaForm"],"picked":"MasterReality","floor":33.0},{"not_picked":["Consecrate+1","Protect"],"picked":"Conclude+1","floor":35.0},{"not_picked":["BowlingBash+1","Sanctity+1","LikeWater"],"picked":"SKIP","floor":38.0},{"not_picked":["Impatience","Mayhem"],"picked":"Jack Of All Trades","floor":41.0},{"not_picked":["BattleHymn+1","FearNoEvil+1"],"picked":"WindmillStrike+1","floor":42.0},{"not_picked":["MentalFortress","ClearTheMind"],"picked":"FollowUp+1","floor":46},{"not_picked":["EmptyBody","ThirdEye+1"],"picked":"Crescendo+1","floor":47},{"not_picked":["CutThroughFate+1","Protect+1"],"picked":"FlurryOfBlows+1","floor":48}],"player_experience":402630,"relics_obtained":[{"floor":7.0,"key":"Regal Pillow"},{"floor":9.0,"key":"Omamori"},{"floor":24.0,"key":"Meat on the Bone"},{"floor":26.0,"key":"Molten Egg 2"},{"floor":42.0,"key":"Lizard Tail"},{"floor":43.0,"key":"Happy Flower"},{"floor":47,"key":"FossilizedHelix"}],"event_choices":[{"damage_healed":0.0,"max_hp_gain":5.0,"max_hp_loss":0.0,"gold_gain":0.0,"event_name":"Big Fish","player_choice":"Donut","floor":2.0,"gold_loss":0.0,"damage_taken":0.0},{"damage_healed":0.0,"max_hp_gain":0.0,"max_hp_loss":0.0,"gold_gain":0.0,"event_name":"Scrap Ooze","player_choice":"Success","floor":4.0,"gold_loss":0.0,"damage_taken":18.0,"relics_obtained":["Smiling Mask"]},{"damage_healed":0.0,"max_hp_gain":0.0,"max_hp_loss":0.0,"gold_gain":0.0,"event_name":"NoteForYourself","player_choice":"Ignored","floor":5.0,"gold_loss":0.0,"damage_taken":0.0},{"damage_healed":0.0,"max_hp_gain":0.0,"max_hp_loss":39.0,"gold_gain":0.0,"event_name":"Ghosts","player_choice":"Became a Ghost","floor":19.0,"gold_loss":0.0,"damage_taken":0.0,"cards_obtained":["Ghostly","Ghostly","Ghostly","Ghostly","Ghostly"]},{"damage_healed":0.0,"max_hp_gain":0.0,"max_hp_loss":0.0,"gold_gain":0.0,"event_name":"The Mausoleum","player_choice":"Opened","floor":20.0,"gold_loss":0.0,"damage_taken":0.0,"relics_obtained":["Strawberry"],"cards_obtained":["Writhe"]},{"damage_healed":0.0,"max_hp_gain":0.0,"max_hp_loss":0.0,"gold_gain":0.0,"event_name":"WeMeetAgain","player_choice":"Paid Gold","floor":29.0,"gold_loss":88.0,"damage_taken":0.0,"relics_obtained":["Boot"]},{"damage_healed":0.0,"max_hp_gain":0.0,"max_hp_loss":0.0,"gold_gain":0.0,"event_name":"Tomb of Lord Red Mask","player_choice":"Paid","floor":36.0,"gold_loss":136.0,"damage_taken":0.0,"relics_obtained":["Red Mask"]},{"damage_healed":0.0,"max_hp_gain":0.0,"max_hp_loss":0.0,"gold_gain":0.0,"event_name":"Winding Halls","player_choice":"Embrace Madness","floor":37.0,"gold_loss":0.0,"damage_taken":6.0,"cards_obtained":["Madness","Madness"]},{"damage_healed":0.0,"max_hp_gain":0.0,"max_hp_loss":0.0,"gold_gain":0.0,"event_name":"SensoryStone","player_choice":"Memory 1","floor":41.0,"gold_loss":0.0,"damage_taken":0.0},{"damage_healed":0,"gold_gain":0,"player_choice":"Fight","damage_taken":0,"max_hp_gain":0,"max_hp_loss":0,"event_name":"Mysterious Sphere","floor":47,"gold_loss":0}],"is_beta":false,"boss_relics":[{"not_picked":["SacredBark","Cursed Key"],"picked":"Pandora\u0027s Box"},{"not_picked":["Astrolabe","Coffee Dripper"],"picked":"VioletLotus"}],"items_purged_floors":[],"is_endless":false,"potions_floor_spawned":[3,8,11,14,16,22,31,35,42],"ascension_level":1}}