{"host":"kda2p2afd6bvz6qo","time":1611875467,"event":{"mods":["BaseMod","Colored Map","Minty Spire (QoL Compilation)","Relic Stats"],"gold_per_floor":[167,2,12,12,25,25,35,35,35,35,67,67,67,79,79,157,157,171,171,171,171,184,184,184],"floor_reached":23,"language":"ENG","playtime":943,"items_purged":["Strike_G"],"score":428,"play_id":"19e69e4b-e08c-4c9a-b776-30d7603b366d","local_time":"20210128231107","is_ascension_mode":true,"campfire_choices":[{"data":"Skewer","floor":6,"key":"SMITH"},{"data":"Bouncing Flask","floor":8,"key":"SMITH"},{"data":"Neutralize","floor":10,"key":"SMITH"},{"data":"Sucker Punch","floor":12,"key":"SMITH"},{"data":"Caltrops","floor":15,"key":"SMITH"}],"circlet_count":0,"master_deck":["AscendersBane","Strike_G+1","Strike_G","Defend_G","Defend_G","Defend_G","Defend_G","Defend_G","Survivor","Neutralize+1","Skewer+1","Tactician","Heel Hook","Quick Slash","Outmaneuver","Regret","Bouncing Flask+1","Sucker Punch+1","Caltrops+1","Die Die Die","Blade Dance","Ghostly","Ghostly","Ghostly","Prepared","Well Laid Plans","Grand Finale","PiercingWail"],"relics":["Tiny House","Ginger","Ornamental Fan","Anchor","Black Star"],"acts_visited":["Exordium","TheCity"],"potions_floor_usage":[18,23],"damage_taken":[{"damage":0.0,"enemies":"Cultist","floor":1.0,"turns":5.0},{"damage":0,"enemies":"Jaw Worm","floor":3,"turns":3},{"damage":3,"enemies":"2 Louse","floor":5,"turns":4},{"damage":9,"enemies":"Blue Slaver","floor":7,"turns":4},{"damage":4,"enemies":"Gremlin Nob","floor":11,"turns":3},{"damage":0,"enemies":"2 Fungi Beasts","floor":14,"turns":2},{"damage":39,"enemies":"Hexaghost","floor":16,"turns":9},{"damage":10,"enemies":"3 Byrds","floor":18,"turns":4},{"damage":2,"enemies":"Chosen","floor":22,"turns":5},{"damage":44,"enemies":"Slavers","floor":23,"turns":7}],"seed_played":"6516286855686781865","potions_obtained":[{"floor":0.0,"key":"Block Potion"},{"floor":5,"key":"CunningPotion"}],"is_trial":false,"path_per_floor":["M","$","M","?","M","R","M","R","T","R","E","R","$","M","R","B",null,"M","?","?","?","M","E"],"character_chosen":"THE_SILENT","items_purchased":["Heel Hook","Quick Slash"],"campfire_rested":0,"item_purchase_floors":[2,2],"current_hp_per_floor":[64,64,64,64,61,61,52,52,52,52,48,48,48,48,48,9,56,46,35,35,35,33,0,0],"gold":184,"neow_bonus":"BOSS_RELIC","is_daily":false,"chose_seed":false,"campfire_upgraded":5,"win_rate":0.0,"timestamp":1611875467,"path_taken":["M","$","?","?","M","R","M","R","T","R","E","R","$","M","R","BOSS","M","?","?","?","M","E"],"items_purchased_type":["Card","Card"],"build_version":"2020-12-22","purchased_purges":1,"victory":false,"max_hp_per_floor":[71,71,71,71,71,71,71,71,71,71,71,71,71,71,71,71,71,71,35,35,35,35,35,35],"relic_stats":{"counters":[10,46],"Ornamental Fan":[32],"Black Star":0,"Ginger":[11],"obtain_stats":[{"Anchor":11,"Tiny House":0,"Ornamental Fan":9,"Black Star":17,"Ginger":4,"Ring of the Snake":0},{"Anchor":5,"Tiny House":0,"Ornamental Fan":4,"Black Star":7,"Ginger":2,"Ring of the Snake":0},{"Anchor":19,"Tiny House":0,"Ornamental Fan":16,"Black Star":30,"Ginger":8,"Ring of the Snake":0}]},"card_choices":[{"not_picked":["PiercingWail","Dagger Throw"],"picked":"Skewer","floor":0.0},{"not_picked":["Prepared","Underhanded Strike"],"picked":"Tactician","floor":1.0},{"not_picked":["Poisoned Stab","Cloak And Dagger"],"picked":"Outmaneuver","floor":3},{"not_picked":["Dodge and Roll","Reflex","Eviscerate"],"picked":"SKIP","floor":5},{"not_picked":["Dagger Spray","Sucker Punch"],"picked":"Bouncing Flask","floor":7},{"not_picked":["Escape Plan","Cloak And Dagger"],"picked":"Sucker Punch","floor":11},{"not_picked":["Setup","Dagger Spray"],"picked":"Caltrops","floor":14},{"not_picked":["Unload","Envenom"],"picked":"Die Die Die","floor":16},{"not_picked":["PiercingWail","Underhanded Strike"],"picked":"Blade Dance","floor":18},{"not_picked":["Unload","Flying Knee"],"picked":"PiercingWail","floor":22}],"player_experience":162636,"relics_obtained":[{"floor":9,"key":"Ornamental Fan"},{"floor":11,"key":"Anchor"}],"event_choices":[{"damage_healed":0,"gold_gain":0,"player_choice":"Box","damage_taken":0,"relics_obtained":["Ginger"],"max_hp_gain":0,"max_hp_loss":0,"event_name":"Big Fish","floor":4,"gold_loss":0,"cards_obtained":["Regret"]},{"damage_healed":0,"gold_gain":0,"player_choice":"Became a Ghost","damage_taken":0,"max_hp_gain":0,"max_hp_loss":36,"event_name":"Ghosts","floor":19,"gold_loss":0,"cards_obtained":["Ghostly","Ghostly","Ghostly"]},{"damage_healed":0,"gold_gain":0,"player_choice":"Read","damage_taken":0,"max_hp_gain":0,"max_hp_loss":0,"event_name":"The Library","floor":20,"gold_loss":0,"cards_obtained":["Prepared"]},{"damage_healed":0,"gold_gain":0,"cards_transformed":["Strike_G","Strike_G"],"player_choice":"Became Test Subject","damage_taken":0,"max_hp_gain":0,"max_hp_loss":0,"event_name":"Drug Dealer","floor":21,"gold_loss":0,"cards_obtained":["Well Laid Plans","Grand Finale"]}],"is_beta":false,"boss_relics":[{"not_picked":["Sozu","Coffee Dripper"],"picked":"Black Star"}],"items_purged_floors":[2],"is_endless":false,"potions_floor_spawned":[5,14],"killed_by":"Slavers","ascension_level":20}}