{"host":"3azvxbhvx7nk2p5g","time":1611853575,"event":{"mods":["BaseMod","Koishi","Minty Spire (QoL Compilation)","StSLib"],"gold_per_floor":[114,126,146,146,160,160,178,178,203,223,238,256,256,256,256,256,256],"floor_reached":16,"language":"ZHS","playtime":962,"items_purged":[],"score":96,"play_id":"f2b41fdb-3a68-4fc8-9854-9ba0e94c8704","local_time":"20210129010615","is_ascension_mode":false,"campfire_choices":[{"data":"Koishi:HauntingSlash","floor":6.0,"key":"SMITH"},{"data":"Koishi:UnseenTerror","floor":8.0,"key":"SMITH"},{"data":"Koishi:Untouchable","floor":15,"key":"SMITH"}],"circlet_count":0,"master_deck":["Koishi:BasicStrike","Koishi:BasicStrike","Koishi:BasicStrike+1","Koishi:BasicDefend","Koishi:BasicDefend","Koishi:BasicDefend","Koishi:BasicDefend","Koishi:Provoke","Koishi:HauntingSlash+1","Koishi:Jaunt","Koishi:TremblingHands+1","Koishi:UnseenTerror+1","Koishi:PhilosophyOfTheDespised","Koishi:Untouchable+1","Koishi:Provoke","Panacea"],"relics":["Koishi:ImaginaryFriend","FaceOfCleric","Vajra"],"acts_visited":["Exordium"],"potions_floor_usage":[],"damage_taken":[{"damage":1.0,"enemies":"Small Slimes","floor":1.0,"turns":4.0},{"damage":0.0,"enemies":"Cultist","floor":2.0,"turns":4.0},{"damage":1.0,"enemies":"2 Louse","floor":3.0,"turns":3.0},{"damage":15.0,"enemies":"Large Slime","floor":5.0,"turns":12.0},{"damage":5.0,"enemies":"Looter","floor":7.0,"turns":3.0},{"damage":11.0,"enemies":"3 Louse","floor":10.0,"turns":3.0},{"damage":4.0,"enemies":"Blue Slaver","floor":11.0,"turns":4.0},{"damage":12.0,"enemies":"Looter","floor":12.0,"turns":3.0},{"damage":28,"enemies":"Hexaghost","floor":16,"turns":12}],"seed_played":"-777153121242974721","potions_obtained":[{"floor":2.0,"key":"Fire Potion"},{"floor":3.0,"key":"Block Potion"},{"floor":12.0,"key":"SneckoOil"}],"is_trial":false,"path_per_floor":["M","M","M","?","M","R","M","R","T","M","M","M","?","?","R","B"],"character_chosen":"KOISHI","items_purchased":[],"campfire_rested":0,"item_purchase_floors":[],"current_hp_per_floor":[60,60,60,60,49,49,47,47,47,39,41,35,22,22,22,0,0],"gold":256,"neow_bonus":"REMOVE_CARD","is_daily":false,"chose_seed":false,"campfire_upgraded":3,"win_rate":0.0,"timestamp":1611853575,"path_taken":["M","M","M","?","M","R","M","R","T","M","?","M","?","?","R","BOSS"],"items_purchased_type":[],"build_version":"2020-12-22","purchased_purges":0,"victory":false,"max_hp_per_floor":[60,60,60,60,61,61,62,62,62,63,64,65,65,65,65,65,65],"card_choices":[{"not_picked":["Koishi:EmbryosDream","Koishi:MassHysteria"],"picked":"Koishi:Jaunt","floor":1.0},{"not_picked":["Koishi:HeartfeltFancy","Koishi:FourthEye","Koishi:StingingMind"],"picked":"SKIP","floor":2.0},{"not_picked":["Koishi:UnconsciousUprising","Koishi:SubconsciousSweep"],"picked":"Koishi:TremblingHands","floor":3.0},{"not_picked":["Koishi:ApparitionsStalkTheNight","Koishi:UnansweredLove","Koishi:Catatonia"],"picked":"SKIP","floor":5.0},{"not_picked":["Koishi:GhostParty","Koishi:SprinkleStarAndHeart"],"picked":"Koishi:UnseenTerror","floor":7.0},{"not_picked":["Koishi:FleetingPhantom","Koishi:StrangeCloudFist","Koishi:MassHysteria"],"picked":"SKIP","floor":10.0},{"not_picked":["Koishi:ReflexRadar","Koishi:Prune"],"picked":"Koishi:PhilosophyOfTheDespised","floor":11.0},{"not_picked":["Koishi:DreadfulBlow","Koishi:HeartfeltFancy"],"picked":"Koishi:Untouchable","floor":12.0}],"player_experience":48388,"relics_obtained":[{"floor":9.0,"key":"Vajra"}],"event_choices":[{"damage_healed":0.0,"max_hp_gain":0.0,"max_hp_loss":0.0,"gold_gain":0.0,"event_name":"FaceTrader","player_choice":"Trade","floor":4.0,"gold_loss":0.0,"damage_taken":0.0,"relics_obtained":["FaceOfCleric"]},{"damage_healed":0.0,"max_hp_gain":0.0,"max_hp_loss":0.0,"gold_gain":0.0,"event_name":"Shining Light","player_choice":"Entered Light","floor":13.0,"gold_loss":0.0,"damage_taken":13.0,"cards_upgraded":["Koishi:TremblingHands","Koishi:BasicStrike"]},{"damage_healed":0,"gold_gain":0,"player_choice":"2 cards matched","damage_taken":0,"max_hp_gain":0,"max_hp_loss":0,"event_name":"Match and Keep!","floor":14,"gold_loss":0,"cards_obtained":["Koishi:Provoke","Panacea"]}],"is_beta":false,"boss_relics":[],"items_purged_floors":[],"is_endless":false,"potions_floor_spawned":[2,3,12],"killed_by":"Hexaghost","ascension_level":0}}