{"host":"Sean","time":1611866762,"event":{"mods":["BaseMod","Block Reminder","Colored Map","Colored Powertips","Highlight Path","Minty Spire (QoL Compilation)","Permanent Neow","Relic Stats"],"gold_per_floor":[117,133,133,7,26,57,57,72,143,154,185,200,0,19,19,119,119,136,136,149,13,25,50,63,63,63],"floor_reached":25,"language":"ENG","playtime":1759,"items_purged":["Strike_G","Defend_G"],"score":332,"play_id":"4a0a65dd-d7ca-4116-b88e-21b870779356","local_time":"20210128204602","is_ascension_mode":true,"campfire_choices":[{"data":"Footwork","floor":7.0,"key":"SMITH"},{"data":"Caltrops","floor":15.0,"key":"SMITH"}],"circlet_count":0,"master_deck":["Strike_G","Strike_G","Defend_G","Defend_G","Survivor","Neutralize","Choke","Acrobatics","Sucker Punch+1","Footwork+1","Riddle With Holes","Dodge and Roll","PiercingWail","Underhanded Strike","Well Laid Plans","Cloak And Dagger","Caltrops+1","Cloak And Dagger","Storm of Steel","All Out Attack+1","Phantasmal Killer+1","Setup+1","Dash+1","Quick Slash","Dagger Throw","Deflect","Prepared+1","Leg Sweep"],"relics":["Ring of the Snake","Ginger","Ornamental Fan","Omamori","Membership Card","Astrolabe","Lee\u0027s Waffle","The Courier"],"acts_visited":["Exordium","TheCity"],"potions_floor_usage":[],"damage_taken":[{"damage":0.0,"enemies":"2 Louse","floor":1.0,"turns":2.0},{"damage":0.0,"enemies":"Jaw Worm","floor":2.0,"turns":4.0},{"damage":0.0,"enemies":"Small Slimes","floor":5.0,"turns":2.0},{"damage":16.0,"enemies":"3 Sentries","floor":6.0,"turns":10.0},{"damage":16.0,"enemies":"Exordium Wildlife","floor":8.0,"turns":7.0},{"damage":2.0,"enemies":"Large Slime","floor":10.0,"turns":8.0},{"damage":4.0,"enemies":"Lagavulin","floor":11.0,"turns":7.0},{"damage":5.0,"enemies":"Gremlin Gang","floor":12.0,"turns":4.0},{"damage":2.0,"enemies":"Exordium Thugs","floor":14.0,"turns":7.0},{"damage":3.0,"enemies":"Hexaghost","floor":16.0,"turns":13.0},{"damage":20.0,"enemies":"Spheric Guardian","floor":18.0,"turns":6.0},{"damage":0.0,"enemies":"3 Byrds","floor":20.0,"turns":5.0},{"damage":20.0,"enemies":"3 Cultists","floor":22.0,"turns":6.0},{"damage":22.0,"enemies":"Slavers","floor":23.0,"turns":9.0},{"damage":26.0,"enemies":"Snake Plant","floor":24.0,"turns":5.0},{"damage":16,"enemies":"Gremlin Leader","floor":25,"turns":7}],"seed_played":"3608085406281026628","potions_obtained":[{"floor":1.0,"key":"CultistPotion"},{"floor":6.0,"key":"Block Potion"},{"floor":10.0,"key":"SpeedPotion"},{"floor":11.0,"key":"Weak Potion"},{"floor":16.0,"key":"Weak Potion"}],"is_trial":false,"path_per_floor":["M","M","?","$","M","E","R","M","T","M","E","M","$","M","R","B",null,"M","?","M","$","M","E","M","E"],"character_chosen":"THE_SILENT","items_purchased":["PowerPotion","Membership Card","Cloak And Dagger","Caltrops","Lee\u0027s Waffle","Dagger Throw"],"campfire_rested":0,"item_purchase_floors":[4,13,13,13,21,21],"current_hp_per_floor":[63,63,63,63,63,47,47,31,31,29,25,20,20,18,18,15,56,36,23,23,82,62,40,14,0,0],"gold":63,"neow_bonus":"TRANSFORM_CARD","is_daily":false,"chose_seed":false,"campfire_upgraded":2,"win_rate":0.0,"timestamp":1611866762,"path_taken":["M","M","?","$","M","E","R","M","T","M","E","M","$","M","R","BOSS","M","?","M","$","M","E","M","E"],"items_purchased_type":["Potion","Relic","Card","Card","Relic","Card"],"build_version":"2020-12-18","purchased_purges":2,"victory":false,"max_hp_per_floor":[70,70,70,70,70,70,70,70,70,70,70,70,70,70,70,70,70,70,75,75,82,82,82,82,82,82],"relic_stats":{"Lee\u0027s Waffle":59,"counters":[16,102],"Ornamental Fan":[76],"Astrolabe":["All Out Attack","Phantasmal Killer","Setup"],"Ginger":[11],"obtain_stats":[{"Lee\u0027s Waffle":21,"Ornamental Fan":9,"Astrolabe":17,"The Courier":23,"Omamori":11,"Ginger":6,"Membership Card":13,"Ring of the Snake":0},{"Lee\u0027s Waffle":12,"Ornamental Fan":5,"Astrolabe":10,"The Courier":14,"Omamori":7,"Ginger":4,"Membership Card":8,"Ring of the Snake":0},{"Lee\u0027s Waffle":75,"Ornamental Fan":25,"Astrolabe":64,"The Courier":90,"Omamori":40,"Ginger":18,"Membership Card":44,"Ring of the Snake":0}],"Ring of the Snake":[32]},"card_choices":[{"not_picked":["Heel Hook","Deadly Poison"],"picked":"Acrobatics","floor":1.0},{"not_picked":["Masterful Stab","Acrobatics"],"picked":"Sucker Punch","floor":2.0},{"not_picked":["Prepared","Underhanded Strike"],"picked":"Footwork","floor":5.0},{"not_picked":["Acrobatics","Backflip"],"picked":"Riddle With Holes","floor":6.0},{"not_picked":["Flechettes","PiercingWail"],"picked":"Dodge and Roll","floor":8.0},{"not_picked":["Calculated Gamble","Endless Agony"],"picked":"PiercingWail","floor":10.0},{"not_picked":["Deadly Poison","Doppelganger"],"picked":"Underhanded Strike","floor":11.0},{"not_picked":["Outmaneuver","Dodge and Roll"],"picked":"Well Laid Plans","floor":12.0},{"not_picked":["Prepared","Slice"],"picked":"Cloak And Dagger","floor":14.0},{"not_picked":["Wraith Form v2","Corpse Explosion"],"picked":"Storm of Steel","floor":16.0},{"not_picked":["Dagger Throw","Deadly Poison+1"],"picked":"Dash+1","floor":18.0},{"not_picked":["Poisoned Stab","Flying Knee"],"picked":"Quick Slash","floor":20.0},{"not_picked":["Catalyst","Outmaneuver"],"picked":"Deflect","floor":22.0},{"not_picked":["All Out Attack+1","Underhanded Strike"],"picked":"Prepared+1","floor":23.0},{"not_picked":["Dagger Spray","Outmaneuver+1"],"picked":"Leg Sweep","floor":24.0}],"player_experience":481766,"relics_obtained":[{"floor":6.0,"key":"Ginger"},{"floor":9.0,"key":"Ornamental Fan"},{"floor":11.0,"key":"Omamori"},{"floor":23.0,"key":"The Courier"}],"event_choices":[{"damage_healed":0.0,"max_hp_gain":0.0,"max_hp_loss":0.0,"gold_gain":0.0,"event_name":"Living Wall","player_choice":"Grow","floor":3.0,"gold_loss":0.0,"damage_taken":0.0,"cards_upgraded":["Sucker Punch"]},{"damage_healed":0.0,"max_hp_gain":5.0,"max_hp_loss":0.0,"gold_gain":0.0,"event_name":"Forgotten Altar","player_choice":"Shed Blood","floor":19.0,"gold_loss":0.0,"damage_taken":18.0}],"is_beta":true,"boss_relics":[{"not_picked":["Empty Cage","Pandora\u0027s Box"],"picked":"Astrolabe"}],"items_purged_floors":[4,21],"is_endless":false,"potions_floor_spawned":[1,6,10,11,16],"killed_by":"Gremlin Leader","ascension_level":8}}