{"host":"zrwwt1jjq0fpdjej","time":1611834169,"event":{"mods":["AchievementEnabler","BaseMod","Colored Map","Minty Spire (QoL Compilation)","StSLib","SuperFastMode"],"gold_per_floor":[115,190,190,203,203,236,255,282,334,334,356,381,381,408,408,506,506,518,177,207,9,9,44,62,62,110,137,156,173,98,130,130,229,229,246,18,38,56,56,93,93,131,140,140,178,128,146,163,163,163,163,163,58,100,100],"floor_reached":56,"language":"KOR","playtime":3047,"items_purged":["Writhe"],"score":1870,"play_id":"8f01c55a-fa83-4df9-93f4-b91a286d5baf","local_time":"20210128204249","is_ascension_mode":true,"campfire_choices":[{"floor":10.0,"key":"REST"},{"floor":13.0,"key":"REST"},{"floor":15.0,"key":"REST"},{"floor":25.0,"key":"REST"},{"floor":32.0,"key":"REST"},{"floor":41.0,"key":"RECALL"},{"data":"Adaptation","floor":44.0,"key":"SMITH"},{"data":"Evaluate","floor":49.0,"key":"SMITH"},{"data":"EmptyBody","floor":52.0,"key":"SMITH"}],"circlet_count":0,"master_deck":["Eruption+1","Vigilance+1","FollowUp","Conclude+1","Halt+1","Consecrate+1","DevaForm+1","ReachHeaven+1","LessonLearned+1","CutThroughFate+1","DeusExMachina+1","EmptyBody+1","WheelKick+1","WreathOfFlame+1","Wallop+1","SashWhip+1","FlurryOfBlows+1","Vengeance+1","ThirdEye+1","Scrawl+1","Tantrum+1","SpiritShield+1","FollowUp+1","Adaptation+1","Brilliance+1","EmptyBody+1","LessonLearned+1","ClearTheMind+1","Evaluate+1","Fasting2+1","CrushJoints+1"],"relics":["PureWater","NeowsBlessing","Molten Egg 2","Smiling Mask","Damaru","Blood Vial","Odd Mushroom","Eternal Feather","Ginger","Pandora\u0027s Box","Membership Card","Akabeko","Bottled Tornado","Red Mask","Gremlin Horn","Bag of Preparation","Ancient Tea Set","Happy Flower","Pen Nib","WingedGreaves","Cursed Key","Mummified Hand","Meat on the Bone","CeramicFish","Orichalcum","Ornamental Fan","Bronze Scales","Nunchaku"],"acts_visited":["Exordium","TheCity","TheBeyond","TheEnding"],"potions_floor_usage":[55],"damage_taken":[{"damage":0.0,"enemies":"Jaw Worm","floor":1.0,"turns":1.0},{"damage":0.0,"enemies":"Small Slimes","floor":4.0,"turns":1.0},{"damage":0.0,"enemies":"3 Sentries","floor":6.0,"turns":2.0},{"damage":0.0,"enemies":"2 Louse","floor":7.0,"turns":2.0},{"damage":27.0,"enemies":"Lagavulin","floor":8.0,"turns":5.0},{"damage":8.0,"enemies":"The Mushroom Lair","floor":11.0,"turns":2.0},{"damage":23.0,"enemies":"Gremlin Nob","floor":12.0,"turns":5.0},{"damage":27.0,"enemies":"Lagavulin","floor":14.0,"turns":6.0},{"damage":38.0,"enemies":"The Guardian","floor":16.0,"turns":8.0},{"damage":0.0,"enemies":"Spheric Guardian","floor":18.0,"turns":3.0},{"damage":19.0,"enemies":"Masked Bandits","floor":20.0,"turns":3.0},{"damage":21.0,"enemies":"Slavers","floor":23.0,"turns":3.0},{"damage":6.0,"enemies":"3 Byrds","floor":24.0,"turns":3.0},{"damage":2.0,"enemies":"Gremlin Leader","floor":27.0,"turns":3.0},{"damage":11.0,"enemies":"Shelled Parasite and Fungi","floor":28.0,"turns":3.0},{"damage":12.0,"enemies":"Centurion and Healer","floor":29.0,"turns":3.0},{"damage":24.0,"enemies":"Slavers","floor":31.0,"turns":4.0},{"damage":0.0,"enemies":"Automaton","floor":33.0,"turns":2.0},{"damage":0.0,"enemies":"3 Darklings","floor":35.0,"turns":2.0},{"damage":8.0,"enemies":"3 Shapes","floor":37.0,"turns":3.0},{"damage":11.0,"enemies":"Writhing Mass","floor":38.0,"turns":3.0},{"damage":8.0,"enemies":"Nemesis","floor":40.0,"turns":3.0},{"damage":0.0,"enemies":"Reptomancer","floor":42.0,"turns":2.0},{"damage":0.0,"enemies":"Giant Head","floor":45.0,"turns":4.0},{"damage":0.0,"enemies":"4 Shapes","floor":47.0,"turns":1.0},{"damage":0.0,"enemies":"3 Darklings","floor":48.0,"turns":2.0},{"damage":43.0,"enemies":"Time Eater","floor":50.0,"turns":5.0},{"damage":0.0,"enemies":"Shield and Spear","floor":54.0,"turns":2.0},{"damage":53,"enemies":"The Heart","floor":55,"turns":6}],"seed_played":"1730557558932566516","potions_obtained":[{"floor":1.0,"key":"Weak Potion"},{"floor":4.0,"key":"FearPotion"},{"floor":8.0,"key":"Ancient Potion"},{"floor":11.0,"key":"Swift Potion"},{"floor":14.0,"key":"PowerPotion"},{"floor":20.0,"key":"Fire Potion"},{"floor":24.0,"key":"FearPotion"},{"floor":27.0,"key":"FearPotion"},{"floor":29.0,"key":"FearPotion"},{"floor":31.0,"key":"Energy Potion"},{"floor":37.0,"key":"DistilledChaos"},{"floor":45.0,"key":"Fruit Juice"},{"floor":47.0,"key":"FearPotion"},{"floor":54.0,"key":"Energy Potion"}],"is_trial":false,"path_per_floor":["M","?","?","M","?","E","M","E","T","R","?","E","R","E","R","B",null,"M","$","?","$","?","E","M","R","T","E","M","M","?","E","R","B",null,"M","$","M","M","?","E","R","E","T","R","E","$","M","M","R","B",null,"R","$","E","B",null],"character_chosen":"WATCHER","items_purchased":["Membership Card","Akabeko","Bottled Tornado","Gremlin Horn","Bag of Preparation","Mummified Hand","Adaptation","Brilliance+1","Bronze Scales","Fasting2"],"campfire_rested":5,"item_purchase_floors":[19,19,19,21,21,36,36,36,53,53],"current_hp_per_floor":[65,54,54,54,42,42,42,15,15,36,30,9,39,14,44,8,56,58,58,41,41,41,22,18,51,51,51,42,32,32,10,43,45,65,67,67,61,52,52,46,61,63,63,72,77,77,77,77,77,46,69,77,77,77,36],"gold":100,"neow_bonus":"THREE_ENEMY_KILL","is_daily":false,"chose_seed":false,"campfire_upgraded":3,"win_rate":0.0,"timestamp":1611834169,"path_taken":["M","?","?","M","?","E","M","E","T","R","?","E","R","E","R","BOSS","M","$","?","$","?","E","?","R","T","E","M","M","?","E","R","BOSS","M","$","M","M","?","E","R","E","T","R","E","$","M","M","R","BOSS","R","$","E","BOSS"],"items_purchased_type":["Relic","Relic","Relic","Relic","Relic","Relic","Card","Card","Relic","Card"],"build_version":"2020-12-22","purchased_purges":1,"victory":true,"max_hp_per_floor":[72,72,72,72,72,72,72,72,72,72,72,72,72,72,72,72,72,72,72,72,72,72,72,72,72,72,72,72,72,72,72,72,72,72,72,72,72,72,72,72,72,72,72,72,77,77,77,77,77,77,77,77,77,77,77],"card_choices":[{"not_picked":["LikeWater","Fasting2"],"picked":"FollowUp","floor":1.0},{"not_picked":["JustLucky","FlyingSleeves"],"picked":"Conclude","floor":4.0},{"not_picked":["Conclude+1","Pray"],"picked":"Halt","floor":6.0},{"not_picked":["CrushJoints+1","Study"],"picked":"Consecrate+1","floor":7.0},{"not_picked":["SignatureMove+1","BowlingBash+1"],"picked":"DevaForm","floor":8.0},{"not_picked":["Conclude+1","Worship"],"picked":"ReachHeaven+1","floor":12.0},{"not_picked":["FearNoEvil+1","JustLucky+1","SignatureMove+1"],"picked":"SKIP","floor":14.0},{"not_picked":["DevaForm","DeusExMachina"],"picked":"LessonLearned+1","floor":16.0},{"not_picked":["ReachHeaven+1","SashWhip+1","Consecrate+1"],"picked":"SKIP","floor":18.0},{"not_picked":["ReachHeaven+1","Consecrate+1"],"picked":"SashWhip+1","floor":18.0},{"not_picked":["Protect","EmptyFist+1"],"picked":"FlurryOfBlows+1","floor":20.0},{"not_picked":["Swivel","SashWhip+1"],"picked":"ThirdEye","floor":23.0},{"not_picked":["FlyingSleeves+1","BowlingBash+1","JustLucky+1"],"picked":"SKIP","floor":24.0},{"not_picked":["EmptyFist+1","Pray+1"],"picked":"Scrawl","floor":27.0},{"not_picked":["DeceiveReality","InnerPeace","ClearTheMind"],"picked":"SKIP","floor":28.0},{"not_picked":["EmptyFist+1","SashWhip+1","ThirdEye"],"picked":"SKIP","floor":29.0},{"not_picked":["Halt+1","WindmillStrike+1"],"picked":"Tantrum+1","floor":31.0},{"not_picked":["Judgement","Wish"],"picked":"SpiritShield","floor":33.0},{"not_picked":["Prostrate+1","FlurryOfBlows+1"],"picked":"FollowUp+1","floor":35.0},{"not_picked":["FlyingSleeves+1","SignatureMove+1"],"picked":"EmptyBody","floor":37.0},{"not_picked":["PathToVictory","Worship","Indignation"],"picked":"SKIP","floor":38.0},{"not_picked":["PathToVictory","Worship","Indignation"],"picked":"SKIP","floor":38.0},{"not_picked":["Indignation","Consecrate+1"],"picked":"LessonLearned+1","floor":40.0},{"not_picked":["SashWhip+1","Swivel+1"],"picked":"ClearTheMind+1","floor":42.0},{"not_picked":["SashWhip+1","ReachHeaven+1"],"picked":"Evaluate","floor":45.0},{"not_picked":["SignatureMove+1","ForeignInfluence+1","CrushJoints+1"],"picked":"SKIP","floor":47.0},{"not_picked":["BowlingBash+1","SashWhip+1","Crescendo+1"],"picked":"SKIP","floor":48.0},{"not_picked":["Tantrum+1","WreathOfFlame+1"],"picked":"CrushJoints+1","floor":54.0}],"player_experience":215627,"relics_obtained":[{"floor":6.0,"key":"Smiling Mask"},{"floor":8.0,"key":"Damaru"},{"floor":9.0,"key":"Blood Vial"},{"floor":11.0,"key":"Odd Mushroom"},{"floor":12.0,"key":"Eternal Feather"},{"floor":14.0,"key":"Ginger"},{"floor":20.0,"key":"Red Mask"},{"floor":23.0,"key":"Ancient Tea Set"},{"floor":26.0,"key":"Happy Flower"},{"floor":27.0,"key":"Pen Nib"},{"floor":31.0,"key":"WingedGreaves"},{"floor":40.0,"key":"CeramicFish"},{"floor":42.0,"key":"Orichalcum"},{"floor":45.0,"key":"Ornamental Fan"},{"floor":54.0,"key":"Nunchaku"}],"event_choices":[{"damage_healed":0.0,"max_hp_gain":0.0,"max_hp_loss":0.0,"gold_gain":75.0,"event_name":"World of Goop","player_choice":"Gather Gold","floor":2.0,"gold_loss":0.0,"damage_taken":11.0},{"damage_healed":0.0,"max_hp_gain":0.0,"max_hp_loss":0.0,"gold_gain":0.0,"event_name":"Living Wall","player_choice":"Grow","floor":3.0,"gold_loss":0.0,"damage_taken":0.0,"cards_upgraded":["Eruption"]},{"damage_healed":0.0,"max_hp_gain":0.0,"max_hp_loss":0.0,"gold_gain":0.0,"event_name":"Scrap Ooze","player_choice":"Success","floor":5.0,"gold_loss":0.0,"damage_taken":12.0,"relics_obtained":["Molten Egg 2"]},{"damage_healed":0.0,"max_hp_gain":0.0,"max_hp_loss":0.0,"gold_gain":0.0,"event_name":"Mushrooms","player_choice":"Fought Mushrooms","floor":11.0,"gold_loss":0.0,"damage_taken":0.0},{"damage_healed":0.0,"max_hp_gain":0.0,"max_hp_loss":0.0,"gold_gain":0.0,"event_name":"Masked Bandits","player_choice":"Fought Bandits","floor":20.0,"gold_loss":0.0,"damage_taken":0.0},{"damage_healed":0.0,"max_hp_gain":0.0,"max_hp_loss":0.0,"gold_gain":0.0,"cards_transformed":["ClearTheMind"],"event_name":"Transmorgrifier","player_choice":"Transformed","floor":22.0,"gold_loss":0.0,"damage_taken":0.0,"cards_obtained":["Vengeance"]},{"cards_removed":["ClearTheMind"],"damage_healed":0.0,"max_hp_gain":0.0,"max_hp_loss":0.0,"gold_gain":0.0,"event_name":"Beggar","player_choice":"Gave Gold","floor":30.0,"gold_loss":75.0,"damage_taken":0.0},{"damage_healed":0.0,"max_hp_gain":0.0,"max_hp_loss":0.0,"gold_gain":0.0,"event_name":"WeMeetAgain","player_choice":"Gave Potion","floor":39.0,"gold_loss":0.0,"damage_taken":0.0,"relics_obtained":["Meat on the Bone"]}],"is_beta":false,"boss_relics":[{"not_picked":["Astrolabe","Coffee Dripper"],"picked":"Pandora\u0027s Box"},{"not_picked":["Philosopher\u0027s Stone","Velvet Choker"],"picked":"Cursed Key"}],"items_purged_floors":[46],"is_endless":false,"potions_floor_spawned":[1,4,8,11,14,20,24,27,29,31,37,45,47,54],"ascension_level":6}}