{"host":"4qr1gza03141aubc","time":1611867753,"event":{"mods":["BaseMod","Minty Spire (QoL Compilation)","Quick Restart"],"gold_per_floor":[117,217,23,37,52,78,78,110,137,156,173,173,173,173,173,274,274,274],"floor_reached":17,"language":"ENG","playtime":883,"items_purged":["Defend_B"],"score":198,"play_id":"be818e75-1299-433f-a631-a1e325614310","local_time":"20210129010233","is_ascension_mode":true,"campfire_choices":[{"data":"Streamline","floor":7.0,"key":"SMITH"},{"floor":12,"key":"REST"},{"data":"Loop","floor":15,"key":"SMITH"}],"circlet_count":0,"master_deck":["Strike_B","Strike_B","Defend_B","Defend_B","Defend_B","Zap","Dualcast","Redo","Streamline+1","Glacier","Self Repair","Loop+1","White Noise","Reprogram","Hyperbeam"],"relics":["Cracked Core","NeowsBlessing","Membership Card","Lantern","Toy Ornithopter","PreservedInsect","Busted Crown"],"acts_visited":["Exordium","TheCity"],"potions_floor_usage":[],"damage_taken":[{"damage":0.0,"enemies":"Small Slimes","floor":1.0,"turns":1.0},{"damage":0.0,"enemies":"Cultist","floor":4.0,"turns":1.0},{"damage":0.0,"enemies":"Jaw Worm","floor":5.0,"turns":1.0},{"damage":19.0,"enemies":"Lagavulin","floor":6.0,"turns":9.0},{"damage":23.0,"enemies":"3 Sentries","floor":8.0,"turns":9.0},{"damage":6.0,"enemies":"Gremlin Gang","floor":10.0,"turns":5.0},{"damage":0,"enemies":"Looter","floor":11,"turns":3},{"damage":47,"enemies":"The Guardian","floor":16,"turns":13}],"seed_played":"6374804164211853795","potions_obtained":[{"floor":1.0,"key":"SmokeBomb"},{"floor":8.0,"key":"LiquidMemories"},{"floor":10.0,"key":"AttackPotion"}],"is_trial":false,"path_per_floor":["M","?","$","M","M","E","R","E","T","M","M","R","?","?","R","B",null],"character_chosen":"DEFECT","items_purchased":["Membership Card","Streamline"],"campfire_rested":1,"item_purchase_floors":[3,3],"current_hp_per_floor":[75,75,75,75,75,56,56,40,40,41,41,63,63,63,63,23,75,75],"gold":274,"neow_bonus":"THREE_ENEMY_KILL","is_daily":false,"chose_seed":false,"campfire_upgraded":2,"win_rate":0.0,"timestamp":1611867753,"path_taken":["M","?","$","M","?","E","R","E","T","M","M","R","?","?","R","BOSS"],"items_purchased_type":["Relic","Card"],"build_version":"2020-12-22","purchased_purges":1,"victory":false,"max_hp_per_floor":[75,75,75,75,75,75,75,75,75,75,75,75,75,75,75,75,75,75],"card_choices":[{"not_picked":["Auto Shields","Stack"],"picked":"Redo","floor":1.0},{"not_picked":["Barrage","Hologram","Turbo"],"picked":"SKIP","floor":4.0},{"not_picked":["Rip and Tear","Gash"],"picked":"Glacier","floor":5.0},{"not_picked":["Beam Cell","Ball Lightning"],"picked":"Self Repair","floor":6.0},{"not_picked":["Thunder Strike","Biased Cognition"],"picked":"Loop","floor":8.0},{"not_picked":["Compile Driver","Redo"],"picked":"White Noise","floor":10.0},{"not_picked":["Ball Lightning","Leap"],"picked":"Reprogram","floor":11},{"not_picked":["Thunder Strike","All For One"],"picked":"Hyperbeam","floor":16}],"player_experience":350855,"relics_obtained":[{"floor":6.0,"key":"Lantern"},{"floor":8.0,"key":"Toy Ornithopter"},{"floor":9.0,"key":"PreservedInsect"}],"event_choices":[{"damage_healed":0.0,"max_hp_gain":0.0,"max_hp_loss":0.0,"gold_gain":100.0,"event_name":"Wheel of Change","player_choice":"Gold","floor":2.0,"gold_loss":0.0,"damage_taken":0.0},{"cards_removed":["Strike_B"],"damage_healed":0,"gold_gain":0,"player_choice":"Forget","damage_taken":0,"max_hp_gain":0,"max_hp_loss":0,"event_name":"Living Wall","floor":13,"gold_loss":0},{"cards_removed":["Strike_B"],"damage_healed":0,"gold_gain":0,"player_choice":"Purged","damage_taken":0,"max_hp_gain":0,"max_hp_loss":0,"event_name":"Purifier","floor":14,"gold_loss":0}],"is_beta":false,"boss_relics":[{"not_picked":["Fusion Hammer","Snecko Eye"],"picked":"Busted Crown"}],"items_purged_floors":[3],"is_endless":false,"potions_floor_spawned":[1,8,10],"ascension_level":4}}