{"host":"w05x4i13f2m9joq1","time":1611798782,"event":{"mods":["Act Like it!","Bard","BaseMod","Better Altar","Better Match","Better Note","Better Sensory Stone","Better Skull","Better Third Choice","BetterRewards","CapriCore","Colored Map","Colored Powertips","Decade(???)","Defective Defect","Duelist Mod","GifTheSpireLib","Googly Eyes","Infinite Spire","Ironclad Rager","Lobotomy","LobotomyExtend","Marisa????????","Melee Mod","Minty Spire (QoL Compilation)","MostiFishMod","Rare Cards Sparkle","Replay The Spire","Spicy Shops","Spire Birthday Party","StSLib","Td1madao Mod","The Construct","The IronCluck","TheBandit","Uncapped","everything is the same but u backflip on backflip","slay the spire mod where everything is the same but ironclad has a cowboy hat"],"gold_per_floor":[110,128,138,149,165,193,193,193,193,208,37,69,69,69,69,168,218,275,332,359,417,417,417],"floor_reached":22,"language":"ENG","playtime":1314,"items_purged":[],"score":236,"play_id":"14d4f4b5-0ec1-405d-bcfe-17f629d151d1","local_time":"20210127205302","is_ascension_mode":true,"campfire_choices":[{"data":"KamenRideRyuki","floor":7,"key":"SMITH"},{"floor":13,"key":"REST"}],"circlet_count":0,"master_deck":["Decade_Attack","Decade_Attack","Decade_Attack","Decade_Attack","KamenRide+1","Decade_SpecialSkill","Decade_Defend","Decade_Defend","Decade_Defend","Decade_Defend","UnarmedAttack5","KamenRideRyuki+1","RideBooker_Skill_1","UnarmedAttack3","DragShield","DragClaw","UnarmedAttack5","RideBooker","RideBooker_Skill_3","DenO_Climax","NMDAZYYGL","UnarmedAttack3","Kiva_Swallow","DragShield","UnarmedAttack7","Hibiki_Attack3+1"],"relics":["Decadriver","TOEIDeficitBill","DaveBox","infinitespire:Satchel","SentryEyes","SynthV:TestCard","LetterFromLob","Replay:Mystery Machine","Ornamental Fan","PreservedInsect","ReplayTheSpireMod:Ring of Collecting","ReplayTheSpireMod:Ring of Challenge","Tiny House","infinitespire:Golems Mask"],"acts_visited":["Exordium","TheCity"],"potions_floor_usage":[6,12,16,16,19,20,20],"damage_taken":[{"damage":6,"enemies":"Jaw Worm","floor":1,"turns":2},{"damage":1,"enemies":"2 Louse","floor":2,"turns":2},{"damage":7,"enemies":"Small Slimes","floor":3,"turns":2},{"damage":4,"enemies":"Gremlin Gang","floor":4,"turns":2},{"damage":2,"enemies":"2 Fungi Beasts","floor":5,"turns":2},{"damage":14,"enemies":"Gremlin Nob","floor":6,"turns":3},{"damage":3,"enemies":"Exordium Thugs","floor":10,"turns":2},{"damage":0,"enemies":"3 Sentries","floor":12,"turns":3},{"damage":48,"enemies":"The Guardian","floor":16,"turns":8},{"damage":6,"enemies":"Chosen","floor":18,"turns":4},{"damage":24,"enemies":"Shell Parasite","floor":19,"turns":4},{"damage":15,"enemies":"3 Cultists","floor":20,"turns":4},{"damage":27,"enemies":"Chosen and Byrds","floor":21,"turns":5},{"damage":6,"enemies":"Snake Plant","floor":22,"turns":3}],"seed_played":"7539510939351766443","potions_obtained":[{"floor":3,"key":"Explosive Potion"},{"floor":4,"key":"Doom Potion"},{"floor":10,"key":"Regen Potion"},{"floor":12,"key":"construct:ShiftPotion"},{"floor":16,"key":"construct:ShiftPotion"},{"floor":17,"key":"Elixir"},{"floor":19,"key":"Strength Potion"}],"is_trial":false,"path_per_floor":["M","M","M","M","M","E","R","?","T","M","$","E","R","E","R_BF","B",null,"M","M","M","M","M"],"character_chosen":"Decade","items_purchased":["DragClaw","UnarmedAttack5","RideBooker"],"campfire_rested":1,"item_purchase_floors":[11,11,11],"current_hp_per_floor":[64,63,56,52,50,36,36,29,29,26,26,35,56,56,56,18,75,69,55,40,27,21,21],"gold":417,"neow_bonus":"RANDOM_COMMON_RELIC","is_daily":false,"chose_seed":false,"campfire_upgraded":1,"win_rate":0.0,"timestamp":1611798782,"path_taken":["M","M","M","M","M","E","R","?","T","M","$","E","R","E","R_BF","BOSS","M","M","M","M","?"],"items_purchased_type":["Card","Card","Card"],"build_version":"2020-12-22","purchased_purges":0,"victory":false,"max_hp_per_floor":[70,70,70,70,70,70,70,70,70,70,70,70,70,70,70,70,75,75,75,75,75,75,75],"card_choices":[{"not_picked":["DenO_Rod","Blade_Mach"],"picked":"UnarmedAttack5","floor":1},{"not_picked":["UnarmedAttack3","Decade_Dash1","UnarmedAttack6","Decade_Invisible"],"picked":"KamenRideRyuki","floor":2},{"not_picked":["Kiva_Frozen","Blade_Mach","FormRideDogga","KamenRideKabuto"],"picked":"RideBooker_Skill_1","floor":3},{"not_picked":["AutoVajin","Hibiki_Attack1","Blade_Kick","TimeVent"],"picked":"FormRideFlame","floor":4},{"not_picked":["AutoVajin","Decade_Defend3","RideBooker_Skill_1","UnarmedAttack1"],"picked":"UnarmedAttack3","floor":5},{"not_picked":["KamenRideKiva","UnarmedAttack5","KamenRideKabuto","DecadeViolentEmotion"],"picked":"DragShield","floor":6},{"not_picked":["KamenRideRyuki","DenO_Sword","FormRideBasshaa","FormRideTitan","DenO_Gun"],"picked":"SKIP","floor":10},{"not_picked":["FormRideStorm","Kuuga_Rising","KamenRideRyuki","AttackRide"],"picked":"RideBooker_Skill_3","floor":12},{"not_picked":["NMDAZYYGL","Kuuga_Rising","Kabuto_ClockUp","FormRideAxel"],"picked":"DenO_Climax","floor":16},{"not_picked":["RideBooker_Skill_1","Decade_Invisible","FormRideDogga","DenO_Rod+1"],"picked":"NMDAZYYGL","floor":18},{"not_picked":["Blade_Slash","FormRideGaruru","PrometheusPower","Kuuga_GouramAttack"],"picked":"UnarmedAttack3","floor":18},{"not_picked":["FormRidePegasus+1","Decade_Defend2+1","KamenRideFaiz","FormRideFlame+1"],"picked":"Kiva_Swallow","floor":19},{"not_picked":["Decade_Dash2","UnarmedAttack3","FormRidePegasus","FormRideDogga"],"picked":"DragShield","floor":20},{"not_picked":["RideBooker","DenO_Gun","DenO_Sword","KamenRideFaiz"],"picked":"UnarmedAttack7","floor":21},{"not_picked":["Decade_Dash1+1","Hibiki_Attack2+1","AutoVajin","KamenRideRyuki+1"],"picked":"Hibiki_Attack3+1","floor":22}],"player_experience":146489,"relics_obtained":[{"floor":1,"key":"SynthV:TestCard"},{"floor":1,"key":"LetterFromLob"},{"floor":6,"key":"Replay:Mystery Machine"},{"floor":9,"key":"Ornamental Fan"},{"floor":12,"key":"PreservedInsect"},{"floor":15,"key":"ReplayTheSpireMod:Ring of Collecting"},{"floor":15,"key":"ReplayTheSpireMod:Ring of Challenge"},{"floor":21,"key":"infinitespire:Golems Mask"}],"event_choices":[{"cards_removed":["FormRideFlame"],"damage_healed":0,"gold_gain":0,"player_choice":"Card Removal","damage_taken":7,"max_hp_gain":0,"max_hp_loss":0,"event_name":"Golden Wing","floor":8,"gold_loss":0}],"is_beta":false,"boss_relics":[{"not_picked":["ReplayTheSpireMod:SealedPack","Replay:Grab Bag"],"picked":"Tiny House"}],"items_purged_floors":[],"is_endless":false,"potions_floor_spawned":[3,4,10,12,16,19],"killed_by":"Snake Plant","ascension_level":1}}