{"host":"06e3yyzgn8o619wl","time":1611853772,"event":{"mods":["BaseMod","Block Reminder","Colored Map","Colored Powertips","DeckTracker","Minty Spire (QoL Compilation)","Relic Stats","StSLib"],"gold_per_floor":[116,136,153,168,15,15,43,63,87,87,87,87,102,122,122,218,218,228,153,169,169,169],"floor_reached":21,"language":"JPN","playtime":1310,"items_purged":["Strike_P"],"score":229,"play_id":"6f55e71a-74ac-4c01-8adb-807a7dafa115","local_time":"20210129020932","is_ascension_mode":true,"campfire_choices":[{"data":"SignatureMove","floor":6,"key":"SMITH"},{"data":"Vigilance","floor":11,"key":"SMITH"},{"floor":15,"key":"REST"}],"circlet_count":0,"master_deck":["Defend_P+1","Defend_P","Defend_P","Eruption","Vigilance+1","SignatureMove+1","Consecrate","ThirdEye","LikeWater","ThirdEye","Worship+1","Prostrate","ReachHeaven","Brilliance","LessonLearned+1","Nirvana+1","TalkToTheHand+1"],"relics":["Black Star","Gremlin Horn","Vajra","Strawberry","Orichalcum","Astrolabe"],"acts_visited":["Exordium","TheCity"],"potions_floor_usage":[21],"damage_taken":[{"damage":2,"enemies":"Jaw Worm","floor":1,"turns":4},{"damage":9,"enemies":"Small Slimes","floor":2,"turns":5},{"damage":1,"enemies":"Cultist","floor":3,"turns":3},{"damage":16,"enemies":"3 Louse","floor":4,"turns":2},{"damage":20,"enemies":"3 Sentries","floor":7,"turns":5},{"damage":3,"enemies":"Blue Slaver","floor":8,"turns":3},{"damage":8,"enemies":"Lots of Slimes","floor":13,"turns":3},{"damage":2,"enemies":"3 Louse","floor":14,"turns":5},{"damage":4,"enemies":"Slime Boss","floor":16,"turns":9},{"damage":42,"enemies":"3 Byrds","floor":18,"turns":6},{"damage":6,"enemies":"Spheric Guardian","floor":20,"turns":8},{"damage":20,"enemies":"3 Cultists","floor":21,"turns":4}],"seed_played":"-863320663883285528","potions_obtained":[{"floor":1,"key":"EssenceOfSteel"},{"floor":3,"key":"EntropicBrew"},{"floor":8,"key":"LiquidMemories"}],"is_trial":false,"path_per_floor":["M","M","M","M","$","R","E","M","T","?","R","?","M","M","R","B",null,"M","?","M","M"],"character_chosen":"WATCHER","items_purchased":["LikeWater"],"campfire_rested":1,"item_purchase_floors":[5],"current_hp_per_floor":[70,61,60,44,44,44,24,21,28,28,28,16,8,6,29,25,66,24,24,18,0,0],"gold":169,"neow_bonus":"BOSS_RELIC","is_daily":false,"chose_seed":false,"campfire_upgraded":2,"win_rate":0.0,"timestamp":1611853772,"path_taken":["M","M","M","M","$","R","E","M","T","?","R","?","M","M","R","BOSS","M","?","M","M"],"items_purchased_type":["Card"],"build_version":"2020-12-22","purchased_purges":1,"victory":false,"max_hp_per_floor":[72,72,72,72,72,72,72,72,79,79,79,79,79,79,79,79,79,79,79,79,79,79],"relic_stats":{"Gremlin Horn":[7,7],"counters":[12,57],"Astrolabe":["Fasting2","LessonLearned","Nirvana"],"Black Star":1,"Orichalcum":[36],"obtain_stats":[{"Gremlin Horn":7,"Strawberry":9,"Astrolabe":17,"Vajra":7,"Black Star":0,"PureWater":0,"Orichalcum":12},{"Gremlin Horn":5,"Strawberry":6,"Astrolabe":9,"Vajra":5,"Black Star":0,"PureWater":0,"Orichalcum":6},{"Gremlin Horn":19,"Strawberry":22,"Astrolabe":39,"Vajra":19,"Black Star":0,"PureWater":0,"Orichalcum":22}]},"card_choices":[{"not_picked":["Swivel","WreathOfFlame"],"picked":"SignatureMove","floor":1},{"not_picked":["FlyingSleeves","Collect"],"picked":"Consecrate","floor":2},{"not_picked":["Weave","EmptyMind"],"picked":"ThirdEye","floor":3},{"not_picked":["WreathOfFlame","Evaluate","Consecrate"],"picked":"SKIP","floor":4},{"not_picked":["FlurryOfBlows","Crescendo"],"picked":"ThirdEye","floor":7},{"not_picked":["FlyingSleeves","ThirdEye"],"picked":"Worship","floor":8},{"not_picked":["BattleHymn","JustLucky"],"picked":"Prostrate","floor":13},{"not_picked":["Consecrate","EmptyBody"],"picked":"ReachHeaven","floor":14},{"not_picked":["Vault","Omniscience"],"picked":"Brilliance","floor":16},{"not_picked":["FlurryOfBlows+1","TalkToTheHand","Vengeance"],"picked":"SKIP","floor":18},{"not_picked":["WindmillStrike","Crescendo"],"picked":"TalkToTheHand+1","floor":20}],"player_experience":114351,"relics_obtained":[{"floor":7,"key":"Gremlin Horn"},{"floor":7,"key":"Vajra"},{"floor":9,"key":"Strawberry"}],"event_choices":[{"cards_removed":["Strike_P"],"damage_healed":0,"gold_gain":0,"player_choice":"Forget","damage_taken":0,"max_hp_gain":0,"max_hp_loss":0,"event_name":"Living Wall","floor":10,"gold_loss":0},{"damage_healed":0,"gold_gain":0,"player_choice":"Success","damage_taken":12,"relics_obtained":["Orichalcum"],"max_hp_gain":0,"max_hp_loss":0,"event_name":"Scrap Ooze","floor":12,"gold_loss":0},{"cards_removed":["Fasting2"],"damage_healed":0,"gold_gain":0,"player_choice":"Gave Gold","damage_taken":0,"max_hp_gain":0,"max_hp_loss":0,"event_name":"Beggar","floor":19,"gold_loss":75}],"is_beta":false,"boss_relics":[{"not_picked":["Velvet Choker","Tiny House"],"picked":"Astrolabe"}],"items_purged_floors":[5],"is_endless":false,"potions_floor_spawned":[1,3,8,14],"killed_by":"3 Cultists","ascension_level":5}}