{"host":"oz4ht6ec7xzo36kd","time":1611847697,"event":{"mods":["Act Like it!","BaseMod","Friendly Minions","Marisa¡]Ãú«B¡@Å]²z¨F¡^","Minty Spire (QoL Compilation)","Remilia¡]Á¢¦Ì²ú?¡^","StSLib","The Marked","The Servant 0.9.4","WarShipGirlsR/??¤Ö¤kR mod","Youmu¡]»î¾z§¯?¡^"],"gold_per_floor":[119,133,150,150,110,110,139,139,139,155,185,185,35,47,47,148,148,167,184,210,210,54,54,68,68,68,68,68],"floor_reached":27,"language":"ZHT","playtime":1226,"items_purged":[],"score":246,"play_id":"d1048c8f-db42-4cf0-97c0-b0698452cbd7","local_time":"20210128232817","is_ascension_mode":false,"campfire_choices":[{"floor":6,"key":"RECALL"},{"data":"theMarked:EternalStudent","floor":8,"key":"SMITH"},{"data":"theMarked:BindingBlade","floor":12,"key":"SMITH"},{"data":"theMarked:AttractMetal","floor":15,"key":"SMITH"},{"data":"theMarked:Maelstrom","floor":23,"key":"SMITH"},{"data":"theMarked:EmpowerWeapon","floor":25,"key":"SMITH"}],"circlet_count":0,"master_deck":["theMarked:Strike","theMarked:Strike","theMarked:Strike","theMarked:Strike","theMarked:Strike","theMarked:Defend+1","theMarked:Defend","theMarked:Defend","theMarked:Defend","theMarked:SoldierOfQuellstein+1","theMarked:ShockingTouch","theMarked:Improvise","theMarked:AttractMetal+1","theMarked:SwordAndMagic","theMarked:Opportunist","theMarked:ComboAttacks","theMarked:EternalStudent+1","theMarked:KeepCalmAndFight","theMarked:BindingBlade+1","theMarked:WardOff","theMarked:Indomitable","theMarked:MagusForm","theMarked:EmpowerWeapon+1","theMarked:Maelstrom+1","theMarked:RogueSparks+1","theMarked:SwordAndMagic+1"],"relics":["theMarked:ArtifactOfAir","NeowsBlessing","Eternal Feather","theMarked:DemonDagger","ClockworkSouvenir","Velvet Choker","Red Mask","Medical Kit","Question Card"],"acts_visited":["Exordium","TheCity"],"potions_floor_usage":[11,16,16,20,27],"damage_taken":[{"damage":0,"enemies":"Cultist","floor":1,"turns":1},{"damage":0,"enemies":"Small Slimes","floor":2,"turns":1},{"damage":0,"enemies":"Jaw Worm","floor":3,"turns":1},{"damage":0,"enemies":"Lagavulin","floor":7,"turns":4},{"damage":13,"enemies":"Blue Slaver","floor":10,"turns":2},{"damage":31,"enemies":"3 Sentries","floor":11,"turns":6},{"damage":0,"enemies":"Looter","floor":14,"turns":2},{"damage":43,"enemies":"The Guardian","floor":16,"turns":10},{"damage":15,"enemies":"2 Thieves","floor":18,"turns":4},{"damage":18,"enemies":"3 Byrds","floor":19,"turns":5},{"damage":23,"enemies":"Masked Bandits","floor":20,"turns":4},{"damage":9,"enemies":"Centurion and Healer","floor":24,"turns":5},{"damage":39,"enemies":"Book of Stabbing","floor":27,"turns":4}],"seed_played":"-4081552876532461703","potions_obtained":[{"floor":3,"key":"SkillPotion"},{"floor":7,"key":"EssenceOfSteel"},{"floor":14,"key":"PowerPotion"},{"floor":19,"key":"Strength Potion"},{"floor":24,"key":"FearPotion"}],"is_trial":false,"path_per_floor":["M","M","M","?","?","R","E","R","T","M","E","R","$","M","R","B",null,"M","M","?","?","$","R","M","R","T","E"],"character_chosen":"THE_DEFAULT","items_purchased":["ClockworkSouvenir","Medical Kit"],"campfire_rested":0,"item_purchase_floors":[13,22],"current_hp_per_floor":[70,70,70,56,56,56,56,65,65,52,21,33,33,33,45,2,70,55,37,14,8,8,23,14,29,29,0,0],"gold":68,"neow_bonus":"THREE_ENEMY_KILL","is_daily":false,"chose_seed":false,"campfire_upgraded":5,"win_rate":0.0,"timestamp":1611847697,"path_taken":["M","?","M","?","?","R","E","R","T","M","E","R","$","M","R","BOSS","M","M","?","?","$","R","M","R","T","E"],"items_purchased_type":["Relic","Relic"],"build_version":"2020-12-22","purchased_purges":0,"victory":false,"max_hp_per_floor":[70,70,70,70,70,70,70,70,70,70,70,70,70,70,70,70,70,70,70,70,70,70,70,70,70,70,70,70],"card_choices":[{"not_picked":["theMarked:RepellingDischarge","theMarked:PowerFlow"],"picked":"theMarked:ShockingTouch","floor":1},{"not_picked":["theMarked:Electrocute","theMarked:Memento"],"picked":"theMarked:Improvise","floor":2},{"not_picked":["theMarked:TwofoldDefense","theMarked:TakeCover","theMarked:Frustration"],"picked":"SKIP","floor":3},{"not_picked":[],"picked":"theMarked:AttractMetal","floor":5},{"not_picked":[],"picked":"theMarked:SwordAndMagic","floor":5},{"not_picked":[],"picked":"theMarked:Opportunist","floor":5},{"not_picked":[],"picked":"theMarked:ComboAttacks","floor":5},{"not_picked":[],"picked":"theMarked:EternalStudent","floor":5},{"not_picked":["theMarked:WastefulAttack","theMarked:SelfDefenseTraining"],"picked":"theMarked:KeepCalmAndFight","floor":7},{"not_picked":["theMarked:BanishingStrike","theMarked:MysticalArsenal"],"picked":"theMarked:BindingBlade","floor":10},{"not_picked":["theMarked:ResourceFulStrike","theMarked:Improvise"],"picked":"theMarked:WardOff","floor":11},{"not_picked":["theMarked:ChannelForce","theMarked:RepellingDischarge"],"picked":"theMarked:Indomitable","floor":14},{"not_picked":["theMarked:Vacuum","theMarked:TurnInvisible"],"picked":"theMarked:MagusForm","floor":16},{"not_picked":["theMarked:Frustration+1","theMarked:Aftermath+1"],"picked":"theMarked:EmpowerWeapon","floor":18},{"not_picked":["theMarked:CreepingChasm+1","theMarked:ResourceFulStrike+1"],"picked":"theMarked:Maelstrom","floor":19},{"not_picked":["theMarked:Panic","theMarked:TakeCover"],"picked":"theMarked:RogueSparks+1","floor":20},{"not_picked":["theMarked:ComboAttacks","theMarked:Frustration"],"picked":"theMarked:SwordAndMagic+1","floor":24}],"player_experience":406726,"relics_obtained":[{"floor":7,"key":"Eternal Feather"},{"floor":11,"key":"theMarked:DemonDagger"},{"floor":20,"key":"Red Mask"},{"floor":26,"key":"Question Card"}],"event_choices":[{"damage_healed":0,"gold_gain":0,"player_choice":"Entered Light","damage_taken":14,"max_hp_gain":0,"max_hp_loss":0,"event_name":"Shining Light","floor":4,"gold_loss":0,"cards_upgraded":["theMarked:Defend","theMarked:SoldierOfQuellstein"]},{"damage_healed":0,"gold_gain":0,"player_choice":"Fought Bandits","damage_taken":0,"max_hp_gain":0,"max_hp_loss":0,"event_name":"Masked Bandits","floor":20,"gold_loss":0},{"damage_healed":0,"gold_gain":0,"player_choice":"","damage_taken":6,"max_hp_gain":0,"max_hp_loss":0,"event_name":"Knowing Skull","floor":21,"potions_obtained":[],"gold_loss":0,"cards_obtained":[]}],"is_beta":false,"boss_relics":[{"not_picked":["Sozu","Fusion Hammer"],"picked":"Velvet Choker"}],"items_purged_floors":[],"is_endless":false,"potions_floor_spawned":[3,7,14,19,24],"killed_by":"Book of Stabbing","ascension_level":0}}