{"host":"ig9h5mtrygw4gu9r","time":1611793642,"event":{"mods":["2.2 Compatiblity","AchievementEnabler","BaseMod","Downfall","Minty Spire (QoL Compilation)","Relic Stats","StSLib"],"gold_per_floor":[114,19,34,34,49,82,82,96,123,150,225,255,255,255,255,352,352,363,87,107,122,133,158,158,185,239,239,250,262,293,312,312,412,412,429,429,57,332,348,381,392,426,426,451,466,98,98,111,111,111,111],"floor_reached":50,"language":"ENG","playtime":2965,"items_purged":["Regret"],"score":908,"play_id":"d962233c-bec8-47e4-8190-df5914201d7a","local_time":"20210127162722","is_ascension_mode":true,"campfire_choices":[{"data":"Flex","floor":7.0,"key":"SMITH"},{"data":"Flex","floor":15.0,"key":"SMITH"},{"data":"Offering","floor":24.0,"key":"SMITH"},{"floor":27.0,"key":"REST"},{"data":"Armaments","floor":32.0,"key":"SMITH"},{"data":"Limit Break","floor":47,"key":"SMITH"},{"data":"Jack Of All Trades","floor":49,"key":"SMITH"}],"circlet_count":0,"master_deck":["Strike_R+1","Strike_R","Strike_R","Strike_R","Strike_R","Defend_R","Defend_R","Defend_R","Defend_R+1","Bash","Flex+1","Thunderclap","Twin Strike+1","Flex+1","Anger","Metallicize","Shrug It Off+1","Anger","Cleave","Offering+1","CurseOfTheBell","Flex+1","Armaments+1","Anger+1","Warcry","Feed","Shrug It Off+1","Flex","Heavy Blade","Anger","Spot Weakness","Pummel","Limit Break+1","Bloodletting+1","Jack Of All Trades+1","Dramatic Entrance","Thunderclap","Metallicize+1","Twin Strike+1","Headbutt","Pommel Strike","Iron Wave","Finesse"],"relics":["Burning Blood","Boot","Blood Vial","Lantern","The Courier","Bag of Marbles","Calling Bell","War Paint","Meat on the Bone","FossilizedHelix","Centennial Puzzle","Oddly Smooth Stone","Shuriken","CaptainsWheel","Whetstone","Strawberry","SacredBark","Vajra","Lee\u0027s Waffle","Bird Faced Urn","Ancient Tea Set","Bottled Tornado","Bottled Flame","Regal Pillow","Juzu Bracelet"],"acts_visited":["Exordium","TheCity","TheBeyond"],"potions_floor_usage":[50],"damage_taken":[{"damage":14.0,"enemies":"Jaw Worm","floor":1.0,"turns":3.0},{"damage":5.0,"enemies":"Small Slimes","floor":3.0,"turns":2.0},{"damage":0.0,"enemies":"Cultist","floor":5.0,"turns":2.0},{"damage":37.0,"enemies":"3 Sentries","floor":6.0,"turns":7.0},{"damage":16.0,"enemies":"Blue Slaver","floor":8.0,"turns":3.0},{"damage":18.0,"enemies":"Gremlin Nob","floor":10.0,"turns":4.0},{"damage":12.0,"enemies":"Lagavulin","floor":12.0,"turns":5.0},{"damage":12.0,"enemies":"Slime Boss","floor":16.0,"turns":5.0},{"damage":6.0,"enemies":"Shell Parasite","floor":18.0,"turns":3.0},{"damage":1.0,"enemies":"Spheric Guardian","floor":20.0,"turns":3.0},{"damage":16.0,"enemies":"Snake Plant","floor":21.0,"turns":2.0},{"damage":12.0,"enemies":"Shelled Parasite and Fungi","floor":22.0,"turns":2.0},{"damage":26.0,"enemies":"Book of Stabbing","floor":23.0,"turns":4.0},{"damage":37.0,"enemies":"Gremlin Leader","floor":25.0,"turns":5.0},{"damage":15.0,"enemies":"Centurion and Healer","floor":28.0,"turns":2.0},{"damage":6.0,"enemies":"Sentry and Sphere","floor":29.0,"turns":3.0},{"damage":15.0,"enemies":"Slavers","floor":30.0,"turns":4.0},{"damage":27.0,"enemies":"Cultist and Chosen","floor":31.0,"turns":6.0},{"damage":55.0,"enemies":"Champ","floor":33.0,"turns":10.0},{"damage":16.0,"enemies":"3 Darklings","floor":35.0,"turns":4.0},{"damage":15.0,"enemies":"3 Shapes","floor":39.0,"turns":2.0},{"damage":70.0,"enemies":"Giant Head","floor":40.0,"turns":7.0},{"damage":0.0,"enemies":"3 Darklings","floor":41.0,"turns":1.0},{"damage":40.0,"enemies":"Nemesis","floor":42.0,"turns":7.0},{"damage":12.0,"enemies":"Giant Head","floor":44.0,"turns":5.0},{"damage":48.0,"enemies":"Transient","floor":45.0,"turns":5.0},{"damage":0,"enemies":"Jaw Worm Horde","floor":48,"turns":2},{"damage":80,"enemies":"Donu and Deca","floor":50,"turns":7}],"seed_played":"8564800685718363159","potions_obtained":[{"floor":1.0,"key":"BlessingOfTheForge"},{"floor":6.0,"key":"BloodPotion"},{"floor":8.0,"key":"CultistPotion"},{"floor":10.0,"key":"ColorlessPotion"},{"floor":12.0,"key":"ColorlessPotion"},{"floor":18.0,"key":"champ:CounterPotion"},{"floor":22.0,"key":"Regen Potion"},{"floor":28.0,"key":"SmokeBomb"},{"floor":31.0,"key":"Weak Potion"},{"floor":33.0,"key":"Energy Potion"},{"floor":39.0,"key":"SpeedPotion"},{"floor":40.0,"key":"Energy Potion"},{"floor":42.0,"key":"PowerPotion"},{"floor":45.0,"key":"Fire Potion"}],"is_trial":false,"path_per_floor":["M","$","M","$","M","E","R","M","T","E","?","E","?","?","R","B",null,"M","$","M","M","M","E","R","E","T","R","M","M","E","M","R","B",null,"M","?","$","?","M","E","M","E","T","E","M","$","R","M","R","B"],"character_chosen":"IRONCLAD","items_purchased":["Twin Strike","Flex","Armaments","Centennial Puzzle","Oddly Smooth Stone","Jack Of All Trades","Dramatic Entrance","Vajra","Lee\u0027s Waffle","Regal Pillow","Juzu Bracelet","Finesse"],"campfire_rested":1,"item_purchase_floors":[2,2,19,19,19,37,37,37,37,46,46,46],"current_hp_per_floor":[72,72,73,73,79,48,48,38,38,44,33,29,4,80,80,74,80,80,80,80,70,66,48,48,31,31,55,51,53,57,50,50,30,94,84,84,101,101,92,42,62,46,46,62,38,38,38,60,60,0,0],"gold":111,"neow_bonus":"THREE_CARDS","is_daily":false,"chose_seed":false,"campfire_upgraded":6,"win_rate":0.0,"timestamp":1611793642,"path_taken":["M","$","M","$","M","E","R","M","T","E","?","E","?","?","R","BOSS","M","$","M","M","M","E","R","E","T","R","M","M","E","M","R","BOSS","M","?","$","?","M","E","M","E","T","E","?","$","R","M","R","BOSS"],"items_purchased_type":["Card","Card","Card","Relic","Relic","Card","Card","Relic","Relic","Relic","Relic","Card"],"build_version":"2020-12-22","purchased_purges":1,"victory":false,"max_hp_per_floor":[80,80,80,80,80,80,80,80,80,80,80,80,80,80,80,80,80,80,80,80,80,80,80,80,80,80,80,83,83,94,94,94,94,94,94,94,101,101,101,101,101,101,101,101,101,101,101,101,101,101,101],"relic_stats":{"Lee\u0027s Waffle":17,"Regal Pillow":0,"counters":[28,115],"Juzu Bracelet":0,"Whetstone":["Strike_R","Twin Strike"],"War Paint":["Shrug It Off","Defend_R"],"Boot":[60],"Burning Blood":157,"Blood Vial":34,"Centennial Puzzle":[51],"Shuriken":[35],"Bird Faced Urn":[22],"obtain_stats":[{"Lantern":10,"Regal Pillow":46,"SacredBark":34,"Vajra":37,"Juzu Bracelet":46,"Whetstone":26,"Bottled Tornado":43,"Boot":6,"Ancient Tea Set":42,"Burning Blood":0,"Blood Vial":9,"Centennial Puzzle":19,"Strawberry":30,"Lee\u0027s Waffle":37,"Oddly Smooth Stone":19,"The Courier":12,"War Paint":17,"Calling Bell":17,"CaptainsWheel":25,"Bottled Flame":44,"Shuriken":23,"Bird Faced Urn":40,"Bag of Marbles":13,"FossilizedHelix":17,"Meat on the Bone":17},{"Lantern":6,"Regal Pillow":26,"SacredBark":19,"Vajra":20,"Juzu Bracelet":26,"Whetstone":14,"Bottled Tornado":24,"Boot":4,"Ancient Tea Set":24,"Burning Blood":0,"Blood Vial":5,"Centennial Puzzle":9,"Strawberry":17,"Lee\u0027s Waffle":20,"Oddly Smooth Stone":9,"The Courier":7,"War Paint":8,"Calling Bell":8,"CaptainsWheel":14,"Bottled Flame":25,"Shuriken":13,"Bird Faced Urn":22,"Bag of Marbles":7,"FossilizedHelix":8,"Meat on the Bone":8},{"Lantern":21,"Regal Pillow":106,"SacredBark":75,"Vajra":79,"Juzu Bracelet":106,"Whetstone":50,"Bottled Tornado":96,"Boot":14,"Ancient Tea Set":96,"Burning Blood":0,"Blood Vial":17,"Centennial Puzzle":34,"Strawberry":59,"Lee\u0027s Waffle":79,"Oddly Smooth Stone":34,"The Courier":26,"War Paint":31,"Calling Bell":31,"CaptainsWheel":50,"Bottled Flame":101,"Shuriken":45,"Bird Faced Urn":88,"Bag of Marbles":26,"FossilizedHelix":31,"Meat on the Bone":31}],"Meat on the Bone":108},"card_choices":[{"not_picked":["Shockwave","Headbutt"],"picked":"Flex","floor":0.0},{"not_picked":["Shrug It Off","Dropkick"],"picked":"Thunderclap","floor":1.0},{"not_picked":["Iron Wave","Twin Strike"],"picked":"Feel No Pain","floor":3.0},{"not_picked":["Hemokinesis","Bloodletting"],"picked":"Anger","floor":5.0},{"not_picked":["Clash","Battle Trance"],"picked":"Metallicize","floor":6.0},{"not_picked":["Combust","Sever Soul"],"picked":"Shrug It Off","floor":8.0},{"not_picked":["Warcry","Impervious"],"picked":"Anger","floor":10.0},{"not_picked":["Pommel Strike","Evolve"],"picked":"Cleave","floor":12.0},{"not_picked":["Fiend Fire","Corruption"],"picked":"Offering","floor":16.0},{"not_picked":["Infernal Blade+1","Anger"],"picked":"Flex+1","floor":18.0},{"not_picked":["Sever Soul+1","Sword Boomerang"],"picked":"Anger+1","floor":20.0},{"not_picked":["True Grit","Searing Blow"],"picked":"Warcry","floor":21.0},{"not_picked":["Body Slam+1","Armaments"],"picked":"Feed","floor":22.0},{"not_picked":["Thunderclap","Body Slam"],"picked":"Shrug It Off+1","floor":23.0},{"not_picked":["Warcry","Whirlwind"],"picked":"Flex","floor":25.0},{"not_picked":["Body Slam+1","Havoc"],"picked":"Heavy Blade","floor":28.0},{"not_picked":["Immolate","Disarm"],"picked":"Anger","floor":29.0},{"not_picked":["Fire Breathing","Sword Boomerang"],"picked":"Spot Weakness","floor":30.0},{"not_picked":["Combust","Pommel Strike"],"picked":"Pummel","floor":31.0},{"not_picked":["Brutality","Corruption"],"picked":"Limit Break","floor":33.0},{"not_picked":["Shrug It Off","Armaments"],"picked":"Bloodletting+1","floor":35.0},{"not_picked":["Carnage+1","Wild Strike"],"picked":"Thunderclap","floor":39.0},{"not_picked":["Clash+1","Clothesline"],"picked":"Metallicize+1","floor":40.0},{"not_picked":["Seeing Red","Entrench"],"picked":"Twin Strike+1","floor":41.0},{"not_picked":["Anger","Armaments+1"],"picked":"Headbutt","floor":42.0},{"not_picked":["Anger","Second Wind"],"picked":"Pommel Strike","floor":44.0},{"not_picked":["Feed","Twin Strike+1"],"picked":"Iron Wave","floor":45.0},{"not_picked":["Anger","Hemokinesis+1","Body Slam+1"],"picked":"SKIP","floor":48}],"player_experience":370966,"relics_obtained":[{"floor":6.0,"key":"Boot"},{"floor":9.0,"key":"Blood Vial"},{"floor":10.0,"key":"Lantern"},{"floor":12.0,"key":"The Courier"},{"floor":17.0,"key":"War Paint"},{"floor":17.0,"key":"Meat on the Bone"},{"floor":17.0,"key":"FossilizedHelix"},{"floor":23.0,"key":"Shuriken"},{"floor":25.0,"key":"CaptainsWheel"},{"floor":26.0,"key":"Whetstone"},{"floor":30.0,"key":"Strawberry"},{"floor":40.0,"key":"Bird Faced Urn"},{"floor":42.0,"key":"Ancient Tea Set"},{"floor":43.0,"key":"Bottled Tornado"},{"floor":44.0,"key":"Bottled Flame"}],"event_choices":[{"damage_healed":0.0,"max_hp_gain":0.0,"max_hp_loss":0.0,"gold_gain":75.0,"event_name":"World of Goop","player_choice":"Gather Gold","floor":11.0,"gold_loss":0.0,"damage_taken":11.0},{"damage_healed":0.0,"max_hp_gain":0.0,"max_hp_loss":0.0,"gold_gain":0.0,"event_name":"Scrap Ooze","player_choice":"Success","floor":13.0,"gold_loss":0.0,"damage_taken":25.0,"relics_obtained":["Bag of Marbles"]},{"cards_removed":["Feel No Pain"],"damage_healed":76.0,"max_hp_gain":0.0,"max_hp_loss":0.0,"gold_gain":0.0,"event_name":"Bonfire Elementals","player_choice":"Offered Uncommon","floor":14.0,"gold_loss":0.0,"damage_taken":0.0},{"damage_healed":0.0,"max_hp_gain":0.0,"max_hp_loss":0.0,"gold_gain":0.0,"event_name":"Tomb of Lord Red Mask","player_choice":"Ignored","floor":36.0,"gold_loss":0.0,"damage_taken":0.0},{"damage_healed":0.0,"max_hp_gain":0.0,"max_hp_loss":0.0,"gold_gain":275.0,"event_name":"Golden Shrine","player_choice":"Desecrate","floor":38.0,"gold_loss":0.0,"damage_taken":0.0,"cards_obtained":["Regret"]}],"is_beta":false,"boss_relics":[{"not_picked":["Pandora\u0027s Box","bronze:MakeshiftBattery"],"picked":"Calling Bell"},{"not_picked":["Velvet Choker","Mark of Pain"],"picked":"SacredBark"}],"items_purged_floors":[46],"is_endless":false,"potions_floor_spawned":[1,6,8,10,12,18,22,25,28,29,31,33,39,40,42,45],"killed_by":"Donu and Deca","ascension_level":3}}