{"host":"vrsxkkch9ccrec7k","time":1611806606,"event":{"mods":["Act Like it!","BaseMod","Bestiary","Better Altar","Better Match","Better Note","Better Sensory Stone","Better Skull","Better Third Choice","Better Vampires","Downfall","Minty Spire (QoL Compilation)","Permanent Neow","Relic Stats","Spicy Shops","StSLib"],"gold_per_floor":[99,112,131,145,145,160,160,160,160,188,206,219,219,252,270,270,270,270],"floor_reached":16,"language":"ENG","playtime":1142,"items_purged":[],"score":165,"play_id":"8ad3b287-df88-4b03-85fc-74fa5853effe","local_time":"20210127230326","is_ascension_mode":true,"campfire_choices":[{"data":"bronze:Replicate","floor":1,"key":"SMITH"},{"data":"bronze:Goto","floor":8,"key":"SMITH"},{"floor":13,"key":"REST"}],"circlet_count":0,"master_deck":["bronze:Strike","bronze:Strike","bronze:Strike","bronze:Defend","bronze:Defend","bronze:Defend","bronze:Defend","bronze:Replicate+1","bronze:Goto+1","bronze:ForLoop","bronze:Shell","bronze:ItsAFeature","bronze:Turbo","bronze:BuggyMess","bronze:BronzeArmor","bronze:DigitalCarnage","bronze:Overheat","bronze:Refactor+1","bronze:DelayedGuard+1"],"relics":["bronze:BronzeCore","Oddly Smooth Stone","Orichalcum","Meat on the Bone","Toxic Egg 2"],"acts_visited":["Exordium"],"potions_floor_usage":[11,14,16],"damage_taken":[{"damage":0,"enemies":"Small Slimes","floor":2,"turns":3},{"damage":1,"enemies":"Jaw Worm","floor":3,"turns":4},{"damage":0,"enemies":"Cultist","floor":4,"turns":4},{"damage":3,"enemies":"2 Fungi Beasts","floor":6,"turns":4},{"damage":32,"enemies":"3 Sentries","floor":10,"turns":13},{"damage":3,"enemies":"Gremlin Gang","floor":11,"turns":6},{"damage":24,"enemies":"Large Slime","floor":12,"turns":5},{"damage":10,"enemies":"Gremlin Nob","floor":14,"turns":3},{"damage":3,"enemies":"2 Fungi Beasts","floor":15,"turns":3},{"damage":39,"enemies":"DF_ARCHETYPE_STREAMLINE","floor":16,"turns":9}],"seed_played":"2492773080892807202","potions_obtained":[{"floor":4,"key":"FearPotion"},{"floor":11,"key":"Strength Potion"},{"floor":14,"key":"EssenceOfSteel"}],"is_trial":false,"path_per_floor":["R","M","M","M","?","M","T","R","?","E","M","M","R","E","M","B"],"character_chosen":"THE_AUTOMATON","items_purchased":[],"campfire_rested":1,"item_purchase_floors":[],"current_hp_per_floor":[63,63,62,62,62,59,59,59,64,32,41,29,51,41,38,0,0,0],"gold":270,"neow_bonus":"RANDOM_COMMON_RELIC","is_daily":false,"chose_seed":false,"campfire_upgraded":2,"win_rate":0.0,"timestamp":1611806606,"path_taken":["R","M","M","M","?","M","T","R","?","E","M","?","R","E","M","BOSS"],"items_purchased_type":[],"build_version":"2020-12-22","purchased_purges":0,"victory":false,"max_hp_per_floor":[70,70,70,70,70,70,70,70,75,75,75,75,75,75,75,75,75,75],"relic_stats":{"counters":[10,54],"Orichalcum":[60],"obtain_stats":[{"bronze:BronzeCore":0,"Oddly Smooth Stone":0,"Orichalcum":7,"Toxic Egg 2":14,"Meat on the Bone":10},{"bronze:BronzeCore":0,"Oddly Smooth Stone":0,"Orichalcum":4,"Toxic Egg 2":8,"Meat on the Bone":5},{"bronze:BronzeCore":0,"Oddly Smooth Stone":0,"Orichalcum":15,"Toxic Egg 2":42,"Meat on the Bone":28}],"Meat on the Bone":24},"card_choices":[{"not_picked":["bronze:Shield","bronze:Turbo"],"picked":"bronze:ForLoop","floor":2},{"not_picked":["bronze:Terminator","bronze:OilSpill"],"picked":"bronze:Shell","floor":3},{"not_picked":["bronze:BugBarrage","bronze:Refactor"],"picked":"bronze:ItsAFeature","floor":4},{"not_picked":["bronze:Turbo","bronze:BitShift"],"picked":"bronze:BuggyMess","floor":6},{"not_picked":["bronze:ClassDefault","bronze:Deprecate"],"picked":"bronze:BronzeArmor","floor":10},{"not_picked":["bronze:BronzeOrb","bronze:Shield"],"picked":"bronze:DigitalCarnage","floor":11},{"not_picked":["bronze:BronzeOrb","bronze:OilSpill"],"picked":"bronze:Overheat","floor":12},{"not_picked":["bronze:Invalidate+1","bronze:Fortify"],"picked":"bronze:Refactor+1","floor":14},{"not_picked":["bronze:DelayedSlice","bronze:Allocate+1"],"picked":"bronze:DelayedGuard+1","floor":15}],"player_experience":1782821,"relics_obtained":[{"floor":7,"key":"Orichalcum"},{"floor":10,"key":"Meat on the Bone"},{"floor":14,"key":"Toxic Egg 2"}],"event_choices":[{"damage_healed":0,"gold_gain":0,"cards_transformed":["bronze:Strike"],"player_choice":"Change","damage_taken":0,"max_hp_gain":0,"max_hp_loss":0,"event_name":"Living Wall","floor":5,"gold_loss":0,"cards_obtained":["bronze:Turbo"]},{"damage_healed":0,"gold_gain":0,"player_choice":"Donut","damage_taken":0,"max_hp_gain":5,"max_hp_loss":0,"event_name":"Big Fish","floor":9,"gold_loss":0}],"is_beta":false,"boss_relics":[],"items_purged_floors":[],"is_endless":false,"potions_floor_spawned":[4,11,14],"killed_by":"DF_ARCHETYPE_STREAMLINE","ascension_level":9}}