{"host":"mr1ctipv0dcr6y8g","time":1611874170,"event":{"mods":["BaseMod","DeckTracker","Energized Spire","Minty Spire (QoL Compilation)","Shop Mod","StSLib"],"gold_per_floor":[117,117,6,6,31,31,31,62,86,86,11,11,30,45,45,175,175,175],"floor_reached":17,"language":"ENG","playtime":507,"items_purged":["Strike_B"],"score":203,"play_id":"3a1c3578-533d-4210-88ff-0bc762f35ebd","local_time":"20210128154930","daily_mods":["Heirloom","Time Dilation","Flight"],"is_ascension_mode":false,"campfire_choices":[{"data":"Conserve Battery","floor":6,"key":"SMITH"},{"data":"Zap","floor":7,"key":"SMITH"},{"data":"Hologram","floor":10,"key":"SMITH"},{"data":"Sunder","floor":12,"key":"SMITH"},{"floor":15,"key":"REST"}],"circlet_count":0,"master_deck":["Strike_B","Strike_B","Strike_B","Defend_B","Defend_B","Defend_B","Defend_B+1","Zap+1","Dualcast","Redo+1","Chill","Sunder+1","Conserve Battery+1","Hologram+1","Leap","Conserve Battery","Core Surge"],"relics":["Cracked Core","Gambling Chip","Golden Idol","Vajra","Nunchaku","War Paint","Busted Crown"],"acts_visited":["Exordium","TheCity"],"potions_floor_usage":[16],"damage_taken":[{"damage":0,"enemies":"2 Louse","floor":1,"turns":2},{"damage":3,"enemies":"Small Slimes","floor":5,"turns":2},{"damage":26,"enemies":"Lagavulin","floor":8,"turns":6},{"damage":0,"enemies":"Jaw Worm","floor":13,"turns":1},{"damage":0,"enemies":"Large Slime","floor":14,"turns":3},{"damage":0,"enemies":"Slime Boss","floor":16,"turns":8}],"seed_played":"-1951161098398408739","potions_obtained":[{"floor":5,"key":"AttackPotion"},{"floor":8,"key":"Weak Potion"}],"is_trial":true,"path_per_floor":["M","?","$","?","M","R","R","E","T","R","$","R","M","M","R","B",null],"character_chosen":"DEFECT","items_purchased":["Chill","Sunder"],"campfire_rested":1,"item_purchase_floors":[3,3],"current_hp_per_floor":[75,57,57,50,47,47,47,21,21,21,21,21,21,21,43,43,75,75],"gold":175,"neow_bonus":"","is_daily":false,"chose_seed":false,"campfire_upgraded":4,"win_rate":0.0,"timestamp":1611874170,"path_taken":["M","?","$","?","M","R","R","E","T","R","?","R","M","M","R","BOSS"],"items_purchased_type":["Card","Card"],"build_version":"2020-12-22","purchased_purges":1,"victory":false,"max_hp_per_floor":[75,75,75,75,75,75,75,75,75,75,75,75,75,75,75,75,75,75],"card_choices":[{"not_picked":["Steam","Doom and Gloom"],"picked":"Redo","floor":1},{"not_picked":["Steam","Streamline"],"picked":"Conserve Battery","floor":5},{"not_picked":["Streamline","Ball Lightning"],"picked":"Hologram","floor":8},{"not_picked":["Compile Driver","Electrodynamics"],"picked":"Leap","floor":13},{"not_picked":["Turbo","Barrage"],"picked":"Conserve Battery","floor":14},{"not_picked":["Fission","Reboot"],"picked":"Core Surge","floor":16}],"player_experience":1295644,"relics_obtained":[{"floor":8,"key":"Nunchaku"},{"floor":9,"key":"War Paint"}],"event_choices":[{"damage_healed":0,"gold_gain":0,"player_choice":"Take Damage","damage_taken":18,"relics_obtained":["Golden Idol"],"max_hp_gain":0,"max_hp_loss":0,"event_name":"Golden Idol","floor":2,"gold_loss":0},{"damage_healed":0,"gold_gain":0,"player_choice":"Success","damage_taken":7,"relics_obtained":["Vajra"],"max_hp_gain":0,"max_hp_loss":0,"event_name":"Scrap Ooze","floor":4,"gold_loss":0}],"is_beta":false,"boss_relics":[{"not_picked":["energizedSpire:EnergizedDie","Velvet Choker"],"picked":"Busted Crown"}],"items_purged_floors":[11],"is_endless":false,"potions_floor_spawned":[5,8],"ascension_level":0}}