{"host":"bczg3e1yq3rp3pkk","time":1611817817,"event":{"mods":["Act Like it!","BaseMod","Conspire","Hallownest","Hermit","KinomotoSakuraMod(木之本樱)","Marisa（F雨　魔理沙）","Minty Spire (QoL Compilation)","Quick Restart","Replay The Spire","RumiaBox-露米娅的神秘盒子","Shop Mod","StSLib","The Bug Knight","The Construct","The Hierophant","The Servant 0.9.4","Warlord Emblem","[GremlinLeader]The Maniac","【遗物卡牌】REMEMod"],"gold_per_floor":[118,118,130,55,70,70,13,28,82,101,121,121,149,168,168,267,267,280,85,97,111,131,166,116,116,116,189,189,189,216,235,235,339,339,349,386,79,92,119,119,129,159,185,36,36,89,120,132,132,132,132],"floor_reached":50,"language":"ZHS","playtime":2359,"items_purged":["WarlordEmblem:RuneDefend"],"score":618,"play_id":"06fe3ef4-02e7-4e17-85aa-6ce7fdbbc390","local_time":"20210128151017","is_ascension_mode":false,"campfire_choices":[{"data":"WarlordEmblem:Frostmourne","floor":6,"key":"SMITH"},{"data":"WarlordEmblem:SevereWinter","floor":12,"key":"SMITH"},{"data":"WarlordEmblem:DarkSimulation","floor":15,"key":"SMITH"},{"data":"WarlordEmblem:DeathWither","floor":29,"key":"SMITH"},{"floor":32,"key":"DIG"},{"data":"WarlordEmblem:Hanging","floor":40,"key":"SMITH"},{"data":"WarlordEmblem:RuneStrike","floor":45,"key":"SMITH"},{"data":"Vault","floor":49,"key":"SMITH"}],"circlet_count":0,"master_deck":["WarlordEmblem:RuneStrike","WarlordEmblem:RuneStrike","WarlordEmblem:RuneStrike","WarlordEmblem:RuneStrike","WarlordEmblem:Defend_DK","WarlordEmblem:Defend_DK","WarlordEmblem:Defend_DK","WarlordEmblem:Defend_DK","WarlordEmblem:Frostmourne+1","Vault+1","AbeCurse","WarlordEmblem:DarkSimulation+1","WarlordEmblem:HeartStrike","WarlordEmblem:BoneShield","WarlordEmblem:BoneShield","WarlordEmblem:SevereWinter+1","WarlordEmblem:DeathWither+1","WarlordEmblem:RealmStorm","WarlordEmblem:EvilPower+1","WarlordEmblem:DeathShake","WarlordEmblem:LichBody","WarlordEmblem:BloodStrike+1","WarlordEmblem:ForceDeflexion+1","conspire:SpireCoStock","WarlordEmblem:HeartStrike","WarlordEmblem:Hanging+1","WarlordEmblem:BodyStrike+1","WarlordEmblem:WrathOfSindragosa+1","WarlordEmblem:HeartStrike+1","WarlordEmblem:BloodSacrifice+1"],"relics":["WarlordEmblem:DKHelm","REME_ComplimentaryCards","Abe\u0027s Treasure","conspire:TopHat","WarlordEmblem:DK_Ghoul","Bag of Marbles","Bag of Preparation","Coffee Dripper","WarlordEmblem:DK_Ghoul","ReplayTheSpireMod:TigerMarble","Lantern","Bottled Tornado","WarlordEmblem:IceDragon","Torii","Pen Nib","Unceasing Top","REME_HandOfSuture","Simple Rune","MoreBug"],"acts_visited":["Exordium","Exordium","TheBeyond"],"potions_floor_usage":[5,30,42,48,50],"damage_taken":[{"damage":3.0,"enemies":"Cultist","floor":1.0,"turns":3.0},{"damage":2.0,"enemies":"Small Slimes","floor":3.0,"turns":5.0},{"damage":8,"enemies":"2 Louse","floor":5,"turns":2},{"damage":6,"enemies":"Blue Slaver","floor":8,"turns":3},{"damage":9,"enemies":"2 Fungi Beasts","floor":10,"turns":2},{"damage":10,"enemies":"Exordium Thugs","floor":11,"turns":3},{"damage":1,"enemies":"Gremlin Nob","floor":13,"turns":3},{"damage":0,"enemies":"3 Louse","floor":14,"turns":1},{"damage":20,"enemies":"Slime Boss","floor":16,"turns":5},{"damage":2,"enemies":"Hallownest:2_Mistakes","floor":18,"turns":4},{"damage":0,"enemies":"Hallownest:3_Youths","floor":20,"turns":2},{"damage":5,"enemies":"Hallownest:3_Mistakes","floor":21,"turns":3},{"damage":0,"enemies":"Hallownest:Warrior_and_Youth","floor":22,"turns":3},{"damage":0,"enemies":"Hallownest:eliteSoulWarrior","floor":23,"turns":3},{"damage":7,"enemies":"Hallownest:Glutton_and_Coward","floor":27,"turns":3},{"damage":20,"enemies":"Hallownest:eliteWatcherKnight","floor":30,"turns":6},{"damage":0,"enemies":"Hallownest:2_Flukemon","floor":31,"turns":3},{"damage":0,"enemies":"Hallownest:BossSoulMaster","floor":33,"turns":5},{"damage":0,"enemies":"3 Shapes","floor":35,"turns":2},{"damage":2,"enemies":"Orb Walker","floor":36,"turns":2},{"damage":0,"enemies":"4 Shapes","floor":38,"turns":2},{"damage":25,"enemies":"conspire:MimicChest","floor":39,"turns":3},{"damage":0,"enemies":"Transient","floor":41,"turns":5},{"damage":17,"enemies":"Nemesis","floor":42,"turns":3},{"damage":0,"enemies":"2 Orb Walkers","floor":46,"turns":2},{"damage":0,"enemies":"Writhing Mass","floor":47,"turns":2},{"damage":0,"enemies":"3 Darklings","floor":48,"turns":1},{"damage":152,"enemies":"conspire:OrnateMirror","floor":50,"turns":4}],"seed_played":"-8402007525858629878","potions_obtained":[{"floor":5,"key":"REME_GoldPotion"},{"floor":10,"key":"CultistPotion"},{"floor":11,"key":"Elixir"},{"floor":14,"key":"Swift Potion"},{"floor":31,"key":"Languid Potion"},{"floor":48,"key":"Fruit Juice"}],"is_trial":false,"path_per_floor":["M","?","M","$","M","R","$","M","T","M","M","R","E","M","R","B",null,"M","$","M","M","M","E","?","?","T","M","?","R","E","M","R","B",null,"M","M","$","M","?","R","M","E","T","$","R","?","M","M","R","B"],"character_chosen":"DeathKnight","items_purchased":["WarlordEmblem:BoneShield","WarlordEmblem:DK_Ghoul","WarlordEmblem:EvilPower+1","Torii","Simple Rune"],"campfire_rested":0,"item_purchase_floors":[7,19,19,37,44],"current_hp_per_floor":[77,70,68,68,60,60,60,54,54,45,35,35,34,34,34,14,80,78,78,78,73,73,80,80,80,80,73,69,69,70,80,80,80,80,80,78,78,78,53,53,73,63,63,63,63,63,63,68,68,0,0],"gold":132,"neow_bonus":"BOSS_RELIC","is_daily":false,"chose_seed":false,"campfire_upgraded":7,"win_rate":0.0,"timestamp":1611817817,"path_taken":["M","?","M","$","M","R","?","M","T","M","M","R","E","M","R","BOSS","M","$","M","M","M","E","?","?","T","M","?","R","E","M","R","BOSS","M","M","$","M","?","R","M","E","T","?","R","?","M","M","R","BOSS"],"items_purchased_type":["Card","Relic","Card","Relic","Relic"],"build_version":"2020-12-22","purchased_purges":1,"victory":false,"max_hp_per_floor":[80,80,80,80,80,80,80,80,80,80,80,80,80,80,80,80,80,80,80,80,80,80,80,80,80,80,80,80,80,80,80,80,80,80,80,80,80,80,80,80,80,80,80,80,80,80,80,85,85,85,85],"card_choices":[{"not_picked":["WarlordEmblem:VoidDefend","WarlordEmblem:Withstand"],"picked":"WarlordEmblem:DarkSimulation","floor":1.0},{"not_picked":["WarlordEmblem:RuneRegen","WarlordEmblem:Execute"],"picked":"WarlordEmblem:HeartStrike","floor":3.0},{"not_picked":["WarlordEmblem:RuneExplode","WarlordEmblem:WinterHorn","WarlordEmblem:RuneRecover"],"picked":"SKIP","floor":5},{"not_picked":["WarlordEmblem:EvilSee","WarlordEmblem:FrozenDeath","WarlordEmblem:RuneRecast"],"picked":"SKIP","floor":8},{"not_picked":["WarlordEmblem:RuneFocus","WarlordEmblem:Potential"],"picked":"WarlordEmblem:DeathCoil","floor":10},{"not_picked":["WarlordEmblem:SwordWave","WarlordEmblem:Potential"],"picked":"WarlordEmblem:SevereWinter","floor":11},{"not_picked":["WarlordEmblem:DeathGateway","WarlordEmblem:DeathWither","WarlordEmblem:DeathStrike"],"picked":"SKIP","floor":13},{"not_picked":["WarlordEmblem:RuneRecast","WarlordEmblem:FrostbiteStrike","WarlordEmblem:RuneInspire"],"picked":"SKIP","floor":14},{"not_picked":["WarlordEmblem:RealmRider","WarlordEmblem:RunePerfusion"],"picked":"WarlordEmblem:DeathWither","floor":16},{"not_picked":["WarlordEmblem:Withstand+1","WarlordEmblem:DeathCoil+1"],"picked":"WarlordEmblem:RealmStorm","floor":18},{"not_picked":["WarlordEmblem:DeathContract","WarlordEmblem:RealmStorm"],"picked":"WarlordEmblem:DeathShake","floor":20},{"not_picked":["WarlordEmblem:BoneShield","WarlordEmblem:DeathCoil"],"picked":"WarlordEmblem:LichBody","floor":21},{"not_picked":["WarlordEmblem:Potential","WarlordEmblem:RuneMelter+1"],"picked":"WarlordEmblem:BloodStrike+1","floor":22},{"not_picked":["WarlordEmblem:BloodSacrifice","WarlordEmblem:Withstand+1"],"picked":"WarlordEmblem:ForceDeflexion+1","floor":23},{"not_picked":["WarlordEmblem:SwordWave","WarlordEmblem:RuneFocus"],"picked":"WarlordEmblem:HeartStrike","floor":25},{"not_picked":["WarlordEmblem:EvilSee+1","WarlordEmblem:DeathCoil+1","WarlordEmblem:RuneRecast"],"picked":"SKIP","floor":27},{"not_picked":["WarlordEmblem:RuneExplode","WarlordEmblem:NoLightShield","WarlordEmblem:RuneRecover"],"picked":"SKIP","floor":30},{"not_picked":["WarlordEmblem:BloodSacrifice","WarlordEmblem:VoidDefend","WarlordEmblem:RuneRecast"],"picked":"SKIP","floor":31},{"not_picked":["WarlordEmblem:DeathWither","WarlordEmblem:CurseBlade"],"picked":"WarlordEmblem:Hanging","floor":33},{"not_picked":["WarlordEmblem:BloodSacrifice","WarlordEmblem:RuneRegen+1","WarlordEmblem:DeathStrike"],"picked":"SKIP","floor":35},{"not_picked":["WarlordEmblem:VoidStrike","WarlordEmblem:EvilSee+1"],"picked":"WarlordEmblem:BodyStrike+1","floor":36},{"not_picked":["WarlordEmblem:RunePerfusion","WarlordEmblem:RuneRecast+1"],"picked":"WarlordEmblem:WrathOfSindragosa+1","floor":38},{"not_picked":["WarlordEmblem:VoidStrike+1","WarlordEmblem:RuneRecast"],"picked":"WarlordEmblem:HeartStrike+1","floor":41},{"not_picked":["WarlordEmblem:RuneRegen","WarlordEmblem:DeathShake","WarlordEmblem:BloodMask+1"],"picked":"SKIP","floor":42},{"not_picked":["WarlordEmblem:RuneBlade","WarlordEmblem:WillOfTheNecropolis+1"],"picked":"WarlordEmblem:BloodSacrifice+1","floor":46},{"not_picked":["WarlordEmblem:DeathCoil","WarlordEmblem:CurseStrike+1","WarlordEmblem:EvilSee+1"],"picked":"SKIP","floor":47},{"not_picked":["WarlordEmblem:Execute","WarlordEmblem:SwordWave","WarlordEmblem:EvilSee+1"],"picked":"SKIP","floor":48}],"player_experience":380387,"relics_obtained":[{"floor":9,"key":"Bag of Marbles"},{"floor":13,"key":"Bag of Preparation"},{"floor":26,"key":"ReplayTheSpireMod:TigerMarble"},{"floor":30,"key":"Lantern"},{"floor":32,"key":"Bottled Tornado"},{"floor":39,"key":"Pen Nib"},{"floor":42,"key":"Unceasing Top"},{"floor":43,"key":"REME_HandOfSuture"},{"floor":46,"key":"MoreBug"}],"event_choices":[{"damage_healed":0.0,"max_hp_gain":0.0,"max_hp_loss":0.0,"gold_gain":0.0,"event_name":"Scrap Ooze","player_choice":"Success","floor":2.0,"gold_loss":0.0,"damage_taken":7.0,"relics_obtained":["conspire:TopHat"]},{"damage_healed":0,"gold_gain":0,"player_choice":"Invest 1","damage_taken":0,"max_hp_gain":0,"max_hp_loss":0,"event_name":"conspire:Investor","floor":24,"gold_loss":0},{"damage_healed":0,"gold_gain":0,"player_choice":"Fight","damage_taken":0,"max_hp_gain":0,"max_hp_loss":0,"event_name":"Mysterious Sphere","floor":46,"gold_loss":0}],"is_beta":false,"boss_relics":[{"not_picked":["REME_ChargedStone","Replay:Grab Bag"],"picked":"Coffee Dripper"},{"not_picked":["Runic Pyramid","Tiny House"],"picked":"WarlordEmblem:IceDragon"}],"items_purged_floors":[4],"is_endless":false,"potions_floor_spawned":[5,10,11,14,16,21,27,31,33,35,39,41,48],"killed_by":"conspire:OrnateMirror","ascension_level":0}}