{"host":"5x08nt64u3vxxcfi","time":1611805083,"event":{"mods":["BaseMod","Minty Spire (QoL Compilation)","StSLib","SuperFastMode"],"gold_per_floor":[16,34,34,34,51,85,85,102,102,102,118,146,160,9,9,110,110,126,141,141,141,141],"floor_reached":21,"language":"KOR","playtime":503,"items_purged":[],"score":239,"play_id":"8c29539c-01bc-4269-b91b-74aac693c785","local_time":"20210128123803","is_ascension_mode":true,"campfire_choices":[{"data":"Fiend Fire","floor":7.0,"key":"SMITH"},{"data":"Rampage","floor":10.0,"key":"SMITH"},{"data":"Dark Embrace","floor":15.0,"key":"SMITH"}],"circlet_count":0,"master_deck":["Strike_R","Strike_R","Strike_R","Strike_R","Strike_R","Defend_R","Defend_R","Defend_R","Defend_R","Bash","Fiend Fire+1","Flame Barrier","Disarm","Flame Barrier","Rampage+1","Pommel Strike","Second Wind","Body Slam+1","Thunderclap+1","Entrench","Dark Embrace+1","Impervious","Disarm","Shrug It Off+1"],"relics":["Burning Blood","Question Card","Molten Egg 2","Blue Candle","SacredBark"],"acts_visited":["Exordium","TheCity"],"potions_floor_usage":[],"damage_taken":[{"damage":6.0,"enemies":"Cultist","floor":1.0,"turns":3.0},{"damage":11.0,"enemies":"Jaw Worm","floor":2.0,"turns":4.0},{"damage":0.0,"enemies":"2 Louse","floor":5.0,"turns":3.0},{"damage":49.0,"enemies":"3 Sentries","floor":6.0,"turns":11.0},{"damage":3.0,"enemies":"2 Fungi Beasts","floor":8.0,"turns":4.0},{"damage":0.0,"enemies":"Large Slime","floor":11.0,"turns":4.0},{"damage":31.0,"enemies":"Lagavulin","floor":12.0,"turns":4.0},{"damage":0.0,"enemies":"Red Slaver","floor":13.0,"turns":2.0},{"damage":6.0,"enemies":"Hexaghost","floor":16.0,"turns":7.0},{"damage":6.0,"enemies":"3 Byrds","floor":18.0,"turns":4.0},{"damage":24.0,"enemies":"Shell Parasite","floor":19.0,"turns":5.0},{"damage":49,"enemies":"Sentry and Sphere","floor":21,"turns":7}],"seed_played":"2573725146913541743","potions_obtained":[{"floor":2.0,"key":"Swift Potion"},{"floor":4.0,"key":"DuplicationPotion"},{"floor":4.0,"key":"SneckoOil"},{"floor":12.0,"key":"CultistPotion"},{"floor":18.0,"key":"BlessingOfTheForge"}],"is_trial":false,"path_per_floor":["M","M","$","?","M","E","R","M","T","R","M","E","M","$","R","B",null,"M","M","?","M"],"character_chosen":"IRONCLAD","items_purchased":["Entrench","Dark Embrace"],"campfire_rested":0,"item_purchase_floors":[14,14],"current_hp_per_floor":[80,75,75,75,80,37,37,40,40,40,46,21,27,27,27,27,67,67,49,49,0,0],"gold":141,"neow_bonus":"THREE_RARE_CARDS","is_daily":false,"chose_seed":false,"campfire_upgraded":3,"win_rate":0.0,"timestamp":1611805083,"path_taken":["M","M","?","?","?","E","R","M","T","R","M","E","M","$","R","BOSS","M","?","?","?"],"items_purchased_type":["Card","Card"],"build_version":"2020-12-22","purchased_purges":0,"victory":false,"max_hp_per_floor":[80,80,80,80,80,80,80,80,80,80,80,80,80,80,80,80,80,80,80,80,80,80],"card_choices":[{"not_picked":["Exhume","Reaper"],"picked":"Fiend Fire","floor":0.0},{"not_picked":["Clothesline","Anger"],"picked":"Flame Barrier","floor":1.0},{"not_picked":["Cleave","Infernal Blade"],"picked":"Disarm","floor":2.0},{"not_picked":["Flex","Wild Strike"],"picked":"Flame Barrier","floor":5.0},{"not_picked":["Iron Wave","Flex"],"picked":"Rampage","floor":6.0},{"not_picked":["Armaments","Combust","Infernal Blade"],"picked":"Pommel Strike","floor":8.0},{"not_picked":["Twin Strike+1","Warcry","Intimidate"],"picked":"Second Wind","floor":11.0},{"not_picked":["Corruption","Havoc","Feel No Pain"],"picked":"Body Slam+1","floor":12.0},{"not_picked":["Twin Strike+1","Havoc","Perfected Strike+1"],"picked":"Thunderclap+1","floor":13.0},{"not_picked":["Offering","Demon Form","Reaper+1"],"picked":"Impervious","floor":16.0},{"not_picked":["Whirlwind+1","Thunderclap+1","Perfected Strike+1"],"picked":"Disarm","floor":18.0},{"not_picked":["Anger+1","Headbutt+1","Havoc"],"picked":"Shrug It Off+1","floor":19.0}],"player_experience":116825,"relics_obtained":[{"floor":6.0,"key":"Question Card"},{"floor":9.0,"key":"Molten Egg 2"},{"floor":12.0,"key":"Blue Candle"}],"event_choices":[{"damage_healed":0.0,"max_hp_gain":0.0,"max_hp_loss":0.0,"gold_gain":0.0,"event_name":"Lab","player_choice":"Got Potions","floor":4.0,"gold_loss":0.0,"damage_taken":0.0}],"is_beta":false,"boss_relics":[{"not_picked":["Black Blood","Fusion Hammer"],"picked":"SacredBark"}],"items_purged_floors":[],"is_endless":false,"potions_floor_spawned":[2,8,12,13,18],"killed_by":"Sentry and Sphere","ascension_level":5}}