{"host":"i0avyit1s6jb1siw","time":1611873604,"event":{"mods":["BaseMod","DeckTracker","Dota2Spire","Highlight Path","Minty Spire (QoL Compilation)","Quick Restart","StSLib","SuperFastMode"],"gold_per_floor":[109,0,13,32,32,32,59,69,69,69,69,69,88,88,120,136,136,136,208,208,228,228,248,196,111,111,126,142,156,156,183,203,203,240,252,279,291,303,392,404,428,451,248,264,264,299,309,342,342,368,368,385,415,17,17,17,17,17,17],"floor_reached":58,"language":"ENG","playtime":1721,"items_purged":[],"score":1697,"play_id":"1a2a1c8a-ace1-4a25-a8ac-5389c0480bfa","local_time":"20210128234004","is_ascension_mode":true,"campfire_choices":[{"data":"Combust","floor":6,"key":"SMITH"},{"data":"Perfected Strike","floor":12,"key":"SMITH"},{"data":"Shockwave","floor":14,"key":"SMITH"},{"data":"Pommel Strike","floor":17,"key":"SMITH"},{"data":"Anger","floor":18,"key":"SMITH"},{"floor":26,"key":"DIG"},{"floor":33,"key":"DIG"},{"floor":37,"key":"DIG"},{"floor":38,"key":"DIG"},{"floor":51,"key":"RECALL"},{"floor":55,"key":"DIG"},{"floor":56,"key":"DIG"}],"circlet_count":0,"master_deck":["AscendersBane","Strike_R+1","Strike_R+1","Strike_R+1","Strike_R+1","Strike_R+1","Defend_R+1","Defend_R+1","Defend_R+1","Defend_R+1","Bash","Combust+1","Anger+1","Shockwave+1","Feel No Pain","Perfected Strike+1","Wild Strike","Pommel Strike+1","Immolate","Shrug It Off","Rupture+1","Shrug It Off","Flame Barrier","Uppercut","Twin Strike","Limit Break","Wild Strike","Seeing Red","Corruption","Perfected Strike","Burning Pact","Apotheosis","Disarm","Shrug It Off+1","Perfected Strike","Perfected Strike+1","Shrug It Off","Perfected Strike","Dark Shackles","Clothesline"],"relics":["Burning Blood","NeowsBlessing","Dota2Spire:Desolator","Gambling Chip","StoneCalendar","Ice Cream","Kunai","Snecko Eye","Shovel","Gremlin Horn","Dota2Spire:MagicBottle","MawBank","Dota2Spire:MaskOfMadness","Ancient Tea Set","Dota2Spire:Mjollnir","Dota2Spire:Bloodstone","Lantern","MealTicket","Dota2Spire:Vanguard","Letter Opener","Akabeko","Nunchaku","Bottled Flame","Oddly Smooth Stone"],"acts_visited":["Exordium","TheCity","TheBeyond"],"potions_floor_usage":[19,19,39,48,58],"damage_taken":[{"damage":0,"enemies":"Small Slimes","floor":1,"turns":1},{"damage":0,"enemies":"Jaw Worm","floor":3,"turns":1},{"damage":0,"enemies":"2 Louse","floor":4,"turns":1},{"damage":21,"enemies":"3 Sentries","floor":7,"turns":5},{"damage":6,"enemies":"Exordium Wildlife","floor":8,"turns":4},{"damage":11,"enemies":"Looter","floor":13,"turns":2},{"damage":9,"enemies":"Lagavulin","floor":15,"turns":5},{"damage":7,"enemies":"Exordium Thugs","floor":16,"turns":3},{"damage":39,"enemies":"Hexaghost","floor":19,"turns":7},{"damage":0,"enemies":"2 Thieves","floor":21,"turns":2},{"damage":1,"enemies":"Chosen","floor":23,"turns":2},{"damage":19,"enemies":"Snake Plant","floor":27,"turns":3},{"damage":1,"enemies":"Centurion and Healer","floor":28,"turns":3},{"damage":0,"enemies":"3 Cultists","floor":29,"turns":4},{"damage":0,"enemies":"Snake Plant","floor":32,"turns":2},{"damage":4,"enemies":"Book of Stabbing","floor":34,"turns":2},{"damage":3,"enemies":"Centurion and Healer","floor":36,"turns":4},{"damage":34,"enemies":"Automaton","floor":39,"turns":7},{"damage":0,"enemies":"Orb Walker","floor":41,"turns":3},{"damage":9,"enemies":"3 Darklings","floor":42,"turns":3},{"damage":0,"enemies":"Spire Growth","floor":44,"turns":2},{"damage":0,"enemies":"Reptomancer","floor":46,"turns":5},{"damage":12,"enemies":"Maw","floor":47,"turns":5},{"damage":11,"enemies":"Nemesis","floor":48,"turns":5},{"damage":9,"enemies":"Giant Head","floor":50,"turns":5},{"damage":19,"enemies":"Writhing Mass","floor":52,"turns":6},{"damage":52,"enemies":"Nemesis","floor":53,"turns":7},{"damage":50,"enemies":"Donu and Deca","floor":57,"turns":7},{"damage":51,"enemies":"Awakened One","floor":58,"turns":6}],"seed_played":"8220471445083014118","potions_obtained":[{"floor":4,"key":"Explosive Potion"},{"floor":8,"key":"DistilledChaos"},{"floor":19,"key":"LiquidMemories"},{"floor":23,"key":"HeartOfIron"},{"floor":42,"key":"SpeedPotion"},{"floor":48,"key":"Energy Potion"}],"is_trial":false,"path_per_floor":["M","$","M","M","$","R","E","M","T","T","?","R","M","R","E","M","R","R","B",null,"M","?","M","$","?","R","M","M","M","T","T","M","R","E","?","M","R","R","B",null,"M","M","$","M","?","E","M","E","T","E","R","M","E","$","R","R","B","B"],"character_chosen":"IRONCLAD","items_purchased":["Combust","Anger","Shrug It Off","Apotheosis","Shrug It Off","Perfected Strike","Nunchaku","Dark Shackles","Clothesline"],"campfire_rested":0,"item_purchase_floors":[2,2,24,43,54,54,54,54,54],"current_hp_per_floor":[74,74,75,75,75,75,60,60,60,60,55,55,50,50,47,46,46,46,13,60,66,45,50,50,50,50,37,42,48,48,48,57,57,59,59,62,62,62,40,70,76,73,73,79,76,76,70,65,65,62,62,49,30,45,45,45,16,0,0],"gold":17,"neow_bonus":"THREE_ENEMY_KILL","is_daily":false,"chose_seed":false,"campfire_upgraded":5,"win_rate":0.0,"timestamp":1611873604,"path_taken":["M","$","M","M","$","R","E","M","T","T","?","R","M","R","E","M","R","R","BOSS","M","?","M","$","?","R","M","?","M","T","T","M","R","E","?","M","R","R","BOSS","M","M","$","M","?","E","M","E","T","E","R","M","E","$","R","R","BOSS","BOSS"],"items_purchased_type":["Card","Card","Card","Card","Card","Card","Relic","Card","Card"],"build_version":"2020-12-22","purchased_purges":0,"victory":false,"max_hp_per_floor":[75,75,75,75,75,75,75,75,75,75,75,75,75,75,75,75,75,75,75,75,75,80,80,80,80,80,80,80,80,80,80,80,80,80,80,80,80,80,80,80,80,80,80,80,76,76,76,76,76,76,76,76,76,76,76,76,76,76,76],"card_choices":[{"not_picked":["Heavy Blade","Bloodletting","Iron Wave"],"picked":"SKIP","floor":1},{"not_picked":["Pommel Strike","Wild Strike"],"picked":"Shockwave","floor":3},{"not_picked":["Sentinel","Anger"],"picked":"Feel No Pain","floor":4},{"not_picked":["Ghostly Armor","Body Slam"],"picked":"Perfected Strike","floor":7},{"not_picked":["Berserk","Heavy Blade"],"picked":"Wild Strike","floor":8},{"not_picked":["Cleave","Warcry","Infernal Blade"],"picked":"SKIP","floor":13},{"not_picked":["Cleave","Warcry","Infernal Blade"],"picked":"SKIP","floor":13},{"not_picked":["Limit Break","Brutality","Pummel"],"picked":"SKIP","floor":15},{"not_picked":["Limit Break","Brutality","Pummel"],"picked":"SKIP","floor":15},{"not_picked":["Anger","Havoc"],"picked":"Pommel Strike","floor":16},{"not_picked":["Juggernaut","Berserk"],"picked":"Immolate","floor":19},{"not_picked":["Armaments","Thunderclap"],"picked":"Shrug It Off","floor":21},{"not_picked":["Spot Weakness","Sword Boomerang"],"picked":"Rupture+1","floor":23},{"not_picked":["Thunderclap","Clash"],"picked":"Flame Barrier","floor":27},{"not_picked":["Warcry+1","Iron Wave"],"picked":"Uppercut","floor":28},{"not_picked":["Flex","Dark Embrace"],"picked":"Twin Strike","floor":29},{"not_picked":["Ghostly Armor","Headbutt"],"picked":"Limit Break","floor":32},{"not_picked":["True Grit","Blood for Blood"],"picked":"Wild Strike","floor":34},{"not_picked":["Cleave","Hemokinesis+1"],"picked":"Seeing Red","floor":36},{"not_picked":["Barricade","Reaper"],"picked":"Corruption","floor":39},{"not_picked":["Dual Wield","Pommel Strike"],"picked":"Perfected Strike","floor":41},{"not_picked":["True Grit","Second Wind+1"],"picked":"Burning Pact","floor":42},{"not_picked":["Infernal Blade","Cleave"],"picked":"Disarm","floor":44},{"not_picked":["Evolve","Sever Soul"],"picked":"Shrug It Off+1","floor":46},{"not_picked":["Anger","Iron Wave+1","Sword Boomerang+1"],"picked":"SKIP","floor":47},{"not_picked":["Ghostly Armor","Clothesline","Warcry"],"picked":"SKIP","floor":48},{"not_picked":["Cleave+1","Double Tap","Dropkick"],"picked":"SKIP","floor":50},{"not_picked":["Heavy Blade+1","Second Wind"],"picked":"Perfected Strike","floor":52},{"not_picked":["Iron Wave","Anger"],"picked":"Perfected Strike+1","floor":53}],"player_experience":2366952,"relics_obtained":[{"floor":7,"key":"Dota2Spire:Desolator"},{"floor":9,"key":"Gambling Chip"},{"floor":10,"key":"StoneCalendar"},{"floor":15,"key":"Kunai"},{"floor":26,"key":"Gremlin Horn"},{"floor":31,"key":"Dota2Spire:MagicBottle"},{"floor":33,"key":"MawBank"},{"floor":34,"key":"Dota2Spire:MaskOfMadness"},{"floor":37,"key":"Ancient Tea Set"},{"floor":38,"key":"Dota2Spire:Mjollnir"},{"floor":46,"key":"Lantern"},{"floor":48,"key":"MealTicket"},{"floor":49,"key":"Dota2Spire:Vanguard"},{"floor":50,"key":"Letter Opener"},{"floor":53,"key":"Akabeko"},{"floor":55,"key":"Bottled Flame"},{"floor":56,"key":"Oddly Smooth Stone"}],"event_choices":[{"damage_healed":0,"gold_gain":0,"player_choice":"Success","damage_taken":5,"relics_obtained":["Ice Cream"],"max_hp_gain":0,"max_hp_loss":0,"event_name":"Scrap Ooze","floor":11,"gold_loss":0},{"damage_healed":0,"gold_gain":0,"player_choice":"Shed Blood","damage_taken":26,"max_hp_gain":5,"max_hp_loss":0,"event_name":"Forgotten Altar","floor":22,"gold_loss":0},{"damage_healed":0,"gold_gain":0,"player_choice":"Obtained Relic","damage_taken":0,"relics_obtained":["Shovel"],"max_hp_gain":0,"max_hp_loss":0,"event_name":"Addict","floor":25,"gold_loss":85},{"damage_healed":0,"gold_gain":0,"player_choice":"Simplicity","damage_taken":0,"max_hp_gain":0,"max_hp_loss":0,"event_name":"Back to Basics","floor":35,"gold_loss":0,"cards_upgraded":["Strike_R","Strike_R","Strike_R","Strike_R","Strike_R","Defend_R","Defend_R","Defend_R","Defend_R"]},{"damage_healed":0,"gold_gain":0,"player_choice":"Max HP","damage_taken":0,"max_hp_gain":0,"max_hp_loss":4,"event_name":"Winding Halls","floor":45,"gold_loss":0}],"is_beta":false,"boss_relics":[{"not_picked":["Pandora\u0027s Box","Fusion Hammer"],"picked":"Snecko Eye"},{"not_picked":["Coffee Dripper","Runic Cube"],"picked":"Dota2Spire:Bloodstone"}],"items_purged_floors":[],"is_endless":false,"potions_floor_spawned":[4,8,13,15,19,23,27,29,34,42,46,48],"killed_by":"Awakened One","ascension_level":20}}