{"host":"2i0myh7fqij2ti1z","time":1611820255,"event":{"mods":["Aspiration","BaseMod","Better Third Choice","Colored Powertips","Conspire","Evolution","FoggyMod","GifTheSpireLib","Highlight Path","Hubris","Minty Spire (QoL Compilation)","Permanent Neow","Quick Restart","Random Character Button","Random Character Mod","Replay The Spire","Shop Mod","Spicy Shops","StSLib","Stuff the Spire","Wandering Minibosses","óô»ðÖ¸ÄÏ"],"gold_per_floor":[114,189,20,20,20,52,52,109,136,163,163,203,203,449,449,573,573,592,592,592,592,862,902,1001,1042,1093,1126,1126,1126,1126,1126,1126,1254,1254,1254,1254],"floor_reached":35,"language":"ENG","playtime":1434,"items_purged":["Defend_B"],"score":593,"play_id":"86969071-d2d3-4937-9948-c10318b463b7","local_time":"20210128155055","is_ascension_mode":true,"campfire_choices":[{"data":"Electrodynamics","floor":7.0,"key":"SMITH"},{"data":"Chaos","floor":30.0,"key":"SMITH"},{"data":"hubris:DoWhile","floor":32.0,"key":"SMITH"}],"circlet_count":0,"master_deck":["Barrage","Compile Driver","Rebound","Zap","Dualcast","Electrodynamics+1","conspire:SharedLibrary","White Noise+1","Chaos+1","Amplify","hubris:DoWhile+1","Core Surge","Amplify","Creative AI+1","Replay:Hysterical Blindness","Machine Learning"],"relics":["Cracked Core","EVO:Axolotl","Juzu Bracelet","StuffTheSpire:DarkSteelAnvil","ReplayTheSpireMod:Ring of Collecting","hubris:CuriousFeather","Blue Doll","Pen Nib","Golden Idol","Art of War","Pandora\u0027s Box","StuffTheSpire:RubySignet","Regal Pillow","Shuriken","aspiration:EnhancedActuators","hubris:CrystalStatue","Lizard Tail","hubris:EmptyBottle","Toy Ornithopter","aspiration:FaultyCoupler","conspire:SeveredTorchhead"],"acts_visited":["Exordium","TheCity","TheBeyond"],"potions_floor_usage":[],"damage_taken":[{"damage":1.0,"enemies":"Cultist","floor":1.0,"turns":3.0},{"damage":16.0,"enemies":"Gremlin Nob","floor":6.0,"turns":3.0},{"damage":6.0,"enemies":"Gremlin Nob","floor":8.0,"turns":3.0},{"damage":18.0,"enemies":"3 Sentries","floor":10.0,"turns":4.0},{"damage":0.0,"enemies":"Gremlin Nob","floor":12.0,"turns":2.0},{"damage":27.0,"enemies":"Hexaghost","floor":16.0,"turns":9.0},{"damage":14.0,"enemies":"Shell Parasite","floor":18.0,"turns":2.0},{"damage":25.0,"enemies":"conspire:SneckoGhost","floor":23.0,"turns":5.0},{"damage":0.0,"enemies":"Replay:Snechameleon","floor":25.0,"turns":2.0},{"damage":12.0,"enemies":"conspire:Head Lice","floor":27.0,"turns":1.0},{"damage":34.0,"enemies":"conspire:MysteriousRune","floor":33.0,"turns":6.0},{"damage":11,"enemies":"3 Shapes","floor":35,"turns":2}],"seed_played":"-1871020367040148408","potions_obtained":[{"floor":1.0,"key":"Toxic Potion"},{"floor":10.0,"key":"GamblersBrew"},{"floor":16.0,"key":"SteroidPotion"},{"floor":28.0,"key":"SmokeBomb"},{"floor":28.0,"key":"Cursed Concoction"}],"is_trial":false,"path_per_floor":["M","?","$","?","?","E","R","?","T","E","?","E","?","?","R","B",null,"M","?","?","?","?","E","?","E","T","E","T","T","R","?","R","B",null,"M"],"character_chosen":"DEFECT","items_purchased":["StuffTheSpire:DarkSteelAnvil"],"campfire_rested":0,"item_purchase_floors":[3],"current_hp_per_floor":[74,63,63,63,63,47,47,41,41,23,5,5,13,13,35,8,75,61,61,61,61,34,13,13,13,13,1,1,1,1,26,26,69,75,64,64],"gold":1254,"neow_bonus":"THREE_RARE_CARDS","is_daily":false,"chose_seed":false,"campfire_upgraded":3,"win_rate":0.0,"timestamp":1611820255,"path_taken":["M","?","$","?","?","E","R","?","T","E","?","E","?","?","R","BOSS","M","?","?","?","?","E","?","E","T","E","?","?","R","?","R","BOSS","M"],"items_purchased_type":["Relic"],"build_version":"2020-12-22","purchased_purges":1,"victory":false,"max_hp_per_floor":[75,75,75,75,75,75,75,75,75,75,75,75,75,75,75,75,75,75,75,75,75,75,75,75,75,75,75,75,75,75,75,75,75,75,75,75],"card_choices":[{"not_picked":["StuffTheSpire:ForEach","ReplayTheSpireMod:Omega Cannon"],"picked":"Electrodynamics","floor":0.0},{"not_picked":["Gash","Hello World","Sweeping Beam"],"picked":"SKIP","floor":1.0},{"not_picked":["BasicCrystalCard","Sweeping Beam","Redo"],"picked":"SKIP","floor":6.0},{"not_picked":["Steam Power","Stack"],"picked":"White Noise","floor":10.0},{"not_picked":["ReplaySolidLightProjector","Rebound"],"picked":"Chaos","floor":12.0},{"not_picked":["Streamline","Stack"],"picked":"Amplify","floor":14.0},{"not_picked":["StuffTheSpire:LaunchingStrike","Reboot"],"picked":"hubris:DoWhile","floor":16.0},{"not_picked":["Ball Lightning+1","Coolheaded","Panic Button"],"picked":"SKIP","floor":18.0},{"not_picked":["Stack","Blizzard","Beam Cell"],"picked":"SKIP","floor":23.0},{"not_picked":["Leap+1","Go for the Eyes","Ball Lightning+1"],"picked":"SKIP","floor":25.0},{"not_picked":["Genetic Algorithm","Conserve Battery","hubris:Prefetch"],"picked":"SKIP","floor":27.0},{"not_picked":["Multi-Cast","Amplify"],"picked":"Machine Learning","floor":33.0}],"player_experience":272726,"relics_obtained":[{"floor":5.0,"key":"ReplayTheSpireMod:Ring of Collecting"},{"floor":6.0,"key":"hubris:CuriousFeather"},{"floor":9.0,"key":"Pen Nib"},{"floor":12.0,"key":"Art of War"},{"floor":23.0,"key":"Regal Pillow"},{"floor":25.0,"key":"Shuriken"},{"floor":26.0,"key":"aspiration:EnhancedActuators"},{"floor":27.0,"key":"hubris:CrystalStatue"},{"floor":28.0,"key":"ReplayTheSpireMod:Ring of Addiction"},{"floor":28.0,"key":"Lizard Tail"},{"floor":28.0,"key":"hubris:EmptyBottle"},{"floor":28.0,"key":"Toy Ornithopter"},{"floor":29.0,"key":"aspiration:FaultyCoupler"}],"event_choices":[{"damage_healed":0.0,"max_hp_gain":0.0,"max_hp_loss":0.0,"gold_gain":75.0,"event_name":"betterThird:BetterGoop","player_choice":"Gold","floor":2.0,"gold_loss":0.0,"damage_taken":11.0},{"damage_healed":0.0,"max_hp_gain":0.0,"max_hp_loss":0.0,"gold_gain":0.0,"cards_transformed":["Strike_B"],"event_name":"Transmorgrifier","player_choice":"Transformed","floor":4.0,"gold_loss":0.0,"damage_taken":0.0,"cards_obtained":["conspire:SharedLibrary"]},{"damage_healed":0.0,"max_hp_gain":0.0,"max_hp_loss":0.0,"gold_gain":30.0,"event_name":"Dead Adventurer","player_choice":"Searched \u00273\u0027 times","floor":8.0,"gold_loss":0.0,"damage_taken":0.0,"relics_obtained":["Blue Doll"]},{"damage_healed":0.0,"max_hp_gain":0.0,"max_hp_loss":0.0,"gold_gain":0.0,"event_name":"Golden Idol","player_choice":"Take Damage","floor":11.0,"gold_loss":0.0,"damage_taken":18.0,"relics_obtained":["Golden Idol"]},{"damage_healed":0.0,"max_hp_gain":0.0,"max_hp_loss":0.0,"gold_gain":0.0,"event_name":"conspire:Investor","player_choice":"Leave","floor":19.0,"gold_loss":0.0,"damage_taken":0.0},{"damage_healed":0.0,"max_hp_gain":0.0,"max_hp_loss":0.0,"gold_gain":270.0,"event_name":"Knowing Skull","player_choice":"GOLD GOLD GOLD ","floor":22.0,"potions_obtained":[],"gold_loss":0.0,"damage_taken":27.0,"cards_obtained":[]},{"damage_healed":0.0,"max_hp_gain":0.0,"max_hp_loss":0.0,"gold_gain":270.0,"event_name":"Knowing Skull","player_choice":"GOLD GOLD GOLD ","floor":22.0,"potions_obtained":[],"gold_loss":0.0,"damage_taken":27.0,"cards_obtained":[]},{"damage_healed":0.0,"max_hp_gain":0.0,"max_hp_loss":0.0,"gold_gain":99.0,"event_name":"betterThird:BetterNest","player_choice":"Steal","floor":24.0,"gold_loss":0.0,"damage_taken":0.0},{"damage_healed":25.0,"max_hp_gain":0.0,"max_hp_loss":0.0,"gold_gain":0.0,"event_name":"The Library","player_choice":"Heal","floor":31.0,"gold_loss":0.0,"damage_taken":0.0}],"is_beta":false,"boss_relics":[{"not_picked":["ChewingGum","conspire:RoyalGoblet"],"picked":"Pandora\u0027s Box"},{"not_picked":["hubris:Stopwatch","aspiration:WatcherSkillbook"],"picked":"conspire:SeveredTorchhead"}],"items_purged_floors":[3],"is_endless":false,"potions_floor_spawned":[1,10,16,18],"killed_by":"3 Shapes","ascension_level":2}}