{"host":"qekv59dthhdg54sz","time":1611856704,"event":{"mods":["AchievementEnabler","BaseMod","Colored Map","DeckTracker","KOR Keyword Fix","Minty Spire (QoL Compilation)","Rare Cards Sparkle","StSLib","SuperFastMode"],"gold_per_floor":[367,115,115,115,115,142,142,155,155,171,8,41,41,91,91,91,91],"floor_reached":16,"language":"KOR","playtime":234,"items_purged":["Strike_R"],"score":196,"play_id":"79ed096d-b325-4d45-b344-5ef56e2a831b","local_time":"20210129025824","is_ascension_mode":true,"campfire_choices":[{"data":"Rampage","floor":7.0,"key":"SMITH"},{"data":"Evolve","floor":15,"key":"SMITH"}],"circlet_count":0,"master_deck":["AscendersBane","Strike_R","Strike_R","Strike_R","Defend_R","Defend_R","Defend_R","Defend_R","Bash","Inflame","Reaper","Rampage+1","Second Wind","Evolve+1","Feed"],"relics":["Burning Blood","Sling","Meat on the Bone","Mango","Paper Frog","Eternal Feather"],"acts_visited":["Exordium"],"potions_floor_usage":[],"damage_taken":[{"damage":4.0,"enemies":"Small Slimes","floor":1.0,"turns":5.0},{"damage":30.0,"enemies":"3 Sentries","floor":6.0,"turns":8.0},{"damage":12.0,"enemies":"2 Louse","floor":8.0,"turns":3.0},{"damage":12.0,"enemies":"Jaw Worm","floor":10.0,"turns":4.0},{"damage":18.0,"enemies":"Gremlin Nob","floor":12.0,"turns":4.0},{"damage":60,"enemies":"The Guardian","floor":16,"turns":10}],"seed_played":"-3989013058088826539","potions_obtained":[{"floor":1.0,"key":"Block Potion"}],"is_trial":false,"path_per_floor":["M","$","?","?","?","E","R","M","T","M","$","E","$","?","R","B"],"character_chosen":"IRONCLAD","items_purchased":["Sling","Reaper","Evolve"],"campfire_rested":0,"item_purchase_floors":[2,2,11],"current_hp_per_floor":[68,68,61,61,35,53,53,59,59,53,53,55,55,47,56,2,2],"gold":91,"neow_bonus":"TWO_FIFTY_GOLD","is_daily":false,"chose_seed":false,"campfire_upgraded":2,"win_rate":0.0,"timestamp":1611856704,"path_taken":["M","$","?","?","?","E","R","M","T","?","$","E","$","?","R","BOSS"],"items_purchased_type":["Relic","Card","Card"],"build_version":"2020-12-22","purchased_purges":1,"victory":false,"max_hp_per_floor":[68,68,68,68,68,82,82,82,82,82,82,82,82,82,82,82,82],"card_choices":[{"not_picked":["Iron Wave","Sword Boomerang"],"picked":"Inflame","floor":1.0},{"not_picked":["Sentinel","True Grit"],"picked":"Rampage","floor":6.0},{"not_picked":["Blood for Blood","Iron Wave","Havoc"],"picked":"SKIP","floor":8.0},{"not_picked":["Shrug It Off","Heavy Blade"],"picked":"Second Wind","floor":10.0},{"not_picked":["Shrug It Off","Carnage"],"picked":"Feed","floor":12.0}],"player_experience":866928,"relics_obtained":[{"floor":6.0,"key":"Mango"},{"floor":9.0,"key":"Paper Frog"},{"floor":12.0,"key":"Eternal Feather"}],"event_choices":[{"cards_removed":["Strike_R"],"damage_healed":0.0,"max_hp_gain":0.0,"max_hp_loss":0.0,"gold_gain":0.0,"event_name":"Golden Wing","player_choice":"Card Removal","floor":3.0,"gold_loss":0.0,"damage_taken":7.0},{"damage_healed":0.0,"max_hp_gain":0.0,"max_hp_loss":0.0,"gold_gain":0.0,"event_name":"Liars Game","player_choice":"Ignored","floor":4.0,"gold_loss":0.0,"damage_taken":0.0},{"damage_healed":0.0,"max_hp_gain":0.0,"max_hp_loss":0.0,"gold_gain":0.0,"event_name":"Scrap Ooze","player_choice":"Success","floor":5.0,"gold_loss":0.0,"damage_taken":26.0,"relics_obtained":["Meat on the Bone"]},{"damage_healed":0,"gold_gain":50,"player_choice":"Touch","damage_taken":8,"max_hp_gain":0,"max_hp_loss":0,"event_name":"FaceTrader","floor":14,"gold_loss":0}],"is_beta":false,"boss_relics":[],"items_purged_floors":[11],"is_endless":false,"potions_floor_spawned":[1],"killed_by":"The Guardian","ascension_level":17}}