{"host":"dt8tt9y5uobrbn6j","time":1611807446,"event":{"mods":["Act Like it!","BaseMod","Better Third Choice","BetterRewards","Card Forge","Colored Powertips","Conspire","Gensokyo","Mimic Mod","Minty Spire (QoL Compilation)","Quick Restart","Relic Stats","Retaliation","Shop Mod","StSLib","The Bug Knight","The Jungle","[IsaacMod]ÒÔÈö¼âËþ","óô»ðÖ¸ÄÏ"],"gold_per_floor":[115,115,115,115,131,158,173,187,214,214,214],"floor_reached":10,"language":"ZHS","playtime":397,"items_purged":["Strike_G"],"score":186,"play_id":"38a9996a-9ee3-4824-b17f-d012ea34734b","local_time":"20210128121726","is_ascension_mode":true,"campfire_choices":[],"circlet_count":0,"master_deck":["AscendersBane","conspire:GhostlyStrike","conspire:GhostlyStrike","conspire:GhostlyStrike","conspire:GhostlyStrike","conspire:GhostlyDefend","conspire:GhostlyDefend","conspire:GhostlyDefend","conspire:GhostlyDefend","conspire:GhostlyDefend","Survivor","Neutralize","BloodyBrimstone","Corpse Explosion","Flechettes","Master of Strategy","Well Laid Plans","Apotheosis+1","SuicideKing","Die Die Die","Skewer","Backflip","Blur","Reflex","Deflect"],"relics":["Ring of the Snake","Hammer of Thor","Seething Fire","Anvil of the Gods","HushsDoor","Sundial","PreservedInsect","Chemical X","Du-Vu Doll","Potion Belt","White Beast Statue","Tiny Chest","MealTicket","SteamSale","BookOfRevelations"],"acts_visited":["Exordium"],"potions_floor_usage":[10],"damage_taken":[{"damage":0.0,"enemies":"Jaw Worm","floor":1.0,"turns":2.0},{"damage":0.0,"enemies":"Small Slimes","floor":5.0,"turns":2.0},{"damage":10.0,"enemies":"3 Sentries","floor":6.0,"turns":2.0},{"damage":0.0,"enemies":"Cultist","floor":7.0,"turns":2.0},{"damage":3.0,"enemies":"Blue Slaver","floor":8.0,"turns":5.0},{"damage":5,"enemies":"Lagavulin","floor":10,"turns":3}],"seed_played":"-2112821447136265696","potions_obtained":[{"floor":1.0,"key":"Dexterity Potion"},{"floor":5.0,"key":"Ancient Potion"},{"floor":6.0,"key":"GamblersBrew"},{"floor":7.0,"key":"Swift Potion"}],"is_trial":false,"path_per_floor":["M","?","?","?","M","E","M","M","T","E"],"character_chosen":"THE_SILENT","items_purchased":["Sundial","PreservedInsect","Corpse Explosion","Flechettes","Master of Strategy","Well Laid Plans","Chemical X","Apotheosis","SuicideKing","Du-Vu Doll","Potion Belt","White Beast Statue","Die Die Die","Tiny Chest","Skewer"],"campfire_rested":0,"item_purchase_floors":[0,0,0,0,0,0,0,0,0,0,0,0,0,0,0],"current_hp_per_floor":[18,18,18,18,18,8,8,5,5,0,0],"gold":214,"neow_bonus":"","is_daily":false,"chose_seed":false,"campfire_upgraded":0,"win_rate":0.0,"timestamp":1611807446,"path_taken":["M","?","?","?","M","E","M","M","T","E"],"items_purchased_type":["Relic","Relic","Card","Card","Card","Card","Relic","Card","Card","Relic","Relic","Relic","Card","Relic","Card"],"build_version":"2020-12-22","purchased_purges":1,"victory":false,"max_hp_per_floor":[66,66,66,66,66,66,66,66,66,66,66],"relic_stats":{"counters":[6,16],"Sundial":[0],"Tiny Chest":0,"MealTicket":0,"PreservedInsect":60,"Chemical X":[6],"obtain_stats":[{"KeepersGift":0,"Potion Belt":0,"BookOfRevelations":9,"Hammer of Thor":0,"PreservedInsect":0,"Seething Fire":0,"SteamSale":8,"White Beast Statue":0,"Du-Vu Doll":0,"Anvil of the Gods":0,"Sundial":0,"Tiny Chest":0,"MealTicket":6,"Chemical X":0,"HushsDoor":0,"Ring of the Snake":0},{"KeepersGift":0,"Potion Belt":0,"BookOfRevelations":5,"Hammer of Thor":0,"PreservedInsect":0,"Seething Fire":0,"SteamSale":5,"White Beast Statue":0,"Du-Vu Doll":0,"Anvil of the Gods":0,"Sundial":0,"Tiny Chest":0,"MealTicket":3,"Chemical X":0,"HushsDoor":0,"Ring of the Snake":0},{"KeepersGift":0,"Potion Belt":0,"BookOfRevelations":13,"Hammer of Thor":0,"PreservedInsect":0,"Seething Fire":0,"SteamSale":9,"White Beast Statue":0,"Du-Vu Doll":0,"Anvil of the Gods":0,"Sundial":0,"Tiny Chest":0,"MealTicket":6,"Chemical X":0,"HushsDoor":0,"Ring of the Snake":0}],"Ring of the Snake":[12]},"card_choices":[{"not_picked":[],"picked":"BloodyBrimstone","floor":0.0},{"not_picked":["Dagger Throw","Dagger Spray","Leg Sweep"],"picked":"SKIP","floor":1.0},{"not_picked":["Grand Finale","Acrobatics"],"picked":"Backflip","floor":5.0},{"not_picked":["Backflip","Riddle With Holes"],"picked":"Blur","floor":6.0},{"not_picked":["Blade Dance","PiercingWail"],"picked":"Reflex","floor":7.0},{"not_picked":["Dagger Spray","Deadly Poison"],"picked":"Deflect","floor":8.0}],"player_experience":858019,"relics_obtained":[{"floor":6.0,"key":"MealTicket"},{"floor":9.0,"key":"BookOfRevelations"}],"event_choices":[{"damage_healed":0.0,"max_hp_gain":0.0,"max_hp_loss":0.0,"gold_gain":0.0,"event_name":"conspire:LoneGhost","player_choice":"Agree","floor":2.0,"gold_loss":0.0,"damage_taken":0.0},{"damage_healed":0.0,"max_hp_gain":0.0,"max_hp_loss":0.0,"gold_gain":0.0,"event_name":"Accursed Blacksmith","player_choice":"Forge","floor":3.0,"gold_loss":0.0,"damage_taken":0.0,"cards_upgraded":["Apotheosis"]}],"is_beta":false,"boss_relics":[],"items_purged_floors":[0],"is_endless":false,"potions_floor_spawned":[1,5,6,7,8],"killed_by":"Lagavulin","ascension_level":20}}