{"host":"8d5lz1qub9wfpdii","time":1611813127,"event":{"mods":["2.2 Compatiblity","AchievementEnabler","Act Like it!","Arknights The Spire","Aspiration","BaseMod","Beaked The Cultist","Bestiary","Better Altar","Better Match","Better Note","Better Skull","Better Third Choice","BetterRewards","Colored Powertips","Conspire","Downfall","Friendly Minions","GifTheSpireLib","Hallownest","Hermit","Hubris","Infinite Spire","Jorbs\u0027s Wanderer Trilogy","Minty Spire (QoL Compilation)","RNG Fix","Relic Stats","Replay The Spire","Shade Mod","Shop Mod","Spicy Shops","Spire Arcade","StSLib","Stuff the Spire","The Animator","The Blackbeard","The Bug Knight","The Clintock","The Forsaken","The Hayseed","The Hierophant","The Necromancer","The Runesmith","The Servant 0.9.4","Uncapped","Wandering Minibosses"],"gold_per_floor":[112,37,150,150,150,164,195,213,240,240,269,3,38,38,38,135,135,153,153,153,63,105,105,138,155,208,222,222,222,222],"floor_reached":29,"language":"ENG","playtime":1221,"items_purged":["beaked:Strike_Y"],"score":286,"play_id":"b25ccf51-4617-487d-8b76-b066a2d78a14","local_time":"20210128162207","is_ascension_mode":true,"campfire_choices":[{"data":"beaked:MachineSpirit","floor":10,"key":"SMITH"},{"floor":15,"key":"REST"},{"floor":23,"key":"REST"},{"data":"beaked:CrazyRituals","floor":28,"key":"SMITH"}],"circlet_count":0,"master_deck":["beaked:Defend_Y","beaked:Defend_Y+1","beaked:Ceremony","beaked:Ceremony","beaked:Ceremony","beaked:MachineSpirit+1","beaked:CrazyRituals+1","beaked:SacrificialScars+1","Slimebound:Tackle+1","Slimebound:Tackle+1","Slimebound:Tackle+1","beaked:KnowThyFoe","beaked:Foresight"],"relics":["beaked:MendingPlumage","NeowsBlessing","ReplayFunnel","Blue Candle","Replay:Mystery Machine","Odd Mushroom","Letter Opener","Toolbox","Regal Pillow","Black Star","Blood Vial","Tiny Chest","hubris:64BitClover","StuffTheSpire:OldFever"],"acts_visited":["Exordium","TheCity"],"potions_floor_usage":[13,29,29],"damage_taken":[{"damage":0,"enemies":"Cultist","floor":1,"turns":1},{"damage":0,"enemies":"Jaw Worm","floor":6,"turns":1},{"damage":0,"enemies":"Lagavulin","floor":7,"turns":2},{"damage":15,"enemies":"2 Louse","floor":8,"turns":6},{"damage":38,"enemies":"The Mushroom Lair","floor":11,"turns":5},{"damage":38,"enemies":"Gremlin Nob","floor":13,"turns":5},{"damage":19,"enemies":"Fading Forest","floor":16,"turns":12},{"damage":35,"enemies":"conspire:FuzzyDice","floor":18,"turns":9},{"damage":41,"enemies":"conspire:MimicChest","floor":22,"turns":9},{"damage":11,"enemies":"conspire:Head Lice","floor":24,"turns":5},{"damage":52,"enemies":"3 Cultists","floor":25,"turns":5},{"damage":18,"enemies":"Snake Plant","floor":27,"turns":5},{"damage":65,"enemies":"Book of Stabbing","floor":29,"turns":7}],"seed_played":"-7560511047397809438","potions_obtained":[{"floor":6,"key":"SteroidPotion"},{"floor":7,"key":"Cursed Concoction"},{"floor":25,"key":"GamblersBrew"}],"is_trial":false,"path_per_floor":["M","$","?","?","?","M","E","M","T","R","?","$","E","?","R","B",null,"M","?","?","?","?","R","E","M","T","M","R","E"],"character_chosen":"BEAKED_THE_CULTIST","items_purchased":["Letter Opener","Toolbox"],"campfire_rested":2,"item_purchase_floors":[12,12],"current_hp_per_floor":[50,50,21,14,29,30,33,39,39,39,23,23,8,8,38,50,50,29,34,34,34,25,55,52,25,25,36,36,0,0],"gold":222,"neow_bonus":"THREE_ENEMY_KILL","is_daily":false,"chose_seed":false,"campfire_upgraded":2,"win_rate":0.0,"timestamp":1611813127,"path_taken":["M","$","?","?","?","?","E","M","T","R","?","?","E","?","R","BOSS","M","?","?","?","?","R","E","M","T","M","R","E"],"items_purchased_type":["Relic","Relic"],"build_version":"2020-12-22","purchased_purges":1,"victory":false,"max_hp_per_floor":[50,50,50,50,50,50,50,50,50,50,50,50,50,50,50,50,50,52,52,52,52,55,55,55,58,58,58,58,58,58],"relic_stats":{"Blood Vial":6,"Regal Pillow":29,"counters":[102,528],"Blue Candle":[0],"Tiny Chest":0,"Black Star":1,"Letter Opener":[88],"obtain_stats":[{"Golden Egg":28,"infinitespire:BottledMercury":6,"hubris:CrystalStatue":6,"hubris:MysteriousPyramids":11,"hubris:TerracottaHorce":17,"Old Coin":28,"Sozu":19,"Blood Vial":22,"Replay:Ringing Soul":14,"Lizard Tail":15,"FaceOfCleric":3,"aspiration:BabyByrd":4,"MealTicket":14,"aspiration:Headhunter":21,"aspiration:DSix":9,"Replay:Winged Headress":10,"Replay:Bottled Steam":40,"MerchantsRug":5,"Happy Flower":13,"Blue Candle":7,"Oddly Smooth Stone":0,"Pen Nib":11,"hubris:HollowSoul":21,"Letter Opener":12,"hubris:Zylophone":7,"infinitespire:EvilPickle":51,"Shuriken":8,"Bird Faced Urn":25,"CultistMask":3,"infinitespire:EmpoweringShard":22,"Black Star":17,"aspiration:HatOfInfinitePower":0,"Abe\u0027s Treasure":19,"StuffTheSpire:OldFever":26,"Pocketwatch":0,"conspire:Flyswatter":9,"ReplayFunnel":6,"Regal Pillow":7,"aspiration:Lifesprig":15,"Lantern":56,"Torii":12,"Blue Doll":6,"Mango":0,"StuffTheSpire:EmeraldSignet":10,"Bag of Preparation":0,"StuffTheSpire:GrapeVine":0,"Replay:Mystery Machine":48,"theForsaken:PlagueMask":7,"beaked:BlessedCoat":36,"Ancient Tea Set":30,"Pet Ghost":9,"conspire:TopHat":9,"StuffTheSpire:Experiment12":23,"Dream Catcher":42,"Shovel":6,"StuffTheSpire:HeavyRock":17,"Toolbox":12,"Tiny Chest":24,"InkBottle":28,"NeowsBlessing":0,"hubris:64BitClover":24,"hubris:MedicalManual":0,"infinitespire:Lucky Rock":9,"Odd Mushroom":11,"StuffTheSpire:HistoryBook":0,"infinitespire:WardingShard":11,"Runesmith:AutoHammer":29,"Bottled Lightning":7,"beaked:MendingPlumage":0,"ReplayTheSpireMod:Lightbulb":26,"Toy Ornithopter":8},{"Golden Egg":57,"infinitespire:BottledMercury":87,"hubris:CrystalStatue":78,"hubris:MysteriousPyramids":49,"hubris:TerracottaHorce":67,"Old Coin":73,"Sozu":21,"Blood Vial":98,"Replay:Ringing Soul":51,"Lizard Tail":66,"FaceOfCleric":16,"aspiration:BabyByrd":16,"MealTicket":66,"aspiration:Headhunter":22,"aspiration:DSix":88,"Replay:Winged Headress":4,"Replay:Bottled Steam":36,"MerchantsRug":2,"Happy Flower":5,"Blue Candle":92,"Oddly Smooth Stone":9,"Pen Nib":18,"hubris:HollowSoul":22,"Letter Opener":94,"hubris:Zylophone":16,"infinitespire:EvilPickle":41,"Shuriken":17,"Bird Faced Urn":25,"CultistMask":16,"infinitespire:EmpoweringShard":55,"Black Star":96,"aspiration:HatOfInfinitePower":44,"Abe\u0027s Treasure":54,"StuffTheSpire:OldFever":100,"Pocketwatch":44,"conspire:Flyswatter":79,"ReplayFunnel":48,"Regal Pillow":13,"aspiration:Lifesprig":20,"Lantern":43,"Torii":50,"Blue Doll":3,"Mango":74,"StuffTheSpire:EmeraldSignet":18,"Bag of Preparation":44,"StuffTheSpire:GrapeVine":83,"Replay:Mystery Machine":41,"theForsaken:PlagueMask":3,"beaked:BlessedCoat":32,"Ancient Tea Set":58,"Pet Ghost":13,"conspire:TopHat":64,"StuffTheSpire:Experiment12":70,"Dream Catcher":38,"Shovel":63,"StuffTheSpire:HeavyRock":20,"Toolbox":94,"Tiny Chest":99,"InkBottle":27,"NeowsBlessing":0,"hubris:64BitClover":99,"hubris:MedicalManual":44,"infinitespire:Lucky Rock":3,"Odd Mushroom":94,"StuffTheSpire:HistoryBook":44,"infinitespire:WardingShard":65,"Runesmith:AutoHammer":28,"Bottled Lightning":63,"beaked:MendingPlumage":0,"ReplayTheSpireMod:Lightbulb":57,"Toy Ornithopter":79},{"Golden Egg":270,"infinitespire:BottledMercury":449,"hubris:CrystalStatue":397,"hubris:MysteriousPyramids":216,"hubris:TerracottaHorce":334,"Old Coin":371,"Sozu":104,"Blood Vial":506,"Replay:Ringing Soul":228,"Lizard Tail":323,"FaceOfCleric":76,"aspiration:BabyByrd":76,"MealTicket":323,"aspiration:Headhunter":109,"aspiration:DSix":452,"Replay:Winged Headress":13,"Replay:Bottled Steam":157,"MerchantsRug":2,"Happy Flower":20,"Blue Candle":460,"Oddly Smooth Stone":49,"Pen Nib":84,"hubris:HollowSoul":109,"Letter Opener":471,"hubris:Zylophone":76,"infinitespire:EvilPickle":174,"Shuriken":78,"Bird Faced Urn":117,"CultistMask":76,"infinitespire:EmpoweringShard":257,"Black Star":488,"aspiration:HatOfInfinitePower":189,"Abe\u0027s Treasure":251,"StuffTheSpire:OldFever":516,"Pocketwatch":189,"conspire:Flyswatter":402,"ReplayFunnel":210,"Regal Pillow":70,"aspiration:Lifesprig":93,"Lantern":182,"Torii":222,"Blue Doll":3,"Mango":376,"StuffTheSpire:EmeraldSignet":84,"Bag of Preparation":189,"StuffTheSpire:GrapeVine":430,"Replay:Mystery Machine":174,"theForsaken:PlagueMask":3,"beaked:BlessedCoat":142,"Ancient Tea Set":277,"Pet Ghost":70,"conspire:TopHat":311,"StuffTheSpire:Experiment12":353,"Dream Catcher":163,"Shovel":304,"StuffTheSpire:HeavyRock":93,"Toolbox":471,"Tiny Chest":511,"InkBottle":125,"NeowsBlessing":0,"hubris:64BitClover":511,"hubris:MedicalManual":189,"infinitespire:Lucky Rock":3,"Odd Mushroom":471,"StuffTheSpire:HistoryBook":189,"infinitespire:WardingShard":318,"Runesmith:AutoHammer":127,"Bottled Lightning":304,"beaked:MendingPlumage":0,"ReplayTheSpireMod:Lightbulb":270,"Toy Ornithopter":402}]},"card_choices":[{"not_picked":["beaked:SurvivalInstinct","beaked:SacrificialDive","beaked:CursingBlood"],"picked":"SKIP","floor":1},{"not_picked":["beaked:Windmill","beaked:Tweet"],"picked":"beaked:MachineSpirit","floor":6},{"not_picked":["beaked:WarriorEssence","beaked:Poke","beaked:SacrificialAttack"],"picked":"SKIP","floor":7},{"not_picked":["beaked:Daydream","beaked:MimicHuntress","beaked:StickSmack"],"picked":"SKIP","floor":8},{"not_picked":["beaked:Struggle","beaked:Evade"],"picked":"beaked:CrazyRituals","floor":11},{"not_picked":["beaked:WildInstinct","beaked:Pecker","beaked:Flinch"],"picked":"SKIP","floor":13},{"not_picked":["beaked:VolatileMisfortune","beaked:CheekyTricks"],"picked":"beaked:SacrificialScars","floor":16},{"not_picked":["beaked:Windmill","beaked:DigDeeper","beaked:MimicMachine"],"picked":"SKIP","floor":18},{"not_picked":["beaked:Resilience+1","beaked:Tweet+1"],"picked":"beaked:KnowThyFoe","floor":22},{"not_picked":["beaked:FeelMyPain","beaked:StunningBlow+1","beaked:WarriorEssence+1"],"picked":"SKIP","floor":24},{"not_picked":["beaked:Negation+1","beaked:Mantra"],"picked":"beaked:Foresight","floor":25},{"not_picked":["beaked:Tweet","beaked:Tradeoff","beaked:StunningBlow+1"],"picked":"SKIP","floor":27}],"player_experience":96402,"relics_obtained":[{"floor":7,"key":"Blue Candle"},{"floor":9,"key":"Replay:Mystery Machine"},{"floor":11,"key":"Odd Mushroom"},{"floor":13,"key":"Regal Pillow"},{"floor":22,"key":"Blood Vial"},{"floor":24,"key":"Tiny Chest"},{"floor":24,"key":"hubris:64BitClover"},{"floor":26,"key":"StuffTheSpire:OldFever"}],"event_choices":[{"damage_healed":0,"gold_gain":113,"player_choice":"RE UP GO ","damage_taken":34,"relics_obtained":["ReplayFunnel"],"max_hp_gain":0,"max_hp_loss":0,"event_name":"betterSkull:BetterSkull","floor":3,"gold_loss":0,"cards_upgraded":["beaked:Strike_Y"]},{"cards_removed":["beaked:Defend_Y"],"damage_healed":0,"gold_gain":0,"player_choice":"Card Removal","damage_taken":7,"max_hp_gain":0,"max_hp_loss":0,"event_name":"Golden Wing","floor":4,"gold_loss":0},{"damage_healed":0,"gold_gain":0,"player_choice":"Fought Mushrooms","damage_taken":0,"max_hp_gain":0,"max_hp_loss":0,"event_name":"Mushrooms","floor":11,"gold_loss":0},{"cards_removed":["beaked:Defend_Y"],"damage_healed":0,"gold_gain":0,"player_choice":"Upgrade and Remove","damage_taken":0,"max_hp_gain":0,"max_hp_loss":0,"event_name":"Designer","floor":21,"gold_loss":90,"cards_upgraded":["beaked:SacrificialScars"]}],"is_beta":false,"boss_relics":[{"not_picked":["Kintsugi","Calling Bell"],"picked":"Black Star"}],"items_purged_floors":[2],"is_endless":false,"potions_floor_spawned":[6,7,25],"killed_by":"Book of Stabbing","ascension_level":1}}