{"host":"qhbbxt9nia1s4hz5","time":1611864180,"event":{"mods":["2.2 Compatiblity","Act Like it!","AlwaysNeverKeys","BaseMod","Better Altar","Better Note","Better Sensory Stone","Better Skull","Better Third Choice","Better Vampires","BetterRewards","Block Reminder","Booster Modes","Colored Map","Colored Powertips","Energized Spire","Faster Ascension Climbing","Friendly Minions","GifTheSpireLib","Gold Saver","Hallownest","Infinite Spire","Minty Spire (QoL Compilation)","Permanent Neow","Rare Cards Sparkle","Relic Filter","Reliquary","Replay The Spire","Shop Mod","StSLib","The Dragonkin","TheSurvivalist"],"gold_per_floor":[1010,935,948,415,429,461,461,487,556,556,145,145,145,145,145,165,165,264,264,281,281,296,43,153,153,181,181,261,276,276,325,337,337,337,439,439,450,530,563,503,158,158,177,177,200,210,210,321,321,339,339,339,339,339,29,60,60],"floor_reached":58,"language":"ENG","playtime":4495,"items_purged":["theDragonkin:Defend","theDragonkin:Defend","theDragonkin:Defend","theDragonkin:Defend","Hallownest:curseDreamersLament","theDragonkin:Strike","theDragonkin:Strike"],"score":1583,"play_id":"9f6c9246-412d-4b80-81d2-1d4212e7491a","local_time":"20210128220300","is_ascension_mode":false,"campfire_choices":[{"data":"theDragonkin:PrismaticBreath","floor":7.0,"key":"SMITH"},{"data":"theDragonkin:HolyWordBarrier","floor":14.0,"key":"SMITH"},{"data":"theDragonkin:EmberSwipe","floor":17.0,"key":"SMITH"},{"floor":25.0,"key":"REST"},{"data":"theDragonkin:Detox","floor":27.0,"key":"SMITH"},{"data":"theDragonkin:HolySmite","floor":34.0,"key":"SMITH"},{"data":"theDragonkin:ChainsOfTruth","floor":42.0,"key":"SMITH"},{"floor":49,"key":"REST"},{"data":"Hallownest:skillGreenpathMap","floor":51,"key":"PURGE"}],"circlet_count":0,"master_deck":["theDragonkin:Strike+1","theDragonkin:Strike+1","theDragonkin:HolySmite+1","theDragonkin:BlazingBreath+1","theDragonkin:HolySmite+1","theDragonkin:HolyWordBarrier+1","theDragonkin:FlameBreath","theDragonkin:PrismaticBreath+1","theDragonkin:EmberSwipe+1","theDragonkin:Detox+1","theDragonkin:DivineFire","theDragonkin:DivineBreath","theDragonkin:VoiceofOrder+1","theDragonkin:DivineFire+1","theDragonkin:AcidArmor+1","theDragonkin:Smaugs_Smog+1","theDragonkin:ChainsOfTruth+1"],"relics":["theDragonkin:GarnetScale","Potion Belt","Replay:Ringing Soul","DollysMirror","Onion Ring","Tiny Chest","Chameleon Ring","Mango","Blue Candle","Gremlin Food","reliquary:Firecrackers","infinitespire:Joker Card","energizedSpire:NeverEndingSparkler","Hallownest:WatcherSealRelic","Blood Vial","Nunchaku","reliquary:Aerogel","Happy Flower","theDragonkin:EmberCore","infinitespire:Cupcake","Strawberry","reliquary:Knoch","reliquary:WeakTea","reliquary:PrincelyHelmet","reliquary:Stiletto"],"acts_visited":["Hallownest:Greenpath","Hallownest:CityofTears","Hallownest:KingdomsEdge","TheEnding"],"potions_floor_usage":[43,52,56,57,57,57],"damage_taken":[{"damage":0.0,"enemies":"Hallownest:2_Baldur","floor":1.0,"turns":4.0},{"damage":5.0,"enemies":"2_ Uuma","floor":3.0,"turns":4.0},{"damage":0.0,"enemies":"Hallownest:monsterHuskWarrior","floor":5.0,"turns":2.0},{"damage":0.0,"enemies":"Hallownest:eliteMossKnight","floor":6.0,"turns":4.0},{"damage":0.0,"enemies":"Hallownest:eliteVengeflyKing","floor":8.0,"turns":5.0},{"damage":1.0,"enemies":"Hallownest:2_Tiktiks_1_Baldur_1_Crawlid","floor":16.0,"turns":2.0},{"damage":0.0,"enemies":"Hallownest:BossBrokenVessel","floor":18.0,"turns":5.0},{"damage":0.0,"enemies":"Hallownest:Flukemon_and_Top","floor":20.0,"turns":3.0},{"damage":0.0,"enemies":"Hallownest:2_Mistakes","floor":22.0,"turns":3.0},{"damage":0.0,"enemies":"Hallownest:eliteWatcherKnight","floor":26.0,"turns":8.0},{"damage":0.0,"enemies":"Hallownest:2_Flukemon","floor":29.0,"turns":3.0},{"damage":0.0,"enemies":"Hallownest:Glutton_and_Coward","floor":31.0,"turns":2.0},{"damage":0.0,"enemies":"Hallownest:monsterMisterMushroom","floor":32.0,"turns":3.0},{"damage":0.0,"enemies":"Hallownest:BossSoulMaster","floor":35.0,"turns":5.0},{"damage":0.0,"enemies":"Hallownest:2_Littles","floor":37.0,"turns":2.0},{"damage":0.0,"enemies":"Hallownest:2_Littles","floor":38.0,"turns":3.0},{"damage":0.0,"enemies":"Hallownest:2_Littles","floor":38.0,"turns":2.0},{"damage":0.0,"enemies":"Hallownest:3_Siblings","floor":39.0,"turns":4.0},{"damage":0,"enemies":"Hallownest:2_Soldiers_and_1_Guardian","floor":43,"turns":3},{"damage":0,"enemies":"Hallownest:Slobbering_and_Violent","floor":46,"turns":3},{"damage":0,"enemies":"Hallownest:2_Great","floor":50,"turns":2},{"damage":0,"enemies":"Hallownest:Radiance","floor":52,"turns":7},{"damage":0,"enemies":"Shield and Spear","floor":56,"turns":4},{"damage":0,"enemies":"The Heart","floor":57,"turns":6}],"seed_played":"-884506621481723764","potions_obtained":[{"floor":5.0,"key":"BlessingOfTheForge"},{"floor":6.0,"key":"Block Potion"},{"floor":26.0,"key":"Weak Potion"},{"floor":29.0,"key":"ColorlessPotion"},{"floor":32.0,"key":"Adrenaline Potion"},{"floor":37.0,"key":"Energy Potion"},{"floor":39.0,"key":"theDragonkin:DragonkinUncommonPotion"},{"floor":54,"key":"Explosive Potion"},{"floor":54,"key":"theDragonkin:DragonkinRarePotion"}],"is_trial":false,"path_per_floor":["M","?","M","$","M","E","R","?","T","T","$","PTL","PTL","R","T","M","R_BF","B",null,"M","?","M","$","?","R","E","R","T","M","T","M","M","AVR","R","B",null,"M","?","M","?","$","R","M","T","T","M","AVR","?","R","M","R_BF","B",null,"R","$","E","B",null],"character_chosen":"THE_DRAGONKIN","items_purchased":["Potion Belt","Replay:Ringing Soul","DollysMirror","Fruit Juice","Onion Ring","Tiny Chest","reliquary:Firecrackers","theDragonkin:VoiceofOrder","theDragonkin:ChainsOfTruth","Reflective Coating","reliquary:PrincelyHelmet"],"campfire_rested":2,"item_purchase_floors":[0,0,0,0,4,4,11,23,41,41,55],"current_hp_per_floor":[93,96,94,94,97,100,100,114,114,114,114,114,114,114,114,116,116,119,125,128,131,134,137,55,96,101,101,101,106,106,108,110,110,110,115,146,146,146,146,153,156,156,156,163,163,163,163,37,85,87,87,89,163,163,163,163,163],"gold":60,"neow_bonus":"","is_daily":false,"chose_seed":false,"campfire_upgraded":6,"win_rate":0.0,"timestamp":1611864180,"path_taken":["M","?","M","$","M","E","R","?","T","?","?","PTL","PTL","R","?","M","R_BF","BOSS","M","?","M","$","?","R","E","R","T","?","?","?","M","AVR","R","BOSS","M","?","M","?","$","R","M","?","T","?","AVR","?","R","M","R_BF","BOSS","R","$","E","BOSS"],"items_purchased_type":["Relic","Relic","Relic","Potion","Relic","Relic","Relic","Card","Card","Potion","Relic"],"build_version":"2020-12-22","purchased_purges":7,"victory":true,"max_hp_per_floor":[93,96,99,99,102,105,105,119,119,119,119,119,119,119,119,122,122,125,125,128,131,134,137,137,137,140,140,140,143,143,143,143,143,143,146,146,146,146,146,153,156,156,156,163,163,163,163,163,163,163,163,163,163,163,163,163,163],"card_choices":[{"not_picked":["theDragonkin:AshBreath","theDragonkin:MiasmicBreath","theDragonkin:SlowBurn"],"picked":"SKIP","floor":1.0},{"not_picked":["theDragonkin:SandBreath","theDragonkin:MiasmicBreath"],"picked":"theDragonkin:HolyWordBarrier","floor":3.0},{"not_picked":["theDragonkin:PlagueSwipe","theDragonkin:ControlledBreath"],"picked":"theDragonkin:FlameBreath","floor":5.0},{"not_picked":["theDragonkin:AshBreath","theDragonkin:CorrosiveBelch"],"picked":"theDragonkin:PrismaticBreath","floor":6.0},{"not_picked":["theDragonkin:HallowedGround","theDragonkin:HolyFlask","theDragonkin:MagnussCorona"],"picked":"SKIP","floor":8.0},{"not_picked":["theDragonkin:MiasmicBreath","theDragonkin:MagmaScales"],"picked":"theDragonkin:EmberSwipe","floor":16.0},{"not_picked":["theDragonkin:Condemnation","theDragonkin:CrusaderForm"],"picked":"theDragonkin:Detox","floor":18.0},{"not_picked":["theDragonkin:PlagueSwipe","theDragonkin:ShieldGlare"],"picked":"theDragonkin:DivineFire","floor":20.0},{"not_picked":["theDragonkin:EmberSwipe","theDragonkin:ControlledBreath"],"picked":"theDragonkin:DivineBreath","floor":22.0},{"not_picked":["theDragonkin:Flashpoint","theDragonkin:GoldenFlames"],"picked":"theDragonkin:DivineFire+1","floor":26.0},{"not_picked":["theDragonkin:CorrosiveBelch","theDragonkin:HallowedGround"],"picked":"theDragonkin:AcidArmor","floor":29.0},{"not_picked":["theDragonkin:BurningRage+1","theDragonkin:PrismaticBreath","theDragonkin:FlameWard"],"picked":"SKIP","floor":31.0},{"not_picked":["theDragonkin:SlowBurn+1","theDragonkin:AcidBreath","theDragonkin:CorrosiveBelch+1"],"picked":"SKIP","floor":32.0},{"not_picked":["theDragonkin:Subdue","theDragonkin:Condemnation"],"picked":"theDragonkin:Smaugs_Smog","floor":35.0},{"not_picked":["theDragonkin:MiasmicBreath","theDragonkin:EnduringAgony","theDragonkin:AshBreath+1"],"picked":"SKIP","floor":37.0},{"not_picked":["theDragonkin:AcidRain+1","theDragonkin:DivineVision","theDragonkin:Flashpoint"],"picked":"SKIP","floor":39.0},{"not_picked":["theDragonkin:MiasmicBreath+1","theDragonkin:PrismaticBreath+1","theDragonkin:Sizzle+1"],"picked":"SKIP","floor":43},{"not_picked":["theDragonkin:SandBreath","theDragonkin:Sizzle+1","theDragonkin:Ashfall+1"],"picked":"SKIP","floor":46},{"not_picked":["theDragonkin:SandBreath","theDragonkin:FlameWard+1","theDragonkin:AshenArmor"],"picked":"SKIP","floor":50},{"not_picked":["theDragonkin:DivineFire+1","theDragonkin:SandBreath","theDragonkin:DivineStorm"],"picked":"SKIP","floor":56}],"player_experience":870114,"relics_obtained":[{"floor":6.0,"key":"Chameleon Ring"},{"floor":8.0,"key":"Mango"},{"floor":9.0,"key":"Blue Candle"},{"floor":10.0,"key":"Gremlin Food"},{"floor":15.0,"key":"infinitespire:Joker Card"},{"floor":26.0,"key":"Nunchaku"},{"floor":28.0,"key":"reliquary:Aerogel"},{"floor":30.0,"key":"Happy Flower"},{"floor":44,"key":"Strawberry"},{"floor":45,"key":"reliquary:Knoch"},{"floor":56,"key":"reliquary:Stiletto"}],"event_choices":[{"damage_healed":0.0,"max_hp_gain":0.0,"max_hp_loss":0.0,"gold_gain":110.0,"event_name":"betterSkull:BetterSkull","player_choice":"GO UP UP RE ","floor":24.0,"gold_loss":0.0,"damage_taken":89.0,"cards_upgraded":["theDragonkin:Strike","theDragonkin:HolySmite"],"relics_obtained":["Blood Vial"]},{"damage_healed":0,"gold_gain":111,"player_choice":"GO UP UP UP RE ","damage_taken":135,"relics_obtained":["reliquary:WeakTea"],"max_hp_gain":0,"max_hp_loss":0,"event_name":"betterSkull:BetterSkull","floor":48,"gold_loss":0,"cards_upgraded":["theDragonkin:Smaugs_Smog","theDragonkin:AcidArmor","theDragonkin:VoiceofOrder"]}],"is_beta":false,"boss_relics":[{"not_picked":["energizedSpire:SpiderWeb","Kintsugi"],"picked":"energizedSpire:NeverEndingSparkler"},{"not_picked":["Tiny House","reliquary:KinkedSpring"],"picked":"infinitespire:Cupcake"}],"items_purged_floors":[0,0,4,11,23,33,41],"is_endless":false,"potions_floor_spawned":[5,6,26,29,32,37,38,39],"ascension_level":0}}