{"host":"c6u7e77myxvw4d0m","time":1611839802,"event":{"mods":["AchievementEnabler","BaseMod","Bestiary","Colored Map","Colored Powertips","Minty Spire (QoL Compilation)","Rare Cards Sparkle","Relic Stats","everything is the same but u backflip on backflip"],"gold_per_floor":[115,115,130,150,167,167,183,183,209,240,255,100,126,140,140,211,211,230,241,241,251,270,270,270],"floor_reached":23,"language":"ENG","playtime":2531,"items_purged":["Strike_R"],"score":406,"play_id":"0bd5dd86-47de-418f-81d1-7dbdfacbf63e","local_time":"20210128151642","is_ascension_mode":true,"campfire_choices":[{"data":"Wild Strike","floor":6,"key":"SMITH"},{"data":"Uppercut","floor":8,"key":"SMITH"},{"floor":15,"key":"REST"}],"circlet_count":0,"master_deck":["AscendersBane","Strike_R","Strike_R","Strike_R","Defend_R","Defend_R","Defend_R","Defend_R","Bash","Uppercut+1","Wild Strike+1","Blood for Blood","Clash","Dropkick","Barricade","Spot Weakness","Iron Wave","Rage","Rupture","Limit Break","Dark Embrace+1","Fire Breathing","Sentinel"],"relics":["Burning Blood","Happy Flower","Centennial Puzzle","Red Skull","Coffee Dripper","CultistMask"],"acts_visited":["Exordium","TheCity"],"potions_floor_usage":[13,16,18,19,23,23],"damage_taken":[{"damage":2,"enemies":"Jaw Worm","floor":1,"turns":5},{"damage":0,"enemies":"Cultist","floor":3,"turns":3},{"damage":8,"enemies":"Small Slimes","floor":4,"turns":4},{"damage":35,"enemies":"Gremlin Gang","floor":5,"turns":5},{"damage":10,"enemies":"2 Fungi Beasts","floor":7,"turns":3},{"damage":20,"enemies":"3 Sentries","floor":10,"turns":7},{"damage":12,"enemies":"Large Slime","floor":11,"turns":2},{"damage":0,"enemies":"Gremlin Nob","floor":13,"turns":2},{"damage":0,"enemies":"3 Louse","floor":14,"turns":2},{"damage":31,"enemies":"The Guardian","floor":16,"turns":8},{"damage":8,"enemies":"2 Thieves","floor":18,"turns":4},{"damage":17,"enemies":"Shell Parasite","floor":19,"turns":5},{"damage":15,"enemies":"Snake Plant","floor":21,"turns":3},{"damage":8,"enemies":"Snecko","floor":22,"turns":4},{"damage":67,"enemies":"Gremlin Leader","floor":23,"turns":5}],"seed_played":"-7335087130038638259","potions_obtained":[{"floor":1,"key":"Weak Potion"},{"floor":5,"key":"SpeedPotion"},{"floor":10,"key":"LiquidMemories"},{"floor":14,"key":"ColorlessPotion"},{"floor":18,"key":"SpeedPotion"},{"floor":19,"key":"BloodPotion"},{"floor":22,"key":"Fire Potion"}],"is_trial":false,"path_per_floor":["M","?","M","M","M","R","M","R","T","E","M","$","E","M","R","B",null,"M","M","?","M","M","E"],"character_chosen":"IRONCLAD","items_purchased":["Spot Weakness","Iron Wave"],"campfire_rested":1,"item_purchase_floors":[12,12],"current_hp_per_floor":[79,79,82,80,51,51,47,47,47,33,27,27,33,39,63,38,71,69,58,58,49,47,0,0],"gold":270,"neow_bonus":"TEN_PERCENT_HP_BONUS","is_daily":false,"chose_seed":false,"campfire_upgraded":2,"win_rate":0.0,"timestamp":1611839802,"path_taken":["M","?","M","M","?","R","M","R","T","E","?","$","E","M","R","BOSS","M","M","?","?","M","E"],"items_purchased_type":["Card","Card"],"build_version":"2020-12-22","purchased_purges":1,"victory":false,"max_hp_per_floor":[82,82,82,82,82,82,82,82,82,82,82,82,82,82,82,82,82,82,82,82,82,82,82,82],"relic_stats":{"Centennial Puzzle":[21],"Happy Flower":[14],"counters":[15,62],"obtain_stats":[{"Centennial Puzzle":10,"Happy Flower":9,"CultistMask":20,"Coffee Dripper":17,"Burning Blood":0,"Red Skull":13},{"Centennial Puzzle":6,"Happy Flower":5,"CultistMask":12,"Coffee Dripper":10,"Burning Blood":0,"Red Skull":8},{"Centennial Puzzle":27,"Happy Flower":20,"CultistMask":50,"Coffee Dripper":41,"Burning Blood":0,"Red Skull":31}],"Burning Blood":81},"card_choices":[{"not_picked":["Blood for Blood","Body Slam"],"picked":"Uppercut","floor":1},{"not_picked":["Rupture","Flex"],"picked":"Wild Strike","floor":3},{"not_picked":["Havoc","Cleave"],"picked":"Blood for Blood","floor":4},{"not_picked":["Headbutt","Clothesline"],"picked":"Clash","floor":5},{"not_picked":["Blood for Blood","Combust"],"picked":"Dropkick","floor":7},{"not_picked":["Rampage","Flex"],"picked":"Barricade","floor":10},{"not_picked":["Pummel","Dropkick","True Grit"],"picked":"SKIP","floor":11},{"not_picked":["Searing Blow","Perfected Strike"],"picked":"Rage","floor":13},{"not_picked":["Reckless Charge","Twin Strike"],"picked":"Rupture","floor":14},{"not_picked":["Double Tap","Feed"],"picked":"Limit Break","floor":16},{"not_picked":["Anger","Burning Pact"],"picked":"Dark Embrace+1","floor":18},{"not_picked":["Heavy Blade","Pommel Strike"],"picked":"Fire Breathing","floor":19},{"not_picked":["Cleave","Sever Soul"],"picked":"Sentinel","floor":21},{"not_picked":["Bloodletting","Sever Soul","Havoc"],"picked":"SKIP","floor":22}],"player_experience":539009,"relics_obtained":[{"floor":9,"key":"Happy Flower"},{"floor":10,"key":"Centennial Puzzle"},{"floor":13,"key":"Red Skull"}],"event_choices":[{"cards_removed":["Strike_R"],"damage_healed":0,"gold_gain":0,"player_choice":"Offered Basic","damage_taken":0,"max_hp_gain":0,"max_hp_loss":0,"event_name":"Bonfire Elementals","floor":2,"gold_loss":0},{"damage_healed":0,"gold_gain":0,"player_choice":"Trade","damage_taken":0,"relics_obtained":["CultistMask"],"max_hp_gain":0,"max_hp_loss":0,"event_name":"FaceTrader","floor":20,"gold_loss":0}],"is_beta":false,"boss_relics":[{"not_picked":["SacredBark","Fusion Hammer"],"picked":"Coffee Dripper"}],"items_purged_floors":[12],"is_endless":false,"potions_floor_spawned":[1,5,7,10,11,14,18,19,22],"killed_by":"Gremlin Leader","ascension_level":15}}