{"host":"a1eatafr7pisesky","time":1611810738,"event":{"mods":["AchievementEnabler","BaseMod","Colored Map","Keyboard Shortcuts","Minty Spire (QoL Compilation)","Say the Spire","StSLib","SuperFastMode","everything is the same but u backflip on backflip"],"gold_per_floor":[112,37,37,57,57,57,89,89,166,166,136,136,169,183,183,255,255,267,267,8,18,18,18,18],"floor_reached":23,"language":"KOR","playtime":398,"items_purged":["Strike_R","Strike_R"],"score":374,"play_id":"7d2bef84-dbdf-42ad-8f54-836b1e0dc47e","local_time":"20210128141218","is_ascension_mode":true,"campfire_choices":[{"data":"Entrench","floor":6.0,"key":"SMITH"},{"data":"Bash","floor":8.0,"key":"SMITH"},{"data":"Cleave","floor":12.0,"key":"SMITH"},{"data":"Dark Embrace","floor":15.0,"key":"SMITH"}],"circlet_count":0,"master_deck":["AscendersBane","Strike_R","Strike_R","Strike_R","Defend_R","Defend_R","Defend_R","Defend_R","Bash+1","Entrench+1","Wild Strike","Cleave+1","Shockwave","Dark Embrace+1","Barricade","Necronomicurse","Shrug It Off","Evolve","Body Slam"],"relics":["Burning Blood","NeowsBlessing","Bag of Preparation","Matryoshka","Akabeko","Tiny Chest","Pear","Coffee Dripper","Necronomicon","Membership Card","Nunchaku","Blood Vial"],"acts_visited":["Exordium","TheCity"],"potions_floor_usage":[23],"damage_taken":[{"damage":0.0,"enemies":"2 Louse","floor":1.0,"turns":1.0},{"damage":0.0,"enemies":"Jaw Worm","floor":4.0,"turns":1.0},{"damage":0.0,"enemies":"3 Sentries","floor":7.0,"turns":2.0},{"damage":32.0,"enemies":"Gremlin Nob","floor":13.0,"turns":4.0},{"damage":4.0,"enemies":"Cultist","floor":14.0,"turns":3.0},{"damage":58.0,"enemies":"Slime Boss","floor":16.0,"turns":13.0},{"damage":33.0,"enemies":"2 Thieves","floor":18.0,"turns":4.0},{"damage":20.0,"enemies":"3 Byrds","floor":21.0,"turns":7.0},{"damage":13,"enemies":"Slavers","floor":23,"turns":2}],"seed_played":"2423975674059273569","potions_obtained":[{"floor":4.0,"key":"Ancient Potion"},{"floor":11.0,"key":"LiquidMemories"},{"floor":13.0,"key":"DistilledChaos"},{"floor":21.0,"key":"EssenceOfSteel"}],"is_trial":false,"path_per_floor":["M","$","?","M","$","R","E","R","T","T","?","R","E","M","R","B",null,"M","?","$","M","T","E"],"character_chosen":"IRONCLAD","items_purchased":["Membership Card","Shrug It Off","Evolve"],"campfire_rested":0,"item_purchase_floors":[20,20,20],"current_hp_per_floor":[74,74,74,75,75,75,75,75,75,75,75,75,59,61,61,9,66,39,23,23,9,9,0,0],"gold":18,"neow_bonus":"THREE_ENEMY_KILL","is_daily":false,"chose_seed":false,"campfire_upgraded":4,"win_rate":0.0,"timestamp":1611810738,"path_taken":["M","$","?","M","?","R","E","R","T","?","?","R","E","?","R","BOSS","M","?","$","M","?","E"],"items_purchased_type":["Relic","Card","Card"],"build_version":"2020-12-22","purchased_purges":2,"victory":false,"max_hp_per_floor":[75,75,75,75,75,75,75,75,75,75,75,75,85,85,85,85,85,85,85,85,85,85,85,85],"card_choices":[{"not_picked":["Iron Wave","Rage"],"picked":"Entrench","floor":1.0},{"not_picked":["Inflame","Blood for Blood"],"picked":"Wild Strike","floor":4.0},{"not_picked":["Bludgeon","Sword Boomerang"],"picked":"Cleave","floor":7.0},{"not_picked":["Pommel Strike","Havoc"],"picked":"Shockwave","floor":13.0},{"not_picked":["Thunderclap","Headbutt"],"picked":"Dark Embrace","floor":14.0},{"not_picked":["Limit Break","Fiend Fire"],"picked":"Barricade","floor":16.0},{"not_picked":["Fire Breathing","Pommel Strike","Reckless Charge"],"picked":"SKIP","floor":18.0},{"not_picked":["Pommel Strike","True Grit"],"picked":"Body Slam","floor":21.0}],"player_experience":373514,"relics_obtained":[{"floor":7.0,"key":"Bag of Preparation"},{"floor":9.0,"key":"Matryoshka"},{"floor":10.0,"key":"Akabeko"},{"floor":10.0,"key":"Tiny Chest"},{"floor":13.0,"key":"Pear"},{"floor":19.0,"key":"Necronomicon"},{"floor":22.0,"key":"Nunchaku"},{"floor":22.0,"key":"Blood Vial"}],"event_choices":[{"damage_healed":0.0,"max_hp_gain":0.0,"max_hp_loss":0.0,"gold_gain":0.0,"event_name":"The Cleric","player_choice":"Leave","floor":3.0,"gold_loss":0.0,"damage_taken":0.0},{"damage_healed":0.0,"max_hp_gain":0.0,"max_hp_loss":0.0,"gold_gain":0.0,"event_name":"The Woman in Blue","player_choice":"Bought 2 Potions","floor":11.0,"gold_loss":0.0,"damage_taken":0.0},{"damage_healed":0.0,"max_hp_gain":0.0,"max_hp_loss":0.0,"gold_gain":0.0,"event_name":"Cursed Tome","player_choice":"Obtained Book","floor":19.0,"gold_loss":0.0,"damage_taken":16.0}],"is_beta":false,"boss_relics":[{"not_picked":["Cursed Key","Busted Crown"],"picked":"Coffee Dripper"}],"items_purged_floors":[2,20],"is_endless":false,"potions_floor_spawned":[4,13,21],"killed_by":"Slavers","ascension_level":14}}