{"host":"sz8c8ni79nvzjmmg","time":1611834487,"event":{"mods":["AchievementEnabler","BaseMod","DeckTracker","Keyboard Shortcuts","Minty Spire (QoL Compilation)","SuperFastMode"],"gold_per_floor":[114,125,125,11,23,23,48,48,48,48,48,61,92,105,105,176,176,191,116,116,126,126,126,26,26,26,61,78,94,94,94,94,172,172,192,206,206,206,217,217,252,252,322,339,350,145,145,179,179,179,179,179,179,29,58,58],"floor_reached":57,"language":"KOR","playtime":4059,"items_purged":["Strike_G","Defend_G","Dagger Spray+1","Blade Dance+1"],"score":2906,"play_id":"f2100cf3-1e44-4eb1-8f09-94153218dadf","local_time":"20210128204807","is_ascension_mode":true,"campfire_choices":[{"data":"Dagger Spray","floor":6.0,"key":"SMITH"},{"data":"Well Laid Plans","floor":8.0,"key":"SMITH"},{"data":"Acrobatics","floor":11.0,"key":"SMITH"},{"data":"Tactician","floor":15.0,"key":"SMITH"},{"data":"Calculated Gamble","floor":23.0,"key":"SMITH"},{"data":"Bouncing Flask","floor":25.0,"key":"SMITH"},{"data":"Crippling Poison","floor":32.0,"key":"SMITH"},{"floor":40.0,"key":"RECALL"},{"floor":42.0,"key":"REST"},{"data":"Catalyst","floor":49.0,"key":"SMITH"},{"data":"Backflip","floor":53.0,"key":"SMITH"}],"circlet_count":0,"master_deck":["AscendersBane","Survivor","Neutralize","Well Laid Plans+1","Acrobatics+1","Backflip+1","Die Die Die","Bouncing Flask+1","Calculated Gamble+1","Tactician+1","Terror","Crippling Poison+1","After Image","After Image+1","Backflip+1","Catalyst+1","Footwork"],"relics":["Ring of the Snake","Odd Mushroom","HornCleat","HoveringKite","Mummified Hand","Ancient Tea Set","Astrolabe","Omamori","Oddly Smooth Stone","CaptainsWheel"],"acts_visited":["Exordium","TheCity","TheBeyond","TheEnding"],"potions_floor_usage":[56,56],"damage_taken":[{"damage":0.0,"enemies":"2 Louse","floor":1.0,"turns":5.0},{"damage":1.0,"enemies":"Cultist","floor":2.0,"turns":5.0},{"damage":1.0,"enemies":"Small Slimes","floor":5.0,"turns":4.0},{"damage":7.0,"enemies":"The Mushroom Lair","floor":7.0,"turns":4.0},{"damage":1.0,"enemies":"3 Louse","floor":12.0,"turns":2.0},{"damage":6.0,"enemies":"Gremlin Nob","floor":13.0,"turns":3.0},{"damage":11.0,"enemies":"Exordium Thugs","floor":14.0,"turns":3.0},{"damage":5.0,"enemies":"Hexaghost","floor":16.0,"turns":9.0},{"damage":4.0,"enemies":"Chosen","floor":18.0,"turns":5.0},{"damage":3.0,"enemies":"2 Thieves","floor":21.0,"turns":4.0},{"damage":19.0,"enemies":"Gremlin Leader","floor":27.0,"turns":4.0},{"damage":13.0,"enemies":"Shelled Parasite and Fungi","floor":28.0,"turns":6.0},{"damage":3.0,"enemies":"Centurion and Healer","floor":29.0,"turns":5.0},{"damage":20.0,"enemies":"Champ","floor":33.0,"turns":7.0},{"damage":6.0,"enemies":"3 Darklings","floor":35.0,"turns":3.0},{"damage":0.0,"enemies":"Orb Walker","floor":36.0,"turns":2.0},{"damage":0.0,"enemies":"Maw","floor":39.0,"turns":5.0},{"damage":8.0,"enemies":"Nemesis","floor":41.0,"turns":3.0},{"damage":0.0,"enemies":"Writhing Mass","floor":44.0,"turns":3.0},{"damage":0.0,"enemies":"Transient","floor":45.0,"turns":6.0},{"damage":4.0,"enemies":"Reptomancer","floor":48.0,"turns":5.0},{"damage":0.0,"enemies":"Donu and Deca","floor":50.0,"turns":6.0},{"damage":0.0,"enemies":"Awakened One","floor":51.0,"turns":8.0},{"damage":0,"enemies":"Shield and Spear","floor":55,"turns":2},{"damage":80,"enemies":"The Heart","floor":56,"turns":7}],"seed_played":"5938043144714479498","potions_obtained":[{"floor":2.0,"key":"PowerPotion"},{"floor":3.0,"key":"SpeedPotion"},{"floor":3.0,"key":"DistilledChaos"},{"floor":7.0,"key":"Fire Potion"},{"floor":13.0,"key":"PowerPotion"},{"floor":16.0,"key":"Fire Potion"},{"floor":29.0,"key":"DuplicationPotion"},{"floor":33.0,"key":"SneckoOil"},{"floor":35.0,"key":"AttackPotion"},{"floor":41.0,"key":"Fire Potion"},{"floor":44.0,"key":"Regen Potion"},{"floor":45.0,"key":"SpeedPotion"}],"is_trial":false,"path_per_floor":["M","M","?","$","M","R","?","R","T","?","R","M","E","M","R","B",null,"M","?","?","M","?","R","$","R","T","E","M","M","?","?","R","B",null,"M","M","?","?","M","R","E","R","T","M","M","$","?","E","R","B","B",null,"R","$","E","B",null],"character_chosen":"THE_SILENT","items_purchased":["Well Laid Plans","Catalyst"],"campfire_rested":1,"item_purchase_floors":[4,46],"current_hp_per_floor":[65,64,64,64,63,63,56,56,56,56,56,55,49,38,38,33,62,58,58,58,55,55,55,55,55,55,36,23,20,34,34,34,14,58,52,52,52,52,52,52,44,65,65,65,65,65,65,61,61,61,61,69,69,69,69,4],"gold":58,"neow_bonus":"TEN_PERCENT_HP_BONUS","is_daily":false,"chose_seed":false,"campfire_upgraded":9,"win_rate":0.0,"timestamp":1611834487,"path_taken":["M","M","?","$","?","R","?","R","T","?","R","M","E","M","R","BOSS","M","?","?","M","?","R","$","R","T","E","?","M","?","?","R","BOSS","M","M","?","?","M","R","E","R","T","M","M","$","?","E","R","BOSS","BOSS","R","$","E","BOSS"],"items_purchased_type":["Card","Card"],"build_version":"2020-12-22","purchased_purges":4,"victory":true,"max_hp_per_floor":[72,72,72,72,72,72,72,72,72,72,72,72,72,72,72,72,72,72,72,72,72,72,72,72,72,72,72,72,72,72,72,72,72,72,72,72,72,72,72,72,72,72,72,72,72,72,72,72,72,72,72,72,72,72,72,72],"card_choices":[{"not_picked":["Prepared","Backflip"],"picked":"Dagger Spray","floor":1.0},{"not_picked":["Dodge and Roll","Deflect"],"picked":"Quick Slash","floor":2.0},{"not_picked":["Dodge and Roll","PiercingWail"],"picked":"Acrobatics","floor":5.0},{"not_picked":["Flechettes","PiercingWail"],"picked":"Backflip","floor":7.0},{"not_picked":["Footwork","Dagger Throw"],"picked":"Bouncing Flask","floor":12.0},{"not_picked":["Predator","Bane"],"picked":"Calculated Gamble","floor":13.0},{"not_picked":["Deflect","Endless Agony"],"picked":"Tactician","floor":14.0},{"not_picked":["Blade Dance","Outmaneuver","Backflip"],"picked":"SKIP","floor":18.0},{"not_picked":["Caltrops","Deadly Poison","Bane"],"picked":"SKIP","floor":21.0},{"not_picked":["Slice","Leg Sweep","Bullet Time"],"picked":"SKIP","floor":27.0},{"not_picked":["Slice+1","Deadly Poison","PiercingWail+1"],"picked":"SKIP","floor":28.0},{"not_picked":["Sucker Punch","Unload","Predator"],"picked":"SKIP","floor":29.0},{"not_picked":["Bullet Time","Glass Knife"],"picked":"After Image","floor":33.0},{"not_picked":["Leg Sweep","Underhanded Strike","Backflip"],"picked":"SKIP","floor":35.0},{"not_picked":["Dodge and Roll","Bane","Dagger Spray+1"],"picked":"SKIP","floor":36.0},{"not_picked":["Acrobatics+1","Dagger Throw","Blade Dance"],"picked":"SKIP","floor":39.0},{"not_picked":["Prepared+1","Dagger Spray","Caltrops+1"],"picked":"SKIP","floor":41.0},{"not_picked":["Slice+1","Flying Knee+1","Blade Dance"],"picked":"SKIP","floor":44.0},{"not_picked":["Sucker Punch","Dagger Throw+1","Envenom"],"picked":"SKIP","floor":45.0},{"not_picked":["Cloak And Dagger","Backflip+1","Quick Slash"],"picked":"SKIP","floor":48.0},{"not_picked":["Deadly Poison","Cloak And Dagger"],"picked":"Footwork","floor":55}],"player_experience":1241034,"relics_obtained":[{"floor":7.0,"key":"Odd Mushroom"},{"floor":13.0,"key":"HornCleat"},{"floor":26.0,"key":"Mummified Hand"},{"floor":27.0,"key":"Ancient Tea Set"},{"floor":41.0,"key":"Omamori"},{"floor":48.0,"key":"Oddly Smooth Stone"},{"floor":55,"key":"CaptainsWheel"}],"event_choices":[{"damage_healed":0.0,"max_hp_gain":0.0,"max_hp_loss":0.0,"gold_gain":0.0,"event_name":"Lab","player_choice":"Got Potions","floor":3.0,"gold_loss":0.0,"damage_taken":0.0},{"damage_healed":0.0,"max_hp_gain":0.0,"max_hp_loss":0.0,"gold_gain":0.0,"event_name":"Mushrooms","player_choice":"Fought Mushrooms","floor":7.0,"gold_loss":0.0,"damage_taken":0.0},{"damage_healed":0.0,"max_hp_gain":0.0,"max_hp_loss":0.0,"gold_gain":0.0,"cards_transformed":["Strike_G"],"event_name":"Transmorgrifier","player_choice":"Transformed","floor":10.0,"gold_loss":0.0,"damage_taken":0.0,"cards_obtained":["Die Die Die"]},{"cards_removed":["Strike_G"],"damage_healed":0.0,"max_hp_gain":0.0,"max_hp_loss":0.0,"gold_gain":0.0,"event_name":"Beggar","player_choice":"Gave Gold","floor":19.0,"gold_loss":75.0,"damage_taken":0.0},{"damage_healed":0.0,"max_hp_gain":0.0,"max_hp_loss":0.0,"gold_gain":0.0,"cards_transformed":["Defend_G","Strike_G"],"event_name":"Drug Dealer","player_choice":"Became Test Subject","floor":20.0,"gold_loss":0.0,"damage_taken":0.0,"cards_obtained":["Terror","Crippling Poison"]},{"damage_healed":0.0,"max_hp_gain":0.0,"max_hp_loss":0.0,"gold_gain":0.0,"event_name":"Ghosts","player_choice":"Ignored","floor":22.0,"gold_loss":0.0,"damage_taken":0.0},{"damage_healed":14.0,"max_hp_gain":0.0,"max_hp_loss":0.0,"gold_gain":0.0,"event_name":"The Library","player_choice":"Heal","floor":30.0,"gold_loss":0.0,"damage_taken":0.0},{"cards_removed":["Strike_G"],"damage_healed":0.0,"max_hp_gain":0.0,"max_hp_loss":0.0,"gold_gain":0.0,"event_name":"Back to Basics","player_choice":"Elegance","floor":31.0,"gold_loss":0.0,"damage_taken":0.0},{"damage_healed":0.0,"max_hp_gain":0.0,"max_hp_loss":0.0,"gold_gain":0.0,"event_name":"Tomb of Lord Red Mask","player_choice":"Ignored","floor":37.0,"gold_loss":0.0,"damage_taken":0.0},{"cards_removed":["Quick Slash"],"damage_healed":0.0,"max_hp_gain":0.0,"max_hp_loss":0.0,"gold_gain":0.0,"event_name":"Falling","player_choice":"Removed Attack","floor":38.0,"gold_loss":0.0,"damage_taken":0.0},{"damage_healed":0.0,"max_hp_gain":0.0,"max_hp_loss":0.0,"gold_gain":0.0,"event_name":"SecretPortal","player_choice":"Ignored","floor":47.0,"gold_loss":0.0,"damage_taken":0.0}],"is_beta":false,"boss_relics":[{"not_picked":["Runic Dome","WristBlade"],"picked":"HoveringKite"},{"not_picked":["Runic Pyramid","Black Star"],"picked":"Astrolabe"}],"items_purged_floors":[4,24,46,54],"is_endless":false,"potions_floor_spawned":[2,5,7,13,16,29,33,35,41,44,45],"ascension_level":20}}