{"host":"dcj2yvrgcvh5dl2s","time":1611804910,"event":{"mods":["BaseMod","Bestiary","Better Note","Block Reminder","Colored Powertips","Curses Come First","DeckTracker","Minty Spire (QoL Compilation)","Quick Restart","Rare Cards Sparkle","Relic Stats","StSLib"],"gold_per_floor":[411,561,571,571,255,255,255,255],"floor_reached":7,"language":"ENG","playtime":325,"items_purged":["Regret"],"score":76,"play_id":"b5d04172-ff14-4f16-ba4a-da7dfd3f671b","local_time":"20210128133510","is_ascension_mode":true,"campfire_choices":[{"data":"Heavy Blade","floor":6,"key":"SMITH"}],"circlet_count":0,"master_deck":["AscendersBane","Strike_R","Strike_R","Strike_R","Strike_R","Strike_R","Defend_R","Defend_R","Defend_R","Defend_R","Bash","Disarm","Doubt","Heavy Blade+1","Battle Trance"],"relics":["Burning Blood","Old Coin","Akabeko","Sling"],"acts_visited":["Exordium"],"potions_floor_usage":[],"damage_taken":[{"damage":0,"enemies":"2 Louse","floor":1,"turns":3},{"damage":22,"enemies":"Jaw Worm","floor":3,"turns":6},{"damage":53,"enemies":"3 Sentries","floor":7,"turns":10}],"seed_played":"-8510556268944308097","potions_obtained":[],"is_trial":false,"path_per_floor":["M","?","M","?","$","R","E"],"character_chosen":"IRONCLAD","items_purchased":["Sling","Battle Trance"],"campfire_rested":0,"item_purchase_floors":[5,5],"current_hp_per_floor":[68,68,52,52,52,52,0,0],"gold":255,"neow_bonus":"ONE_RARE_RELIC","is_daily":false,"chose_seed":false,"campfire_upgraded":1,"win_rate":0.0,"timestamp":1611804910,"path_taken":["M","?","M","?","$","R","E"],"items_purchased_type":["Relic","Card"],"build_version":"2020-12-22","purchased_purges":1,"victory":false,"max_hp_per_floor":[68,68,68,68,68,68,68,68],"relic_stats":{"counters":[3,19],"obtain_stats":[{"Sling":5,"Burning Blood":0,"Akabeko":4,"Old Coin":0},{"Sling":2,"Burning Blood":0,"Akabeko":2,"Old Coin":0},{"Sling":9,"Burning Blood":0,"Akabeko":9,"Old Coin":0}],"Burning Blood":6},"card_choices":[{"not_picked":["True Grit","Warcry"],"picked":"Disarm","floor":1},{"not_picked":["Headbutt","Armaments"],"picked":"Heavy Blade","floor":3}],"player_experience":2271010,"relics_obtained":[],"event_choices":[{"damage_healed":0,"gold_gain":150,"player_choice":"AGREE","damage_taken":0,"max_hp_gain":0,"max_hp_loss":0,"event_name":"Liars Game","floor":2,"gold_loss":0,"cards_obtained":["Doubt"]},{"damage_healed":0,"gold_gain":0,"player_choice":"Box","damage_taken":0,"relics_obtained":["Akabeko"],"max_hp_gain":0,"max_hp_loss":0,"event_name":"Big Fish","floor":4,"gold_loss":0,"cards_obtained":["Regret"]}],"is_beta":false,"boss_relics":[],"items_purged_floors":[5],"is_endless":false,"potions_floor_spawned":[],"killed_by":"3 Sentries","ascension_level":19}}