{"host":"g907ck67u7c3hrs6","time":1611829870,"event":{"mods":["BaseMod","Colored Map","DeckTracker","Highlight Path","Keyboard Shortcuts","Minty Spire (QoL Compilation)","Permanent Neow","Say the Spire","SuperFastMode"],"gold_per_floor":[116,135,145,145,155,155,180,180,203,217,228,115,130,146,146,146,146],"floor_reached":16,"language":"KOR","playtime":724,"items_purged":["Strike_G"],"score":106,"play_id":"a79df6f0-73f0-4b1a-b95f-fd5da172706f","local_time":"20210128193110","daily_mods":["Heirloom","Purple Cards","Night Terrors"],"is_ascension_mode":false,"campfire_choices":[{"floor":6,"key":"DIG"},{"floor":8,"key":"DIG"},{"floor":15,"key":"DIG"}],"circlet_count":0,"master_deck":["Strike_G","Strike_G","Strike_G","Strike_G","Defend_G","Defend_G","Defend_G","Defend_G","Defend_G","Survivor","Neutralize","Swivel+1","Cloak And Dagger","Riddle With Holes","PiercingWail+1","ForeignInfluence","SandsOfTime","Cloak And Dagger","Footwork","Dodge and Roll"],"relics":["Ring of the Snake","Shovel","Anchor","Blood Vial","War Paint","Mummified Hand","Omamori","Ninja Scroll"],"acts_visited":["Exordium"],"potions_floor_usage":[],"damage_taken":[{"damage":1,"enemies":"Cultist","floor":1,"turns":4},{"damage":0,"enemies":"Jaw Worm","floor":2,"turns":5},{"damage":2,"enemies":"2 Louse","floor":3,"turns":4},{"damage":0,"enemies":"Large Slime","floor":5,"turns":9},{"damage":37,"enemies":"Lagavulin","floor":7,"turns":10},{"damage":0,"enemies":"2 Fungi Beasts","floor":10,"turns":4},{"damage":1,"enemies":"Gremlin Gang","floor":11,"turns":7},{"damage":0,"enemies":"Large Slime","floor":13,"turns":5},{"damage":7,"enemies":"Blue Slaver","floor":14,"turns":5},{"damage":34,"enemies":"Hexaghost","floor":16,"turns":14}],"seed_played":"-5927665188899435076","potions_obtained":[{"floor":1,"key":"Poison Potion"},{"floor":2,"key":"ColorlessPotion"},{"floor":7,"key":"DistilledChaos"},{"floor":11,"key":"SpeedPotion"},{"floor":14,"key":"Swift Potion"}],"is_trial":true,"path_per_floor":["M","M","M","?","M","R","E","R","T","M","M","$","M","M","R","B"],"character_chosen":"THE_SILENT","items_purchased":["Footwork"],"campfire_rested":0,"item_purchase_floors":[12],"current_hp_per_floor":[69,69,67,67,67,67,32,32,32,34,35,35,37,32,32,0,0],"gold":146,"neow_bonus":"","is_daily":false,"chose_seed":false,"campfire_upgraded":0,"win_rate":0.0,"timestamp":1611829870,"path_taken":["M","M","M","?","M","R","E","R","T","M","M","$","?","M","R","BOSS"],"items_purchased_type":["Card"],"build_version":"2020-12-22","purchased_purges":1,"victory":false,"max_hp_per_floor":[70,70,70,70,70,70,70,70,70,70,70,70,70,70,70,70,70],"card_choices":[{"not_picked":["SashWhip","Perseverance"],"picked":"Swivel","floor":1},{"not_picked":["Finisher","Flechettes"],"picked":"Cloak And Dagger","floor":2},{"not_picked":["Dagger Throw","Well Laid Plans"],"picked":"Riddle With Holes","floor":3},{"not_picked":["Deflect","FlurryOfBlows"],"picked":"PiercingWail","floor":5},{"not_picked":["Consecrate","Dagger Spray"],"picked":"ForeignInfluence","floor":7},{"not_picked":["Halt","FlurryOfBlows"],"picked":"SandsOfTime","floor":10},{"not_picked":["Backflip","LikeWater"],"picked":"Cloak And Dagger","floor":11},{"not_picked":["FlurryOfBlows","Skewer"],"picked":"Dodge and Roll","floor":13},{"not_picked":["Masterful Stab","Halt","ClearTheMind"],"picked":"SKIP","floor":14}],"player_experience":240048,"relics_obtained":[{"floor":6,"key":"Blood Vial"},{"floor":7,"key":"War Paint"},{"floor":8,"key":"Mummified Hand"},{"floor":9,"key":"Omamori"},{"floor":15,"key":"Ninja Scroll"}],"event_choices":[{"damage_healed":0,"gold_gain":0,"player_choice":"Gave Potion","damage_taken":0,"relics_obtained":["Anchor"],"max_hp_gain":0,"max_hp_loss":0,"event_name":"WeMeetAgain","floor":4,"gold_loss":0}],"is_beta":false,"boss_relics":[],"items_purged_floors":[12],"is_endless":false,"potions_floor_spawned":[1,2,7,11,14],"killed_by":"Hexaghost","ascension_level":0}}