{"host":"w4b7hmige5bnqipq","time":1611853411,"event":{"mods":["2.2 Compatiblity","BaseMod","Colored Map","DeckTracker","Keyboard Shortcuts","Minty Spire (QoL Compilation)","Permanent Neow","Rare Cards Sparkle","SuperFastMode","everything is the same but u backflip on backflip","slay the spire mod where everything is the same but ironclad has a cowboy hat"],"gold_per_floor":[117,34,46,61,72,72,87,87,137,212,82,82,111,127,127,205,205,216,306,156,129,29,29,29,40,40,54,70,70,70],"floor_reached":29,"language":"KOR","playtime":791,"items_purged":["Strike_G","Strike_G","Strike_G"],"score":494,"play_id":"d72bacdf-dc34-4515-b113-d6be4a940ecc","local_time":"20210129020331","is_ascension_mode":true,"campfire_choices":[{"data":"Poisoned Stab","floor":6.0,"key":"SMITH"},{"data":"Bouncing Flask","floor":8.0,"key":"SMITH"},{"data":"Neutralize","floor":12.0,"key":"SMITH"},{"data":"Tactician","floor":15.0,"key":"SMITH"},{"data":"Catalyst","floor":24,"key":"SMITH"}],"circlet_count":0,"master_deck":["AscendersBane","Strike_G","Strike_G","Defend_G","Defend_G","Defend_G","Defend_G","Defend_G","Survivor","Neutralize+1","Backflip","Poisoned Stab+1","Bouncing Flask+1","All Out Attack","Reflex","Tactician+1","Malaise","Dagger Throw+1","Catalyst+1","PiercingWail","Crippling Poison"],"relics":["Ring of the Snake","Snake Skull","The Courier","MealTicket","Omamori","Sozu","HornCleat"],"acts_visited":["Exordium","TheCity"],"potions_floor_usage":[29],"damage_taken":[{"damage":0.0,"enemies":"2 Louse","floor":1.0,"turns":4.0},{"damage":1.0,"enemies":"Cultist","floor":3.0,"turns":5.0},{"damage":2.0,"enemies":"Small Slimes","floor":4.0,"turns":3.0},{"damage":14.0,"enemies":"Red Slaver","floor":5.0,"turns":6.0},{"damage":6.0,"enemies":"Looter","floor":7.0,"turns":4.0},{"damage":12.0,"enemies":"Lagavulin","floor":13.0,"turns":6.0},{"damage":2.0,"enemies":"Gremlin Gang","floor":14.0,"turns":3.0},{"damage":14.0,"enemies":"The Guardian","floor":16.0,"turns":7.0},{"damage":20.0,"enemies":"3 Byrds","floor":18.0,"turns":7.0},{"damage":3.0,"enemies":"2 Thieves","floor":21.0,"turns":4.0},{"damage":0.0,"enemies":"Book of Stabbing","floor":23.0,"turns":1.0},{"damage":25,"enemies":"Sentry and Sphere","floor":25,"turns":5},{"damage":0,"enemies":"Snake Plant","floor":27,"turns":2},{"damage":7,"enemies":"Centurion and Healer","floor":28,"turns":5},{"damage":19,"enemies":"Slavers","floor":29,"turns":3}],"seed_played":"-9071057315922190312","potions_obtained":[{"floor":3.0,"key":"AttackPotion"},{"floor":5.0,"key":"SmokeBomb"},{"floor":14.0,"key":"PowerPotion"},{"floor":16.0,"key":"FearPotion"}],"is_trial":false,"path_per_floor":["M","?","M","M","M","R","M","R","T","?","$","R","E","M","R","B",null,"M","?","$","M","$","E","R","M","T","M","M","E"],"character_chosen":"THE_SILENT","items_purchased":["Reflex","Catalyst"],"campfire_rested":0,"item_purchase_floors":[11,20],"current_hp_per_floor":[59,59,58,56,42,42,36,36,36,25,40,40,28,26,26,12,53,33,21,36,33,48,48,48,23,23,23,16,0,0],"gold":70,"neow_bonus":"RANDOM_COMMON_RELIC","is_daily":false,"chose_seed":false,"campfire_upgraded":5,"win_rate":0.0,"timestamp":1611853411,"path_taken":["M","?","?","M","M","R","M","R","T","?","$","R","E","M","R","BOSS","M","?","$","?","$","E","R","M","T","M","M","E"],"items_purchased_type":["Card","Card"],"build_version":"2020-12-22","purchased_purges":3,"victory":false,"max_hp_per_floor":[66,66,66,66,66,66,66,66,66,66,66,66,66,66,66,66,66,66,66,66,66,66,66,66,66,66,66,66,66,66],"card_choices":[{"not_picked":["Outmaneuver","Acrobatics"],"picked":"Backflip","floor":1.0},{"not_picked":["Quick Slash","Heel Hook"],"picked":"Poisoned Stab","floor":3.0},{"not_picked":["Deflect","Acrobatics"],"picked":"Bouncing Flask","floor":4.0},{"not_picked":["Dodge and Roll","Well Laid Plans"],"picked":"All Out Attack","floor":5.0},{"not_picked":["All Out Attack","Blade Dance","Dodge and Roll"],"picked":"SKIP","floor":7.0},{"not_picked":["Flechettes","Finisher","Cloak And Dagger"],"picked":"SKIP","floor":13.0},{"not_picked":["Unload","Setup"],"picked":"Tactician","floor":14.0},{"not_picked":["Burst","Bullet Time"],"picked":"Malaise","floor":16.0},{"not_picked":["Bane","Dodge and Roll"],"picked":"Dagger Throw+1","floor":18.0},{"not_picked":["Cloak And Dagger+1","Deflect","Underhanded Strike+1"],"picked":"SKIP","floor":21.0},{"not_picked":["Deadly Poison","Expertise"],"picked":"PiercingWail","floor":25},{"not_picked":["Poisoned Stab","Quick Slash"],"picked":"Crippling Poison","floor":27},{"not_picked":["Blade Dance","Slice","Dagger Throw"],"picked":"SKIP","floor":28}],"player_experience":621623,"relics_obtained":[{"floor":9.0,"key":"MealTicket"},{"floor":13.0,"key":"Omamori"},{"floor":26,"key":"HornCleat"}],"event_choices":[{"damage_healed":0.0,"max_hp_gain":0.0,"max_hp_loss":0.0,"gold_gain":0.0,"event_name":"WeMeetAgain","player_choice":"Paid Gold","floor":2.0,"gold_loss":83.0,"damage_taken":0.0,"relics_obtained":["The Courier"]},{"damage_healed":0.0,"max_hp_gain":0.0,"max_hp_loss":0.0,"gold_gain":75.0,"event_name":"World of Goop","player_choice":"Gather Gold","floor":10.0,"gold_loss":0.0,"damage_taken":11.0},{"damage_healed":0.0,"max_hp_gain":0.0,"max_hp_loss":0.0,"gold_gain":90.0,"event_name":"Knowing Skull","player_choice":"GOLD ","floor":19.0,"potions_obtained":[],"gold_loss":0.0,"damage_taken":12.0,"cards_obtained":[]}],"is_beta":false,"boss_relics":[{"not_picked":["Philosopher\u0027s Stone","Runic Dome"],"picked":"Sozu"}],"items_purged_floors":[11,20,22],"is_endless":false,"potions_floor_spawned":[3,5,14,16,18,27,28],"killed_by":"Slavers","ascension_level":20}}