{"host":"qfskrnw3pl1q86j0","time":1611856559,"event":{"mods":["BaseMod","Block Reminder","Hermit","Marisa????????","Minty Spire (QoL Compilation)","Quick Restart","Random Character Button","Relic Stats","StSLib","The Poker Player","slay the spire mod where everything is the same but ironclad has a cowboy hat"],"gold_per_floor":[116,116,116,132,146,146,146,175,202,202,234,245,245,10,10,114,114,131,147,157,10,45,45,56,56,56,56,70,90,90,90,90,192,192,205,220,220,237,237,237,253,253,253,279,297,308,308,14,14,14],"floor_reached":51,"language":"ENG","playtime":1282,"items_purged":["Strike_R","Defend_R"],"score":687,"play_id":"546fc1fc-1ebb-43bb-bcd4-369ee081a63f","local_time":"20210128185559","is_ascension_mode":false,"campfire_choices":[{"data":"Thunderclap","floor":6.0,"key":"SMITH"},{"data":"Sword Boomerang","floor":10.0,"key":"SMITH"},{"data":"Iron Wave","floor":13.0,"key":"SMITH"},{"data":"Whirlwind","floor":15.0,"key":"SMITH"},{"data":"Demon Form","floor":25,"key":"SMITH"},{"data":"Flame Barrier","floor":27,"key":"SMITH"},{"data":"Ghostly Armor","floor":30,"key":"SMITH"},{"data":"Battle Trance","floor":32,"key":"SMITH"},{"data":"Whirlwind","floor":40,"key":"SMITH"},{"data":"Defend_R","floor":42,"key":"SMITH"},{"floor":47,"key":"REST"},{"data":"Defend_R","floor":49,"key":"SMITH"}],"circlet_count":0,"master_deck":["Defend_R+1","Defend_R+1","Bash+1","Thunderclap+1","Sword Boomerang+1","Battle Trance+1","Iron Wave+1","Whirlwind+1","Demon Form+1","Clash+1","Flame Barrier+1","Ghostly Armor+1","Pommel Strike+1","Whirlwind+1"],"relics":["Burning Blood","Art of War","Akabeko","The Courier","Chemical X","SlaversCollar","Membership Card","Red Mask","MutagenicStrength","Oddly Smooth Stone","Sozu","Kunai","Blood Vial","Turnip","Bag of Marbles","Toy Ornithopter","Frozen Eye","Centennial Puzzle"],"acts_visited":["Exordium","TheCity","TheBeyond"],"potions_floor_usage":[22,33,33,34,50],"damage_taken":[{"damage":0.0,"enemies":"2 Louse","floor":1.0,"turns":2.0},{"damage":7.0,"enemies":"Small Slimes","floor":4.0,"turns":5.0},{"damage":1.0,"enemies":"Cultist","floor":5.0,"turns":3.0},{"damage":21.0,"enemies":"Lagavulin","floor":8.0,"turns":5.0},{"damage":4.0,"enemies":"3 Sentries","floor":11.0,"turns":5.0},{"damage":0.0,"enemies":"Blue Slaver","floor":12.0,"turns":1.0},{"damage":17.0,"enemies":"Hexaghost","floor":16.0,"turns":6.0},{"damage":3.0,"enemies":"3 Byrds","floor":18.0,"turns":3.0},{"damage":0.0,"enemies":"Spheric Guardian","floor":19.0,"turns":1.0},{"damage":0.0,"enemies":"Chosen and Byrds","floor":20.0,"turns":1.0},{"damage":23,"enemies":"Masked Bandits","floor":22,"turns":3},{"damage":5,"enemies":"Snake Plant","floor":24,"turns":2},{"damage":0,"enemies":"Centurion and Healer","floor":28,"turns":2},{"damage":5,"enemies":"Snecko","floor":29,"turns":4},{"damage":4,"enemies":"Collector","floor":33,"turns":4},{"damage":0,"enemies":"3 Shapes","floor":35,"turns":1},{"damage":0,"enemies":"Orb Walker","floor":36,"turns":1},{"damage":9,"enemies":"Maw","floor":38,"turns":6},{"damage":14,"enemies":"Jaw Worm Horde","floor":41,"turns":3},{"damage":10,"enemies":"Nemesis","floor":44,"turns":3},{"damage":25,"enemies":"Writhing Mass","floor":45,"turns":4},{"damage":4,"enemies":"Spire Growth","floor":46,"turns":5},{"damage":7,"enemies":"Time Eater","floor":50,"turns":6}],"seed_played":"-3378121757090047854","potions_obtained":[{"floor":1.0,"key":"LiquidMemories"},{"floor":5.0,"key":"Fire Potion"},{"floor":11.0,"key":"AttackPotion"},{"floor":12.0,"key":"LiquidBronze"},{"floor":18.0,"key":"DistilledChaos"},{"floor":20.0,"key":"ColorlessPotion"},{"floor":22,"key":"SpeedPotion"},{"floor":29,"key":"EntropicBrew"}],"is_trial":false,"path_per_floor":["M","?","?","M","M","R","?","E","T","R","E","M","R","$","R","B",null,"M","M","M","$","?","?","M","R","T","R","M","M","R","?","R","B",null,"M","M","?","M","?","R","M","R","T","E","M","M","R","$","R","B",null],"character_chosen":"IRONCLAD","items_purchased":["Chemical X","Whirlwind","Membership Card","Flame Barrier","Bag of Marbles","Toy Ornithopter","Frozen Eye","Centennial Puzzle"],"campfire_rested":1,"item_purchase_floors":[14,14,21,21,48,48,48,48],"current_hp_per_floor":[62,62,55,54,59,59,59,44,44,44,46,52,52,52,52,41,80,80,80,80,80,63,63,64,64,64,64,70,71,71,71,71,73,80,80,80,80,77,77,77,69,69,69,67,50,54,78,78,78,80],"gold":14,"neow_bonus":"REMOVE_TWO","is_daily":false,"chose_seed":false,"campfire_upgraded":11,"win_rate":0.0,"timestamp":1611856559,"path_taken":["M","?","?","M","M","R","?","E","T","R","E","M","R","$","R","BOSS","M","?","M","$","?","?","M","R","T","R","M","M","R","?","R","BOSS","M","M","?","?","?","R","M","R","T","E","M","M","R","$","R","BOSS"],"items_purchased_type":["Relic","Card","Relic","Card","Relic","Relic","Relic","Relic"],"build_version":"2020-12-22","purchased_purges":2,"victory":true,"max_hp_per_floor":[80,80,80,80,80,80,80,80,80,80,80,80,80,80,80,80,80,80,80,80,80,80,80,80,80,80,80,80,80,80,80,80,80,80,80,80,80,80,80,80,80,80,80,80,80,80,80,80,80,80],"relic_stats":{"Sozu":3,"Blood Vial":8,"Centennial Puzzle":[3],"counters":[23,76],"Turnip":[0],"Art of War":[8],"Chemical X":[32],"Kunai":[0],"obtain_stats":[{"Oddly Smooth Stone":26,"The Courier":11,"Burning Blood":0,"Akabeko":9,"Sozu":34,"Blood Vial":43,"SlaversCollar":17,"Frozen Eye":48,"Centennial Puzzle":48,"MutagenicStrength":23,"Turnip":44,"Art of War":8,"Red Mask":22,"Bag of Marbles":48,"Chemical X":14,"Membership Card":21,"Kunai":37,"Toy Ornithopter":48},{"Oddly Smooth Stone":12,"The Courier":5,"Burning Blood":0,"Akabeko":4,"Sozu":15,"Blood Vial":19,"SlaversCollar":7,"Frozen Eye":22,"Centennial Puzzle":22,"MutagenicStrength":11,"Turnip":20,"Art of War":4,"Red Mask":11,"Bag of Marbles":22,"Chemical X":6,"Membership Card":10,"Kunai":17,"Toy Ornithopter":22},{"Oddly Smooth Stone":37,"The Courier":20,"Burning Blood":0,"Akabeko":15,"Sozu":47,"Blood Vial":58,"SlaversCollar":27,"Frozen Eye":70,"Centennial Puzzle":70,"MutagenicStrength":35,"Turnip":61,"Art of War":15,"Red Mask":35,"Bag of Marbles":70,"Chemical X":21,"Membership Card":32,"Kunai":49,"Toy Ornithopter":70}],"Burning Blood":107,"Toy Ornithopter":5},"card_choices":[{"not_picked":["Metallicize","Havoc","Combust"],"picked":"SKIP","floor":1.0},{"not_picked":["Uppercut","Disarm"],"picked":"Thunderclap","floor":4.0},{"not_picked":["Seeing Red","Wild Strike"],"picked":"Sword Boomerang","floor":5.0},{"not_picked":["Immolate","Warcry"],"picked":"Battle Trance","floor":8.0},{"not_picked":["Flex","Dual Wield"],"picked":"Iron Wave","floor":11.0},{"not_picked":["Body Slam","Feel No Pain","Evolve"],"picked":"SKIP","floor":12.0},{"not_picked":["Reaper","Immolate"],"picked":"Demon Form","floor":16.0},{"not_picked":["Wild Strike","Havoc","Iron Wave"],"picked":"SKIP","floor":18.0},{"not_picked":["Wild Strike","Clothesline+1"],"picked":"Clash+1","floor":19.0},{"not_picked":["Body Slam","Twin Strike","Thunderclap"],"picked":"SKIP","floor":20.0},{"not_picked":["Wild Strike","Thunderclap"],"picked":"Ghostly Armor","floor":22},{"not_picked":["Cleave","Warcry+1","Perfected Strike"],"picked":"SKIP","floor":24},{"not_picked":["True Grit","Power Through"],"picked":"Pommel Strike+1","floor":28},{"not_picked":["Wild Strike","Feed","Pommel Strike"],"picked":"SKIP","floor":29},{"not_picked":["Wild Strike+1","Armaments"],"picked":"Whirlwind","floor":35},{"not_picked":["Evolve","Fire Breathing+1","Carnage+1"],"picked":"SKIP","floor":36},{"not_picked":["Rampage","Intimidate+1","True Grit+1"],"picked":"SKIP","floor":38},{"not_picked":["Infernal Blade+1","Fire Breathing","Flex"],"picked":"SKIP","floor":41},{"not_picked":["Iron Wave+1","Burning Pact","Dual Wield+1"],"picked":"SKIP","floor":44},{"not_picked":["Clash","Iron Wave","Clothesline"],"picked":"SKIP","floor":45},{"not_picked":["Shrug It Off","Intimidate","Battle Trance+1"],"picked":"SKIP","floor":46}],"player_experience":1012268,"relics_obtained":[{"floor":8.0,"key":"Art of War"},{"floor":9.0,"key":"Akabeko"},{"floor":11.0,"key":"The Courier"},{"floor":22,"key":"Red Mask"},{"floor":26,"key":"Oddly Smooth Stone"},{"floor":43,"key":"Blood Vial"},{"floor":44,"key":"Turnip"}],"event_choices":[{"damage_healed":0.0,"max_hp_gain":0.0,"max_hp_loss":0.0,"gold_gain":0.0,"event_name":"Living Wall","player_choice":"Grow","floor":2.0,"gold_loss":0.0,"damage_taken":0.0,"cards_upgraded":["Bash"]},{"cards_removed":["Strike_R"],"damage_healed":0.0,"max_hp_gain":0.0,"max_hp_loss":0.0,"gold_gain":0.0,"event_name":"Golden Wing","player_choice":"Card Removal","floor":3.0,"gold_loss":0.0,"damage_taken":7.0},{"cards_removed":["Strike_R"],"damage_healed":0.0,"max_hp_gain":0.0,"max_hp_loss":0.0,"gold_gain":0.0,"event_name":"Wheel of Change","player_choice":"Card Removal","floor":7.0,"gold_loss":0.0,"damage_taken":0.0},{"damage_healed":0,"gold_gain":0,"player_choice":"Fought Bandits","damage_taken":0,"max_hp_gain":0,"max_hp_loss":0,"event_name":"Masked Bandits","floor":22,"gold_loss":0},{"damage_healed":0,"gold_gain":0,"player_choice":"Inject Mutagens","damage_taken":0,"relics_obtained":["MutagenicStrength"],"max_hp_gain":0,"max_hp_loss":0,"event_name":"Drug Dealer","floor":23,"gold_loss":0},{"cards_removed":["Strike_R"],"damage_healed":0,"gold_gain":0,"player_choice":"Elegance","damage_taken":0,"max_hp_gain":0,"max_hp_loss":0,"event_name":"Back to Basics","floor":31,"gold_loss":0},{"damage_healed":0,"gold_gain":0,"player_choice":"Gave Potion","damage_taken":0,"relics_obtained":["Kunai"],"max_hp_gain":0,"max_hp_loss":0,"event_name":"WeMeetAgain","floor":37,"gold_loss":0},{"damage_healed":0,"gold_gain":0,"player_choice":"Memory 1","damage_taken":0,"max_hp_gain":0,"max_hp_loss":0,"event_name":"SensoryStone","floor":39,"gold_loss":0}],"is_beta":false,"boss_relics":[{"not_picked":["Runic Cube","Black Blood"],"picked":"SlaversCollar"},{"not_picked":["Fusion Hammer","Pandora\u0027s Box"],"picked":"Sozu"}],"items_purged_floors":[14,48],"is_endless":false,"potions_floor_spawned":[1,5,11,12,18,20,22,29,36,38,44],"ascension_level":0}}