{"host":"yqw1zpryoutrnocq","time":1611870639,"event":{"mods":["2.2 Compatiblity","AchievementEnabler","BaseMod","Colored Map","Custom Start","DeckTracker","Minty Spire (QoL Compilation)","Replay The Spire","StSLib","SuperFastMode"],"gold_per_floor":[118,141,166,193,193,233,233,269,292,292,318,338,76,76,76,189,189,211,248,248,248],"floor_reached":20,"language":"KOR","playtime":566,"items_purged":["Strike_B"],"score":195,"play_id":"9b851fd6-6aac-4dc9-a260-d332ef5fa7a2","local_time":"20210128155039","is_ascension_mode":true,"campfire_choices":[{"floor":10.0,"key":"REST"},{"floor":15.0,"key":"DIG"}],"circlet_count":0,"master_deck":["Strike_B","Defend_B","Defend_B","Defend_B","Defend_B","Zap+1","Dualcast","Hologram","Consume","ReplayTheSpireMod:Calculation Training","Defragment","Ball Lightning","Stack","Storm","Turbo","Crystallizer+1","ReplayTheSpireMod:Private Reserves","Ball Lightning","Redo+1","Loop","Turbo"],"relics":["Cracked Core","CeramicFish","Blood Vial","Ancient Tea Set","Gremlin Food","Replay:Antivirus Software","Nunchaku","Empty Cage","Prayer Wheel"],"acts_visited":["Exordium","TheCity"],"potions_floor_usage":[16,19],"damage_taken":[{"damage":3.0,"enemies":"Small Slimes","floor":1.0,"turns":4.0},{"damage":6.0,"enemies":"Jaw Worm","floor":2.0,"turns":5.0},{"damage":0.0,"enemies":"2 Louse","floor":3.0,"turns":2.0},{"damage":6.0,"enemies":"Blue Slaver","floor":4.0,"turns":3.0},{"damage":46.0,"enemies":"3 Sentries","floor":6.0,"turns":6.0},{"damage":16.0,"enemies":"Lagavulin","floor":8.0,"turns":4.0},{"damage":0.0,"enemies":"Large Slime","floor":11.0,"turns":3.0},{"damage":14.0,"enemies":"3 Louse","floor":12.0,"turns":4.0},{"damage":3,"enemies":"Slime Boss","floor":16,"turns":6},{"damage":31,"enemies":"Chosen","floor":18,"turns":6},{"damage":49,"enemies":"Shell Parasite","floor":19,"turns":8},{"damage":0,"enemies":"Centurion and Healer","floor":20,"turns":1}],"seed_played":"-770676265067327973","potions_obtained":[{"floor":2.0,"key":"ColorlessPotion"},{"floor":4.0,"key":"ColorlessPotion"},{"floor":6.0,"key":"Swift Potion"},{"floor":16,"key":"SkillPotion"}],"is_trial":false,"path_per_floor":["M","M","M","M","?","E","?","E","T","R","M","M","$","?","R_BF","B",null,"M","M","M"],"character_chosen":"DEFECT","items_purchased":["Crystallizer","ReplayTheSpireMod:Private Reserves","Ball Lightning"],"campfire_rested":1,"item_purchase_floors":[13,13,13],"current_hp_per_floor":[72,66,66,60,65,19,16,2,2,26,28,16,16,16,16,15,80,49,2,4,4],"gold":248,"neow_bonus":"RANDOM_COMMON_RELIC","is_daily":false,"chose_seed":false,"campfire_upgraded":0,"win_rate":0.0,"timestamp":1611870639,"path_taken":["M","M","M","M","?","E","?","E","T","R","?","M","$","?","R_BF","BOSS","M","M","M"],"items_purchased_type":["Card","Card","Card"],"build_version":"2020-12-22","purchased_purges":1,"victory":false,"max_hp_per_floor":[75,75,75,75,80,80,80,80,80,80,80,80,80,80,80,80,80,80,80,80,80],"card_choices":[{"not_picked":["Streamline","Sweeping Beam"],"picked":"Hologram","floor":1.0},{"not_picked":["Leap","Compile Driver"],"picked":"Consume","floor":2.0},{"not_picked":["Go for the Eyes","ReplayTheSpireMod:Omega Cannon"],"picked":"ReplayTheSpireMod:Calculation Training","floor":3.0},{"not_picked":["Ball Lightning","Melter"],"picked":"Defragment","floor":4.0},{"not_picked":["Rip and Tear","Leap"],"picked":"Ball Lightning","floor":6.0},{"not_picked":["Amplify","Barrage"],"picked":"Stack","floor":8.0},{"not_picked":["ReplayTheSpireMod:Repulse","Go for the Eyes"],"picked":"Storm","floor":11.0},{"not_picked":["Rebound","Barrage"],"picked":"Turbo","floor":12.0},{"not_picked":["Seek","All For One"],"picked":"ReplayTheSpireMod:Fabricate Wheel","floor":16},{"not_picked":["Gash+1","Leap"],"picked":"Redo+1","floor":18},{"not_picked":["Heatsinks","Panic Button+1"],"picked":"Loop","floor":19},{"not_picked":["Rebound","ReplayTheSpireMod:Reroute Power+1"],"picked":"Turbo","floor":19}],"player_experience":235367,"relics_obtained":[{"floor":6.0,"key":"Blood Vial"},{"floor":8.0,"key":"Gremlin Food"},{"floor":9.0,"key":"Replay:Antivirus Software"},{"floor":15.0,"key":"Nunchaku"}],"event_choices":[{"damage_healed":0.0,"max_hp_gain":5.0,"max_hp_loss":0.0,"gold_gain":0.0,"event_name":"Big Fish","player_choice":"Donut","floor":5.0,"gold_loss":0.0,"damage_taken":0.0},{"damage_healed":0.0,"max_hp_gain":0.0,"max_hp_loss":0.0,"gold_gain":0.0,"event_name":"Scrap Ooze","player_choice":"Success","floor":7.0,"gold_loss":0.0,"damage_taken":3.0,"relics_obtained":["Ancient Tea Set"]},{"damage_healed":0.0,"max_hp_gain":0.0,"max_hp_loss":0.0,"gold_gain":0.0,"event_name":"Living Wall","player_choice":"Grow","floor":14.0,"gold_loss":0.0,"damage_taken":0.0,"cards_upgraded":["Crystallizer"]}],"is_beta":false,"boss_relics":[{"not_picked":["SacredBark","Runic Dome"],"picked":"Empty Cage"}],"items_purged_floors":[13],"is_endless":false,"potions_floor_spawned":[2,4,6,16],"killed_by":"Centurion and Healer","ascension_level":1}}