{"host":"g907ck67u7c3hrs6","time":1611832073,"event":{"mods":["BaseMod","Colored Map","DeckTracker","Highlight Path","Keyboard Shortcuts","Minty Spire (QoL Compilation)","Permanent Neow","Say the Spire","SuperFastMode"],"gold_per_floor":[135,183,258,258,294,372,372,462,543,543,582,678,182,212,212,515,515,557,611,276,309,309,390,390,426,426,456,182,275,317,317,317,626,626,656,791,941,791,791,878,878,878,902,950,1043,1076,1130,516,516,516],"floor_reached":51,"language":"KOR","playtime":2079,"items_purged":["Strike_P","Eruption","Adaptation","Strike_P","Strike_P"],"score":1090,"play_id":"402f933f-9710-4bed-8c9b-38baa3cf71c9","local_time":"20210128200753","daily_mods":["Specialized","Red Cards","Midas"],"is_ascension_mode":false,"campfire_choices":[{"floor":7.0,"key":"REST"},{"floor":10.0,"key":"DIG"},{"floor":15.0,"key":"DIG"},{"floor":24,"key":"DIG"},{"floor":32,"key":"REST"},{"floor":41,"key":"DIG"},{"floor":49,"key":"DIG"}],"circlet_count":0,"master_deck":["Defend_P","Defend_P","Defend_P","Defend_P","Vigilance","PathToVictory","PathToVictory","PathToVictory","PathToVictory","PathToVictory","PathToVictory","Disarm","ClearTheMind","EmptyBody","InnerPeace","PathToVictory","WaveOfTheHand","LikeWater","Ghostly Armor","Disarm+1","PathToVictory","Omniscience","Battle Trance","Second Wind+1","Necronomicurse","Scrawl","EmptyMind","Corruption","WaveOfTheHand","Metallicize","Sadistic Nature","Madness+1","Madness+1","Shrug It Off+1","TalkToTheHand+1","Seeing Red+1","EmptyMind+1","Shockwave+1"],"relics":["PureWater","Prayer Wheel","White Beast Statue","Shovel","Blue Candle","Ginger","Dream Catcher","Toy Ornithopter","Art of War","Oddly Smooth Stone","Runic Pyramid","Ancient Tea Set","Necronomicon","Dead Branch","Orichalcum","StrikeDummy","Potion Belt","Regal Pillow","Juzu Bracelet","Empty Cage","Lizard Tail","CaptainsWheel","Toxic Egg 2","Centennial Puzzle","Bronze Scales","Darkstone Periapt","Pear","ClockworkSouvenir","Nunchaku"],"acts_visited":["Exordium","TheCity","TheBeyond"],"potions_floor_usage":[29,30,30,33,45,46],"damage_taken":[{"damage":3.0,"enemies":"2 Louse","floor":1.0,"turns":3.0},{"damage":2.0,"enemies":"Small Slimes","floor":2.0,"turns":3.0},{"damage":0.0,"enemies":"Cultist","floor":5.0,"turns":2.0},{"damage":10.0,"enemies":"Gremlin Nob","floor":6.0,"turns":3.0},{"damage":11.0,"enemies":"Lagavulin","floor":8.0,"turns":4.0},{"damage":3.0,"enemies":"Looter","floor":11.0,"turns":2.0},{"damage":28.0,"enemies":"3 Sentries","floor":12.0,"turns":8.0},{"damage":10.0,"enemies":"2 Fungi Beasts","floor":14.0,"turns":3.0},{"damage":3.0,"enemies":"The Guardian","floor":16.0,"turns":6.0},{"damage":2.0,"enemies":"2 Thieves","floor":18.0,"turns":3.0},{"damage":2.0,"enemies":"3 Byrds","floor":19.0,"turns":5.0},{"damage":6,"enemies":"Snake Plant","floor":21,"turns":3},{"damage":19,"enemies":"Slavers","floor":23,"turns":8},{"damage":6,"enemies":"Centurion and Healer","floor":25,"turns":5},{"damage":15,"enemies":"3 Cultists","floor":27,"turns":5},{"damage":4,"enemies":"Book of Stabbing","floor":29,"turns":3},{"damage":7,"enemies":"Sentry and Sphere","floor":30,"turns":4},{"damage":48,"enemies":"Collector","floor":33,"turns":8},{"damage":0,"enemies":"Orb Walker","floor":35,"turns":2},{"damage":22,"enemies":"2 Orb Walkers","floor":36,"turns":4},{"damage":4,"enemies":"Mind Bloom Boss Battle","floor":37,"turns":4},{"damage":2,"enemies":"Giant Head","floor":40,"turns":5},{"damage":0,"enemies":"3 Darklings","floor":44,"turns":2},{"damage":0,"enemies":"Nemesis","floor":45,"turns":3},{"damage":10,"enemies":"Transient","floor":46,"turns":5},{"damage":0,"enemies":"Maw","floor":47,"turns":4},{"damage":3,"enemies":"Time Eater","floor":50,"turns":8}],"seed_played":"-3024785812728383334","potions_obtained":[{"floor":1.0,"key":"Ambrosia"},{"floor":5.0,"key":"FearPotion"},{"floor":8.0,"key":"Regen Potion"},{"floor":12.0,"key":"Block Potion"},{"floor":18.0,"key":"Swift Potion"},{"floor":29,"key":"SkillPotion"},{"floor":30,"key":"SpeedPotion"},{"floor":33,"key":"Explosive Potion"},{"floor":35,"key":"Explosive Potion"},{"floor":36,"key":"Block Potion"},{"floor":37,"key":"StancePotion"},{"floor":44,"key":"Fruit Juice"},{"floor":45,"key":"Dexterity Potion"},{"floor":46,"key":"Strength Potion"}],"is_trial":true,"path_per_floor":["M","M","?","T","M","E","R","E","T","R","M","E","$","M","R","B",null,"M","M","$","M","?","E","R","M","T","M","$","E","M","?","R","B",null,"M","?","?","$","?","E","R","?","T","M","E","M","M","$","R","B",null],"character_chosen":"WATCHER","items_purchased":["WaveOfTheHand","LikeWater","Toy Ornithopter","Art of War","Battle Trance","Ancient Tea Set","Potion Belt","Pear","ClockworkSouvenir","PowerPotion"],"campfire_rested":2,"item_purchase_floors":[13,13,13,13,20,20,28,48,48,48],"current_hp_per_floor":[69,67,56,56,56,46,67,56,56,56,53,40,40,30,30,27,72,70,68,68,62,46,27,27,21,21,6,6,7,10,10,46,3,72,72,50,46,46,46,44,44,35,35,35,45,40,40,50,50,47],"gold":516,"neow_bonus":"","is_daily":false,"chose_seed":false,"campfire_upgraded":0,"win_rate":0.0,"timestamp":1611832073,"path_taken":["M","M","?","?","M","E","R","E","T","R","M","E","$","M","R","BOSS","M","M","$","M","?","E","R","M","T","M","$","E","M","?","R","BOSS","M","?","?","$","?","E","R","?","T","M","E","M","M","$","R","BOSS"],"items_purchased_type":["Card","Card","Relic","Relic","Card","Relic","Relic","Relic","Relic","Potion"],"build_version":"2020-12-22","purchased_purges":5,"victory":true,"max_hp_per_floor":[72,72,72,72,72,72,72,72,72,72,72,72,72,72,72,72,72,72,72,72,72,72,72,72,72,72,72,72,72,72,72,72,72,72,72,72,72,72,72,72,72,72,72,72,77,77,77,87,87,87],"card_choices":[{"not_picked":["Cleave","TalkToTheHand"],"picked":"Adaptation","floor":1.0},{"not_picked":["Perfected Strike","ThirdEye"],"picked":"PathToVictory","floor":2.0},{"not_picked":["Perfected Strike","BowlingBash"],"picked":"Disarm","floor":5.0},{"not_picked":["ReachHeaven","SashWhip"],"picked":"ClearTheMind","floor":5.0},{"not_picked":["Rampage","Weave"],"picked":"EmptyBody","floor":6.0},{"not_picked":["SashWhip","CrushJoints"],"picked":"InnerPeace","floor":8.0},{"not_picked":["Hemokinesis","FlurryOfBlows","Armaments"],"picked":"SKIP","floor":11.0},{"not_picked":["EmptyFist","Wild Strike","FollowUp"],"picked":"SKIP","floor":11.0},{"not_picked":["EmptyFist","Shockwave"],"picked":"PathToVictory","floor":12.0},{"not_picked":["Brilliance","Perfected Strike"],"picked":"Ghostly Armor","floor":14.0},{"not_picked":["Body Slam","JustLucky","Thunderclap"],"picked":"SKIP","floor":14.0},{"not_picked":["Headbutt","Halt+1"],"picked":"Disarm+1","floor":18.0},{"not_picked":["Clothesline+1","Headbutt","Wild Strike+1"],"picked":"SKIP","floor":18.0},{"not_picked":["Thunderclap","Perfected Strike"],"picked":"PathToVictory","floor":19},{"not_picked":["Dual Wield","Crescendo"],"picked":"Omniscience","floor":19},{"not_picked":["True Grit+1","Cleave"],"picked":"Second Wind+1","floor":21},{"not_picked":["Shrug It Off","WheelKick","Anger"],"picked":"SKIP","floor":21},{"not_picked":["SignatureMove","MentalFortress","CutThroughFate"],"picked":"SKIP","floor":23},{"not_picked":["Twin Strike","ThirdEye+1","Headbutt+1"],"picked":"SKIP","floor":25},{"not_picked":["Swivel","FlurryOfBlows","Clothesline"],"picked":"SKIP","floor":25},{"not_picked":["Twin Strike","EmptyFist"],"picked":"Scrawl","floor":27},{"not_picked":["Halt","Shrug It Off","Flex"],"picked":"SKIP","floor":27},{"not_picked":["Twin Strike","Consecrate","Limit Break"],"picked":"SKIP","floor":29},{"not_picked":["CrushJoints","Warcry"],"picked":"EmptyMind","floor":30},{"not_picked":["Weave","Consecrate","Sword Boomerang+1"],"picked":"SKIP","floor":30},{"not_picked":["Omniscience","DeusExMachina"],"picked":"Corruption","floor":33},{"not_picked":["Shrug It Off+1","Perfected Strike+1"],"picked":"WaveOfTheHand","floor":35},{"not_picked":["CarveReality+1","EmptyFist+1","Iron Wave+1"],"picked":"SKIP","floor":35},{"not_picked":["ForeignInfluence","Adaptation+1"],"picked":"Metallicize","floor":36},{"not_picked":["Mayhem","Bandage Up"],"picked":"Sadistic Nature","floor":39},{"not_picked":["FearNoEvil","Cleave+1","Perfected Strike"],"picked":"SKIP","floor":40},{"not_picked":["SashWhip+1","Wild Strike"],"picked":"Shrug It Off+1","floor":44},{"not_picked":["Uppercut+1","Perfected Strike+1"],"picked":"TalkToTheHand+1","floor":44},{"not_picked":["EmptyFist+1","Prostrate+1","Havoc+1"],"picked":"SKIP","floor":45},{"not_picked":["Prostrate+1","Anger+1"],"picked":"Seeing Red+1","floor":46},{"not_picked":["FlyingSleeves+1","ReachHeaven+1"],"picked":"EmptyMind+1","floor":46},{"not_picked":["Intimidate+1","Burning Pact+1"],"picked":"Shockwave+1","floor":47},{"not_picked":["CrushJoints","ClearTheMind+1","Dropkick+1"],"picked":"SKIP","floor":47}],"player_experience":240823,"relics_obtained":[{"floor":4.0,"key":"Prayer Wheel"},{"floor":6.0,"key":"White Beast Statue"},{"floor":8.0,"key":"Shovel"},{"floor":9.0,"key":"Blue Candle"},{"floor":10.0,"key":"Ginger"},{"floor":12.0,"key":"Dream Catcher"},{"floor":15.0,"key":"Oddly Smooth Stone"},{"floor":22,"key":"Necronomicon"},{"floor":23,"key":"Dead Branch"},{"floor":24,"key":"Orichalcum"},{"floor":26,"key":"StrikeDummy"},{"floor":29,"key":"Regal Pillow"},{"floor":36,"key":"Lizard Tail"},{"floor":37,"key":"CaptainsWheel"},{"floor":40,"key":"Toxic Egg 2"},{"floor":41,"key":"Centennial Puzzle"},{"floor":43,"key":"Bronze Scales"},{"floor":45,"key":"Darkstone Periapt"},{"floor":49,"key":"Nunchaku"}],"event_choices":[{"damage_healed":0.0,"max_hp_gain":0.0,"max_hp_loss":0.0,"gold_gain":75.0,"event_name":"World of Goop","player_choice":"Gather Gold","floor":3.0,"gold_loss":0.0,"damage_taken":11.0},{"damage_healed":0,"gold_gain":0,"player_choice":"Obtained Book","damage_taken":16,"max_hp_gain":0,"max_hp_loss":0,"event_name":"Cursed Tome","floor":22,"gold_loss":0},{"damage_healed":0,"gold_gain":0,"player_choice":"Opened","damage_taken":0,"relics_obtained":["Juzu Bracelet"],"max_hp_gain":0,"max_hp_loss":0,"event_name":"The Mausoleum","floor":31,"gold_loss":0,"cards_obtained":["Writhe"]},{"damage_healed":0,"gold_gain":0,"player_choice":"Fight","damage_taken":0,"max_hp_gain":0,"max_hp_loss":0,"event_name":"Mysterious Sphere","floor":36,"gold_loss":0},{"damage_healed":0,"gold_gain":0,"player_choice":"Fight","damage_taken":0,"max_hp_gain":0,"max_hp_loss":0,"event_name":"MindBloom","floor":37,"gold_loss":0},{"damage_healed":0,"gold_gain":0,"player_choice":"Memory 1","damage_taken":0,"max_hp_gain":0,"max_hp_loss":0,"event_name":"SensoryStone","floor":39,"gold_loss":0},{"damage_healed":0,"gold_gain":0,"player_choice":"Embrace Madness","damage_taken":9,"max_hp_gain":0,"max_hp_loss":0,"event_name":"Winding Halls","floor":42,"gold_loss":0,"cards_obtained":["Madness","Madness"]}],"is_beta":false,"boss_relics":[{"not_picked":["VioletLotus","Tiny House"],"picked":"Runic Pyramid"},{"not_picked":["Black Star","HolyWater"],"picked":"Empty Cage"}],"items_purged_floors":[13,20,28,38,48],"is_endless":false,"potions_floor_spawned":[1,5,8,11,12,14,16,18,19,21,23,25,27,29,30,33,35,36,37,40,44,45,46,47],"ascension_level":0}}