{"host":"c6u7e77myxvw4d0m","time":1611829466,"event":{"mods":["AchievementEnabler","BaseMod","Bestiary","Colored Map","Colored Powertips","Minty Spire (QoL Compilation)","Rare Cards Sparkle","Relic Stats","everything is the same but u backflip on backflip"],"gold_per_floor":[369,388,399,415,14,14,48,68,68,68,68],"floor_reached":10,"language":"ENG","playtime":394,"items_purged":[],"score":123,"play_id":"aa0e9b1e-1ac8-4ec4-810c-53f5343f3408","local_time":"20210128122426","is_ascension_mode":true,"campfire_choices":[{"data":"Fire Breathing","floor":6,"key":"SMITH"}],"circlet_count":0,"master_deck":["AscendersBane","Strike_R","Strike_R","Strike_R","Strike_R","Strike_R","Defend_R","Defend_R","Defend_R","Defend_R","Bash","Shrug It Off","Feel No Pain","Clothesline","Cleave","Fire Breathing+1","Battle Trance","Inflame","Barricade"],"relics":["Burning Blood","Paper Frog","Dream Catcher","Matryoshka"],"acts_visited":["Exordium"],"potions_floor_usage":[7,8],"damage_taken":[{"damage":6,"enemies":"Cultist","floor":1,"turns":4},{"damage":0,"enemies":"Jaw Worm","floor":2,"turns":5},{"damage":24,"enemies":"Small Slimes","floor":3,"turns":5},{"damage":1,"enemies":"Exordium Wildlife","floor":4,"turns":4},{"damage":17,"enemies":"3 Sentries","floor":7,"turns":4},{"damage":26,"enemies":"Exordium Thugs","floor":8,"turns":3},{"damage":28,"enemies":"Gremlin Nob","floor":10,"turns":3}],"seed_played":"8665244153715651628","potions_obtained":[{"floor":1,"key":"ColorlessPotion"},{"floor":3,"key":"SpeedPotion"}],"is_trial":false,"path_per_floor":["M","M","M","M","$","R","E","M","T","E"],"character_chosen":"IRONCLAD","items_purchased":["Fire Breathing","Battle Trance","Paper Frog"],"campfire_rested":0,"item_purchase_floors":[5,5,5],"current_hp_per_floor":[68,68,50,55,55,55,44,24,24,0,0],"gold":68,"neow_bonus":"TWO_FIFTY_GOLD","is_daily":false,"chose_seed":false,"campfire_upgraded":1,"win_rate":0.0,"timestamp":1611829466,"path_taken":["M","?","M","M","?","R","E","M","T","E"],"items_purchased_type":["Card","Card","Relic"],"build_version":"2020-12-22","purchased_purges":0,"victory":false,"max_hp_per_floor":[68,68,68,68,68,68,68,68,68,68,68],"relic_stats":{"Dream Catcher":0,"counters":[7,28],"obtain_stats":[{"Dream Catcher":7,"Matryoshka":9,"Burning Blood":0,"Paper Frog":5},{"Dream Catcher":5,"Matryoshka":6,"Burning Blood":0,"Paper Frog":4},{"Dream Catcher":22,"Matryoshka":25,"Burning Blood":0,"Paper Frog":18}],"Burning Blood":30},"card_choices":[{"not_picked":["Bloodletting","Havoc"],"picked":"Shrug It Off","floor":1},{"not_picked":["Disarm","Evolve"],"picked":"Feel No Pain","floor":2},{"not_picked":["Headbutt","Anger"],"picked":"Clothesline","floor":3},{"not_picked":["Clash","Reaper"],"picked":"Cleave","floor":4},{"not_picked":["Whirlwind","Warcry"],"picked":"Inflame","floor":7},{"not_picked":["Anger","Perfected Strike"],"picked":"Barricade","floor":8}],"player_experience":538153,"relics_obtained":[{"floor":7,"key":"Dream Catcher"},{"floor":9,"key":"Matryoshka"}],"event_choices":[],"is_beta":false,"boss_relics":[],"items_purged_floors":[],"is_endless":false,"potions_floor_spawned":[1,3],"killed_by":"Gremlin Nob","ascension_level":15}}