{"host":"350rh84kbmtekt58","time":1611823657,"event":{"mods":["AchievementEnabler","Act Like it!","BaseMod","Better Synergies","Block Reminder","CapriCore","Challenge The Spire","Colored Map","Colored Powertips","Communication Mod","Downfall","Energized Spire","Friendly Minions","GifTheSpireLib","Highlight Path","Minty Spire (QoL Compilation)","Quick Restart","Replay The Spire","Shop Mod","StSLib","The Animator","The Disciple","The Immortal","The Marked","The Runesmith","The Servant 0.9.4","The Wild Card","Transform Curses","yUi"],"gold_per_floor":[17,17,51,84,114,114,114,114,143,172,197,197,197,44,78,78,78],"floor_reached":16,"language":"ENG","playtime":2113,"items_purged":[],"score":263,"play_id":"941a8a0e-070f-4083-ba8e-2b677734c49d","local_time":"20210128024737","daily_mods":["challengethespire:Silver Difficulty","challengethespire:Elite Rush","Uncertain Future"],"is_ascension_mode":true,"campfire_choices":[{"floor":2,"key":"REST"},{"floor":7,"key":"REST"},{"floor":8,"key":"REST"},{"floor":13,"key":"REST"}],"circlet_count":0,"master_deck":["AscendersBane","Eruption","Vigilance","ReplayTheSpireMod:Brewmster","TalkToTheHand","Dark Shackles","Nirvana","Wireheading+1","LessonLearned","LikeWater","Wireheading+1","Replay:BluntJabs","InnerPeace","Replay:Anticipation","WreathOfFlame","Protect","Establishment","Swivel","Weave","Wallop","CarveReality","Study"],"relics":["PureWater","Black Star","Sling","PreservedInsect","hexamod:CandleOfCauterizing","Vajra","bronze:DonusWashers","Runesmith:Nanobots","Chameleon Ring","Slimebound:PreparedRelic","TeardropLocket","Replay:Accelerometer","Replay:WaspNest","Pandora\u0027s Box","GoldenEye","Bottled Lightning","Damaru","Slimebound:StickyStick","Smiling Mask","Sundial","Cursed Key","Boot","CeramicFish","bronze:BronzeIdol"],"acts_visited":["Exordium"],"potions_floor_usage":[3,3,4,5,9,9,10,10,10,10,11,11,11,15,15,15,15],"damage_taken":[{"damage":15,"enemies":"Lagavulin","floor":3,"turns":5},{"damage":35,"enemies":"3 Sentries","floor":4,"turns":4},{"damage":0,"enemies":"Gremlin Nob","floor":5,"turns":2},{"damage":12,"enemies":"Gremlin Leader","floor":9,"turns":7},{"damage":18,"enemies":"Slavers","floor":10,"turns":6},{"damage":23,"enemies":"Book of Stabbing","floor":11,"turns":6},{"damage":24,"enemies":"Nemesis","floor":15,"turns":5},{"damage":13,"enemies":"Reptomancer","floor":16,"turns":3}],"seed_played":"-7636592449978972711","potions_obtained":[{"floor":4,"key":"champ:CounterPotion"},{"floor":9,"key":"Weak Potion"},{"floor":11,"key":"ColorlessPotion"}],"is_trial":true,"path_per_floor":["$","R","E","E","E","T","R","R","E","E","E","T","R","$","E","E"],"character_chosen":"WATCHER","items_purchased":["hexamod:CandleOfCauterizing","Vajra","bronze:DonusWashers","ReplayTheSpireMod:Brewmster","TalkToTheHand","Dark Shackles","Nirvana","Boot"],"campfire_rested":4,"item_purchase_floors":[1,1,1,1,1,1,1,14],"current_hp_per_floor":[65,72,57,22,22,22,43,64,52,34,11,11,32,32,8,0,0],"gold":78,"neow_bonus":"","is_daily":false,"chose_seed":false,"campfire_upgraded":0,"win_rate":0.0,"timestamp":1611823657,"path_taken":["$","R","E","E","E","T","R","R","E","E","E","T","R","$","E","E"],"items_purchased_type":["Relic","Relic","Relic","Card","Card","Card","Card","Relic"],"build_version":"2020-12-22","purchased_purges":0,"victory":false,"max_hp_per_floor":[72,72,72,72,72,72,72,72,72,72,72,72,72,72,72,72,72],"card_choices":[],"player_experience":199617,"relics_obtained":[{"floor":3,"key":"Runesmith:Nanobots"},{"floor":3,"key":"Chameleon Ring"},{"floor":4,"key":"Slimebound:PreparedRelic"},{"floor":4,"key":"TeardropLocket"},{"floor":5,"key":"Replay:Accelerometer"},{"floor":5,"key":"Replay:WaspNest"},{"floor":9,"key":"GoldenEye"},{"floor":9,"key":"Bottled Lightning"},{"floor":10,"key":"Damaru"},{"floor":10,"key":"Slimebound:StickyStick"},{"floor":11,"key":"Smiling Mask"},{"floor":11,"key":"Sundial"},{"floor":15,"key":"CeramicFish"},{"floor":15,"key":"bronze:BronzeIdol"}],"event_choices":[],"is_beta":false,"boss_relics":[{"not_picked":["Velvet Choker","Astrolabe"],"picked":"Pandora\u0027s Box"},{"not_picked":["Kintsugi","Replay:Drink Me"],"picked":"Cursed Key"}],"items_purged_floors":[],"is_endless":false,"potions_floor_spawned":[4,9,11],"killed_by":"Reptomancer","ascension_level":10}}