{"host":"17xjy7b7ubl548g2","time":1611813908,"event":{"mods":["2.2 Compatiblity","Act Like it!","Aspiration","Astrologer","Bard","BaseMod","Challenge The Spire","ChefMod","Colored Map","Colored Powertips","Conspire","Elementarium","Energized Spire","Gensokyo","GifTheSpireLib","Halation","Hallownest","Hermit","Hubris","Infinite Spire","Jedi Mod","Jorbs\u0027s Wanderer Trilogy","Marisa（霧雨　魔理沙）","Marked Mod","Menagerie","Minty Spire (QoL Compilation)","Permanent Neow","Reliquary","Replay The Spire","Robot Space Explorer","Spicy Shops","Spire Arcade","StSLib","Stuff the Spire","The Blue Laboratory","The Bug Knight","The Construct","The Disciple","The Hayseed","The Hierophant","The Marked","The Runesmith","The Sage","TheFirefly"],"gold_per_floor":[119,119,203,213,228,256,256,283,283,123,158,158,117,42,42,114,114,129,129,149,149,165,165,195,195,219,231,66,97,97,124,124,203,203,220,236,248,258,271,271,271,302,302,318,318,347,347,347,347,397,397],"floor_reached":52,"language":"ENG","playtime":4845,"items_purged":["Strike_P","Strike_P"],"score":2126,"play_id":"d578702b-57cc-4c96-a8d9-ec7fc2dc06c3","local_time":"20210128010508","is_ascension_mode":true,"campfire_choices":[{"data":"Eruption","floor":7.0,"key":"SMITH"},{"data":"Wallop","floor":12.0,"key":"SMITH"},{"data":"SandsOfTime","floor":15,"key":"SMITH"},{"data":"MentalFortress","floor":23,"key":"SMITH"},{"data":"Consecrate","floor":25,"key":"SMITH"},{"data":"Ragnarok","floor":30,"key":"SMITH"},{"data":"Vigilance","floor":32,"key":"SMITH"},{"data":"Defend_P","floor":40,"key":"SMITH"},{"data":"EmptyBody","floor":45,"key":"SMITH"},{"data":"Defend_P","floor":49,"key":"SMITH"}],"circlet_count":0,"master_deck":["AscendersBane","Strike_P","Strike_P","Defend_P+1","Defend_P","Defend_P","Defend_P+1","Eruption+1","Vigilance+1","Prostrate","EmptyBody+1","Protect","Consecrate+1","Wallop+1","SandsOfTime+1","Protect","MentalFortress+1","Vengeance","Prostrate","Prostrate","Brilliance","Replay:BluntJabs","JustLucky+1","FearNoEvil+1","Tantrum","Ragnarok+1","SpiritShield","Sanctity","FlurryOfBlows","EmptyFist+1","BowlingBash+1","DeusExMachina","DeceiveReality+1","WaveOfTheHand"],"relics":["PureWater","aspiration:ChemicalBlood","jedi:purplefairy","aspiration:StickyExplosives_weak","MealTicket","Enchiridion","jedi:angrymask","jedi:paperlyon","halation:PinkSoulGem","Gremlin Food","hubris:ToyBattleship","Bag of Preparation","hubris:FunFungus","hubris:Icosahedron","Blue Candle","hubris:MobiusCoin","reliquary:SharkskinSheath","Toy Ornithopter","reliquary:KinkedSpring"],"acts_visited":["Exordium","Gensokyo:Gensokyo","Gensokyo:Gensokyoer"],"potions_floor_usage":[22,24,24,27,29,33,37,37,42,46,48,48,50,50,50,51,51],"damage_taken":[{"damage":2.0,"enemies":"Gensokyo:3_Fairies","floor":1.0,"turns":3.0},{"damage":0.0,"enemies":"Gensokyo:2_Kodama","floor":4.0,"turns":3.0},{"damage":0.0,"enemies":"Gensokyo:Gryphon","floor":5.0,"turns":4.0},{"damage":0.0,"enemies":"Gensokyo:Aya","floor":6.0,"turns":4.0},{"damage":0.0,"enemies":"Gensokyo:Mamizou","floor":8.0,"turns":5.0},{"damage":2.0,"enemies":"Gensokyo:Cirno","floor":11.0,"turns":5.0},{"damage":8,"enemies":"Gensokyo:Reimu","floor":16,"turns":8},{"damage":0,"enemies":"Gensokyo:Chomper","floor":18,"turns":3},{"damage":7,"enemies":"Gensokyo:AngelMirror","floor":20,"turns":3},{"damage":1,"enemies":"Gensokyo:Slime_Group","floor":22,"turns":5},{"damage":58,"enemies":"Gensokyo:Tenshi","floor":24,"turns":6},{"damage":7,"enemies":"Gensokyo:Chomper_and_Gloop","floor":27,"turns":5},{"damage":0,"enemies":"Gensokyo:Koishi","floor":29,"turns":4},{"damage":12,"enemies":"Gensokyo:Tenshi","floor":31,"turns":5},{"damage":0,"enemies":"Gensokyo:Eternal_Rivals","floor":33,"turns":6},{"damage":0,"enemies":"Gensokyo:3_Boulders","floor":35,"turns":3},{"damage":0,"enemies":"Gensokyo:3_Bats","floor":36,"turns":2},{"damage":41,"enemies":"Gensokyo:Rafflesia","floor":37,"turns":8},{"damage":0,"enemies":"Gensokyo:3_Boulders","floor":38,"turns":2},{"damage":3,"enemies":"Gensokyo:Sharpion","floor":39,"turns":3},{"damage":10,"enemies":"Gensokyo:Doremy","floor":42,"turns":4},{"damage":0,"enemies":"Gensokyo:SeedOfUnknown","floor":44,"turns":3},{"damage":2,"enemies":"Gensokyo:Kasen","floor":46,"turns":7},{"damage":49,"enemies":"Gensokyo:3_Boulders","floor":48,"turns":3},{"damage":78,"enemies":"Gensokyo:Scarlet_Devils","floor":50,"turns":7},{"damage":0,"enemies":"Gensokyo:Yuyuko","floor":51,"turns":9}],"seed_played":"-8661005744627998572","potions_obtained":[{"floor":1.0,"key":"SkillPotion"},{"floor":5.0,"key":"blueLaboratory:HorrorPotion"},{"floor":8.0,"key":"jedi:mysterypotion"},{"floor":16,"key":"blueLaboratory:TrueEctoplasm"},{"floor":20,"key":"Fire Potion"},{"floor":24,"key":"Energy Potion"},{"floor":24,"key":"SteroidPotion"},{"floor":31,"key":"Regen Potion"},{"floor":36,"key":"blueLaboratory:BottledHope"},{"floor":39,"key":"blueLaboratory:PressurePotion"},{"floor":46,"key":"blueLaboratory:StoneskinPotion"},{"floor":50,"key":"PowerPotion"},{"floor":50,"key":"DistilledChaos"}],"is_trial":false,"path_per_floor":["M","?","?","M","M","E","R","E","T","?","E","R","$","$","R","B",null,"M","?","M","?","M","R","E","R","T","M","$","E","R","E","R","B",null,"M","M","M","M","M","R","?","E","T","M","R","E","AVR","M","R","B","B",null],"character_chosen":"WATCHER","items_purchased":["Prostrate","Ragnarok"],"campfire_rested":0,"item_purchase_floors":[13,28],"current_hp_per_floor":[59,59,32,32,32,32,68,68,68,68,66,68,68,68,68,60,66,66,66,59,59,58,63,34,44,44,37,52,52,53,41,68,68,68,68,68,31,32,29,68,68,58,58,58,68,66,66,24,68,16,16],"gold":397,"neow_bonus":"RANDOM_COMMON_RELIC","is_daily":false,"chose_seed":false,"campfire_upgraded":10,"win_rate":0.0,"timestamp":1611813908,"path_taken":["M","?","?","M","M","E","R","E","T","?","E","R","$","?","R","BOSS","M","?","M","?","M","R","E","R","T","?","?","E","R","E","R","BOSS","M","M","M","?","?","R","?","E","T","M","R","E","AVR","M","R","BOSS","BOSS"],"items_purchased_type":["Card","Card"],"build_version":"2020-12-22","purchased_purges":2,"victory":true,"max_hp_per_floor":[68,68,68,68,68,68,68,68,68,68,68,68,68,68,68,68,68,68,68,68,68,68,68,68,68,68,68,68,68,68,68,68,68,68,68,68,68,68,68,68,68,68,68,68,68,68,68,68,68,68,68],"card_choices":[{"not_picked":["JustLucky","Crescendo"],"picked":"Prostrate","floor":1.0},{"not_picked":["Weave","PathToVictory"],"picked":"EmptyBody","floor":3.0},{"not_picked":["MarkedMod:PinPointDefense","Evaluate"],"picked":"Protect","floor":3.0},{"not_picked":["EmptyFist","DeceiveReality"],"picked":"Consecrate","floor":3.0},{"not_picked":["MarkedMod:GentlePulse","FlyingSleeves"],"picked":"Wallop","floor":4.0},{"not_picked":["Replay:AtTheReady","MarkedMod:FirstStrike"],"picked":"SandsOfTime","floor":5.0},{"not_picked":["MarkedMod:FirstStrike","jedi:nirvanicrebirth"],"picked":"Protect","floor":6.0},{"not_picked":["WindmillStrike","MentalFortress","EmptyMind"],"picked":"SKIP","floor":8.0},{"not_picked":["WindmillStrike","EmptyMind"],"picked":"MentalFortress","floor":8.0},{"not_picked":["JustLucky","Replay:Anticipation"],"picked":"Vengeance","floor":11.0},{"not_picked":["Scrawl","ConjureBlade"],"picked":"Brilliance","floor":16},{"not_picked":["ThirdEye","EmptyBody"],"picked":"Replay:BluntJabs","floor":18},{"not_picked":["Indignation","Sanctity"],"picked":"JustLucky+1","floor":20},{"not_picked":["Replay:Cycle","Swivel"],"picked":"FearNoEvil+1","floor":22},{"not_picked":["SashWhip","Evaluate"],"picked":"Tantrum","floor":24},{"not_picked":["InnerPeace","FollowUp","MarkedMod:FirstStrike+1"],"picked":"SKIP","floor":27},{"not_picked":["MarkedMod:Acupuncture","MarkedMod:GentlePulse","JustLucky"],"picked":"SKIP","floor":29},{"not_picked":["Replay:AtTheReady","SandsOfTime","MasterReality"],"picked":"SKIP","floor":31},{"not_picked":["MarkedMod:ChiBlock","Judgement"],"picked":"SpiritShield","floor":33},{"not_picked":["PathToVictory","JustLucky"],"picked":"Sanctity","floor":35},{"not_picked":["Adaptation","WreathOfFlame","MarkedMod:FirstStrike"],"picked":"SKIP","floor":36},{"not_picked":["Collect","MarkedMod:GentlePulse+1"],"picked":"FlurryOfBlows","floor":37},{"not_picked":["ClearTheMind+1","MarkedMod:Acupuncture"],"picked":"EmptyFist+1","floor":38},{"not_picked":["CutThroughFate","Replay:Anticipation"],"picked":"BowlingBash+1","floor":39},{"not_picked":["Evaluate+1","Nirvana"],"picked":"DeusExMachina","floor":42},{"not_picked":["Vengeance+1","Replay:Vibes"],"picked":"DeceiveReality+1","floor":44},{"not_picked":["Worship","Replay:Hum"],"picked":"WaveOfTheHand","floor":46}],"player_experience":1999061,"relics_obtained":[{"floor":6.0,"key":"jedi:purplefairy"},{"floor":8.0,"key":"aspiration:StickyExplosives_weak"},{"floor":9.0,"key":"MealTicket"},{"floor":11.0,"key":"jedi:angrymask"},{"floor":24,"key":"Gremlin Food"},{"floor":26,"key":"hubris:ToyBattleship"},{"floor":29,"key":"Bag of Preparation"},{"floor":31,"key":"hubris:FunFungus"},{"floor":42,"key":"Blue Candle"},{"floor":43,"key":"hubris:MobiusCoin"},{"floor":46,"key":"reliquary:SharkskinSheath"}],"event_choices":[],"is_beta":false,"boss_relics":[{"not_picked":["aspiration:RitualDagger","reliquary:WritOfMandamus"],"picked":"jedi:paperlyon"},{"not_picked":["ReplayTheSpireMod:DimensionalGlitch","Honey Jar","Replay:Bronze Core"]}],"items_purged_floors":[14,47],"is_endless":false,"potions_floor_spawned":[1,5,8,16,20,24,31,36,39,46,48],"ascension_level":20}}