{"host":"¿à÷økuyou","time":1611817962,"event":{"mods":["ATMod(°¢èªMod)","Act Like it!","BaseMod","BetterRewards","Minty Spire (QoL Compilation)","Quick Restart","StSLib"],"gold_per_floor":[144,189,234,279,279,279,29,74,124,169,214,259,304,394,394,694,694,739,784,387,432,347,392,437,37,37,177,177,342,342,75,75,450,450,520,690,690,240,265,380,380,495,495,615,776,426,546,716,716,741],"floor_reached":51,"language":"ZHS","playtime":1723,"items_purged":["Swivel","ForeignInfluence","AT_ThunderBolt","BowlingBash"],"score":953,"play_id":"8ef36e1f-0b39-47a4-b678-73f31157a47d","local_time":"20210128151242","daily_mods":["Draft","Purple Cards","Midas"],"is_ascension_mode":false,"campfire_choices":[{"floor":6.0,"key":"REST"},{"floor":15.0,"key":"REST"},{"floor":30.0,"key":"REST"},{"floor":32.0,"key":"REST"},{"floor":41.0,"key":"REST"},{"floor":49,"key":"REST"}],"circlet_count":0,"master_deck":["AT_FamilyPortrait+1","InnerPeace","Turbo","Turbo","Heatsinks","Self Repair","FlurryOfBlows","Skim","Genetic Algorithm","Self Repair","Crescendo","Sunder","Fasting2","MasterReality","White Noise","Heatsinks","AT_RightCognition","FearNoEvil","Ball Lightning","Necronomicurse","Fasting2+1","Electrodynamics+1","AT_ThunderBolt+1","AT_DivineConfetti+1","TalkToTheHand+1","Ragnarok","Coolheaded+1"],"relics":["Cracked Core","AT_ATBox","Smiling Mask","AT_GuinsooRageblade","Boot","Matryoshka","AT_TrinityForce","Thread and Needle","AT_ForceNature","AT_MibuBalloonWealth","Frozen Egg 2","PreservedInsect","Ornamental Fan","Singing Bowl","Necronomicon","Anchor","TheAbacus","Astrolabe","ClockworkSouvenir","Kunai","Akabeko","AT_EbonyIvory","Pantograph","MealTicket","Shuriken","Du-Vu Doll","Membership Card","AT_SunfireAegis","Oddly Smooth Stone"],"acts_visited":["Exordium","TheCity","TheBeyond"],"potions_floor_usage":[50,50,50],"damage_taken":[{"damage":6.0,"enemies":"Cultist","floor":1.0,"turns":3.0},{"damage":4.0,"enemies":"Jaw Worm","floor":2.0,"turns":2.0},{"damage":0.0,"enemies":"Small Slimes","floor":3.0,"turns":2.0},{"damage":12.0,"enemies":"3 Louse","floor":4.0,"turns":3.0},{"damage":0.0,"enemies":"2 Fungi Beasts","floor":8.0,"turns":2.0},{"damage":0.0,"enemies":"Exordium Thugs","floor":10.0,"turns":2.0},{"damage":0.0,"enemies":"Blue Slaver","floor":11.0,"turns":2.0},{"damage":13.0,"enemies":"Exordium Wildlife","floor":12.0,"turns":3.0},{"damage":13.0,"enemies":"Looter","floor":13.0,"turns":3.0},{"damage":0.0,"enemies":"Gremlin Nob","floor":14.0,"turns":3.0},{"damage":43.0,"enemies":"Slime Boss","floor":16.0,"turns":6.0},{"damage":0.0,"enemies":"2 Thieves","floor":18.0,"turns":2.0},{"damage":10.0,"enemies":"Chosen","floor":19.0,"turns":3.0},{"damage":7.0,"enemies":"Snecko","floor":21.0,"turns":3.0},{"damage":15.0,"enemies":"Sentry and Sphere","floor":23.0,"turns":5.0},{"damage":6.0,"enemies":"Cultist and Chosen","floor":24.0,"turns":3.0},{"damage":8.0,"enemies":"Book of Stabbing","floor":27.0,"turns":3.0},{"damage":11.0,"enemies":"Slavers","floor":29.0,"turns":2.0},{"damage":11.0,"enemies":"Automaton","floor":33.0,"turns":5.0},{"damage":0.0,"enemies":"Orb Walker","floor":35.0,"turns":2.0},{"damage":1.0,"enemies":"3 Darklings","floor":36.0,"turns":3.0},{"damage":41.0,"enemies":"Nemesis","floor":40.0,"turns":3.0},{"damage":0.0,"enemies":"Giant Head","floor":42.0,"turns":6.0},{"damage":0.0,"enemies":"Jaw Worm Horde","floor":44.0,"turns":3.0},{"damage":27,"enemies":"2 Orb Walkers","floor":45,"turns":3},{"damage":1,"enemies":"Sphere and 2 Shapes","floor":47,"turns":3},{"damage":52,"enemies":"3 Darklings","floor":48,"turns":4},{"damage":40,"enemies":"Time Eater","floor":50,"turns":5}],"seed_played":"9192803745042345800","potions_obtained":[{"floor":2.0,"key":"GamblersBrew"},{"floor":3.0,"key":"Ancient Potion"},{"floor":10.0,"key":"Ancient Potion"},{"floor":11.0,"key":"EssenceOfSteel"},{"floor":21.0,"key":"AttackPotion"},{"floor":23.0,"key":"PowerPotion"},{"floor":35.0,"key":"Ancient Potion"},{"floor":36.0,"key":"SkillPotion"}],"is_trial":false,"path_per_floor":["M","M","M","M","?","R","$","M","T","M","M","M","M","E","R","B",null,"M","M","$","M","?","M","M","$","T","E","?","E","R","$","R","B",null,"M","M","?","$","T","E","R","E","T","M","?","$","M","M","R","B",null],"character_chosen":"DEFECT","items_purchased":["AT_GuinsooRageblade","Thread and Needle","Ball Lightning","AT_MibuBalloonWealth","Frozen Egg 2","Fasting2+1","TheAbacus","ClockworkSouvenir","Kunai","Membership Card","AT_SunfireAegis","Oddly Smooth Stone"],"campfire_rested":6,"item_purchase_floors":[7,20,20,25,25,31,31,38,38,46,46,46],"current_hp_per_floor":[75,75,75,75,75,75,75,75,75,75,75,62,63,70,75,46,75,75,75,75,75,75,74,75,75,75,77,70,61,79,79,79,79,79,81,83,83,83,83,42,66,80,80,85,67,82,89,46,73,65],"gold":741,"neow_bonus":"","is_daily":true,"chose_seed":false,"campfire_upgraded":0,"win_rate":0.0,"timestamp":1611817962,"path_taken":["M","M","?","M","?","R","$","M","T","?","M","M","M","E","R","BOSS","M","M","$","M","?","M","M","$","T","E","?","E","R","$","R","BOSS","M","M","?","$","?","E","R","E","T","M","?","$","M","?","R","BOSS"],"items_purchased_type":["Relic","Relic","Card","Relic","Relic","Card","Relic","Relic","Relic","Relic","Relic","Relic"],"build_version":"2020-12-18","purchased_purges":4,"victory":true,"max_hp_per_floor":[75,75,75,75,75,75,75,75,75,75,75,75,75,75,75,75,75,75,75,75,75,75,75,75,75,75,77,77,79,79,79,79,79,79,81,83,83,83,83,83,83,83,83,85,87,87,89,91,91,91],"card_choices":[{"not_picked":["Steam","Stack"],"picked":"Swivel","floor":0.0},{"not_picked":["SashWhip","WreathOfFlame"],"picked":"InnerPeace","floor":0.0},{"not_picked":["Compile Driver","Prostrate"],"picked":"Turbo","floor":0.0},{"not_picked":["Conserve Battery","ThirdEye"],"picked":"Turbo","floor":0.0},{"not_picked":["Protect","Prostrate"],"picked":"ForeignInfluence","floor":0.0},{"not_picked":["Protect","Evaluate"],"picked":"BowlingBash","floor":0.0},{"not_picked":["FlurryOfBlows","Sweeping Beam"],"picked":"Heatsinks","floor":0.0},{"not_picked":["Static Discharge","EmptyBody"],"picked":"Beam Cell","floor":0.0},{"not_picked":["EmptyBody","FlurryOfBlows"],"picked":"ForeignInfluence","floor":0.0},{"not_picked":["Conserve Battery","Go for the Eyes"],"picked":"Self Repair","floor":0.0},{"not_picked":["SashWhip","FlyingSleeves"],"picked":"FlurryOfBlows","floor":0.0},{"not_picked":["BowlingBash","Consecrate"],"picked":"Skim","floor":0.0},{"not_picked":["Evaluate","Protect"],"picked":"Conserve Battery","floor":0.0},{"not_picked":["Pray","Rip and Tear"],"picked":"Genetic Algorithm","floor":0.0},{"not_picked":["AT_SoftenMuscles","Stack"],"picked":"Self Repair","floor":0.0},{"not_picked":["Conclude","Stack"],"picked":"Crescendo","floor":1.0},{"not_picked":["Heatsinks","Darkness"],"picked":"Sunder","floor":2.0},{"not_picked":["ThirdEye","EmptyBody"],"picked":"Fasting2","floor":3.0},{"not_picked":["Turbo","Pray","Reinforced Body"],"picked":"SKIP","floor":4.0},{"not_picked":["FlyingSleeves","JustLucky","Protect"],"picked":"SKIP","floor":8.0},{"not_picked":["Force Field","Vengeance"],"picked":"MasterReality","floor":10.0},{"not_picked":["Study","Crescendo"],"picked":"White Noise","floor":11.0},{"not_picked":["Collect","EmptyBody"],"picked":"Heatsinks","floor":12.0},{"not_picked":["Ball Lightning","AT_WarpDrive"],"picked":"AT_ThunderBolt","floor":13.0},{"not_picked":["FollowUp","Darkness","Machine Learning"],"picked":"SKIP","floor":14.0},{"not_picked":["Vault","Alpha"],"picked":"AT_RightCognition","floor":16.0},{"not_picked":["Compile Driver","Rebound","Barrage"],"picked":"SKIP","floor":18.0},{"not_picked":["Leap","Barrage"],"picked":"FearNoEvil","floor":19.0},{"not_picked":["Worship","Stack","Gash+1"],"picked":"SKIP","floor":21.0},{"not_picked":["AT_WarpDrive","Gash","Cold Snap"],"picked":"SKIP","floor":23.0},{"not_picked":["Auto Shields","Prostrate","Streamline"],"picked":"SKIP","floor":24.0},{"not_picked":["Steam Power","Establishment+1","ForeignInfluence"],"picked":"Singing Bowl","floor":27.0},{"not_picked":["MentalFortress+1","Nirvana+1","ThirdEye+1"],"picked":"Singing Bowl","floor":29.0},{"not_picked":["Amplify","Echo Form+1"],"picked":"Electrodynamics+1","floor":33.0},{"not_picked":["ClearTheMind","AT_HeatAcrobatics+1","FTL+1"],"picked":"Singing Bowl","floor":35.0},{"not_picked":["SashWhip+1","Consume","AT_RobotInSpace+1"],"picked":"Singing Bowl","floor":36.0},{"not_picked":["Sweeping Beam+1","WaveOfTheHand+1"],"picked":"Ragnarok","floor":40.0},{"not_picked":["Reinforced Body","Sanctity+1"],"picked":"Coolheaded+1","floor":42.0},{"not_picked":["Conclude+1","Hello World+1","EmptyFist"],"picked":"Singing Bowl","floor":44.0},{"not_picked":["FlyingSleeves+1","Consecrate","Hologram+1"],"picked":"Singing Bowl","floor":45},{"not_picked":["Coolheaded","Crescendo+1","ClearTheMind+1"],"picked":"Singing Bowl","floor":47},{"not_picked":["Glacier","BowlingBash","Halt+1"],"picked":"Singing Bowl","floor":48}],"player_experience":189831,"relics_obtained":[{"floor":9.0,"key":"Boot"},{"floor":14.0,"key":"Matryoshka"},{"floor":26.0,"key":"PreservedInsect"},{"floor":26.0,"key":"Ornamental Fan"},{"floor":27.0,"key":"Singing Bowl"},{"floor":28.0,"key":"Necronomicon"},{"floor":29.0,"key":"Anchor"},{"floor":39.0,"key":"Akabeko"},{"floor":39.0,"key":"AT_EbonyIvory"},{"floor":40.0,"key":"Pantograph"},{"floor":42.0,"key":"MealTicket"},{"floor":43.0,"key":"Shuriken"},{"floor":45,"key":"Du-Vu Doll"}],"event_choices":[{"damage_healed":0.0,"max_hp_gain":0.0,"max_hp_loss":0.0,"gold_gain":0.0,"event_name":"WeMeetAgain","player_choice":"Gave Potion","floor":5.0,"gold_loss":0.0,"damage_taken":0.0,"relics_obtained":["Smiling Mask"]},{"damage_healed":0.0,"max_hp_gain":0.0,"max_hp_loss":0.0,"gold_gain":0.0,"event_name":"Addict","player_choice":"Obtained Relic","floor":22.0,"gold_loss":85.0,"damage_taken":0.0,"relics_obtained":["AT_ForceNature"]},{"damage_healed":0.0,"max_hp_gain":0.0,"max_hp_loss":0.0,"gold_gain":0.0,"event_name":"Cursed Tome","player_choice":"Obtained Book","floor":28.0,"gold_loss":0.0,"damage_taken":16.0},{"damage_healed":0.0,"max_hp_gain":0.0,"max_hp_loss":0.0,"gold_gain":0.0,"event_name":"Upgrade Shrine","player_choice":"Upgraded","floor":37.0,"gold_loss":0.0,"damage_taken":0.0,"cards_upgraded":["AT_FamilyPortrait"]},{"damage_healed":0,"gold_gain":0,"player_choice":"Fight","damage_taken":0,"max_hp_gain":0,"max_hp_loss":0,"event_name":"Mysterious Sphere","floor":45,"gold_loss":0}],"is_beta":true,"boss_relics":[{"not_picked":["Calling Bell","Snecko Eye"],"picked":"AT_TrinityForce"},{"not_picked":["Runic Dome","Runic Pyramid"],"picked":"Astrolabe"}],"items_purged_floors":[20,31,38,46],"is_endless":false,"potions_floor_spawned":[2,3,10,11,14,19,21,23,35,36,42],"ascension_level":0}}