{"host":"491vyvchqhlfizue","time":1611799692,"event":{"mods":["AchievementEnabler","BaseMod","BetterRewards","Colored Map","Conspire","Downfall","Infinite Spire","Minty Spire (QoL Compilation)","Reliquary","Replay The Spire","Shop Mod","Spikes Relics","StSLib","The Forsaken","The Runesmith"],"gold_per_floor":[110,129,129,129,153,193,268,311,335,335,351,392,415,440,440,559,559,584,598,598,612,562,598,119,142,195,195,195,219,242,275,275,405,405,430,446,471,492,492,492,523,586,633,633,657,696,727,739,751,763],"floor_reached":51,"language":"ENG","playtime":5314,"items_purged":["Hatred","theForsaken:TheForsaken_Strike"],"score":821,"play_id":"064b7c8b-1d42-4a3e-badd-3d3cc3756118","local_time":"20210127210812","is_ascension_mode":false,"campfire_choices":[{"data":"theForsaken:StoreUp","floor":10.0,"key":"SMITH"},{"data":"theForsaken:Smite","floor":15.0,"key":"SMITH"},{"data":"infinitespire:Gouge","floor":27.0,"key":"SMITH"},{"floor":32.0,"key":"DIG"},{"data":"theForsaken:SacredOath","floor":40,"key":"SMITH"},{"floor":49,"key":"REST"},{"data":"theForsaken:DivineGuidance","floor":49,"key":"SMITH"}],"circlet_count":0,"master_deck":["theForsaken:TheForsaken_Strike+1","theForsaken:TheForsaken_Strike","theForsaken:TheForsaken_Defend","theForsaken:TheForsaken_Defend","theForsaken:TheForsaken_Defend","theForsaken:Smite+1","theForsaken:Penitence","theForsaken:ShieldCharge+1","theForsaken:BountifulSunlight","theForsaken:StoreUp+1","theForsaken:DesperatePlea+1","theForsaken:FatRoll","theForsaken:Retribution","Finesse","infinitespire:Gouge+1","theForsaken:Prudence","Slimebound:Tackle+1","theForsaken:FuryStrikes+1","theForsaken:NobleSacrifice+1","theForsaken:DarkBargain+1","theForsaken:DefensiveStance","theForsaken:SacredOath+1","infinitespire:Fortify","theForsaken:FatRoll","theForsaken:DivineGuidance+1","theForsaken:DesperatePlea","theForsaken:Enfeeble+1","theForsaken:Preservation+1","theForsaken:DefensiveStance+1"],"relics":["theForsaken:JudgementScales","NeowsBlessing","Golden Idol","RollingBoulder","Replay:Baseball","Replay:WaspNest","ReplayTheSpireMod:SealedPack","Replay:Towering Pillar of Hats","infinitespire:EmpoweringShard","infinitespire:Bottled Soul","ReplayTheSpireMod:TigerMarble","ReplayTheSpireMod:CursedCoin","MerchantsRug","reliquary:RosewoodLute","Ice Cream","Pen Nib","Whetstone","Runic Pyramid","Onion Ring","infinitespire:Magic Flask","Happy Flower","MawBank"],"acts_visited":["Exordium","TheCity","TheBeyond"],"potions_floor_usage":[41,46,50,50],"damage_taken":[{"damage":0.0,"enemies":"Small Slimes","floor":1.0,"turns":1.0},{"damage":0.0,"enemies":"Jaw Worm","floor":2.0,"turns":1.0},{"damage":0.0,"enemies":"2 Louse","floor":5.0,"turns":1.0},{"damage":42.0,"enemies":"Gremlin Nob","floor":6.0,"turns":6.0},{"damage":13.0,"enemies":"Lagavulin","floor":8.0,"turns":8.0},{"damage":14.0,"enemies":"Looter","floor":11.0,"turns":3.0},{"damage":20.0,"enemies":"3 Sentries","floor":12.0,"turns":8.0},{"damage":3.0,"enemies":"Lots of Slimes","floor":13.0,"turns":5.0},{"damage":12.0,"enemies":"3 Louse","floor":14.0,"turns":4.0},{"damage":10.0,"enemies":"The Guardian","floor":16.0,"turns":7.0},{"damage":24.0,"enemies":"2 Thieves","floor":18.0,"turns":4.0},{"damage":9.0,"enemies":"conspire:FuzzyDice","floor":19.0,"turns":7.0},{"damage":23.0,"enemies":"Snake Plant","floor":21.0,"turns":3.0},{"damage":7.0,"enemies":"Book of Stabbing","floor":23.0,"turns":5.0},{"damage":0.0,"enemies":"conspire:HollyBat","floor":25.0,"turns":7.0},{"damage":2.0,"enemies":"Cultist and Chosen","floor":29.0,"turns":5.0},{"damage":13.0,"enemies":"Centurion and Healer","floor":30.0,"turns":4.0},{"damage":0.0,"enemies":"conspire:SneckoGhost","floor":31.0,"turns":7.0},{"damage":16.0,"enemies":"Champ","floor":33.0,"turns":10.0},{"damage":0.0,"enemies":"Orb Walker","floor":35.0,"turns":4.0},{"damage":0.0,"enemies":"3 Shapes","floor":36.0,"turns":4.0},{"damage":0.0,"enemies":"Sphere and 2 Shapes","floor":37.0,"turns":5.0},{"damage":26.0,"enemies":"Jaw Worm Horde","floor":38.0,"turns":5.0},{"damage":0,"enemies":"Nightmare","floor":41,"turns":4},{"damage":5,"enemies":"Mind Bloom Boss Battle","floor":42,"turns":4},{"damage":13,"enemies":"Transient","floor":45,"turns":5},{"damage":2,"enemies":"Giant Head","floor":46,"turns":4},{"damage":0,"enemies":"Maw","floor":47,"turns":3},{"damage":14,"enemies":"conspire:OrnateMirror","floor":50,"turns":6}],"seed_played":"2960466172736748257","potions_obtained":[{"floor":1.0,"key":"Milkshake"},{"floor":2.0,"key":"Block Potion"},{"floor":8.0,"key":"sneckomod:MuddlingPotion"},{"floor":12.0,"key":"FearPotion"},{"floor":14.0,"key":"champ:CounterPotion"},{"floor":18.0,"key":"Fire Potion"},{"floor":19.0,"key":"theForsaken:FearPotion"},{"floor":21.0,"key":"DuplicationPotion"},{"floor":31.0,"key":"Explosive Potion"},{"floor":35.0,"key":"PowerPotion"},{"floor":38.0,"key":"BlessingOfTheForge"},{"floor":45,"key":"AttackPotion"},{"floor":46,"key":"AttackPotion"},{"floor":47,"key":"DuplicationPotion"}],"is_trial":false,"path_per_floor":["M","M","?","?","M","E","?","E","T","R","M","E","M","M","R","B",null,"M","M","?","M","?","E","$","M","T","R","AVR","M","M","E","R_BF","B",null,"M","M","M","M","AVR","R","NM","?","T","?","M","E","M","?","R","B",null],"character_chosen":"THE_FORSAKEN","items_purchased":["infinitespire:Bottled Soul","ReplayTheSpireMod:TigerMarble","ReplayTheSpireMod:CursedCoin","MerchantsRug","theForsaken:DefensiveStance"],"campfire_rested":1,"item_purchase_floors":[24,24,24,24,24],"current_hp_per_floor":[65,65,49,49,49,29,18,21,21,21,7,38,42,32,32,65,65,49,55,55,35,35,31,31,65,65,65,65,63,53,65,65,65,65,65,65,65,44,44,44,44,39,39,39,31,38,38,38,57,48],"gold":775,"neow_bonus":"THREE_ENEMY_KILL","is_daily":false,"chose_seed":false,"campfire_upgraded":5,"win_rate":0.0,"timestamp":1611799692,"path_taken":["M","M","?","?","M","E","?","E","T","R","M","E","M","M","R","BOSS","M","M","?","?","?","E","$","M","T","R","AVR","M","?","E","R_BF","BOSS","M","M","M","M","AVR","R","NM","?","T","?","?","E","M","?","R","BOSS"],"items_purchased_type":["Relic","Relic","Relic","Relic","Card"],"build_version":"2020-12-22","purchased_purges":2,"victory":true,"max_hp_per_floor":[65,65,65,65,65,65,65,65,65,65,65,65,65,65,65,65,65,65,65,65,65,65,65,65,65,65,65,65,65,65,65,65,65,65,65,65,65,65,65,65,65,65,65,65,65,65,65,65,65,65],"card_choices":[{"not_picked":["theForsaken:BindingThorns","theForsaken:HorrifyingStrike"],"picked":"theForsaken:ShieldCharge","floor":1.0},{"not_picked":["theForsaken:ScorchingSunlight","theForsaken:DarkBargain"],"picked":"theForsaken:BountifulSunlight","floor":2.0},{"not_picked":["theForsaken:Tranquility","theForsaken:WordsOfPestilence"],"picked":"theForsaken:StoreUp","floor":5.0},{"not_picked":["theForsaken:Parry","theForsaken:PreciseStrike"],"picked":"theForsaken:DesperatePlea","floor":6.0},{"not_picked":["theForsaken:ScorchingSunlight","theForsaken:HorrifyingStrike","theForsaken:Backlash"],"picked":"SKIP","floor":8.0},{"not_picked":["theForsaken:Riposte","theForsaken:AncientWords"],"picked":"theForsaken:FatRoll","floor":11.0},{"not_picked":["theForsaken:HealingLight","theForsaken:CorruptedForm","theForsaken:Devotion"],"picked":"SKIP","floor":12.0},{"not_picked":["theForsaken:LightRoll","theForsaken:HymnOfRest","theForsaken:Preservation"],"picked":"SKIP","floor":13.0},{"not_picked":["theForsaken:FatRoll","theForsaken:HorrifyingStrike","theForsaken:RainingSunlight"],"picked":"SKIP","floor":14.0},{"not_picked":["theForsaken:CorruptDeck","theForsaken:CorruptedForm"],"picked":"theForsaken:Retribution","floor":16.0},{"not_picked":["Flash of Steel","Deep Breath"],"picked":"Finesse","floor":17.0},{"not_picked":["ReplayTheSpireMod:Chaos Vortex","infinitespire:Oblivion"],"picked":"infinitespire:Gouge","floor":17.0},{"not_picked":["theForsaken:DarkRift","theForsaken:TearsOfSunlight"],"picked":"theForsaken:Prudence","floor":17.0},{"not_picked":["bronze:Goto","Vigilance"],"picked":"Slimebound:Tackle","floor":17.0},{"not_picked":["theForsaken:RainingSunlight","theForsaken:WordsOfPestilence"],"picked":"theForsaken:FuryStrikes+1","floor":18.0},{"not_picked":["theForsaken:PowerUp","theForsaken:BindingThorns","theForsaken:BottledPlague"],"picked":"SKIP","floor":19.0},{"not_picked":["theForsaken:CorruptedWord","theForsaken:DarkBarrier"],"picked":"theForsaken:NobleSacrifice+1","floor":21.0},{"not_picked":["theForsaken:LightRoll","theForsaken:CreepingInfection"],"picked":"theForsaken:DarkBargain+1","floor":23.0},{"not_picked":["theForsaken:ScorchingSunlight","theForsaken:CorruptedWord"],"picked":"theForsaken:SacredOath","floor":25.0},{"not_picked":["theForsaken:RainingSunlight","theForsaken:ScorchingSunlight+1"],"picked":"theForsaken:FatRoll","floor":29.0},{"not_picked":["theForsaken:ScorchingSunlight","theForsaken:SolarFlare","theForsaken:StoreUp"],"picked":"SKIP","floor":30.0},{"not_picked":["theForsaken:Devotion","theForsaken:PowerUp"],"picked":"theForsaken:DivineGuidance","floor":31.0},{"not_picked":["theForsaken:FountainOfLife","theForsaken:SacredOath"],"picked":"theForsaken:DesperatePlea","floor":33.0},{"not_picked":["theForsaken:SolarFlare","theForsaken:Backlash+1"],"picked":"theForsaken:Enfeeble+1","floor":35.0},{"not_picked":["theForsaken:QuickAttack","theForsaken:FuryStrikes+1","theForsaken:Devotion"],"picked":"SKIP","floor":36.0},{"not_picked":["theForsaken:StoreUp","theForsaken:Devotion","theForsaken:HorrifyingStrike+1"],"picked":"SKIP","floor":37.0},{"not_picked":["theForsaken:PowerUp+1","theForsaken:CreepingInfection+1","theForsaken:WordsOfPestilence+1"],"picked":"SKIP","floor":38.0},{"not_picked":["theForsaken:Backlash+1","theForsaken:ShieldCharge"],"picked":"theForsaken:Preservation+1","floor":41},{"not_picked":["theForsaken:BlindFaith+1","theForsaken:InspiringBlow","theForsaken:NobleSacrifice+1"],"picked":"SKIP","floor":45},{"not_picked":["theForsaken:Backlash+1","theForsaken:Parry+1","theForsaken:FatRoll+1"],"picked":"SKIP","floor":46},{"not_picked":["theForsaken:HorrifyingStrike","theForsaken:HealingLight+1"],"picked":"theForsaken:DefensiveStance+1","floor":47}],"player_experience":648,"relics_obtained":[{"floor":6.0,"key":"RollingBoulder"},{"floor":8.0,"key":"reliquary:Buckler"},{"floor":9.0,"key":"Replay:Baseball"},{"floor":12.0,"key":"Replay:WaspNest"},{"floor":23.0,"key":"infinitespire:EmpoweringShard"},{"floor":26.0,"key":"reliquary:RosewoodLute"},{"floor":31.0,"key":"Pen Nib"},{"floor":32.0,"key":"Whetstone"},{"floor":41,"key":"Onion Ring"},{"floor":42,"key":"infinitespire:Magic Flask"},{"floor":43,"key":"Happy Flower"},{"floor":46,"key":"MawBank"}],"event_choices":[{"damage_healed":0.0,"max_hp_gain":0.0,"max_hp_loss":0.0,"gold_gain":0.0,"event_name":"Golden Idol","player_choice":"Take Damage","floor":3.0,"gold_loss":0.0,"damage_taken":16.0,"relics_obtained":["Golden Idol"]},{"damage_healed":0.0,"max_hp_gain":0.0,"max_hp_loss":0.0,"gold_gain":75.0,"event_name":"World of Goop","player_choice":"Gather Gold","floor":7.0,"gold_loss":0.0,"damage_taken":11.0},{"damage_healed":0.0,"max_hp_gain":0.0,"max_hp_loss":0.0,"gold_gain":0.0,"event_name":"WeMeetAgain","player_choice":"Gave Potion","floor":20.0,"gold_loss":0.0,"damage_taken":0.0,"relics_obtained":["Replay:Towering Pillar of Hats"]},{"damage_healed":0.0,"max_hp_gain":0.0,"max_hp_loss":0.0,"gold_gain":0.0,"event_name":"The Joust","player_choice":"Bet on Murderer","floor":22.0,"gold_loss":50.0,"damage_taken":0.0},{"damage_healed":0,"gold_gain":0,"player_choice":"Fight","damage_taken":0,"max_hp_gain":0,"max_hp_loss":0,"event_name":"MindBloom","floor":42,"gold_loss":0},{"cards_removed":["Intolerance"],"damage_healed":0,"gold_gain":0,"player_choice":"Removed Curses","damage_taken":0,"max_hp_gain":0,"max_hp_loss":0,"event_name":"Fountain of Cleansing","floor":44,"gold_loss":0},{"cards_removed":["theForsaken:TheForsaken_Strike"],"damage_healed":0,"gold_gain":0,"player_choice":"Removed Attack","damage_taken":0,"max_hp_gain":0,"max_hp_loss":0,"event_name":"Falling","floor":48,"gold_loss":0}],"is_beta":false,"boss_relics":[{"not_picked":["reliquary:RedPaperclip","Sandwich"],"picked":"ReplayTheSpireMod:SealedPack"},{"not_picked":["ReplayTheSpireMod:DimensionalGlitch","Ring of Chaos"],"picked":"Runic Pyramid"}],"items_purged_floors":[24,28],"is_endless":false,"potions_floor_spawned":[1,2,8,12,14,18,19,21,31,35,38,45,46,47],"ascension_level":0}}