{"host":"a1eatafr7pisesky","time":1611829340,"event":{"mods":["AchievementEnabler","BaseMod","Colored Map","Keyboard Shortcuts","Minty Spire (QoL Compilation)","Say the Spire","StSLib","SuperFastMode","everything is the same but u backflip on backflip"],"gold_per_floor":[115,133,133,144,20,20,55,55,55,73,104,104,139,158,158,260,260,272,187,30,30,30,30,59,9,58,74,88,88,121,121,121,222,222,232,103,122,171,190,190,190,140,163,178,178,178,178,213,213,213,213,213,37,63,63],"floor_reached":56,"language":"KOR","playtime":2320,"items_purged":["Strike_G","Strike_G","Defend_G","Defend_G"],"score":1920,"play_id":"2fc977ac-bba6-4440-8dc9-d8687fa3cac9","local_time":"20210128192220","is_ascension_mode":true,"campfire_choices":[{"data":"Skewer","floor":6.0,"key":"SMITH"},{"floor":8.0,"key":"REST"},{"floor":12.0,"key":"REST"},{"floor":15.0,"key":"REST"},{"data":"Ghostly","floor":23.0,"key":"SMITH"},{"floor":29.0,"key":"REST"},{"data":"Burst","floor":32.0,"key":"SMITH"},{"data":"Catalyst","floor":40,"key":"SMITH"},{"data":"Catalyst","floor":45,"key":"SMITH"},{"floor":47,"key":"REST"},{"floor":49,"key":"RECALL"},{"data":"Wraith Form v2","floor":52,"key":"SMITH"}],"circlet_count":0,"master_deck":["AscendersBane","Strike_G","Defend_G","Survivor","Neutralize","Riddle With Holes","Riddle With Holes","Burst+1","Dagger Spray","Catalyst+1","Bullet Time","Endless Agony","Finisher","Ghostly+1","Ghostly","Ghostly","Ghostly","Ghostly","Bouncing Flask","Catalyst+1","Adrenaline","Noxious Fumes","Wraith Form v2+1","Bouncing Flask","Deadly Poison","Calculated Gamble+1"],"relics":["Ring of the Snake","Mango","Happy Flower","Lizard Tail","Runic Pyramid","Shuriken","Snake Skull","Smiling Mask","Omamori","Pear","Philosopher\u0027s Stone","Tingsha","PreservedInsect","Anchor","HornCleat"],"acts_visited":["Exordium","TheCity","TheBeyond","TheEnding"],"potions_floor_usage":[33,33,55],"damage_taken":[{"damage":0.0,"enemies":"Jaw Worm","floor":1.0,"turns":6.0},{"damage":0.0,"enemies":"Cultist","floor":2.0,"turns":4.0},{"damage":7.0,"enemies":"Small Slimes","floor":4.0,"turns":5.0},{"damage":42.0,"enemies":"3 Sentries","floor":7.0,"turns":8.0},{"damage":11.0,"enemies":"Looter","floor":10.0,"turns":3.0},{"damage":21.0,"enemies":"Lagavulin","floor":11.0,"turns":6.0},{"damage":16.0,"enemies":"Gremlin Nob","floor":13.0,"turns":4.0},{"damage":16.0,"enemies":"Exordium Wildlife","floor":14.0,"turns":5.0},{"damage":55.0,"enemies":"The Guardian","floor":16.0,"turns":16.0},{"damage":20.0,"enemies":"3 Byrds","floor":18.0,"turns":5.0},{"damage":29.0,"enemies":"Slavers","floor":24.0,"turns":7.0},{"damage":2.0,"enemies":"Spheric Guardian","floor":27.0,"turns":5.0},{"damage":1.0,"enemies":"3 Cultists","floor":28.0,"turns":5.0},{"damage":1.0,"enemies":"Gremlin Leader","floor":30.0,"turns":5.0},{"damage":0,"enemies":"Collector","floor":33,"turns":7},{"damage":5,"enemies":"3 Shapes","floor":35,"turns":6},{"damage":20,"enemies":"3 Darklings","floor":37,"turns":4},{"damage":7,"enemies":"2 Orb Walkers","floor":38,"turns":5},{"damage":0,"enemies":"Jaw Worm Horde","floor":39,"turns":5},{"damage":23,"enemies":"4 Shapes","floor":44,"turns":4},{"damage":4,"enemies":"Reptomancer","floor":48,"turns":4},{"damage":0,"enemies":"Time Eater","floor":50,"turns":4},{"damage":8,"enemies":"Shield and Spear","floor":54,"turns":5},{"damage":14,"enemies":"The Heart","floor":55,"turns":6}],"seed_played":"-8736031380055448140","potions_obtained":[{"floor":4.0,"key":"ColorlessPotion"},{"floor":10.0,"key":"Swift Potion"},{"floor":11.0,"key":"SpeedPotion"},{"floor":18.0,"key":"CultistPotion"},{"floor":33,"key":"Dexterity Potion"},{"floor":38,"key":"Dexterity Potion"}],"is_trial":false,"path_per_floor":["M","M","?","M","$","R","E","R","T","M","E","R","E","M","R","B",null,"M","?","$","?","?","R","E","$","T","M","M","R","E","?","R","B",null,"M","$","M","?","M","R","?","$","T","M","R","?","R","E","R","B",null,"R","$","E","B",null],"character_chosen":"THE_SILENT","items_purchased":["Dagger Spray","Snake Skull","Bouncing Flask","GhostInAJar","EssenceOfSteel"],"campfire_rested":5,"item_purchase_floors":[5,20,36,53,53],"current_hp_per_floor":[63,63,63,56,56,56,28,51,51,40,19,42,26,10,33,16,62,42,42,42,42,38,38,9,9,9,7,6,17,26,26,26,26,43,38,38,18,11,11,11,42,42,42,19,19,19,31,27,27,27,38,38,38,30,16],"gold":63,"neow_bonus":"REMOVE_TWO","is_daily":false,"chose_seed":false,"campfire_upgraded":6,"win_rate":0.0,"timestamp":1611829340,"path_taken":["M","M","?","M","?","R","E","R","T","M","E","R","E","M","R","BOSS","BOSS","M","?","$","?","?","R","E","$","T","?","?","R","E","?","R","BOSS","M","$","M","?","M","R","?","?","T","?","R","?","R","E","R","BOSS","R","$","E","BOSS"],"items_purchased_type":["Card","Relic","Card","Potion","Potion"],"build_version":"2020-12-22","purchased_purges":4,"victory":true,"max_hp_per_floor":[63,63,63,63,63,63,77,77,77,77,77,77,77,77,77,77,77,77,77,77,77,38,38,38,38,38,38,38,38,48,48,48,48,48,48,48,48,48,48,48,42,42,42,42,42,42,42,42,42,42,42,42,42,42,42],"card_choices":[{"not_picked":["Dodge and Roll","Well Laid Plans"],"picked":"Riddle With Holes","floor":1.0},{"not_picked":["Dodge and Roll","Bouncing Flask"],"picked":"Riddle With Holes","floor":2.0},{"not_picked":["Underhanded Strike","Bouncing Flask"],"picked":"Skewer","floor":4.0},{"not_picked":["Underhanded Strike","Phantasmal Killer","Blur"],"picked":"SKIP","floor":7.0},{"not_picked":["Dagger Throw","Slice","Prepared"],"picked":"SKIP","floor":10.0},{"not_picked":["Bane","Reflex"],"picked":"Catalyst","floor":11.0},{"not_picked":["Endless Agony","Deflect","Expertise"],"picked":"SKIP","floor":13.0},{"not_picked":["Outmaneuver","Dodge and Roll","Reflex"],"picked":"SKIP","floor":14.0},{"not_picked":["Unload","Burst"],"picked":"Bullet Time","floor":16.0},{"not_picked":["Deflect+1","PiercingWail","Tactician"],"picked":"SKIP","floor":18.0},{"not_picked":["Backstab","Acrobatics"],"picked":"Bouncing Flask","floor":24.0},{"not_picked":["Dagger Spray","Predator+1"],"picked":"Catalyst","floor":27.0},{"not_picked":["Leg Sweep+1","Bane"],"picked":"Adrenaline","floor":28.0},{"not_picked":["Prepared+1","Sucker Punch+1"],"picked":"Noxious Fumes","floor":30.0},{"not_picked":["Unload","Venomology"],"picked":"Wraith Form v2","floor":33},{"not_picked":["Eviscerate","Backstab","Masterful Stab"],"picked":"SKIP","floor":35},{"not_picked":["Escape Plan","Dagger Spray","Flying Knee+1"],"picked":"SKIP","floor":37},{"not_picked":["Concentrate","Flying Knee"],"picked":"Deadly Poison","floor":38},{"not_picked":["Distraction+1","Backflip","Deadly Poison"],"picked":"SKIP","floor":39},{"not_picked":["Flying Knee+1","Deadly Poison","Poisoned Stab"],"picked":"SKIP","floor":44},{"not_picked":["Blade Dance","Calculated Gamble+1","Reflex+1"],"picked":"SKIP","floor":48},{"not_picked":["Blade Dance","Reflex+1"],"picked":"Calculated Gamble+1","floor":48},{"not_picked":["Masterful Stab+1","All Out Attack+1","Well Laid Plans"],"picked":"SKIP","floor":54}],"player_experience":376955,"relics_obtained":[{"floor":7.0,"key":"Mango"},{"floor":11.0,"key":"Happy Flower"},{"floor":13.0,"key":"Lizard Tail"},{"floor":24.0,"key":"Smiling Mask"},{"floor":26.0,"key":"Omamori"},{"floor":30.0,"key":"Pear"},{"floor":38,"key":"Tingsha"},{"floor":43,"key":"PreservedInsect"},{"floor":48,"key":"Anchor"},{"floor":54,"key":"HornCleat"}],"event_choices":[{"damage_healed":0.0,"max_hp_gain":0.0,"max_hp_loss":0.0,"gold_gain":0.0,"event_name":"Match and Keep!","player_choice":"1 cards matched","floor":3.0,"gold_loss":0.0,"damage_taken":0.0,"cards_obtained":["Burst"]},{"damage_healed":0.0,"max_hp_gain":0.0,"max_hp_loss":0.0,"gold_gain":0.0,"event_name":"Addict","player_choice":"Obtained Relic","floor":19.0,"gold_loss":85.0,"damage_taken":0.0,"relics_obtained":["Shuriken"]},{"damage_healed":0.0,"max_hp_gain":0.0,"max_hp_loss":0.0,"gold_gain":0.0,"cards_transformed":["Strike_G","Defend_G"],"event_name":"Drug Dealer","player_choice":"Became Test Subject","floor":21.0,"gold_loss":0.0,"damage_taken":0.0,"cards_obtained":["Endless Agony","Finisher"]},{"damage_healed":0.0,"max_hp_gain":0.0,"max_hp_loss":39.0,"gold_gain":0.0,"event_name":"Ghosts","player_choice":"Became a Ghost","floor":22.0,"gold_loss":0.0,"damage_taken":0.0,"cards_obtained":["Ghostly","Ghostly","Ghostly","Ghostly","Ghostly"]},{"damage_healed":0.0,"max_hp_gain":0.0,"max_hp_loss":0.0,"gold_gain":0.0,"event_name":"Vampires","player_choice":"Ignored","floor":31.0,"gold_loss":0.0,"damage_taken":0.0},{"damage_healed":0,"gold_gain":0,"player_choice":"Fight","damage_taken":0,"max_hp_gain":0,"max_hp_loss":0,"event_name":"Mysterious Sphere","floor":38,"gold_loss":0},{"damage_healed":42,"gold_gain":0,"player_choice":"Heal","damage_taken":0,"max_hp_gain":0,"max_hp_loss":6,"event_name":"The Moai Head","floor":41,"gold_loss":0},{"cards_removed":["Skewer"],"damage_healed":0,"gold_gain":0,"player_choice":"Removed Attack","damage_taken":0,"max_hp_gain":0,"max_hp_loss":0,"event_name":"Falling","floor":46,"gold_loss":0}],"is_beta":false,"boss_relics":[{"not_picked":["Pandora\u0027s Box","SlaversCollar"],"picked":"Runic Pyramid"},{"not_picked":["Runic Dome","HoveringKite"],"picked":"Philosopher\u0027s Stone"}],"items_purged_floors":[5,25,36,42],"is_endless":false,"potions_floor_spawned":[4,10,11,18,24,33,38,39],"ascension_level":11}}