{"host":"yecadp3kwkksam5a","time":1611847979,"event":{"mods":["BaseMod","Minty Spire (QoL Compilation)","StSLib","SuperFastMode","The Cursed"],"gold_per_floor":[113,113,125,125,144,178,207,241,241,273,41,41,68,68,68],"floor_reached":14,"language":"KOR","playtime":775,"items_purged":["TheCursedMod:CursedBlade"],"score":302,"play_id":"0884b86f-5da8-4c86-aa6b-dced336232cb","local_time":"20210129003259","daily_mods":["Draft","Flight"],"is_ascension_mode":true,"campfire_choices":[{"data":"TheCursedMod:EmpowerCircles","floor":12,"key":"SMITH"}],"circlet_count":0,"master_deck":["AscendersBane","TheCursedMod:FuryStrike","TheCursedMod:Hemoplague","TheCursedMod:RapidMovement","TheCursedMod:SurpriseAttack","TheCursedMod:LuckyCharm","TheCursedMod:SpitefulPlan","TheCursedMod:CursedShiv","TheCursedMod:CursedSpellbook","TheCursedMod:SurpriseAttack","TheCursedMod:ReleasedStrength","TheCursedMod:CursedShiv","TheCursedMod:SpitefulStrike","TheCursedMod:EmpowerCircles+1","TheCursedMod:CleanUpWorkshop","Clumsy","Writhe","TheCursedMod:SmokeScreen","TheCursedMod:AshesToAshes","TheCursedMod:FleshFromBone","TheCursedMod:CircleOfCorruption","TheCursedMod:Evocation"],"relics":["TheCursedMod:BlackMagic101","Happy Flower","TheCursedMod:CrystalBall","Pocketwatch","HornCleat","TheAbacus","TheCursedMod:Tack"],"acts_visited":["Exordium"],"potions_floor_usage":[],"damage_taken":[{"damage":0.0,"enemies":"Jaw Worm","floor":1.0,"turns":1.0},{"damage":0,"enemies":"Cultist","floor":3,"turns":3},{"damage":0,"enemies":"2 Louse","floor":5,"turns":2},{"damage":1,"enemies":"Lagavulin","floor":6,"turns":3},{"damage":0,"enemies":"Gremlin Nob","floor":7,"turns":3},{"damage":28,"enemies":"3 Sentries","floor":8,"turns":5},{"damage":6,"enemies":"Lagavulin","floor":10,"turns":3},{"damage":15,"enemies":"3 Sentries","floor":13,"turns":5},{"damage":0,"enemies":"Gremlin Nob","floor":14,"turns":3}],"seed_played":"8572767576217732667","potions_obtained":[{"floor":3,"key":"FearPotion"},{"floor":6,"key":"Regen Potion"}],"is_trial":true,"path_per_floor":["M","?","M","?","M","E","E","E","T","E","$","R","E","E"],"character_chosen":"THE_CURSED","items_purchased":["TheAbacus"],"campfire_rested":0,"item_purchase_floors":[11],"current_hp_per_floor":[64,64,64,64,64,63,63,35,35,29,29,29,14,14,14],"gold":68,"neow_bonus":"","is_daily":false,"chose_seed":false,"campfire_upgraded":1,"win_rate":0.0,"timestamp":1611847979,"path_taken":["M","?","?","?","?","E","E","E","T","E","$","R","E","E"],"items_purchased_type":["Relic"],"build_version":"2020-12-22","purchased_purges":1,"victory":false,"max_hp_per_floor":[71,71,71,71,71,71,71,71,71,71,71,71,71,71,71],"card_choices":[{"not_picked":["TheCursedMod:RapidMovement","TheCursedMod:Stretching"],"picked":"TheCursedMod:FuryStrike","floor":0.0},{"not_picked":["TheCursedMod:WearCloak","TheCursedMod:Obscuration"],"picked":"TheCursedMod:Hemoplague","floor":0.0},{"not_picked":["TheCursedMod:CursedMace","TheCursedMod:CursedAmulet"],"picked":"TheCursedMod:RapidMovement","floor":0.0},{"not_picked":["TheCursedMod:ReleasedStrength","TheCursedMod:CursedAmulet"],"picked":"TheCursedMod:SurpriseAttack","floor":0.0},{"not_picked":["TheCursedMod:RavingStaff","TheCursedMod:CircleOfFlame"],"picked":"TheCursedMod:LuckyCharm","floor":0.0},{"not_picked":["TheCursedMod:RavingStaff","TheCursedMod:Torture"],"picked":"TheCursedMod:SpitefulPlan","floor":0.0},{"not_picked":["TheCursedMod:Torture","TheCursedMod:StingEye"],"picked":"TheCursedMod:CursedShiv","floor":0.0},{"not_picked":["TheCursedMod:ReleasedStrength","TheCursedMod:CursedMace"],"picked":"TheCursedMod:CursedSpellbook","floor":0.0},{"not_picked":["TheCursedMod:CircleOfCorruption","TheCursedMod:RavingStaff"],"picked":"TheCursedMod:SurpriseAttack","floor":0.0},{"not_picked":["TheCursedMod:CursedArmor","TheCursedMod:Obscuration"],"picked":"TheCursedMod:CursedBlade","floor":0.0},{"not_picked":["TheCursedMod:DoubleShield","TheCursedMod:CursedAmulet"],"picked":"TheCursedMod:ReleasedStrength","floor":0.0},{"not_picked":["TheCursedMod:CircleOfCorruption","TheCursedMod:AbyssShockwave"],"picked":"TheCursedMod:CursedShiv","floor":0.0},{"not_picked":["TheCursedMod:VitalStrike","TheCursedMod:SpreadPlague"],"picked":"TheCursedMod:StingEye","floor":0.0},{"not_picked":["TheCursedMod:Stretching","TheCursedMod:Obscuration"],"picked":"TheCursedMod:SpitefulStrike","floor":0.0},{"not_picked":["TheCursedMod:CursedAmulet","TheCursedMod:CircleOfFlame"],"picked":"TheCursedMod:EmpowerCircles","floor":0.0},{"not_picked":["TheCursedMod:CursedBlade","TheCursedMod:RapidMovement","TheCursedMod:SmokeScreen"],"picked":"SKIP","floor":1.0},{"not_picked":["TheCursedMod:Stigma","TheCursedMod:FuryStrike","TheCursedMod:CircleOfFlame"],"picked":"SKIP","floor":3},{"not_picked":["TheCursedMod:PrepareRite","TheCursedMod:CursedSpellbook","TheCursedMod:CursedBlade"],"picked":"SKIP","floor":5},{"not_picked":["TheCursedMod:SpreadPlague","TheCursedMod:BloodBarrier"],"picked":"TheCursedMod:AshesToAshes","floor":6},{"not_picked":["TheCursedMod:WearCloak","TheCursedMod:CursedMace","TheCursedMod:Stigma"],"picked":"SKIP","floor":7},{"not_picked":["TheCursedMod:SoulReap","TheCursedMod:HellsGateOpen"],"picked":"TheCursedMod:FleshFromBone","floor":8},{"not_picked":["TheCursedMod:Wield","TheCursedMod:AntiAging"],"picked":"TheCursedMod:CircleOfCorruption","floor":10},{"not_picked":["TheCursedMod:SpreadPlague","TheCursedMod:RapidMovement"],"picked":"TheCursedMod:Evocation","floor":13}],"player_experience":522170,"relics_obtained":[{"floor":6,"key":"Happy Flower"},{"floor":7,"key":"TheCursedMod:CrystalBall"},{"floor":8,"key":"Pocketwatch"},{"floor":10,"key":"HornCleat"},{"floor":13,"key":"TheCursedMod:Tack"}],"event_choices":[{"damage_healed":0,"gold_gain":0,"player_choice":"3 cards matched","damage_taken":0,"max_hp_gain":0,"max_hp_loss":0,"event_name":"Match and Keep!","floor":2,"gold_loss":0,"cards_obtained":["TheCursedMod:CleanUpWorkshop","Clumsy","Writhe"]},{"damage_healed":0,"gold_gain":0,"player_choice":"3 cards matched","damage_taken":0,"max_hp_gain":0,"max_hp_loss":0,"event_name":"Match and Keep!","floor":2,"gold_loss":0,"cards_obtained":["TheCursedMod:CleanUpWorkshop","Clumsy","Writhe"]},{"damage_healed":0,"gold_gain":0,"cards_transformed":["TheCursedMod:StingEye"],"player_choice":"Transformed","damage_taken":0,"max_hp_gain":0,"max_hp_loss":0,"event_name":"Transmorgrifier","floor":4,"gold_loss":0,"cards_obtained":["TheCursedMod:SmokeScreen"]}],"is_beta":false,"boss_relics":[],"items_purged_floors":[11],"is_endless":false,"potions_floor_spawned":[3,6,7,13],"killed_by":"Gremlin Nob","ascension_level":20}}