{"host":"drjz7zl15rqtgg20","time":1611804314,"event":{"mods":["BaseMod","Downfall","Minty Spire (QoL Compilation)","StSLib"],"gold_per_floor":[99,114,133,43,43,43,43,74,74,74,59,73,102,115,129,233,233,33,48,33,48,33,65,65,100,0,0,0,10,10,10,21,21,21,21],"floor_reached":33,"language":"ENG","playtime":2102,"items_purged":["Slimebound:Strike_Slimebound"],"score":387,"play_id":"ed207337-8394-4c8d-9164-a314ef185dfc","local_time":"20210127222514","is_ascension_mode":true,"campfire_choices":[{"floor":1,"key":"RECALL"},{"data":"Slimebound:GoopSpray","floor":10,"key":"SMITH"},{"data":"Slimebound:CheckThePlaybook","floor":18,"key":"SMITH"},{"floor":26,"key":"REST"},{"floor":30,"key":"REST"}],"circlet_count":0,"master_deck":["Slimebound:Tackle","Slimebound:Defend_Slimebound","Slimebound:Defend_Slimebound","Slimebound:Defend_Slimebound","Slimebound:Defend_Slimebound","Slimebound:Split","Slimebound:CorrosiveSpit","Slimebound:GoopSpray+1","Slimebound:FlameTackle","Slimebound:LivingWall","Slimebound:FlameTackle","Slimebound:GoopSpray","Slimebound:BestDefense","Slimebound:CheckThePlaybook+1","CurseOfTheBell","Slimebound:GoopSpray+1","Slimebound:LeechLife","Slimebound:Tackle+1","Slimebound:Tackle+1","Slimebound:Tackle+1","Slimebound:SplitAcid+1","Slimebound:SplitAcid+1"],"relics":["Slimebound:AbsorbEndCombat","Mango","Anchor","Calling Bell","Boot","Mercury Hourglass","Turnip","downfall:HeartBlessingRed","downfall:HeartBlessingBlue","Sundial","Nunchaku","Potion Belt","downfall:HeartBlessingGreen"],"acts_visited":["Exordium","TheCity"],"potions_floor_usage":[8,15,15,19,21,23,25,32,33,33],"damage_taken":[{"damage":3,"enemies":"2 Louse","floor":2,"turns":3},{"damage":8,"enemies":"Jaw Worm","floor":3,"turns":4},{"damage":8,"enemies":"downfall:FleeingMerchant","floor":4,"turns":4},{"damage":0,"enemies":"Cultist","floor":6,"turns":1},{"damage":21,"enemies":"3 Sentries","floor":8,"turns":9},{"damage":8,"enemies":"downfall:FleeingMerchant","floor":11,"turns":4},{"damage":4,"enemies":"Blue Slaver","floor":12,"turns":4},{"damage":3,"enemies":"Lagavulin","floor":13,"turns":7},{"damage":5,"enemies":"Large Slime","floor":14,"turns":5},{"damage":16,"enemies":"Lots of Slimes","floor":15,"turns":7},{"damage":22,"enemies":"SI_SHIV_ARCHETYPE","floor":16,"turns":9},{"damage":0,"enemies":"Spheric Guardian","floor":19,"turns":3},{"damage":12,"enemies":"downfall:FleeingMerchant","floor":20,"turns":4},{"damage":15,"enemies":"3 Byrds","floor":21,"turns":5},{"damage":27,"enemies":"downfall:FleeingMerchant","floor":22,"turns":4},{"damage":38,"enemies":"Slavers","floor":23,"turns":3},{"damage":24,"enemies":"Book of Stabbing","floor":25,"turns":4},{"damage":16,"enemies":"Centurion and Healer","floor":29,"turns":6},{"damage":1,"enemies":"Chosen and Byrds","floor":32,"turns":4},{"damage":78,"enemies":"DF_ARCHETYPE_CLAW","floor":33,"turns":6}],"seed_played":"-179963248263822555","potions_obtained":[{"floor":3,"key":"SpeedPotion"},{"floor":12,"key":"Fire Potion"},{"floor":13,"key":"LiquidMemories"},{"floor":14,"key":"LiquidMemories"},{"floor":15,"key":"Block Potion"},{"floor":19,"key":"SpeedPotion"},{"floor":23,"key":"AttackPotion"},{"floor":29,"key":"FearPotion"},{"floor":31,"key":"AttackPotion"},{"floor":31,"key":"SteroidPotion"},{"floor":31,"key":"LiquidBronze"},{"floor":32,"key":"Strength Potion"}],"is_trial":false,"path_per_floor":["R","M","M","$","?","M","T","E","?","R","$","M","E","M","M","B",null,"R","M","$","M","$","E","T","E","R","?","?","M","R","?","M","B"],"character_chosen":"SLIMEBOUND","items_purchased":[],"campfire_rested":2,"item_purchase_floors":[],"current_hp_per_floor":[71,70,68,64,64,64,64,63,63,63,59,59,64,63,53,39,85,95,95,85,78,53,21,21,3,31,31,31,29,57,57,68,0,0,0],"gold":21,"neow_bonus":"TEN_PERCENT_HP_BONUS","is_daily":false,"chose_seed":false,"campfire_upgraded":2,"win_rate":0.0,"timestamp":1611804314,"path_taken":["R","M","M","$","?","M","T","E","?","R","$","M","E","M","M","BOSS","R","?","$","M","$","E","T","E","R","?","?","M","R","?","M","BOSS"],"items_purchased_type":[],"build_version":"2020-12-22","purchased_purges":1,"victory":false,"max_hp_per_floor":[71,71,71,71,71,71,71,85,85,85,85,85,85,85,85,85,85,95,95,95,95,95,95,95,95,95,95,95,95,95,95,95,95,95,95],"card_choices":[{"not_picked":["Slimebound:SlimeBrawl","Slimebound:RollThrough"],"picked":"Slimebound:GoopSpray","floor":2},{"not_picked":["Slimebound:RejuvenatingLick","Slimebound:RollThrough"],"picked":"Slimebound:FlameTackle","floor":3},{"not_picked":["Slimebound:OozeBath","Slimebound:LeechEnergy","Slimebound:DuplicatedForm"],"picked":"SKIP","floor":4},{"not_picked":["Slimebound:HauntingLick","Slimebound:SplitLeeching"],"picked":"Slimebound:LivingWall","floor":6},{"not_picked":["Slimebound:Replication","Slimebound:SlimeSlap","Slimebound:RejuvenatingLick"],"picked":"SKIP","floor":8},{"not_picked":["Slimebound:Schlurp","Slimebound:FlameTackle","Slimebound:RainOfGoop"],"picked":"SKIP","floor":11},{"not_picked":["Slimebound:HauntingLick","Slimebound:SlimeSpikes"],"picked":"Slimebound:GoopSpray","floor":12},{"not_picked":["Slimebound:Equalize","Slimebound:Gluttony"],"picked":"Slimebound:BestDefense","floor":13},{"not_picked":["Slimebound:Recollect","Slimebound:SlimeSpikes","Slimebound:Prepare"],"picked":"SKIP","floor":14},{"not_picked":["Slimebound:LivingWall","Slimebound:SplitLeeching","Slimebound:PressTheAttack"],"picked":"SKIP","floor":15},{"not_picked":["Slimebound:SelfFormingGoo","Slimebound:Recycling"],"picked":"Slimebound:CheckThePlaybook","floor":16},{"not_picked":["Slimebound:SplitAcid","Slimebound:LeechEnergy","Slimebound:PressTheAttack+1"],"picked":"SKIP","floor":19},{"not_picked":["Slimebound:MinionMaster","Slimebound:SamplingLick","Slimebound:FormOfPuddle"],"picked":"SKIP","floor":20},{"not_picked":["Slimebound:Gluttony","Slimebound:SamplingLick","Slimebound:ServeAndProtect"],"picked":"SKIP","floor":21},{"not_picked":["Slimebound:SpikyOuterGoop","Slimebound:SlimeBrawl"],"picked":"Slimebound:GoopSpray+1","floor":22},{"not_picked":["Slimebound:ForwardTackle","Slimebound:Recollect+1"],"picked":"Slimebound:LeechLife","floor":23},{"not_picked":["Slimebound:FormOfPuddle","Slimebound:TongueLash+1","Slimebound:GrowthPunch"],"picked":"SKIP","floor":25},{"not_picked":["Slimebound:PressTheAttack","Slimebound:BestDefense"],"picked":"Slimebound:SplitAcid+1","floor":29},{"not_picked":["Slimebound:SpikyOuterGoop","Slimebound:ComboTackle"],"picked":"Slimebound:SplitAcid+1","floor":32}],"player_experience":579951,"relics_obtained":[{"floor":8,"key":"Mango"},{"floor":13,"key":"Anchor"},{"floor":17,"key":"Boot"},{"floor":17,"key":"Mercury Hourglass"},{"floor":17,"key":"Turnip"},{"floor":23,"key":"Sundial"},{"floor":24,"key":"Nunchaku"},{"floor":25,"key":"Potion Belt"}],"event_choices":[{"damage_healed":0,"gold_gain":0,"player_choice":"Got Potions","damage_taken":0,"max_hp_gain":0,"max_hp_loss":0,"event_name":"Lab","floor":31,"gold_loss":0}],"is_beta":false,"boss_relics":[{"not_picked":["Tiny House","SlaversCollar"],"picked":"Calling Bell"}],"items_purged_floors":[4],"is_endless":false,"potions_floor_spawned":[3,12,13,14,15,19,23,29,32],"killed_by":"DF_ARCHETYPE_CLAW","ascension_level":3}}