{"host":"t9q14bihfoo75lsb","time":1611812697,"event":{"mods":["BaseMod","Better Third Choice","Challenge The Spire","Hermit","Infinite Spire","Koishi","Minty Spire (QoL Compilation)","Reworked Bosses","Shop Mod","Spicy Shops","StSLib","The Cursed","The Dragon Tamer","The Hierophant","The Runesmith"],"gold_per_floor":[109,109,109,123,123,155,155,175,175,175,205,224,224,240,240,342,342,353,353,353,268,193,226,251,251,328,328,340,340,340,357,357,460,460,475,485,231,244,244,244,257,306,306,356,456,456,483,528,528,528,528,528,52,82,185],"floor_reached":56,"language":"KOR","playtime":2804,"items_purged":[],"score":1374,"play_id":"6530703c-5139-45b0-83de-046ac524a5e2","local_time":"20210128144457","is_ascension_mode":false,"metric_token":991,"campfire_choices":[{"data":"infinitespire:Gouge","floor":7.0,"key":"SMITH"},{"data":"DTMod:ComboAttack","floor":10.0,"key":"SMITH"},{"data":"DTMod:SealedStrike","floor":13.0,"key":"SMITH"},{"floor":15.0,"key":"RECALL"},{"data":"DTMod:SealedStrike+1","floor":25.0,"key":"SMITH"},{"data":"DTMod:SealedStrike+2","floor":27.0,"key":"SMITH"},{"data":"DTMod:SealedStrike+3","floor":29.0,"key":"SMITH"},{"data":"DTMod:SealedStrike+4","floor":32.0,"key":"SMITH"},{"data":"DTMod:HeadStart","floor":40.0,"key":"SMITH"},{"data":"infinitespire:SevenWalls","floor":49.0,"key":"SMITH"},{"data":"Dark Shackles","floor":52,"key":"SMITH"}],"dtmod_dragon_data":[50,50,4,2,13,4],"circlet_count":0,"master_deck":["DTMod:Strike+1","DTMod:Strike+1","DTMod:Strike+1","DTMod:DoubleHit+1","DTMod:TargetDefense+1","DTMod:TargetDefense+1","DTMod:TargetDefense+1","DTMod:TargetDefense+1","DTMod:SwitchingTactic+1","Bandage Up+1","DTMod:ComboAttack+1","infinitespire:Gouge+1","DTMod:Conduct+1","DTMod:Hide+1","DTMod:SealedStrike+5","DTMod:BizarreTactic+1","DTMod:Threaten+1","DTMod:EchoTactic+1","DTMod:Training+1","DTMod:Training+1","DTMod:BalancedStrike+1","DTMod:HeadStart+1","DTMod:Conduct+1","DTMod:CalculatedDefense+1","DTMod:BreakAttack+1","DTMod:RunningTactic+1","DTMod:BizarreTactic+1","infinitespire:SevenWalls+1","DTMod:FlameSlash+1","Dark Shackles+1","Madness","Madness","DTMod:MasterPlan+1","Mayhem","Impatience","DTMod:BalancedStrike+1","DTMod:Inferno"],"relics":["DTMod:MagicStone","Ancient Tea Set","Bronze Scales","Sozu","MutagenicStrength","Darkstone Periapt","infinitespire:Joker Card","Shuriken","Red Mask","Pear","infinitespire:WardingShard","Prayer Wheel","Bottled Tornado","Peace Pipe","Ice Cream","Akabeko","Potion Belt","DTMod:OddArmor","Bag of Preparation","infinitespire:CursedDice"],"acts_visited":["Exordium","TheCity","TheBeyond","TheEnding"],"potions_floor_usage":[55,55],"damage_taken":[{"damage":0.0,"enemies":"2 Louse","floor":1.0,"turns":3.0},{"damage":0.0,"enemies":"Jaw Worm","floor":4.0,"turns":2.0},{"damage":11.0,"enemies":"Gremlin Nob","floor":6.0,"turns":4.0},{"damage":0.0,"enemies":"Small Slimes","floor":8.0,"turns":3.0},{"damage":1.0,"enemies":"3 Sentries","floor":11.0,"turns":6.0},{"damage":0.0,"enemies":"Exordium Wildlife","floor":12.0,"turns":4.0},{"damage":0.0,"enemies":"Blue Slaver","floor":14.0,"turns":3.0},{"damage":15.0,"enemies":"Hexaghost","floor":16.0,"turns":10.0},{"damage":0.0,"enemies":"2 Thieves","floor":18.0,"turns":3.0},{"damage":0.0,"enemies":"Book of Stabbing","floor":23.0,"turns":5.0},{"damage":4.0,"enemies":"Masked Bandits","floor":24.0,"turns":4.0},{"damage":0.0,"enemies":"Chosen","floor":28.0,"turns":3.0},{"damage":7.0,"enemies":"Centurion and Healer","floor":31.0,"turns":6.0},{"damage":9.0,"enemies":"Automaton","floor":33.0,"turns":7.0},{"damage":0.0,"enemies":"3 Darklings","floor":35.0,"turns":7.0},{"damage":0.0,"enemies":"Orb Walker","floor":36.0,"turns":2.0},{"damage":5.0,"enemies":"4 Shapes","floor":38.0,"turns":3.0},{"damage":0.0,"enemies":"Transient","floor":41.0,"turns":5.0},{"damage":1.0,"enemies":"2 Orb Walkers","floor":42.0,"turns":5.0},{"damage":0.0,"enemies":"Mind Bloom Boss Battle","floor":44.0,"turns":4.0},{"damage":0.0,"enemies":"infinitespire:Three Voidlings","floor":45.0,"turns":4.0},{"damage":0.0,"enemies":"Nightmare_Alpha","floor":45.0,"turns":11.0},{"damage":0.0,"enemies":"Reptomancer","floor":47.0,"turns":6.0},{"damage":0,"enemies":"infinitespire:MassOfShapes","floor":50,"turns":10},{"damage":0,"enemies":"Shield and Spear","floor":54,"turns":5},{"damage":17,"enemies":"The Heart","floor":55,"turns":8}],"seed_played":"-1442174481395065145","potions_obtained":[{"floor":6.0,"key":"DuplicationPotion"},{"floor":11.0,"key":"SmokeBomb"},{"floor":12.0,"key":"Ancient Potion"},{"floor":16.0,"key":"GamblersBrew"}],"is_trial":false,"path_per_floor":["M","?","?","M","?","E","R","M","T","R","E","M","R","M","R","B",null,"M","?","?","?","?","E","?","R","T","R","M","R","?","M","R","B",null,"M","M","$","M","?","R","M","?","T","?","?","?","E","T","R","B",null,"R","$","E","B",null],"character_chosen":"THE_DT","items_purchased":["infinitespire:WardingShard","DTMod:OddArmor","Bag of Preparation","Mayhem","Impatience"],"campfire_rested":0,"item_purchase_floors":[37,53,53,53,53],"current_hp_per_floor":[45,45,35,39,44,33,33,33,33,33,36,40,40,44,44,33,50,50,50,56,56,56,56,52,52,62,62,62,62,50,47,47,44,71,71,71,71,69,69,69,71,71,71,71,71,61,71,71,71,71,71,71,71,71,60],"gold":185,"neow_bonus":"RANDOM_COLORLESS","is_daily":false,"chose_seed":false,"campfire_upgraded":10,"win_rate":0.0,"timestamp":1611812697,"path_taken":["M","?","?","M","?","E","R","?","T","R","E","M","R","M","R","BOSS","M","?","?","?","?","E","?","R","T","R","M","R","?","M","R","BOSS","M","M","$","M","?","R","M","?","T","?","?","?","E","?","R","BOSS","R","$","E","BOSS"],"items_purchased_type":["Relic","Relic","Relic","Card","Card"],"build_version":"2020-12-22","purchased_purges":0,"victory":true,"max_hp_per_floor":[45,45,45,45,50,50,50,50,50,50,50,50,50,50,50,50,50,50,50,56,56,56,56,56,56,66,66,66,66,71,71,71,71,71,71,71,71,71,71,71,71,71,71,71,71,71,71,71,71,71,71,71,71,71,71],"card_choices":[{"not_picked":["Mind Blast","Good Instincts"],"picked":"Bandage Up","floor":0.0},{"not_picked":["DTMod:MasterPlan","DTMod:DarkBreath"],"picked":"DTMod:ComboAttack","floor":1.0},{"not_picked":["infinitespire:SevenWalls","infinitespire:NeuralNetwork"],"picked":"infinitespire:Gouge","floor":3.0},{"not_picked":["DTMod:CalculatedDefense","DTMod:Feint"],"picked":"DTMod:Conduct","floor":4.0},{"not_picked":["DTMod:Cover","DTMod:Dissolve","DTMod:LowKick"],"picked":"SKIP","floor":6.0},{"not_picked":["DTMod:Dissolve","DTMod:Threaten"],"picked":"DTMod:Hide","floor":8.0},{"not_picked":["DTMod:Dissolve","DTMod:QuickFly"],"picked":"DTMod:SealedStrike","floor":11.0},{"not_picked":["DTMod:Weaken","DTMod:LastStand"],"picked":"DTMod:BizarreTactic","floor":12.0},{"not_picked":["DTMod:Hide","DTMod:MagicField"],"picked":"DTMod:Threaten","floor":14.0},{"not_picked":["DTMod:TriAttack","DTMod:RepeatStrike"],"picked":"DTMod:EchoTactic","floor":16.0},{"not_picked":["DTMod:HeatWave","DTMod:Dissolve+1"],"picked":"DTMod:Training","floor":18.0},{"not_picked":["DTMod:PurifyingFlame","DTMod:BurningEnergy+1"],"picked":"DTMod:Training+1","floor":23.0},{"not_picked":["DTMod:Dissolve","DTMod:Coolant","DTMod:LowKick"],"picked":"SKIP","floor":28.0},{"not_picked":["DTMod:ResonanceForm","DTMod:HeatWave"],"picked":"DTMod:BalancedStrike+1","floor":31.0},{"not_picked":["DTMod:EchoTactic","DTMod:StunTrap"],"picked":"DTMod:HeadStart","floor":33.0},{"not_picked":["DTMod:QuickFly","DTMod:GhostSkin+1","DTMod:BreakAttack"],"picked":"SKIP","floor":35.0},{"not_picked":["DTMod:BizarreTactic","DTMod:Cover"],"picked":"DTMod:Conduct+1","floor":36.0},{"not_picked":["DTMod:MagicField+1","DTMod:Conduct+1"],"picked":"DTMod:CalculatedDefense+1","floor":38.0},{"not_picked":["DTMod:Punisher","DTMod:FlameSlash"],"picked":"DTMod:BreakAttack+1","floor":41.0},{"not_picked":["DTMod:TauntingStrike+1","DTMod:Weaken+1"],"picked":"DTMod:RunningTactic+1","floor":42.0},{"not_picked":["DTMod:MagicField+1","DTMod:Haste+1"],"picked":"DTMod:BizarreTactic+1","floor":44.0},{"not_picked":["infinitespire:Fortify","infinitespire:FinalStrike"],"picked":"infinitespire:SevenWalls","floor":45.0},{"not_picked":["DTMod:ForkedFire+1","DTMod:PurifyingFlame"],"picked":"DTMod:FlameSlash+1","floor":45.0},{"not_picked":["Finesse","Mind Blast"],"picked":"Dark Shackles","floor":46.0},{"not_picked":["Bandage Up","Forethought"],"picked":"Madness","floor":46.0},{"not_picked":["Apotheosis","Blind"],"picked":"Madness","floor":46.0},{"not_picked":["DTMod:BuildUp","DTMod:BurningForce+1"],"picked":"DTMod:MasterPlan+1","floor":47.0},{"not_picked":["DTMod:Cover","DTMod:SneakAttack+1"],"picked":"DTMod:BalancedStrike+1","floor":54},{"not_picked":["DTMod:LightShield","DTMod:SealedStrike"],"picked":"DTMod:Inferno","floor":55}],"player_experience":487214,"relics_obtained":[{"floor":6.0,"key":"Ancient Tea Set"},{"floor":11.0,"key":"Bronze Scales"},{"floor":23.0,"key":"Shuriken"},{"floor":24.0,"key":"Red Mask"},{"floor":26.0,"key":"Pear"},{"floor":42.0,"key":"Prayer Wheel"},{"floor":43.0,"key":"Bottled Tornado"},{"floor":44.0,"key":"Peace Pipe"},{"floor":45.0,"key":"Ice Cream"},{"floor":47.0,"key":"Akabeko"},{"floor":48.0,"key":"Potion Belt"},{"floor":54,"key":"infinitespire:CursedDice"}],"event_choices":[{"damage_healed":0.0,"max_hp_gain":0.0,"max_hp_loss":0.0,"gold_gain":0.0,"event_name":"Golden Wing","player_choice":"Ignored","floor":2.0,"gold_loss":0.0,"damage_taken":0.0},{"damage_healed":0.0,"max_hp_gain":5.0,"max_hp_loss":0.0,"gold_gain":0.0,"event_name":"Big Fish","player_choice":"Donut","floor":5.0,"gold_loss":0.0,"damage_taken":0.0},{"damage_healed":0.0,"max_hp_gain":0.0,"max_hp_loss":0.0,"gold_gain":0.0,"event_name":"Drug Dealer","player_choice":"Inject Mutagens","floor":19.0,"gold_loss":0.0,"damage_taken":0.0,"relics_obtained":["MutagenicStrength"]},{"damage_healed":0.0,"max_hp_gain":0.0,"max_hp_loss":0.0,"gold_gain":0.0,"event_name":"The Mausoleum","player_choice":"Opened","floor":20.0,"gold_loss":0.0,"damage_taken":0.0,"relics_obtained":["Darkstone Periapt"],"cards_obtained":["Writhe"]},{"damage_healed":0.0,"max_hp_gain":0.0,"max_hp_loss":0.0,"gold_gain":0.0,"event_name":"Addict","player_choice":"Obtained Relic","floor":21.0,"gold_loss":85.0,"damage_taken":0.0,"relics_obtained":["infinitespire:Joker Card"]},{"cards_removed":["Writhe"],"damage_healed":0.0,"max_hp_gain":0.0,"max_hp_loss":0.0,"gold_gain":0.0,"event_name":"Beggar","player_choice":"Gave Gold","floor":22.0,"gold_loss":75.0,"damage_taken":0.0},{"damage_healed":0.0,"max_hp_gain":0.0,"max_hp_loss":0.0,"gold_gain":0.0,"event_name":"Masked Bandits","player_choice":"Fought Bandits","floor":24.0,"gold_loss":0.0,"damage_taken":0.0},{"damage_healed":0.0,"max_hp_gain":5.0,"max_hp_loss":0.0,"gold_gain":0.0,"event_name":"Forgotten Altar","player_choice":"Shed Blood","floor":30.0,"gold_loss":0.0,"damage_taken":17.0},{"cards_removed":["DTMod:Strike"],"damage_healed":0.0,"max_hp_gain":0.0,"max_hp_loss":0.0,"gold_gain":0.0,"event_name":"Falling","player_choice":"Removed Attack","floor":39.0,"gold_loss":0.0,"damage_taken":0.0},{"damage_healed":0.0,"max_hp_gain":0.0,"max_hp_loss":0.0,"gold_gain":0.0,"event_name":"Mysterious Sphere","player_choice":"Fight","floor":42.0,"gold_loss":0.0,"damage_taken":0.0},{"damage_healed":0.0,"max_hp_gain":0.0,"max_hp_loss":0.0,"gold_gain":0.0,"event_name":"MindBloom","player_choice":"Fight","floor":44.0,"gold_loss":0.0,"damage_taken":0.0},{"damage_healed":0.0,"max_hp_gain":0.0,"max_hp_loss":0.0,"gold_gain":0.0,"event_name":"SensoryStone","player_choice":"Memory 3","floor":46.0,"gold_loss":0.0,"damage_taken":10.0}],"is_beta":false,"boss_relics":[{"not_picked":["DTMod:TheChair","Velvet Choker"],"picked":"Sozu"},{"not_picked":["Philosopher\u0027s Stone","Astrolabe"],"picked":"DTMod:MagicStone"}],"items_purged_floors":[],"is_endless":true,"potions_floor_spawned":[6,11,12,16,18,24,33,38,44,45,45,54,55],"ascension_level":0}}