{"host":"9j472d1lqxyi8fmj","time":1611861415,"event":{"mods":["AchievementEnabler","Aspiration","BaseMod","Better Note","BetterRewards","Block Reminder","Colored Powertips","Downfall","Hermit","Hubris","Minty Spire (QoL Compilation)","Potion Indicator Mod","Rare Cards Sparkle","Relic Filter","Spicy Shops","StSLib","The Runesmith","Virulent Crown"],"gold_per_floor":[99,99,99,20,20,120,147,147,164,193,208,208,241,241,253,456,456,456,10,10,10,10,22,67,67,83,103,116,129,129,147,163,367,367,367,386,386,386,436,455,481,581,581,581],"floor_reached":42,"language":"ENG","playtime":1856,"items_purged":[],"score":454,"play_id":"27abd581-27b1-433a-ac18-ee93339c2979","local_time":"20210128141655","is_ascension_mode":false,"campfire_choices":[{"data":"hexamod:Sear","floor":1,"key":"SMITH"},{"data":"hexamod:HeatMetal","floor":8,"key":"SMITH"},{"floor":12,"key":"REST"},{"data":"hexamod:GhostOfSpirePresent","floor":18,"key":"SMITH"},{"data":"hexamod:ThermalTransfer","floor":25,"key":"SMITH"},{"data":"hexamod:HeatShield","floor":30,"key":"SMITH"},{"data":"hexamod:UnlimitedPower","floor":35,"key":"SMITH"}],"circlet_count":0,"master_deck":["hexamod:Strike","hexamod:Strike","hexamod:Strike","hexamod:Strike","hexamod:Defend+1","hexamod:Defend","hexamod:Defend+1","hexamod:Defend","hexamod:Sear+1","hexamod:Float","hexamod:PhantomCloak","hexamod:FlamesFromBeyond","hexamod:HeatMetal+1","hexamod:ThermalTransfer","hexamod:ThermalTransfer+1","hexamod:FastForward","hexamod:Rewind","hexamod:DynamicBlow","hexamod:GhostOfSpirePresent+1","hexamod:GhostflameBarrier+1","hexamod:RainOfEmbers","hexamod:SuperheatedStrike","hexamod:NightmareStrike+1","hexamod:HeatShield+1","hexamod:RadiantFlame+1","hexamod:UnlimitedPower+1","hexamod:FirstSeal","hexamod:PhantomFireball"],"relics":["hexamod:SpiritBrand","downfall:HeartsMalice","hubris:Towel","Lantern","hubris:MedicalManual","Vajra","hubris:Icosahedron","hubris:ScarierMask","Strange Spoon","FossilizedHelix","aspiration:HatOfInfinitePower","Omamori","hubris:TerracottaHorce","hubris:Macrotransations","Mango","War Paint"],"acts_visited":["Exordium","TheCity","TheBeyond"],"potions_floor_usage":[31,33,33],"damage_taken":[{"damage":0,"enemies":"Small Slimes","floor":2,"turns":1},{"damage":0,"enemies":"downfall:FleeingMerchant","floor":4,"turns":1},{"damage":0,"enemies":"2 Louse","floor":5,"turns":1},{"damage":4,"enemies":"Jaw Worm","floor":9,"turns":3},{"damage":16,"enemies":"3 Sentries","floor":10,"turns":8},{"damage":5,"enemies":"Exordium Thugs","floor":11,"turns":3},{"damage":0,"enemies":"Gremlin Nob","floor":13,"turns":3},{"damage":4,"enemies":"2 Fungi Beasts","floor":15,"turns":3},{"damage":21,"enemies":"IC_STATUS_ARCHETYPE","floor":16,"turns":6},{"damage":0,"enemies":"downfall:FleeingMerchant","floor":19,"turns":4},{"damage":17,"enemies":"3 Byrds","floor":23,"turns":4},{"damage":7,"enemies":"Centurion and Healer","floor":26,"turns":3},{"damage":0,"enemies":"Snake Plant","floor":27,"turns":3},{"damage":0,"enemies":"Snecko","floor":28,"turns":3},{"damage":12,"enemies":"Centurion and Healer","floor":29,"turns":3},{"damage":0,"enemies":"Snake Plant","floor":31,"turns":3},{"damage":0,"enemies":"Sentry and Sphere","floor":32,"turns":2},{"damage":46,"enemies":"SI_MIRROR_ARCHETYPE","floor":33,"turns":12},{"damage":9,"enemies":"3 Shapes","floor":36,"turns":4},{"damage":0,"enemies":"3 Shapes","floor":39,"turns":6},{"damage":33,"enemies":"3 Darklings","floor":40,"turns":5},{"damage":23,"enemies":"Spire Growth","floor":42,"turns":4}],"seed_played":"-5595842693624980199","potions_obtained":[{"floor":9,"key":"ColorlessPotion"},{"floor":10,"key":"BlessingOfTheForge"},{"floor":11,"key":"Regen Potion"},{"floor":31,"key":"Strength Potion"},{"floor":36,"key":"DistilledChaos"},{"floor":40,"key":"CultistPotion"}],"is_trial":false,"path_per_floor":["R","M","?","$","M","?","T","R","M","E","M","R","E","?","M","B",null,"R","$","?","T","?","M","T","R","M","M","M","M","R","M","M","B",null,"R","M","?","$","?","M","T","M"],"character_chosen":"THE_SPIRIT","items_purchased":["hexamod:HeatMetal","hexamod:ThermalTransfer","Strange Spoon","FossilizedHelix","hubris:Macrotransations"],"campfire_rested":1,"item_purchase_floors":[4,4,19,19,38],"current_hp_per_floor":[70,70,70,70,70,70,70,70,66,50,45,66,66,66,62,41,70,70,70,70,70,70,53,53,53,46,46,70,58,58,70,70,24,59,59,50,50,31,45,19,19,0,0,0],"gold":581,"neow_bonus":"THREE_ENEMY_KILL","is_daily":false,"chose_seed":false,"campfire_upgraded":6,"win_rate":0.0,"timestamp":1611861415,"path_taken":["R","M","?","$","M","?","T","R","M","E","M","R","E","?","M","BOSS","R","$","?","?","?","M","T","R","M","M","M","M","R","M","M","BOSS","R","M","?","?","?","?","T","M"],"items_purchased_type":["Card","Card","Relic","Relic","Relic"],"build_version":"2020-12-22","purchased_purges":0,"victory":false,"max_hp_per_floor":[70,70,70,70,70,70,70,70,70,70,70,70,70,70,70,70,70,70,70,70,70,70,70,70,70,70,70,70,70,70,70,70,70,70,70,70,70,70,84,84,84,84,84,84],"card_choices":[{"not_picked":["hexamod:InspiringFlames","hexamod:NightmareGuise"],"picked":"hexamod:PhantomCloak","floor":2},{"not_picked":["hexamod:HeatShield","hexamod:NightmareStrike"],"picked":"hexamod:FlamesFromBeyond","floor":4},{"not_picked":["hexamod:ShieldOfDarkness","hexamod:GhostLash"],"picked":"hexamod:ThermalTransfer","floor":5},{"not_picked":["hexamod:SpectralAdrenaline","hexamod:PhantomCloak","hexamod:Hexaguard"],"picked":"SKIP","floor":9},{"not_picked":["hexamod:CatchUp","hexamod:HeatMetal"],"picked":"hexamod:FastForward","floor":10},{"not_picked":["hexamod:FourthSeal","hexamod:SpectersWail"],"picked":"hexamod:Rewind","floor":11},{"not_picked":["hexamod:SpectersWail","hexamod:ThermalTransfer"],"picked":"hexamod:DynamicBlow","floor":13},{"not_picked":["hexamod:StepThrough","hexamod:FourthSeal","hexamod:ShieldOfDarkness"],"picked":"SKIP","floor":15},{"not_picked":["hexamod:ApocalypseNow","hexamod:GhostflameInferno"],"picked":"hexamod:GhostOfSpirePresent","floor":16},{"not_picked":["hexamod:SkipABeat","hexamod:GhostOfSpireFuture"],"picked":"hexamod:GhostflameBarrier+1","floor":19},{"not_picked":["hexamod:GhostflameInferno","hexamod:ThirdSeal"],"picked":"hexamod:RainOfEmbers","floor":23},{"not_picked":["hexamod:HauntingEcho","hexamod:StepThrough+1"],"picked":"hexamod:SuperheatedStrike","floor":26},{"not_picked":["hexamod:RetreatToShadows","hexamod:GhostShield"],"picked":"hexamod:NightmareStrike+1","floor":27},{"not_picked":["hexamod:NightmareGuise","hexamod:BacktrackSmack","hexamod:FourthSeal"],"picked":"SKIP","floor":28},{"not_picked":["hexamod:SwordOfDarkness+1","hexamod:PhantomCloak"],"picked":"hexamod:HeatShield","floor":29},{"not_picked":["hexamod:GhostShield","hexamod:GhostLash","hexamod:AdvancingGuard"],"picked":"SKIP","floor":31},{"not_picked":["hexamod:GhostLash","hexamod:InspiringFlames"],"picked":"hexamod:RadiantFlame","floor":32},{"not_picked":["hexamod:ParanormalForm","hexamod:UnleashSpirits"],"picked":"hexamod:UnlimitedPower","floor":33},{"not_picked":["hexamod:HauntingEcho+1","hexamod:NightmareStrike","hexamod:BacktrackSmack+1"],"picked":"SKIP","floor":36},{"not_picked":["hexamod:BacktrackSmack","hexamod:ThirdSeal"],"picked":"hexamod:FirstSeal","floor":39},{"not_picked":["hexamod:HauntingEcho","hexamod:BacktrackSmack+1"],"picked":"hexamod:PhantomFireball","floor":40}],"player_experience":353167,"relics_obtained":[{"floor":7,"key":"Lantern"},{"floor":10,"key":"hubris:MedicalManual"},{"floor":13,"key":"Vajra"},{"floor":21,"key":"aspiration:HatOfInfinitePower"},{"floor":24,"key":"Omamori"},{"floor":39,"key":"Mango"},{"floor":41,"key":"War Paint"}],"event_choices":[{"cards_removed":["hexamod:Strike"],"damage_healed":0,"gold_gain":0,"player_choice":"Give","damage_taken":0,"max_hp_gain":0,"max_hp_loss":0,"event_name":"betterNote:BetterNote","floor":20,"gold_loss":0,"cards_obtained":["hermit:Defend_Hermit"]},{"damage_healed":0,"gold_gain":0,"player_choice":"Leave","damage_taken":0,"max_hp_gain":0,"max_hp_loss":0,"event_name":"FaceTrader","floor":22,"gold_loss":0},{"damage_healed":0,"gold_gain":0,"player_choice":"Forge","damage_taken":0,"max_hp_gain":0,"max_hp_loss":0,"event_name":"Accursed Blacksmith","floor":37,"gold_loss":0,"cards_upgraded":["hexamod:RadiantFlame"]}],"is_beta":false,"boss_relics":[{"not_picked":["SlaversCollar","Runic Dome"],"picked":"hubris:ScarierMask"},{"not_picked":["Snecko Eye","SacredBark"],"picked":"hubris:TerracottaHorce"}],"items_purged_floors":[],"is_endless":false,"potions_floor_spawned":[9,10,11,15,26,29,31,32,36,40],"killed_by":"Spire Growth","ascension_level":0}}