{"host":"hbel9g7s7ibv8po6","time":1611845710,"event":{"mods":["Act Like it!","BaseMod","Minty Spire (QoL Compilation)","StSLib","The Animator"],"gold_per_floor":[130,80,155,330,352,381,381,413,413,445,455,483,483,356,356,356,356],"floor_reached":16,"language":"ENG","playtime":981,"items_purged":["Regret"],"score":168,"play_id":"b665906a-d932-4db0-a8f4-1bad4727f1b0","local_time":"20210128225510","is_ascension_mode":false,"campfire_choices":[{"data":"animator:NagisaMomoe","floor":7.0,"key":"SMITH"},{"data":"animator:Shiro","floor":15,"key":"SMITH"}],"circlet_count":0,"master_deck":["animator:Strike_Konosuba","animator:Defend_Konosuba","animator:Strike","animator:Strike","animator:Strike","animator:Defend","animator:Defend","animator:Kazuma","animator:Aqua","animator:Mitsurugi","Doubt","animator:KyokoSakura","animator:NagisaMomoe+1","animator:OrikoMikuni","animator:Tatsumaki","animator:Shiro+1","animator:DolaSchwi"],"relics":["animator:LivingPicture","animator:TheMissingPiece","NeowsBlessing","Shuriken","Bronze Scales","Regal Pillow","Centennial Puzzle","Ancient Tea Set"],"acts_visited":["Exordium"],"potions_floor_usage":[],"damage_taken":[{"damage":0.0,"enemies":"2 Louse","floor":1.0,"turns":1.0},{"damage":0.0,"enemies":"Jaw Worm","floor":5.0,"turns":1.0},{"damage":0.0,"enemies":"Lagavulin","floor":6.0,"turns":1.0},{"damage":0.0,"enemies":"Cultist","floor":8.0,"turns":5.0},{"damage":0.0,"enemies":"Gremlin Nob","floor":10.0,"turns":3.0},{"damage":23.0,"enemies":"Exordium Thugs","floor":11.0,"turns":6.0},{"damage":20,"enemies":"Lagavulin","floor":12,"turns":7},{"damage":26,"enemies":"Slime Boss","floor":16,"turns":3}],"seed_played":"6645223337407575161","potions_obtained":[{"floor":10.0,"key":"Regen Potion"},{"floor":11.0,"key":"animator:GrowthPotion"},{"floor":12,"key":"SkillPotion"}],"is_trial":false,"path_per_floor":["M","?","?","?","M","E","R","M","T","E","M","E","?","$","R","B"],"character_chosen":"THE_ANIMATOR","items_purchased":["animator:DolaSchwi"],"campfire_rested":0,"item_purchase_floors":[14],"current_hp_per_floor":[66,66,55,55,55,56,56,58,58,60,39,21,21,21,21,0,0],"gold":356,"neow_bonus":"THREE_ENEMY_KILL","is_daily":false,"chose_seed":false,"campfire_upgraded":2,"win_rate":0.0,"timestamp":1611845710,"path_taken":["M","?","?","?","M","E","R","M","T","E","M","E","?","?","R","BOSS"],"items_purchased_type":["Card"],"build_version":"2020-12-22","purchased_purges":1,"victory":false,"max_hp_per_floor":[66,66,66,66,66,67,67,67,67,67,67,67,67,67,67,67,67],"card_choices":[{"not_picked":["animator:ShinjiMatou","animator:DolaRiku"],"picked":"animator:Mitsurugi","floor":1.0},{"not_picked":["animator:YunYun","animator:YuiTsuruno"],"picked":"animator:KyokoSakura","floor":5.0},{"not_picked":["animator:SuzuneAmano","animator:DolaSchwi"],"picked":"animator:NagisaMomoe","floor":6.0},{"not_picked":["animator:KyokoSakura","animator:NagisaMomoe"],"picked":"animator:OrikoMikuni","floor":8.0},{"not_picked":["animator:PandorasActor","animator:Alexander","animator:Scar"],"picked":"SKIP","floor":10.0},{"not_picked":["animator:DolaRiku","animator:Cocytus"],"picked":"animator:Tatsumaki","floor":11.0},{"not_picked":["animator:WinryRockbell","animator:PandorasActor"],"picked":"animator:Shiro","floor":12}],"player_experience":106833,"relics_obtained":[{"floor":6.0,"key":"Shuriken"},{"floor":9.0,"key":"Bronze Scales"},{"floor":10.0,"key":"Regal Pillow"},{"floor":12,"key":"Centennial Puzzle"}],"event_choices":[{"cards_removed":["animator:Defend"],"damage_healed":0.0,"max_hp_gain":0.0,"max_hp_loss":0.0,"gold_gain":0.0,"event_name":"The Cleric","player_choice":"Card Removal","floor":2.0,"gold_loss":50.0,"damage_taken":0.0},{"damage_healed":0.0,"max_hp_gain":0.0,"max_hp_loss":0.0,"gold_gain":75.0,"event_name":"World of Goop","player_choice":"Gather Gold","floor":3.0,"gold_loss":0.0,"damage_taken":11.0},{"damage_healed":0.0,"max_hp_gain":0.0,"max_hp_loss":0.0,"gold_gain":175.0,"event_name":"Liars Game","player_choice":"AGREE","floor":4.0,"gold_loss":0.0,"damage_taken":0.0,"cards_obtained":["Doubt"]},{"damage_healed":0,"gold_gain":0,"player_choice":"Box","damage_taken":0,"relics_obtained":["Ancient Tea Set"],"max_hp_gain":0,"max_hp_loss":0,"event_name":"Big Fish","floor":13,"gold_loss":0,"cards_obtained":["Regret"]}],"is_beta":false,"boss_relics":[],"items_purged_floors":[14],"is_endless":false,"potions_floor_spawned":[10,11,12],"killed_by":"Slime Boss","ascension_level":0}}