{"host":"zxkjcgzis4pm3za5","time":1611808022,"event":{"mods":["AchievementEnabler","Act Like it!","BaseMod","Colored Map","Colored Powertips","Friendly Minions","GifTheSpireLib","Minty Spire (QoL Compilation)","Quick Restart","RNG Fix","Random Character Button","Relic Filter Mod","Relic Sorter","Relic Stats","StSLib"],"gold_per_floor":[369,369,379,379,224,224,258,65,65,65,94,94,121,139,139,216,216,231,231,231,248,118,118,118,118,118],"floor_reached":25,"language":"ENG","playtime":612,"items_purged":["Injury","Bash"],"score":462,"play_id":"9c656655-b575-4e80-a04c-2c953080db79","local_time":"20210128095702","is_ascension_mode":true,"campfire_choices":[{"data":"Perfected Strike","floor":6,"key":"SMITH"},{"data":"Perfected Strike","floor":10,"key":"SMITH"},{"data":"Dual Wield","floor":15,"key":"SMITH"},{"data":"Perfected Strike","floor":23,"key":"SMITH"}],"circlet_count":0,"master_deck":["AscendersBane","Strike_R+1","Strike_R+1","Strike_R+1","Strike_R+1","Strike_R+1","Defend_R+1","Defend_R+1","Defend_R+1","Defend_R+1","Perfected Strike+1","Dual Wield+1","Perfected Strike+1","Perfected Strike+1","Carnage","Bash","Clothesline","Offering","Seeing Red","Perfected Strike+1"],"relics":["Burning Blood","Centennial Puzzle","DollysMirror","StrikeDummy","Matryoshka","Meat on the Bone","Bronze Scales","Empty Cage","Blood Vial"],"acts_visited":["Exordium","TheCity"],"potions_floor_usage":[16,18],"damage_taken":[{"damage":17,"enemies":"Small Slimes","floor":1,"turns":6},{"damage":6,"enemies":"2 Louse","floor":3,"turns":2},{"damage":35,"enemies":"Lagavulin","floor":7,"turns":7},{"damage":0,"enemies":"Gremlin Nob","floor":11,"turns":2},{"damage":5,"enemies":"Jaw Worm","floor":14,"turns":2},{"damage":25,"enemies":"Hexaghost","floor":16,"turns":7},{"damage":31,"enemies":"2 Thieves","floor":18,"turns":3},{"damage":0,"enemies":"Chosen","floor":21,"turns":3},{"damage":51,"enemies":"Slavers","floor":25,"turns":3}],"seed_played":"-6628958693181473152","potions_obtained":[{"floor":3,"key":"LiquidBronze"},{"floor":11,"key":"BloodPotion"},{"floor":16,"key":"ColorlessPotion"}],"is_trial":false,"path_per_floor":["M","?","M","?","$","R","E","$","T","R","E","?","T","M","R","B",null,"M","T","?","M","$","R","?","E"],"character_chosen":"IRONCLAD","items_purchased":["Dual Wield","Perfected Strike","DollysMirror","Perfected Strike"],"campfire_rested":0,"item_purchase_floors":[5,8,8,22],"current_hp_per_floor":[57,34,34,59,59,59,30,30,30,30,36,36,36,49,49,57,71,46,46,25,45,45,45,45,0,0],"gold":118,"neow_bonus":"TWO_FIFTY_GOLD","is_daily":false,"chose_seed":false,"campfire_upgraded":4,"win_rate":0.0,"timestamp":1611808022,"path_taken":["M","?","?","?","?","R","E","$","T","R","E","?","?","?","R","BOSS","M","?","?","M","$","R","?","E"],"items_purchased_type":["Card","Card","Relic","Card"],"build_version":"2020-12-22","purchased_purges":2,"victory":false,"max_hp_per_floor":[75,75,75,75,75,75,75,75,75,75,75,75,75,75,75,75,75,75,75,80,80,80,80,80,80,80],"relic_stats":{"Blood Vial":4,"Centennial Puzzle":[12],"counters":[9,35],"Bronze Scales":[57],"obtain_stats":[{"Blood Vial":19,"Centennial Puzzle":7,"Matryoshka":11,"DollysMirror":8,"Bronze Scales":13,"StrikeDummy":9,"Empty Cage":17,"Burning Blood":0,"Meat on the Bone":13},{"Blood Vial":7,"Centennial Puzzle":3,"Matryoshka":4,"DollysMirror":3,"Bronze Scales":4,"StrikeDummy":3,"Empty Cage":6,"Burning Blood":0,"Meat on the Bone":4},{"Blood Vial":29,"Centennial Puzzle":15,"Matryoshka":17,"DollysMirror":15,"Bronze Scales":17,"StrikeDummy":15,"Empty Cage":26,"Burning Blood":0,"Meat on the Bone":17}],"Burning Blood":48,"Meat on the Bone":36},"card_choices":[{"not_picked":["Thunderclap","Sever Soul"],"picked":"Perfected Strike","floor":1},{"not_picked":["Heavy Blade","Clash"],"picked":"Wild Strike","floor":3},{"not_picked":["Rupture","Armaments"],"picked":"True Grit","floor":7},{"not_picked":["Headbutt","Entrench","Power Through"],"picked":"SKIP","floor":11},{"not_picked":["True Grit","Blood for Blood"],"picked":"Clothesline","floor":14},{"not_picked":["Barricade","Juggernaut"],"picked":"Offering","floor":16},{"not_picked":["Cleave","Feel No Pain"],"picked":"Seeing Red","floor":18},{"not_picked":["Sword Boomerang","Sentinel","Thunderclap"],"picked":"SKIP","floor":21}],"player_experience":281446,"relics_obtained":[{"floor":7,"key":"Centennial Puzzle"},{"floor":9,"key":"StrikeDummy"},{"floor":11,"key":"Matryoshka"},{"floor":13,"key":"Meat on the Bone"},{"floor":13,"key":"Bronze Scales"},{"floor":19,"key":"Blood Vial"}],"event_choices":[{"damage_healed":0,"gold_gain":0,"player_choice":"Entered Light","damage_taken":23,"max_hp_gain":0,"max_hp_loss":0,"event_name":"Shining Light","floor":2,"gold_loss":0,"cards_upgraded":["Defend_R","Defend_R"]},{"damage_healed":25,"gold_gain":0,"player_choice":"Banana","damage_taken":0,"max_hp_gain":0,"max_hp_loss":0,"event_name":"Big Fish","floor":4,"gold_loss":0},{"damage_healed":0,"gold_gain":0,"player_choice":"2 cards matched","damage_taken":0,"max_hp_gain":0,"max_hp_loss":0,"event_name":"Match and Keep!","floor":12,"gold_loss":0,"cards_obtained":["Carnage","Bash"]},{"damage_healed":0,"gold_gain":0,"player_choice":"Shed Blood","damage_taken":26,"max_hp_gain":5,"max_hp_loss":0,"event_name":"Forgotten Altar","floor":20,"gold_loss":0},{"damage_healed":0,"gold_gain":0,"player_choice":"Simplicity","damage_taken":0,"max_hp_gain":0,"max_hp_loss":0,"event_name":"Back to Basics","floor":24,"gold_loss":0,"cards_upgraded":["Strike_R","Strike_R","Strike_R","Strike_R","Strike_R","Defend_R","Defend_R"]}],"is_beta":false,"boss_relics":[{"not_picked":["Calling Bell","Mark of Pain"],"picked":"Empty Cage"}],"items_purged_floors":[5,22],"is_endless":false,"potions_floor_spawned":[3,11,16],"killed_by":"Slavers","ascension_level":18}}