{"host":"tfymjgi4z0wqd6py","time":1611805037,"event":{"mods":["AchievementEnabler","BaseMod","Downfall","Minty Spire (QoL Compilation)","StSLib"],"gold_per_floor":[99,112,112,124,144,155,203,215,227,264,276,288,327,439,471,483,483,483],"floor_reached":16,"language":"ENG","playtime":951,"items_purged":[],"score":210,"play_id":"7d1d56ae-83f5-461b-8a41-88eebd9cc3ef","local_time":"20210127213717","is_ascension_mode":false,"campfire_choices":[{"data":"Guardian:CurlUp","floor":1,"key":"SMITH"},{"floor":9,"key":"REST"},{"floor":12,"key":"REST"}],"circlet_count":0,"master_deck":["Guardian:Strike_Guardian","Guardian:Strike_Guardian","Guardian:Strike_Guardian","Guardian:Strike_Guardian","Guardian:Defend_Guardian","Guardian:Defend_Guardian","Guardian:Defend_Guardian","Guardian:Defend_Guardian","Guardian:CurlUp+1","Guardian:TwinSlam","Guardian:VentSteam","Guardian:Gem_Blue","Guardian:Gem_Purple","Guardian:TemporalShield","Guardian:FloatingOrbs","Guardian:HyperBeam_Guardian","Guardian:DonusPower","Guardian:VentSteam","CurseOfTheBell","CurseOfTheBell","Clumsy","downfall:Bewildered","downfall:Malfunctioning","Guardian:AncientConstruct","Guardian:Recover"],"relics":["Guardian:ModeShifter","MawBank","Blood Vial","Torii","downfall:ExtraCursedBell","Regal Pillow","Matryoshka","Pocketwatch"],"acts_visited":["Exordium"],"potions_floor_usage":[13],"damage_taken":[{"damage":6,"enemies":"Jaw Worm","floor":2,"turns":4},{"damage":7,"enemies":"2 Louse","floor":4,"turns":4},{"damage":0,"enemies":"Small Slimes","floor":5,"turns":4},{"damage":10,"enemies":"3 Louse","floor":6,"turns":5},{"damage":18,"enemies":"Lagavulin","floor":10,"turns":7},{"damage":18,"enemies":"3 Sentries","floor":13,"turns":3},{"damage":19,"enemies":"Exordium Thugs","floor":15,"turns":7},{"damage":41,"enemies":"WA_ARCHETYPE_RETAIN","floor":16,"turns":10}],"seed_played":"6795162428555176869","potions_obtained":[{"floor":6,"key":"Ancient Potion"},{"floor":10,"key":"AttackPotion"},{"floor":15,"key":"FearPotion"}],"is_trial":false,"path_per_floor":["R","M","?","M","M","M","T","?","R","E","?","R","E","?","M","B"],"character_chosen":"GUARDIAN","items_purchased":[],"campfire_rested":2,"item_purchase_floors":[],"current_hp_per_floor":[88,82,46,39,39,29,29,29,55,37,37,63,47,52,35,0,0,0],"gold":483,"neow_bonus":"TEN_PERCENT_HP_BONUS","is_daily":false,"chose_seed":false,"campfire_upgraded":1,"win_rate":0.0,"timestamp":1611805037,"path_taken":["R","M","?","M","M","M","T","?","R","E","?","R","E","?","M","BOSS"],"items_purchased_type":[],"build_version":"2020-12-22","purchased_purges":0,"victory":false,"max_hp_per_floor":[88,88,88,88,88,88,88,88,88,88,88,88,88,93,93,93,93,93],"card_choices":[{"not_picked":["Guardian:Recover","Guardian:RollAttack"],"picked":"Guardian:VentSteam","floor":2},{"not_picked":["Guardian:BodySlam","Guardian:Gem_Crimson"],"picked":"Guardian:TemporalShield","floor":4},{"not_picked":["Guardian:Repulse","Guardian:PolyBeam"],"picked":"Guardian:FloatingOrbs","floor":5},{"not_picked":["Guardian:CrystalBeam","Guardian:TemporalStrike"],"picked":"Guardian:HyperBeam_Guardian","floor":6},{"not_picked":["Guardian:Gem_Yellow","Guardian:TemporalShield"],"picked":"Guardian:DonusPower","floor":10},{"not_picked":["Guardian:Gem_Lightblue","Guardian:Gem_Fragmented"],"picked":"Guardian:VentSteam","floor":13},{"not_picked":["Guardian:Gem_Purple","Guardian:Gem_Lightblue"],"picked":"Guardian:Recover","floor":15}],"player_experience":166090,"relics_obtained":[{"floor":7,"key":"MawBank"},{"floor":10,"key":"Blood Vial"},{"floor":13,"key":"Torii"},{"floor":14,"key":"Regal Pillow"},{"floor":14,"key":"Matryoshka"},{"floor":14,"key":"Pocketwatch"}],"event_choices":[],"is_beta":false,"boss_relics":[],"items_purged_floors":[],"is_endless":false,"potions_floor_spawned":[6,10,15],"killed_by":"WA_ARCHETYPE_RETAIN","ascension_level":0}}