{"host":"v79nb9qnzs8cga96","time":1611870589,"event":{"mods":["Aspiration","BaseMod","Better Note","Block Reminder","GifTheSpireLib","Minty Spire (QoL Compilation)","Quarter Circle Forward PUNCH!","SacredBarkPlus","Slumbering Mod","Small Relic Pack","StSLib","Stuff the Spire","The Florist","The Poker Player","The Spell Scribe","[IsaacMod]????"],"gold_per_floor":[119,137,156,166,166,166,191,34,60,72,106,116,146,158,158,261,261,281,301,301,318,318,350,350,385,385,385,420,33,61,94,94,191,191,210,226,226,226,45,71,71,104,104,133,133,158,180,203,203,245],"floor_reached":51,"language":"ENG","playtime":2038,"items_purged":[],"score":1438,"play_id":"9e234756-2f5c-49d0-a3a4-4c8490a79684","local_time":"20210128234949","daily_mods":["DeadlyEvents","Cursed Run","Elite Swarm"],"is_ascension_mode":true,"campfire_choices":[{"data":"Neutralize","floor":6,"key":"SMITH"},{"data":"Bandage Up","floor":15,"key":"SMITH"},{"data":"Survivor","floor":24,"key":"SMITH"},{"data":"Strike_G","floor":27,"key":"SMITH"},{"data":"Strike_G","floor":32,"key":"SMITH"},{"data":"Phantasmal Killer","floor":41,"key":"SMITH"},{"data":"Footwork","floor":45,"key":"SMITH"},{"data":"Bane","floor":49,"key":"SMITH"}],"circlet_count":0,"master_deck":["Strike_G","Strike_G+1","Strike_G","Strike_G+1","Strike_G+1","Defend_G","Defend_G","Defend_G","Defend_G","Defend_G+1","Survivor+1","Neutralize+1","Bandage Up+1","Panacea+1","Noxious Fumes+1","Catalyst+1","Corpse Explosion+1","Doubt","Poisoned Stab+1","Clumsy","Catalyst+1","After Image+1","Regret","Noxious Fumes+1","Adrenaline+1","Doubt","EpicFetus+1","Bane+1","Riddle With Holes+1","Catalyst+1","Footwork+1","Phantasmal Killer+1","Wraith Form v2+1","Decay","Adrenaline+1","theSlumbering:Sloth"],"relics":["HushsDoor","D4","StoneCalendar","Bird Faced Urn","Void","The Specimen","StuffTheSpire:Expresso","PunchingBag","MoneyPower","Leech","Torii","relicPack:DarknessArmor","Bottled Lightning","aspiration:FrozenJewel","Kunai","Mercury Hourglass","StuffTheSpire:Rhapsscallions","qcfpunch:Army_Boots","qcfpunch:Broken_Tusk","Orichalcum","Happy Flower","Vajra","Pen Nib","Oddly Smooth Stone","Anchor","Runic Dome","SacredBark","aspiration:RitualDagger","StuffTheSpire:HistoryBook"],"acts_visited":["Exordium","TheCity","TheBeyond"],"potions_floor_usage":[],"damage_taken":[{"damage":0,"enemies":"2 Louse","floor":1,"turns":2},{"damage":1,"enemies":"Jaw Worm","floor":2,"turns":5},{"damage":5,"enemies":"Small Slimes","floor":3,"turns":4},{"damage":2,"enemies":"Looter","floor":4,"turns":4},{"damage":11,"enemies":"Gremlin Nob","floor":7,"turns":5},{"damage":0,"enemies":"2 Fungi Beasts","floor":10,"turns":3},{"damage":9,"enemies":"Lagavulin","floor":11,"turns":5},{"damage":5,"enemies":"Large Slime","floor":12,"turns":3},{"damage":0,"enemies":"theSlumbering:Adrasteia","floor":13,"turns":3},{"damage":4,"enemies":"3 Louse","floor":14,"turns":3},{"damage":30,"enemies":"Hexaghost","floor":16,"turns":5},{"damage":9,"enemies":"2 Thieves","floor":18,"turns":2},{"damage":0,"enemies":"Chosen","floor":19,"turns":3},{"damage":0,"enemies":"Snake Plant","floor":21,"turns":3},{"damage":0,"enemies":"Slavers","floor":23,"turns":1},{"damage":0,"enemies":"Gremlin Leader","floor":25,"turns":4},{"damage":0,"enemies":"Book of Stabbing","floor":28,"turns":4},{"damage":9,"enemies":"Slavers","floor":30,"turns":2},{"damage":0,"enemies":"Book of Stabbing","floor":31,"turns":4},{"damage":0,"enemies":"Automaton","floor":33,"turns":6},{"damage":0,"enemies":"Orb Walker","floor":35,"turns":2},{"damage":0,"enemies":"3 Darklings","floor":36,"turns":4},{"damage":22,"enemies":"Reptomancer","floor":40,"turns":4},{"damage":0,"enemies":"Nemesis","floor":42,"turns":5},{"damage":0,"enemies":"Giant Head","floor":44,"turns":5},{"damage":0,"enemies":"Nemesis","floor":46,"turns":3},{"damage":0,"enemies":"Jaw Worm Horde","floor":47,"turns":2},{"damage":0,"enemies":"4 Shapes","floor":48,"turns":3},{"damage":10,"enemies":"Time Eater","floor":50,"turns":5}],"seed_played":"-2013449740204291430","potions_obtained":[{"floor":1,"key":"BlessingOfTheForge"},{"floor":3,"key":"ColorlessPotion"},{"floor":10,"key":"Fire Potion"},{"floor":28,"key":"GhostInAJar"}],"is_trial":true,"path_per_floor":["M","M","M","M","?","R","E","$","T","M","E","M","E","M","R","B",null,"M","M","?","M","?","E","R","E","T","R","E","$","E","E","R","B",null,"M","M","?","?","$","E","R","E","T","E","R","E","M","M","R","B",null],"character_chosen":"THE_SILENT","items_purchased":["Strange Spoon","Noxious Fumes","Tingsha","EpicFetus","Riddle With Holes","Catalyst","Footwork"],"campfire_rested":0,"item_purchase_floors":[8,29,29,34,39,39,39],"current_hp_per_floor":[87,87,86,87,93,93,86,86,92,98,90,91,93,91,91,81,112,103,106,106,112,112,112,112,112,118,118,118,118,115,118,118,124,119,119,119,119,119,119,97,97,106,112,115,115,118,121,124,124,121],"gold":245,"neow_bonus":"","is_daily":false,"chose_seed":false,"campfire_upgraded":8,"win_rate":0.0,"timestamp":1611870589,"path_taken":["M","M","M","M","?","R","E","$","T","?","E","M","E","M","R","BOSS","M","M","?","M","?","E","R","E","T","R","E","?","?","E","R","BOSS","M","M","?","?","?","E","R","E","T","E","R","E","M","M","R","BOSS"],"items_purchased_type":["Relic","Card","Relic","Card","Card","Card","Card"],"build_version":"2020-12-22","purchased_purges":0,"victory":true,"max_hp_per_floor":[87,87,87,87,93,93,93,93,99,99,99,99,99,99,99,105,112,112,112,112,112,112,112,112,112,118,118,118,118,118,118,118,124,119,119,119,119,119,119,119,119,119,125,125,125,125,125,125,125,131],"card_choices":[{"not_picked":[],"picked":"Bandage Up","floor":1},{"not_picked":["StuffTheSpire:Fury","Flying Knee","PiercingWail"],"picked":"SKIP","floor":1},{"not_picked":[],"picked":"Panacea","floor":2},{"not_picked":["Bane","Tools of the Trade"],"picked":"Noxious Fumes","floor":2},{"not_picked":["Outmaneuver","StuffTheSpire:BrimstoneBlast","Accuracy"],"picked":"SKIP","floor":3},{"not_picked":["Prepared","StuffTheSpire:Fury"],"picked":"Catalyst","floor":4},{"not_picked":["Malaise","aspiration:Lunge"],"picked":"Corpse Explosion","floor":7},{"not_picked":["Dagger Spray","Skewer","Flying Knee"],"picked":"SKIP","floor":10},{"not_picked":["Die Die Die","Tools of the Trade","Phantasmal Killer"],"picked":"SKIP","floor":11},{"not_picked":["Bomb","Backflip"],"picked":"Poisoned Stab","floor":12},{"not_picked":["Night Terror","Glass Knife","Storm of Steel"],"picked":"SKIP","floor":13},{"not_picked":["Slice","Bane","Bomb"],"picked":"SKIP","floor":14},{"not_picked":["StuffTheSpire:MirrorStance","Prepared","StuffTheSpire:Injection"],"picked":"SKIP","floor":18},{"not_picked":["Terror","Bane"],"picked":"Catalyst","floor":19},{"not_picked":["Terror","PiercingWail","Acrobatics"],"picked":"SKIP","floor":21},{"not_picked":["Grand Finale","Die Die Die"],"picked":"After Image","floor":23},{"not_picked":["Burst","aspiration:Lunge","Unload"],"picked":"SKIP","floor":25},{"not_picked":["Wraith Form v2","Bullet Time","Burst"],"picked":"SKIP","floor":28},{"not_picked":["Malaise","Night Terror","A Thousand Cuts"],"picked":"SKIP","floor":30},{"not_picked":["Wraith Form v2","aspiration:Lunge"],"picked":"Adrenaline","floor":31},{"not_picked":["StuffTheSpire:BumpUp+1","Heel Hook"],"picked":"Bane","floor":35},{"not_picked":["Distraction","Flying Knee+1","All Out Attack+1"],"picked":"SKIP","floor":36},{"not_picked":["Corpse Explosion","StuffTheSpire:FinalStruggle"],"picked":"Phantasmal Killer","floor":40},{"not_picked":["Wraith Form v2","Glass Knife","A Thousand Cuts"],"picked":"SKIP","floor":42},{"not_picked":["Glass Knife","A Thousand Cuts"],"picked":"Wraith Form v2","floor":42},{"not_picked":["Die Die Die","Burst","aspiration:Lunge"],"picked":"SKIP","floor":44},{"not_picked":["Wraith Form v2","Storm of Steel"],"picked":"Adrenaline","floor":46},{"not_picked":["Flying Knee","PiercingWail","Sucker Punch+1"],"picked":"SKIP","floor":47},{"not_picked":["StuffTheSpire:DoubleShiv+1","Deflect+1","Dagger Throw"],"picked":"SKIP","floor":48}],"player_experience":385222,"relics_obtained":[{"floor":3,"key":"StuffTheSpire:GrapeVine"},{"floor":4,"key":"Blood Vial"},{"floor":7,"key":"TungstenRod"},{"floor":11,"key":"aspiration:VileToxins"},{"floor":13,"key":"qcfpunch:Chain_With_Nametags"},{"floor":23,"key":"StuffTheSpire:PointBlank"},{"floor":25,"key":"aspiration:DSix"},{"floor":26,"key":"theSlumbering:SlimeShield"},{"floor":28,"key":"StuffTheSpire:WitherSkull"},{"floor":30,"key":"Peace Pipe"},{"floor":31,"key":"Bottled Flame"},{"floor":40,"key":"D4"},{"floor":42,"key":"PreservedInsect"},{"floor":43,"key":"Toy Ornithopter"},{"floor":44,"key":"StuffTheSpire:Wildfire"},{"floor":46,"key":"SalivaCoin"}],"event_choices":[{"damage_healed":0,"gold_gain":0,"player_choice":"Box","damage_taken":0,"relics_obtained":["StrikeDummy"],"max_hp_gain":0,"max_hp_loss":0,"event_name":"Big Fish","floor":5,"gold_loss":0,"cards_obtained":["Regret"]},{"cards_removed":["Regret"],"damage_healed":0,"gold_gain":0,"player_choice":"Card Removal","damage_taken":0,"max_hp_gain":0,"max_hp_loss":0,"event_name":"Wheel of Change","floor":20,"gold_loss":0},{"damage_healed":0,"gold_gain":0,"player_choice":"Ignored","damage_taken":0,"max_hp_gain":0,"max_hp_loss":0,"event_name":"Transmorgrifier","floor":22,"gold_loss":0},{"damage_healed":0,"gold_gain":0,"player_choice":"Ignored","damage_taken":0,"max_hp_gain":0,"max_hp_loss":0,"event_name":"Purifier","floor":38,"gold_loss":0}],"is_beta":false,"boss_relics":[{"not_picked":["relicPack:ShieldShield","StuffTheSpire:RunicConfusion"],"picked":"MagicMushroom"},{"not_picked":[]},{"not_picked":["Velvet Choker","theSlumbering:CursedAnvil"],"picked":"theSlumbering:EnchantedHammer"},{"not_picked":[]}],"items_purged_floors":[],"is_endless":false,"potions_floor_spawned":[1,3,10,12,21,28,30,31,35,44,46,48],"ascension_level":1}}