{"host":"6bsan6hkua32tfq7","time":1611853887,"event":{"mods":["BaseMod","Better Third Choice","Colored Map","Highlight Path","Minty Spire (QoL Compilation)","StSLib"],"gold_per_floor":[110,125,125,125,144,177,177,177,177,177,190,201,227,246,246,324,324,334,334,346,359,359,359,359,359,359,359,373,130,143,58,58,135,135,154,54,74,74,0,0,31,31,31,46,63,63,63,95,95,95,95,95],"floor_reached":51,"language":"ENG","playtime":2029,"items_purged":["Strike_P","Strike_P+1"],"score":1555,"play_id":"4a734fb2-711f-4af8-9a64-acef2047df20","local_time":"20210128181127","is_ascension_mode":true,"campfire_choices":[{"data":"WindmillStrike","floor":7,"key":"SMITH"},{"data":"WaveOfTheHand","floor":10,"key":"SMITH"},{"data":"Vigilance","floor":15,"key":"SMITH"},{"data":"Defend_P","floor":23,"key":"SMITH"},{"data":"Defend_P","floor":25,"key":"SMITH"},{"data":"Defend_P","floor":27,"key":"SMITH"},{"data":"LikeWater","floor":32,"key":"SMITH"},{"data":"PathToVictory","floor":40,"key":"SMITH"},{"floor":49,"key":"RECALL"}],"circlet_count":0,"master_deck":["AscendersBane","Defend_P+1","Defend_P+1","Defend_P+1","Eruption+1","Vigilance+1","EmptyFist+1","WindmillStrike+1","WaveOfTheHand+1","PathToVictory+1","LessonLearned+1","Blasphemy+1","Swivel+1","LikeWater+1","Fasting2+1","DevaForm+1","Protect","LikeWater","PathToVictory+1","PathToVictory+1"],"relics":["Coffee Dripper","Gambling Chip","Singing Bowl","StrikeDummy","Sozu","Oddly Smooth Stone","HornCleat","Bag of Preparation","Art of War","Empty Cage","Red Mask","PreservedInsect","Happy Flower"],"acts_visited":["Exordium","TheCity","TheBeyond"],"potions_floor_usage":[13,16,20],"damage_taken":[{"damage":6,"enemies":"2 Louse","floor":1,"turns":3},{"damage":4,"enemies":"Small Slimes","floor":2,"turns":3},{"damage":1,"enemies":"Cultist","floor":5,"turns":4},{"damage":17,"enemies":"Lagavulin","floor":6,"turns":7},{"damage":0,"enemies":"Exordium Thugs","floor":11,"turns":3},{"damage":0,"enemies":"Large Slime","floor":12,"turns":3},{"damage":12,"enemies":"Gremlin Nob","floor":13,"turns":3},{"damage":0,"enemies":"Blue Slaver","floor":14,"turns":5},{"damage":17,"enemies":"The Guardian","floor":16,"turns":12},{"damage":0,"enemies":"Chosen","floor":18,"turns":2},{"damage":15,"enemies":"3 Byrds","floor":20,"turns":4},{"damage":18,"enemies":"Snecko","floor":21,"turns":3},{"damage":6,"enemies":"Snake Plant","floor":28,"turns":4},{"damage":5,"enemies":"Sentry and Sphere","floor":30,"turns":5},{"damage":0,"enemies":"Champ","floor":33,"turns":16},{"damage":0,"enemies":"Orb Walker","floor":35,"turns":5},{"damage":0,"enemies":"3 Darklings","floor":37,"turns":8},{"damage":3,"enemies":"Giant Head","floor":41,"turns":13},{"damage":0,"enemies":"4 Shapes","floor":44,"turns":14},{"damage":0,"enemies":"Writhing Mass","floor":45,"turns":8},{"damage":0,"enemies":"Nemesis","floor":48,"turns":9},{"damage":29,"enemies":"Time Eater","floor":50,"turns":9},{"damage":35,"enemies":"Awakened One","floor":51,"turns":5}],"seed_played":"-4464283627688573089","potions_obtained":[{"floor":5,"key":"AttackPotion"},{"floor":6,"key":"Dexterity Potion"},{"floor":13,"key":"Fire Potion"}],"is_trial":false,"path_per_floor":["M","M","?","?","M","E","R","?","T","R","M","M","E","M","R","B",null,"M","?","M","M","?","R","?","R","T","R","M","$","M","?","R","B",null,"M","$","M","?","?","R","E","?","T","M","M","$","?","E","R","B","B"],"character_chosen":"WATCHER","items_purchased":["Bag of Preparation"],"campfire_rested":0,"item_purchase_floors":[29],"current_hp_per_floor":[55,51,51,51,50,33,33,33,33,33,33,35,23,25,25,8,56,58,58,45,29,29,29,29,29,29,29,23,23,18,18,18,18,63,63,63,63,63,63,63,62,56,56,56,58,58,58,58,58,29,0,0],"gold":95,"neow_bonus":"BOSS_RELIC","is_daily":false,"chose_seed":false,"campfire_upgraded":8,"win_rate":0.0,"timestamp":1611853887,"path_taken":["M","M","?","?","M","E","R","?","T","R","?","M","E","M","R","BOSS","M","?","M","M","?","R","?","R","T","R","?","$","M","?","R","BOSS","M","$","M","?","?","R","E","?","T","M","?","?","?","E","R","BOSS","BOSS"],"items_purchased_type":["Relic"],"build_version":"2020-12-22","purchased_purges":2,"victory":false,"max_hp_per_floor":[68,68,68,68,68,68,68,68,68,68,68,70,70,72,72,72,72,74,74,76,78,78,78,78,78,78,78,78,78,78,78,78,78,78,78,78,78,74,74,74,76,76,76,76,78,78,78,78,78,78,78,78],"card_choices":[{"not_picked":["ClearTheMind","Crescendo"],"picked":"EmptyFist","floor":1},{"not_picked":["Adaptation","FlurryOfBlows"],"picked":"WindmillStrike","floor":2},{"not_picked":["ReachHeaven","ClearTheMind"],"picked":"BowlingBash","floor":5},{"not_picked":["Consecrate","Halt"],"picked":"WaveOfTheHand","floor":6},{"not_picked":["InnerPeace","Wallop"],"picked":"PathToVictory","floor":11},{"not_picked":["JustLucky","WaveOfTheHand","BowlingBash"],"picked":"Singing Bowl","floor":12},{"not_picked":["Weave","Meditate"],"picked":"LessonLearned","floor":13},{"not_picked":["Evaluate","Pray","Fasting2"],"picked":"Singing Bowl","floor":14},{"not_picked":["Scrawl","ConjureBlade"],"picked":"Blasphemy","floor":16},{"not_picked":["FlyingSleeves+1","SignatureMove","BowlingBash+1"],"picked":"Singing Bowl","floor":18},{"not_picked":["CutThroughFate","Crescendo","SashWhip"],"picked":"Singing Bowl","floor":20},{"not_picked":["SashWhip","FlurryOfBlows","ThirdEye"],"picked":"Singing Bowl","floor":21},{"not_picked":["BowlingBash","MentalFortress"],"picked":"LikeWater","floor":28},{"not_picked":["Conclude","SignatureMove"],"picked":"Fasting2+1","floor":30},{"not_picked":["Establishment","DeusExMachina"],"picked":"DevaForm","floor":33},{"not_picked":["SashWhip","PathToVictory"],"picked":"Protect","floor":35},{"not_picked":["MentalFortress","WindmillStrike"],"picked":"LikeWater","floor":37},{"not_picked":["ReachHeaven","ThirdEye","FollowUp"],"picked":"Singing Bowl","floor":41},{"not_picked":["Sanctity","Indignation"],"picked":"PathToVictory","floor":44},{"not_picked":["ClearTheMind","FlyingSleeves","WreathOfFlame+1"],"picked":"Singing Bowl","floor":45},{"not_picked":["Crescendo","ThirdEye"],"picked":"PathToVictory","floor":48}],"player_experience":5328225,"relics_obtained":[{"floor":6,"key":"Gambling Chip"},{"floor":9,"key":"Singing Bowl"},{"floor":13,"key":"StrikeDummy"},{"floor":26,"key":"HornCleat"},{"floor":41,"key":"PreservedInsect"},{"floor":48,"key":"Happy Flower"}],"event_choices":[{"cards_removed":["Strike_P"],"damage_healed":0,"gold_gain":0,"player_choice":"Forget","damage_taken":0,"max_hp_gain":0,"max_hp_loss":0,"event_name":"Living Wall","floor":3,"gold_loss":0},{"damage_healed":0,"gold_gain":0,"player_choice":"Ignored","damage_taken":125,"max_hp_gain":0,"max_hp_loss":0,"event_name":"betterThird:BetterSerpent","floor":4,"gold_loss":0},{"damage_healed":0,"gold_gain":0,"player_choice":"Upgraded","damage_taken":0,"max_hp_gain":0,"max_hp_loss":0,"event_name":"Upgrade Shrine","floor":8,"gold_loss":0,"cards_upgraded":["Eruption"]},{"damage_healed":0,"gold_gain":0,"player_choice":"Opened","damage_taken":0,"relics_obtained":["Oddly Smooth Stone"],"max_hp_gain":0,"max_hp_loss":0,"event_name":"The Mausoleum","floor":19,"gold_loss":0,"cards_obtained":["Writhe"]},{"cards_removed":["Writhe"],"damage_healed":0,"gold_gain":0,"player_choice":"Elegance","damage_taken":0,"max_hp_gain":0,"max_hp_loss":0,"event_name":"betterThird:BetterWriting","floor":22,"gold_loss":0},{"damage_healed":0,"gold_gain":0,"cards_transformed":["Strike_P"],"player_choice":"Transformed","damage_taken":0,"max_hp_gain":0,"max_hp_loss":0,"event_name":"Transmorgrifier","floor":24,"gold_loss":0,"cards_obtained":["Swivel"]},{"damage_healed":0,"gold_gain":0,"player_choice":"Obtained Relic","damage_taken":0,"relics_obtained":["Art of War"],"max_hp_gain":0,"max_hp_loss":0,"event_name":"Addict","floor":31,"gold_loss":85},{"damage_healed":0,"gold_gain":0,"player_choice":"Max HP","damage_taken":0,"max_hp_gain":0,"max_hp_loss":4,"event_name":"Winding Halls","floor":38,"gold_loss":0},{"damage_healed":0,"gold_gain":0,"player_choice":"Paid","damage_taken":0,"relics_obtained":["Red Mask"],"max_hp_gain":0,"max_hp_loss":0,"event_name":"Tomb of Lord Red Mask","floor":39,"gold_loss":74},{"damage_healed":0,"gold_gain":0,"player_choice":"Random: Green","damage_taken":0,"max_hp_gain":0,"max_hp_loss":0,"event_name":"betterThird:BetterPortal","floor":42,"gold_loss":0},{"damage_healed":0,"gold_gain":0,"player_choice":"","damage_taken":6,"max_hp_gain":0,"max_hp_loss":0,"event_name":"Knowing Skull","floor":42,"potions_obtained":[],"gold_loss":0,"cards_obtained":[]},{"damage_healed":0,"gold_gain":0,"player_choice":"Forge","damage_taken":0,"max_hp_gain":0,"max_hp_loss":0,"event_name":"Accursed Blacksmith","floor":47,"gold_loss":0,"cards_upgraded":["PathToVictory"]}],"is_beta":false,"boss_relics":[{"not_picked":["Black Star","Ectoplasm"],"picked":"Sozu"},{"not_picked":["SlaversCollar","VioletLotus"],"picked":"Empty Cage"}],"items_purged_floors":[29,36],"is_endless":false,"potions_floor_spawned":[5,6,13,20,21,37,41],"killed_by":"Awakened One","ascension_level":20}}