{"host":"qgvpd00zvzorrg7j","time":1611812112,"event":{"mods":["BaseMod","Colored Map","Minty Spire (QoL Compilation)","Quick Restart","StSLib"],"gold_per_floor":[110,129,141,141,66,101,101,113,137,137,151,151,226,243,243,343,343,362,362,378,201,214,214,214,214,214],"floor_reached":25,"language":"ENG","playtime":701,"items_purged":["Strike_B","Strike_B"],"score":305,"play_id":"103b4f7a-9f14-4869-a158-809a7517c055","local_time":"20210128003512","is_ascension_mode":true,"campfire_choices":[{"data":"Dualcast","floor":7.0,"key":"SMITH"},{"data":"Zap","floor":10.0,"key":"SMITH"},{"data":"Thunder Strike","floor":12.0,"key":"SMITH"},{"floor":15.0,"key":"REST"},{"data":"Recycle","floor":23,"key":"SMITH"}],"circlet_count":0,"master_deck":["AscendersBane","Strike_B","Strike_B","Defend_B","Defend_B","Defend_B","Zap+1","Dualcast+1","Ball Lightning","Thunder Strike+1","Redo","Redo","Fission","Recycle+1"],"relics":["Cracked Core","Akabeko","Dream Catcher","Oddly Smooth Stone","Sozu","Pear"],"acts_visited":["Exordium","TheCity"],"potions_floor_usage":[18,20],"damage_taken":[{"damage":6.0,"enemies":"Cultist","floor":1.0,"turns":3.0},{"damage":2.0,"enemies":"2 Louse","floor":2.0,"turns":2.0},{"damage":8.0,"enemies":"Small Slimes","floor":3.0,"turns":3.0},{"damage":15.0,"enemies":"Lagavulin","floor":6.0,"turns":5.0},{"damage":3.0,"enemies":"Blue Slaver","floor":8.0,"turns":3.0},{"damage":0.0,"enemies":"Lots of Slimes","floor":11.0,"turns":3.0},{"damage":9.0,"enemies":"Exordium Thugs","floor":14.0,"turns":4.0},{"damage":32.0,"enemies":"The Guardian","floor":16.0,"turns":9.0},{"damage":0,"enemies":"Spheric Guardian","floor":18,"turns":1},{"damage":27,"enemies":"3 Byrds","floor":20,"turns":3},{"damage":23,"enemies":"Sentry and Sphere","floor":22,"turns":4},{"damage":22,"enemies":"Snake Plant","floor":25,"turns":2}],"seed_played":"4208771888584294615","potions_obtained":[{"floor":1.0,"key":"SkillPotion"},{"floor":6.0,"key":"AttackPotion"},{"floor":8.0,"key":"SneckoOil"},{"floor":14.0,"key":"LiquidMemories"},{"floor":16.0,"key":"LiquidBronze"}],"is_trial":false,"path_per_floor":["M","M","M","?","$","E","R","M","T","R","M","R","?","M","R","B",null,"M","?","M","$","M","R","T","M"],"character_chosen":"DEFECT","items_purchased":["Recycle"],"campfire_rested":1,"item_purchase_floors":[21],"current_hp_per_floor":[62,60,52,49,49,34,34,31,31,31,31,31,20,11,33,1,57,57,57,30,30,7,7,17,0,0],"gold":214,"neow_bonus":"REMOVE_CARD","is_daily":false,"chose_seed":false,"campfire_upgraded":4,"win_rate":0.0,"timestamp":1611812112,"path_taken":["M","?","M","?","$","E","R","M","T","R","M","R","?","M","R","BOSS","M","?","M","$","?","R","?","M"],"items_purchased_type":["Card"],"build_version":"2020-12-22","purchased_purges":2,"victory":false,"max_hp_per_floor":[75,75,75,75,75,75,75,75,75,75,75,75,75,75,75,75,75,75,75,75,75,75,75,85,85,85],"card_choices":[{"not_picked":["Glacier","Rebound","Sweeping Beam"],"picked":"SKIP","floor":1.0},{"not_picked":["Conserve Battery","Static Discharge","Consume"],"picked":"SKIP","floor":2.0},{"not_picked":["Streamline","Steam","Leap"],"picked":"SKIP","floor":3.0},{"not_picked":["Leap","Genetic Algorithm","Darkness"],"picked":"SKIP","floor":6.0},{"not_picked":["Rebound","Hello World"],"picked":"Ball Lightning","floor":8.0},{"not_picked":["Rip and Tear","Scrape"],"picked":"Thunder Strike","floor":11.0},{"not_picked":["Rebound","Melter"],"picked":"Redo","floor":14.0},{"not_picked":["Gash","Coolheaded"],"picked":"Redo","floor":15.0},{"not_picked":["Amplify","Buffer"],"picked":"Fission","floor":16.0},{"not_picked":["Undo","Redo","Steam"],"picked":"SKIP","floor":18},{"not_picked":["Reinforced Body","Steam","Go for the Eyes"],"picked":"SKIP","floor":20},{"not_picked":["Genetic Algorithm","Conserve Battery","Turbo"],"picked":"SKIP","floor":22}],"player_experience":568070,"relics_obtained":[{"floor":6.0,"key":"Dream Catcher"},{"floor":9.0,"key":"Oddly Smooth Stone"},{"floor":24,"key":"Pear"}],"event_choices":[{"damage_healed":0.0,"max_hp_gain":0.0,"max_hp_loss":0.0,"gold_gain":0.0,"event_name":"Scrap Ooze","player_choice":"Success","floor":4.0,"gold_loss":0.0,"damage_taken":3.0,"relics_obtained":["Akabeko"]},{"damage_healed":0.0,"max_hp_gain":0.0,"max_hp_loss":0.0,"gold_gain":75.0,"event_name":"World of Goop","player_choice":"Gather Gold","floor":13.0,"gold_loss":0.0,"damage_taken":11.0},{"damage_healed":0,"gold_gain":0,"player_choice":"Ignored","damage_taken":0,"max_hp_gain":0,"max_hp_loss":0,"event_name":"N\u0027loth","floor":19,"gold_loss":0}],"is_beta":false,"boss_relics":[{"not_picked":["SlaversCollar","Coffee Dripper"],"picked":"Sozu"}],"items_purged_floors":[5,21],"is_endless":false,"potions_floor_spawned":[1,6,8,14,16,22],"killed_by":"Snake Plant","ascension_level":10}}