{"host":"4pckc3u5mqcilakq","time":1611860010,"event":{"mods":["AchievementEnabler","BaseMod","Colored Map","Colored Powertips","Highlight Path","Minty Spire (QoL Compilation)"],"gold_per_floor":[111,111,131,144,144,175,175,189,189,224,240,271,239,29,29,134,134,147,147,147,191,210,210,210,82,136,136,167,167,232,262,262],"floor_reached":31,"language":"ENG","playtime":3795,"items_purged":["Strike_P"],"score":445,"play_id":"e5ca7714-2840-457a-b2a9-a8009fdca62d","local_time":"20210128215330","is_ascension_mode":true,"campfire_choices":[{"data":"Eruption","floor":7,"key":"SMITH"},{"floor":15,"key":"REST"},{"floor":24,"key":"REST"},{"data":"RitualDagger","floor":27,"key":"SMITH"}],"circlet_count":0,"master_deck":["Strike_P","Strike_P","Strike_P+1","Defend_P","Defend_P+1","Defend_P","Defend_P","Eruption+1","Vigilance","EmptyFist","Devotion","ClearTheMind","FearNoEvil","Consecrate","CutThroughFate","FollowUp","Vault+1","Devotion","Prostrate+1","Wish+1","FollowUp","RitualDagger+1","EmptyFist+1","Vault+1","Prostrate+1","Ghostly+1","Ghostly+1","Ghostly+1","Ghostly+1","Ghostly+1","Conclude"],"relics":["SlaversCollar","PreservedInsect","Peace Pipe","InkBottle","Omamori","Toxic Egg 2","Black Star","Nunchaku","Question Card","Bottled Lightning","CeramicFish"],"acts_visited":["Exordium","TheCity"],"potions_floor_usage":[10,10,22,23,23],"damage_taken":[{"damage":0,"enemies":"Jaw Worm","floor":1,"turns":3},{"damage":9,"enemies":"Small Slimes","floor":3,"turns":4},{"damage":2,"enemies":"2 Louse","floor":4,"turns":3},{"damage":5,"enemies":"Gremlin Nob","floor":6,"turns":3},{"damage":12,"enemies":"Exordium Wildlife","floor":8,"turns":4},{"damage":1,"enemies":"3 Sentries","floor":10,"turns":5},{"damage":3,"enemies":"3 Louse","floor":11,"turns":3},{"damage":2,"enemies":"Gremlin Nob","floor":12,"turns":3},{"damage":9,"enemies":"The Guardian","floor":16,"turns":10},{"damage":11,"enemies":"Spheric Guardian","floor":18,"turns":4},{"damage":31,"enemies":"3 Byrds","floor":21,"turns":6},{"damage":14,"enemies":"Cultist and Chosen","floor":22,"turns":6},{"damage":10,"enemies":"Slavers","floor":23,"turns":2},{"damage":18,"enemies":"Book of Stabbing","floor":28,"turns":4},{"damage":0,"enemies":"Gremlin Leader","floor":30,"turns":7},{"damage":5,"enemies":"Masked Bandits","floor":31,"turns":6}],"seed_played":"2124766715724485346","potions_obtained":[{"floor":3,"key":"LiquidMemories"},{"floor":4,"key":"SmokeBomb"},{"floor":6,"key":"EssenceOfSteel"},{"floor":16,"key":"Regen Potion"},{"floor":22,"key":"SkillPotion"},{"floor":30,"key":"StancePotion"}],"is_trial":false,"path_per_floor":["M","?","M","M","?","E","R","M","T","E","M","E","?","$","R","B",null,"M","?","?","M","M","E","R","$","T","R","E","?","E","?"],"character_chosen":"WATCHER","items_purchased":["Devotion","Prostrate+1","Prostrate+1"],"campfire_rested":2,"item_purchase_floors":[14,14,25],"current_hp_per_floor":[72,58,49,47,40,35,35,23,23,22,19,17,17,17,38,29,61,50,50,44,13,14,4,25,25,25,25,7,7,7,2,2],"gold":262,"neow_bonus":"BOSS_RELIC","is_daily":false,"chose_seed":false,"campfire_upgraded":2,"win_rate":0.0,"timestamp":1611860010,"path_taken":["M","?","M","M","?","E","R","M","T","E","M","E","?","$","R","BOSS","M","?","?","M","?","E","R","?","T","R","E","?","E","?"],"items_purchased_type":["Card","Card","Card"],"build_version":"2020-12-22","purchased_purges":1,"victory":false,"max_hp_per_floor":[72,72,72,72,72,72,72,72,72,72,72,72,72,72,72,72,72,72,72,72,72,72,72,72,72,72,72,72,36,36,36,36],"card_choices":[{"not_picked":["Crescendo","CrushJoints"],"picked":"EmptyFist","floor":1},{"not_picked":["EmptyMind","Prostrate"],"picked":"Devotion","floor":3},{"not_picked":["Halt","JustLucky"],"picked":"ClearTheMind","floor":4},{"not_picked":["Protect","FlyingSleeves"],"picked":"FearNoEvil","floor":6},{"not_picked":["Halt","FlyingSleeves"],"picked":"Consecrate","floor":8},{"not_picked":["Wireheading","Evaluate"],"picked":"CutThroughFate","floor":10},{"not_picked":["EmptyBody","CrushJoints"],"picked":"FollowUp","floor":11},{"not_picked":["SashWhip","Tantrum"],"picked":"Vault+1","floor":12},{"not_picked":["Blasphemy+1","MasterReality"],"picked":"Wish+1","floor":16},{"not_picked":["SignatureMove","FearNoEvil"],"picked":"FollowUp","floor":18},{"not_picked":["FlyingSleeves","CrushJoints"],"picked":"EmptyFist+1","floor":21},{"not_picked":["PathToVictory+1","EmptyBody+1"],"picked":"Vault+1","floor":22},{"not_picked":["Halt+1","CutThroughFate","EmptyBody+1"],"picked":"SKIP","floor":28},{"not_picked":["Halt+1","Worship+1","Judgement+1"],"picked":"Conclude","floor":30}],"player_experience":213298,"relics_obtained":[{"floor":6,"key":"Peace Pipe"},{"floor":9,"key":"InkBottle"},{"floor":10,"key":"Omamori"},{"floor":12,"key":"Toxic Egg 2"},{"floor":26,"key":"Nunchaku"},{"floor":28,"key":"Question Card"},{"floor":28,"key":"Bottled Lightning"},{"floor":30,"key":"CeramicFish"}],"event_choices":[{"damage_healed":0,"gold_gain":0,"player_choice":"Entered Light","damage_taken":14,"max_hp_gain":0,"max_hp_loss":0,"event_name":"Shining Light","floor":2,"gold_loss":0,"cards_upgraded":["Strike_P","Defend_P"]},{"damage_healed":0,"gold_gain":0,"player_choice":"Success","damage_taken":7,"relics_obtained":["PreservedInsect"],"max_hp_gain":0,"max_hp_loss":0,"event_name":"Scrap Ooze","floor":5,"gold_loss":0},{"damage_healed":0,"gold_gain":0,"player_choice":"Left Gold","damage_taken":0,"max_hp_gain":0,"max_hp_loss":0,"event_name":"World of Goop","floor":13,"gold_loss":32},{"damage_healed":0,"gold_gain":0,"player_choice":"Ignored","damage_taken":0,"max_hp_gain":0,"max_hp_loss":0,"event_name":"Cursed Tome","floor":19,"gold_loss":0},{"damage_healed":0,"gold_gain":0,"player_choice":"Joined the Cult","damage_taken":6,"max_hp_gain":0,"max_hp_loss":0,"event_name":"Nest","floor":20,"gold_loss":0,"cards_obtained":["RitualDagger"]},{"damage_healed":0,"gold_gain":0,"player_choice":"Became a Ghost","damage_taken":0,"max_hp_gain":0,"max_hp_loss":36,"event_name":"Ghosts","floor":29,"gold_loss":0,"cards_obtained":["Ghostly","Ghostly","Ghostly","Ghostly","Ghostly"]},{"damage_healed":0,"gold_gain":0,"player_choice":"Fought Bandits","damage_taken":0,"max_hp_gain":0,"max_hp_loss":0,"event_name":"Masked Bandits","floor":31,"gold_loss":0}],"is_beta":false,"boss_relics":[{"not_picked":["Tiny House","VioletLotus"],"picked":"Black Star"}],"items_purged_floors":[25],"is_endless":false,"potions_floor_spawned":[3,4,6,16,22,30],"killed_by":"Masked Bandits","ascension_level":5}}