{"host":"drjz7zl15rqtgg20","time":1611852229,"event":{"mods":["BaseMod","Downfall","Minty Spire (QoL Compilation)","StSLib"],"gold_per_floor":[99,111,21,40,40,25,77,102,87,116,16,35,35,35,50,154,154,54,66,51,51,36,36,36,36,63,80,97,97,97,185,197,297,297,297,312,312,312,325,380,405,421,449,449,449,449],"floor_reached":44,"language":"ENG","playtime":2653,"items_purged":["Guardian:Strike_Guardian","Guardian:Defend_Guardian"],"score":502,"play_id":"0bd95830-165d-4f7d-bafc-ea9be9844634","local_time":"20210128114349","is_ascension_mode":false,"campfire_choices":[{"floor":1,"key":"RECALL"},{"data":"Guardian:TwinSlam","floor":11,"key":"SMITH"},{"data":"Guardian:TimeSifter","floor":18,"key":"SMITH"},{"data":"Guardian:DecasProtection","floor":23,"key":"SMITH"},{"data":"Guardian:DonusPower","floor":25,"key":"SMITH"},{"data":"Guardian:FloatingOrbs","floor":30,"key":"SMITH"},{"data":"Guardian:BodySlam","floor":35,"key":"SMITH"}],"circlet_count":0,"master_deck":["Guardian:Strike_Guardian","Guardian:Defend_Guardian","Guardian:Defend_Guardian+1","Guardian:Defend_Guardian","Guardian:CurlUp","Guardian:TwinSlam+1","Guardian:RevengeProtocol","Guardian:SpikerProtocol","Guardian:BodySlam+1","Guardian:DonusPower+1","Guardian:StasisStrike","Guardian:FloatingOrbs+1","Guardian:DecasProtection+1","Guardian:TimeSifter+1","Guardian:TemporalShield+1","Guardian:SentryBeam+1","Guardian:PrimingBeam+1","Guardian:Gem_White","Guardian:Gem_Synthetic","downfall:Haunted","Guardian:RollAttack+1","Guardian:Gem_White"],"relics":["Guardian:ModeShifter","CaptainsWheel","Odd Mushroom","downfall:HeartBlessingRed","The Courier","Busted Crown","downfall:HeartBlessingBlue","Kunai","Frozen Egg 2","War Paint","Pantograph","Cursed Key","Prayer Wheel","Pen Nib","Ginger"],"acts_visited":["Exordium","TheCity","TheBeyond"],"potions_floor_usage":[16,33,40,42],"damage_taken":[{"damage":0,"enemies":"Cultist","floor":2,"turns":4},{"damage":0,"enemies":"downfall:FleeingMerchant","floor":3,"turns":4},{"damage":0,"enemies":"Small Slimes","floor":4,"turns":3},{"damage":5,"enemies":"downfall:FleeingMerchant","floor":6,"turns":4},{"damage":21,"enemies":"3 Sentries","floor":8,"turns":9},{"damage":10,"enemies":"downfall:FleeingMerchant","floor":9,"turns":4},{"damage":9,"enemies":"The Mushroom Lair","floor":10,"turns":3},{"damage":0,"enemies":"Jaw Worm","floor":12,"turns":3},{"damage":0,"enemies":"Large Slime","floor":15,"turns":5},{"damage":26,"enemies":"SI_SHIV_ARCHETYPE","floor":16,"turns":8},{"damage":0,"enemies":"Chosen","floor":19,"turns":4},{"damage":15,"enemies":"downfall:FleeingMerchant","floor":20,"turns":4},{"damage":5,"enemies":"downfall:FleeingMerchant","floor":22,"turns":4},{"damage":21,"enemies":"Gremlin Leader","floor":26,"turns":4},{"damage":6,"enemies":"Shell Parasite","floor":27,"turns":5},{"damage":2,"enemies":"Chosen and Byrds","floor":28,"turns":4},{"damage":9,"enemies":"downfall:FleeingMerchant","floor":31,"turns":3},{"damage":0,"enemies":"Snecko","floor":32,"turns":3},{"damage":6,"enemies":"WA_ARCHETYPE_CALM","floor":33,"turns":7},{"damage":23,"enemies":"3 Darklings","floor":36,"turns":4},{"damage":10,"enemies":"Orb Walker","floor":39,"turns":3},{"damage":28,"enemies":"2 Orb Walkers","floor":40,"turns":4},{"damage":0,"enemies":"Sphere and 2 Shapes","floor":42,"turns":4},{"damage":26,"enemies":"Nemesis","floor":43,"turns":5},{"damage":0,"enemies":"3 Darklings","floor":44,"turns":1}],"seed_played":"-2200648494313630038","potions_obtained":[{"floor":2,"key":"Weak Potion"},{"floor":8,"key":"EssenceOfSteel"},{"floor":10,"key":"LiquidBronze"},{"floor":15,"key":"Explosive Potion"},{"floor":16,"key":"EssenceOfSteel"},{"floor":27,"key":"Swift Potion"},{"floor":32,"key":"Energy Potion"},{"floor":36,"key":"BlessingOfTheForge"}],"is_trial":false,"path_per_floor":["R","M","$","M","?","$","T","E","$","?","R","M","?","T","M","B",null,"R","M","$","?","$","R","T","R","E","M","M","?","R","$","M","B",null,"R","M","?","?","M","?","T","M","E","M"],"character_chosen":"GUARDIAN","items_purchased":["Pantograph"],"campfire_rested":0,"item_purchase_floors":[31],"current_hp_per_floor":[80,80,80,80,80,75,75,54,44,35,35,35,40,40,40,14,85,95,95,80,80,75,75,75,75,54,48,46,46,46,37,37,56,95,95,72,72,72,62,34,34,34,8,8,8,8],"gold":449,"neow_bonus":"ONE_RANDOM_RARE_CARD","is_daily":false,"chose_seed":false,"campfire_upgraded":6,"win_rate":0.0,"timestamp":1611852229,"path_taken":["R","M","?","M","?","$","T","E","$","?","R","M","?","?","M","BOSS","R","M","?","?","$","R","T","R","E","M","M","?","R","$","M","BOSS","R","M","?","?","M","?","T","M","E","?"],"items_purchased_type":["Relic"],"build_version":"2020-12-22","purchased_purges":2,"victory":false,"max_hp_per_floor":[80,80,80,80,80,80,80,80,80,80,80,80,85,85,85,85,85,95,95,95,95,95,95,95,95,95,95,95,95,95,95,95,95,95,95,95,95,95,95,95,95,95,95,95,95,95],"card_choices":[{"not_picked":["Guardian:ShieldCharger","Guardian:Gem_Crimson"],"picked":"Guardian:SpikerProtocol","floor":2},{"not_picked":["Guardian:TimeCapacitor","Guardian:Suspension"],"picked":"Guardian:Gem_Crimson","floor":3},{"not_picked":["Guardian:Suspension","Guardian:Planning"],"picked":"Guardian:BodySlam","floor":4},{"not_picked":["Guardian:PrismaticBarrier","Guardian:Gem_Lightblue"],"picked":"Guardian:StasisStrike","floor":6},{"not_picked":["Guardian:ArmoredProtocol","Guardian:Gem_White"],"picked":"Guardian:FloatingOrbs","floor":8},{"not_picked":["Guardian:Gem_Cyan","Guardian:PolyBeam"],"picked":"Guardian:Gem_Orange","floor":9},{"not_picked":["Guardian:TemporalShield","Guardian:WalkerClaw"],"picked":"Guardian:DecasProtection","floor":12},{"not_picked":["Guardian:CrystalBeam","Guardian:Suspension","Guardian:Emergency"],"picked":"SKIP","floor":15},{"not_picked":["Guardian:HyperBeam_Guardian","Guardian:SphericShield"],"picked":"Guardian:TimeSifter","floor":16},{"not_picked":[],"picked":"Guardian:TemporalShield","floor":19},{"not_picked":[],"picked":"Guardian:SentryBeam+1","floor":20},{"not_picked":["Guardian:Incinerate"],"picked":"SKIP","floor":22},{"not_picked":["Guardian:Gem_Lightblue"],"picked":"SKIP","floor":26},{"not_picked":["Guardian:CrystalBeam"],"picked":"SKIP","floor":27},{"not_picked":["Guardian:WalkerClaw"],"picked":"SKIP","floor":28},{"not_picked":[],"picked":"Guardian:PrimingBeam+1","floor":31},{"not_picked":["Guardian:TimeBomb"],"picked":"SKIP","floor":32},{"not_picked":[],"picked":"Guardian:Gem_White","floor":36},{"not_picked":["Guardian:Gem_Red"],"picked":"SKIP","floor":39},{"not_picked":[],"picked":"Guardian:RollAttack+1","floor":42},{"not_picked":["Guardian:PrismaticBeam+1"],"picked":"SKIP","floor":42},{"not_picked":[],"picked":"Guardian:Gem_White","floor":43}],"player_experience":590791,"relics_obtained":[{"floor":8,"key":"CaptainsWheel"},{"floor":10,"key":"Odd Mushroom"},{"floor":14,"key":"The Courier"},{"floor":24,"key":"Kunai"},{"floor":26,"key":"Frozen Egg 2"},{"floor":40,"key":"Prayer Wheel"},{"floor":41,"key":"Pen Nib"},{"floor":43,"key":"Ginger"}],"event_choices":[{"damage_healed":0,"gold_gain":0,"cards_transformed":["Guardian:Strike_Guardian"],"player_choice":"Change","damage_taken":0,"max_hp_gain":0,"max_hp_loss":0,"event_name":"Living Wall","floor":5,"gold_loss":0,"cards_obtained":["Guardian:DonusPower"]},{"damage_healed":0,"gold_gain":0,"player_choice":"Fought Mushrooms","damage_taken":0,"max_hp_gain":0,"max_hp_loss":0,"event_name":"Mushrooms","floor":10,"gold_loss":0},{"damage_healed":0,"gold_gain":0,"player_choice":"Donut","damage_taken":0,"max_hp_gain":5,"max_hp_loss":0,"event_name":"Big Fish","floor":13,"gold_loss":0},{"damage_healed":0,"gold_gain":0,"player_choice":"Ignored","damage_taken":0,"max_hp_gain":0,"max_hp_loss":0,"event_name":"Vampires","floor":21,"gold_loss":0},{"damage_healed":0,"gold_gain":0,"player_choice":"Fight","damage_taken":0,"max_hp_gain":0,"max_hp_loss":0,"event_name":"Mysterious Sphere","floor":40,"gold_loss":0}],"is_beta":false,"boss_relics":[{"not_picked":["Tiny House","Black Star"],"picked":"Busted Crown"},{"not_picked":["Fusion Hammer","Philosopher\u0027s Stone"],"picked":"Cursed Key"}],"items_purged_floors":[3,31],"is_endless":false,"potions_floor_spawned":[2,8,10,15,16,27,32,36],"killed_by":"3 Darklings","ascension_level":0}}