{"host":"xmr2g8b7eju0288o","time":1611843077,"event":{"mods":["100% Spire Juice","AchievementEnabler","BaseMod","Colored Map","Colored Powertips","KOR Keyword Fix","Minty Spire (QoL Compilation)","Quick Restart","Spicy Shops","StSLib","SuperFastMode"],"gold_per_floor":[116,135,135,151,161,196,207,207,287,287,300,329,346,358,118,217,97,116,31,47,61,61,61],"floor_reached":22,"language":"KOR","playtime":960,"items_purged":[],"score":202,"play_id":"c8343d73-501f-4e3d-94a8-4d9b4236cc6b","local_time":"20210128231117","is_ascension_mode":false,"campfire_choices":[{"floor":8.0,"key":"REST"},{"floor":15.0,"key":"REST"}],"circlet_count":0,"master_deck":["Moonworks:Strike","Moonworks:Strike","Moonworks:Strike","Moonworks:Strike","Moonworks:Defend","Moonworks:Defend","Moonworks:Defend","Moonworks:Defend","Moonworks:Ambush","Moonworks:LongDistanceShot","Moonworks:SakisCookie","Moonworks:DevilHand","Moonworks:JonathanRush","Moonworks:NicePresent","Moonworks:CloudOfSeagulls","Moonworks:CloudOfSeagulls","Moonworks:CloudOfSeagulls","Moonworks:JonathanRush","Moonworks:Accelerator","Moonworks:NicePresent","Moonworks:NicePresent","Moonworks:FullSpeedAlicianrone+1"],"relics":["Moonworks:BrokenBomb","Moonworks:Homemark","Centennial Puzzle","HornCleat","Pocketwatch","Fusion Hammer","PreservedInsect"],"acts_visited":["Exordium","TheCity"],"potions_floor_usage":[],"damage_taken":[{"damage":1.0,"enemies":"Jaw Worm","floor":1.0,"turns":4.0},{"damage":1.0,"enemies":"Cultist","floor":2.0,"turns":3.0},{"damage":0.0,"enemies":"Small Slimes","floor":4.0,"turns":3.0},{"damage":7.0,"enemies":"3 Louse","floor":5.0,"turns":3.0},{"damage":40.0,"enemies":"Lagavulin","floor":6.0,"turns":7.0},{"damage":19.0,"enemies":"Exordium Thugs","floor":7.0,"turns":5.0},{"damage":5.0,"enemies":"Large Slime","floor":11.0,"turns":5.0},{"damage":2.0,"enemies":"Gremlin Nob","floor":12.0,"turns":3.0},{"damage":12.0,"enemies":"3 Louse","floor":13.0,"turns":3.0},{"damage":7.0,"enemies":"2 Fungi Beasts","floor":14.0,"turns":2.0},{"damage":34.0,"enemies":"Hexaghost","floor":16.0,"turns":8.0},{"damage":2,"enemies":"3 Byrds","floor":18,"turns":4},{"damage":23,"enemies":"2 Thieves","floor":20,"turns":4},{"damage":33,"enemies":"Snake Plant","floor":21,"turns":4},{"damage":8,"enemies":"Shelled Parasite and Fungi","floor":22,"turns":1}],"seed_played":"2771235052874193735","potions_obtained":[{"floor":2.0,"key":"SpeedPotion"},{"floor":3.0,"key":"SkillPotion"},{"floor":3.0,"key":"Swift Potion"},{"floor":3.0,"key":"LiquidMemories"},{"floor":4.0,"key":"Regen Potion"},{"floor":6.0,"key":"SkillPotion"},{"floor":7.0,"key":"PowerPotion"},{"floor":14.0,"key":"SkillPotion"},{"floor":16.0,"key":"Explosive Potion"}],"is_trial":false,"path_per_floor":["M","M","?","M","M","E","M","R","T","?","M","E","M","M","R","B",null,"M","?","M","M","M"],"character_chosen":"THE_STARBREAKER","items_purchased":[],"campfire_rested":2,"item_purchase_floors":[],"current_hp_per_floor":[65,65,65,65,58,32,15,34,34,34,31,31,19,14,33,1,66,64,64,41,8,0,0],"gold":61,"neow_bonus":"TEN_PERCENT_HP_BONUS","is_daily":false,"chose_seed":false,"campfire_upgraded":0,"win_rate":0.0,"timestamp":1611843077,"path_taken":["M","M","?","?","M","E","M","R","T","?","?","E","M","M","R","BOSS","M","?","M","M","M"],"items_purchased_type":[],"build_version":"2020-12-22","purchased_purges":0,"victory":false,"max_hp_per_floor":[66,66,66,66,66,66,66,66,66,66,66,66,66,66,66,66,66,66,66,66,66,66,66],"card_choices":[{"not_picked":["Moonworks:FinalSurgery","Moonworks:ImOnFire"],"picked":"Moonworks:SakisCookie","floor":1.0},{"not_picked":["Moonworks:LulusLuckyEgg","Moonworks:IndiscriminateFireSupport"],"picked":"Moonworks:DevilHand","floor":2.0},{"not_picked":["Moonworks:LulusLuckyEgg","Moonworks:FinalSurgery"],"picked":"Moonworks:JonathanRush","floor":4.0},{"not_picked":["Moonworks:LulusLuckyEgg","Moonworks:Poppoformation"],"picked":"Moonworks:NicePresent","floor":5.0},{"not_picked":["Moonworks:SakisCookie","Moonworks:SealedMemories"],"picked":"Moonworks:CloudOfSeagulls","floor":6.0},{"not_picked":["Moonworks:EvilSpyWorkPreparation","Moonworks:BigMagnum","Moonworks:Assault"],"picked":"SKIP","floor":7.0},{"not_picked":["Moonworks:DeployBits","Moonworks:CastOff","Moonworks:StiffCrystal"],"picked":"SKIP","floor":11.0},{"not_picked":["Moonworks:ForcedRevival","Moonworks:JonathanRush"],"picked":"Moonworks:CloudOfSeagulls","floor":12.0},{"not_picked":["Moonworks:ReflectiveShell","Moonworks:IntelligenceOfficer"],"picked":"Moonworks:CloudOfSeagulls","floor":13.0},{"not_picked":["Moonworks:ImOnFire","Moonworks:Assault"],"picked":"Moonworks:JonathanRush","floor":14.0},{"not_picked":["Moonworks:Blazing","Moonworks:EvilMastermind"],"picked":"Moonworks:Accelerator","floor":16.0},{"not_picked":["Moonworks:SakisCookie","Moonworks:LulusLuckyEgg"],"picked":"Moonworks:NicePresent","floor":18},{"not_picked":["Moonworks:RagingMadness+1","Moonworks:LulusLuckyEgg+1"],"picked":"Moonworks:NicePresent","floor":20},{"not_picked":["Moonworks:AngelHand","Moonworks:Assault"],"picked":"Moonworks:FullSpeedAlicianrone+1","floor":21}],"player_experience":110384,"relics_obtained":[{"floor":6.0,"key":"Centennial Puzzle"},{"floor":9.0,"key":"HornCleat"},{"floor":12.0,"key":"Pocketwatch"}],"event_choices":[{"damage_healed":0.0,"max_hp_gain":0.0,"max_hp_loss":0.0,"gold_gain":0.0,"event_name":"Lab","player_choice":"Got Potions","floor":3.0,"gold_loss":0.0,"damage_taken":0.0},{"damage_healed":0.0,"max_hp_gain":0.0,"max_hp_loss":0.0,"gold_gain":0.0,"event_name":"Match and Keep!","player_choice":"0 cards matched","floor":10.0,"gold_loss":0.0,"damage_taken":0.0,"cards_obtained":[]},{"damage_healed":0,"gold_gain":0,"player_choice":"Obtained Relic","damage_taken":0,"relics_obtained":["PreservedInsect"],"max_hp_gain":0,"max_hp_loss":0,"event_name":"Addict","floor":19,"gold_loss":85}],"is_beta":false,"boss_relics":[{"not_picked":["Velvet Choker","Astrolabe"],"picked":"Fusion Hammer"}],"items_purged_floors":[],"is_endless":false,"potions_floor_spawned":[2,4,6,7,14,16],"killed_by":"Shelled Parasite and Fungi","ascension_level":0}}