{"host":"qsusua7l529r8z9k","time":1611842687,"event":{"mods":["BaseMod","Minty Spire (QoL Compilation)","Spicy Shops","StSLib"],"gold_per_floor":[17,32,32,81,105,140,140,158,185,260,260,260,260],"floor_reached":12,"language":"ZHS","playtime":274,"items_purged":[],"score":148,"play_id":"89aafa10-3e8a-4cef-82f7-8dcd91717404","local_time":"20210128220447","is_ascension_mode":true,"campfire_choices":[{"data":"Biased Cognition","floor":7.0,"key":"SMITH"},{"data":"Coolheaded","floor":11.0,"key":"SMITH"}],"circlet_count":0,"master_deck":["AscendersBane","Strike_B","Strike_B","Strike_B","Strike_B","Defend_B","Defend_B","Defend_B","Defend_B","Zap","Dualcast","Biased Cognition+1","Double Energy","Streamline","Coolheaded+1"],"relics":["Cracked Core","Golden Idol","Centennial Puzzle","Art of War","PreservedInsect"],"acts_visited":["Exordium"],"potions_floor_usage":[],"damage_taken":[{"damage":13.0,"enemies":"2 Louse","floor":1.0,"turns":2.0},{"damage":7.0,"enemies":"Jaw Worm","floor":2.0,"turns":4.0},{"damage":4.0,"enemies":"Small Slimes","floor":5.0,"turns":3.0},{"damage":11.0,"enemies":"Gremlin Nob","floor":6.0,"turns":3.0},{"damage":2.0,"enemies":"Looter","floor":8.0,"turns":4.0},{"damage":18,"enemies":"3 Sentries","floor":12,"turns":3}],"seed_played":"-9118678143995284580","potions_obtained":[{"floor":2.0,"key":"GamblersBrew"},{"floor":5.0,"key":"BlessingOfTheForge"},{"floor":6.0,"key":"SmokeBomb"}],"is_trial":false,"path_per_floor":["M","M","?","T","M","E","R","M","T","?","R","E"],"character_chosen":"DEFECT","items_purchased":[],"campfire_rested":0,"item_purchase_floors":[],"current_hp_per_floor":[51,44,44,44,40,29,29,27,27,16,16,0,0],"gold":260,"neow_bonus":"THREE_RARE_CARDS","is_daily":false,"chose_seed":false,"campfire_upgraded":2,"win_rate":0.0,"timestamp":1611842687,"path_taken":["M","M","?","?","M","E","R","M","T","?","R","E"],"items_purchased_type":[],"build_version":"2020-12-22","purchased_purges":0,"victory":false,"max_hp_per_floor":[71,71,64,64,64,64,64,64,64,64,64,64,64],"card_choices":[{"not_picked":["Seek","Core Surge"],"picked":"Biased Cognition","floor":0.0},{"not_picked":["Rebound","Redo","Melter"],"picked":"SKIP","floor":1.0},{"not_picked":["Reinforced Body","FTL"],"picked":"Double Energy","floor":2.0},{"not_picked":["Compile Driver","Redo"],"picked":"Streamline","floor":5.0},{"not_picked":["Capacitor","Storm"],"picked":"Coolheaded","floor":6.0},{"not_picked":["Compile Driver","Static Discharge","Scrape"],"picked":"SKIP","floor":8.0}],"player_experience":531683,"relics_obtained":[{"floor":4.0,"key":"Centennial Puzzle"},{"floor":6.0,"key":"Art of War"},{"floor":9.0,"key":"PreservedInsect"}],"event_choices":[{"damage_healed":0.0,"max_hp_gain":0.0,"max_hp_loss":7.0,"gold_gain":0.0,"event_name":"Golden Idol","player_choice":"Lose Max HP","floor":3.0,"gold_loss":0.0,"damage_taken":0.0,"relics_obtained":["Golden Idol"]},{"damage_healed":0.0,"max_hp_gain":0.0,"max_hp_loss":0.0,"gold_gain":75.0,"event_name":"World of Goop","player_choice":"Gather Gold","floor":10.0,"gold_loss":0.0,"damage_taken":11.0}],"is_beta":false,"boss_relics":[],"items_purged_floors":[],"is_endless":false,"potions_floor_spawned":[2,5,6],"killed_by":"3 Sentries","ascension_level":18}}