{"host":"wq0pzln9h9r005f2","time":1611798902,"event":{"mods":["AchievementEnabler","BaseMod","Googly Eyes","Highlight Path","Minty Spire (QoL Compilation)","Quick Restart","Rare Cards Sparkle","Relic Stats","The IronCluck","egg"],"gold_per_floor":[109,122,68,68,78,110,126,126,153,185,185,185,185,185,185,185,185],"floor_reached":16,"language":"ENG","playtime":295,"items_purged":[],"score":178,"play_id":"22172457-3962-4adf-9938-face8187d2e1","local_time":"20210127185502","is_ascension_mode":true,"campfire_choices":[{"data":"Whirlwind","floor":8,"key":"SMITH"},{"floor":13,"key":"REST"},{"data":"Flex","floor":15,"key":"SMITH"}],"circlet_count":0,"master_deck":["AscendersBane","Strike_R","Strike_R","Strike_R","Strike_R","Strike_R","Defend_R","Defend_R","Defend_R","Defend_R","Bash","Perfected Strike","Flex+1","Wild Strike","Whirlwind+1"],"relics":["Burning Blood","NeowsBlessing","Regal Pillow","Bag of Preparation","Strawberry","Gremlin Horn"],"acts_visited":["Exordium"],"potions_floor_usage":[10,10],"damage_taken":[{"damage":0,"enemies":"Jaw Worm","floor":1,"turns":1},{"damage":0,"enemies":"Cultist","floor":2,"turns":1},{"damage":0,"enemies":"Small Slimes","floor":5,"turns":1},{"damage":40,"enemies":"Lagavulin","floor":6,"turns":7},{"damage":12,"enemies":"Looter","floor":7,"turns":3},{"damage":18,"enemies":"Gremlin Nob","floor":10,"turns":3},{"damage":66,"enemies":"Hexaghost","floor":16,"turns":9}],"seed_played":"-5982540928159989231","potions_obtained":[{"floor":1,"key":"Ancient Potion"},{"floor":5,"key":"LiquidBronze"},{"floor":7,"key":"PowerPotion"},{"floor":10,"key":"Fruit Juice"}],"is_trial":false,"path_per_floor":["M","M","$","?","M","E","M","R","T","E","?","?","R","?","R","B"],"character_chosen":"IRONCLAD","items_purchased":["Flex"],"campfire_rested":1,"item_purchase_floors":[3],"current_hp_per_floor":[78,80,80,72,78,44,38,38,38,38,38,20,62,62,62,0,0],"gold":185,"neow_bonus":"THREE_ENEMY_KILL","is_daily":false,"chose_seed":false,"campfire_upgraded":2,"win_rate":0.0,"timestamp":1611798902,"path_taken":["M","M","$","?","M","E","?","R","T","E","?","?","R","?","R","BOSS"],"items_purchased_type":["Card"],"build_version":"2020-12-22","purchased_purges":0,"victory":false,"max_hp_per_floor":[80,80,80,80,80,80,80,80,80,92,92,92,92,92,92,92,92],"relic_stats":{"Regal Pillow":15,"Gremlin Horn":[0,0],"counters":[7,25],"Bag of Preparation":[4],"obtain_stats":[{"Regal Pillow":6,"NeowsBlessing":0,"Gremlin Horn":12,"Strawberry":10,"Bag of Preparation":9,"Burning Blood":0},{"Regal Pillow":4,"NeowsBlessing":0,"Gremlin Horn":6,"Strawberry":6,"Bag of Preparation":5,"Burning Blood":0},{"Regal Pillow":10,"NeowsBlessing":0,"Gremlin Horn":16,"Strawberry":16,"Bag of Preparation":13,"Burning Blood":0}],"Burning Blood":32},"card_choices":[{"not_picked":["Sentinel","Iron Wave"],"picked":"Perfected Strike","floor":1},{"not_picked":["Sword Boomerang","Entrench","Uppercut"],"picked":"SKIP","floor":2},{"not_picked":["Havoc","Power Through"],"picked":"Wild Strike","floor":5},{"not_picked":["Heavy Blade","Bloodletting","Armaments"],"picked":"SKIP","floor":6},{"not_picked":["Sever Soul","Warcry"],"picked":"Whirlwind","floor":7},{"not_picked":["Uppercut","Pommel Strike","Rampage"],"picked":"SKIP","floor":10}],"player_experience":93417,"relics_obtained":[{"floor":6,"key":"Regal Pillow"},{"floor":9,"key":"Bag of Preparation"},{"floor":10,"key":"Strawberry"}],"event_choices":[{"damage_healed":0,"gold_gain":0,"player_choice":"Damaged","damage_taken":8,"max_hp_gain":0,"max_hp_loss":0,"event_name":"Wheel of Change","floor":4,"gold_loss":0},{"damage_healed":0,"gold_gain":0,"player_choice":"Ignored","damage_taken":0,"max_hp_gain":0,"max_hp_loss":0,"event_name":"Liars Game","floor":11,"gold_loss":0},{"damage_healed":0,"gold_gain":0,"player_choice":"Success","damage_taken":18,"relics_obtained":["Gremlin Horn"],"max_hp_gain":0,"max_hp_loss":0,"event_name":"Scrap Ooze","floor":12,"gold_loss":0},{"damage_healed":0,"gold_gain":0,"player_choice":"Ignored","damage_taken":0,"max_hp_gain":0,"max_hp_loss":0,"event_name":"Golden Idol","floor":14,"gold_loss":0}],"is_beta":false,"boss_relics":[],"items_purged_floors":[],"is_endless":false,"potions_floor_spawned":[1,5,7,10],"killed_by":"Hexaghost","ascension_level":13}}