{"host":"gobyjzz6xbwq9f9i","time":1611794420,"event":{"mods":["AchievementEnabler","BaseMod","Bestiary","Colored Map","Minty Spire (QoL Compilation)"],"gold_per_floor":[117,129,129,129,146,146,179,179,179,254,254,270,299,49,49,150,150,163,181,195,52,52,52,87,87,87,186,205,238,338,288,288,288,288],"floor_reached":33,"language":"ENG","playtime":1639,"items_purged":[],"score":437,"play_id":"c51e5401-36c2-471d-83f8-4d5679146167","local_time":"20210127164020","is_ascension_mode":true,"campfire_choices":[{"data":"Poisoned Stab","floor":6.0,"key":"SMITH"},{"floor":11.0,"key":"REST"},{"data":"Unload","floor":15.0,"key":"SMITH"},{"data":"A Thousand Cuts","floor":23.0,"key":"SMITH"},{"floor":25.0,"key":"REST"},{"floor":32.0,"key":"REST"}],"circlet_count":0,"master_deck":["AscendersBane","Strike_G+1","Defend_G+1","Defend_G","Defend_G","Defend_G","Survivor","Neutralize","Unload+1","Backstab","Poisoned Stab+1","Underhanded Strike","Footwork","Infinite Blades","Well Laid Plans","A Thousand Cuts+1","Setup+1","Leg Sweep+1","Noxious Fumes+1","Prepared","Backflip+1","Noxious Fumes+1","Infinite Blades","Catalyst"],"relics":["Ring of the Snake","Sundial","InkBottle","Orichalcum","Eternal Feather","Astrolabe","DollysMirror","Vajra","Oddly Smooth Stone","Gremlin Horn","Girya","HornCleat"],"acts_visited":["Exordium","TheCity"],"potions_floor_usage":[],"damage_taken":[{"damage":0.0,"enemies":"Small Slimes","floor":1.0,"turns":2.0},{"damage":0.0,"enemies":"Jaw Worm","floor":2.0,"turns":3.0},{"damage":0.0,"enemies":"Cultist","floor":5.0,"turns":2.0},{"damage":13.0,"enemies":"Gremlin Nob","floor":7.0,"turns":3.0},{"damage":0.0,"enemies":"Looter","floor":12.0,"turns":2.0},{"damage":5.0,"enemies":"Lagavulin","floor":13.0,"turns":5.0},{"damage":24.0,"enemies":"Slime Boss","floor":16.0,"turns":12.0},{"damage":2.0,"enemies":"Chosen","floor":18.0,"turns":5.0},{"damage":11.0,"enemies":"Shell Parasite","floor":19.0,"turns":7.0},{"damage":12.0,"enemies":"Chosen and Byrds","floor":20.0,"turns":7.0},{"damage":10.0,"enemies":"Book of Stabbing","floor":24.0,"turns":6.0},{"damage":5.0,"enemies":"Snecko","floor":28.0,"turns":6.0},{"damage":24.0,"enemies":"Slavers","floor":29.0,"turns":4.0},{"damage":14.0,"enemies":"Colosseum Slavers","floor":30.0,"turns":4.0},{"damage":2.0,"enemies":"Colosseum Nobs","floor":30.0,"turns":5.0},{"damage":49,"enemies":"Collector","floor":33,"turns":7}],"seed_played":"70733506946813471","potions_obtained":[{"floor":2.0,"key":"Strength Potion"},{"floor":7.0,"key":"Block Potion"},{"floor":16.0,"key":"CultistPotion"},{"floor":18.0,"key":"EntropicBrew"},{"floor":20.0,"key":"Poison Potion"},{"floor":30.0,"key":"CultistPotion"}],"is_trial":false,"path_per_floor":["M","M","?","?","M","R","E","$","T","?","R","M","E","$","R","B",null,"M","M","M","$","?","R","E","R","T","?","M","E","?","?","R","B"],"character_chosen":"THE_SILENT","items_purchased":["Eternal Feather","DollysMirror"],"campfire_rested":3,"item_purchase_floors":[14,21],"current_hp_per_floor":[45,45,31,31,31,31,18,18,18,7,28,28,23,23,32,8,55,53,42,30,30,17,29,19,53,53,53,48,24,8,8,42,0,0],"gold":288,"neow_bonus":"TRANSFORM_TWO_CARDS","is_daily":false,"chose_seed":false,"campfire_upgraded":3,"win_rate":0.0,"timestamp":1611794420,"path_taken":["M","M","?","?","M","R","E","$","T","?","R","M","E","$","R","BOSS","M","M","M","$","?","R","E","R","T","?","?","E","?","?","R","BOSS"],"items_purchased_type":["Relic","Relic"],"build_version":"2020-12-22","purchased_purges":0,"victory":false,"max_hp_per_floor":[70,70,70,70,70,70,70,70,70,70,70,70,70,70,70,70,70,70,70,70,70,75,75,75,75,75,75,75,75,75,75,75,75,75],"card_choices":[{"not_picked":["Prepared","Distraction"],"picked":"Poisoned Stab","floor":1.0},{"not_picked":["Sucker Punch","Calculated Gamble"],"picked":"Underhanded Strike","floor":2.0},{"not_picked":["Caltrops","Outmaneuver"],"picked":"Footwork","floor":5.0},{"not_picked":["Acrobatics","Quick Slash"],"picked":"Infinite Blades","floor":7.0},{"not_picked":["Dagger Throw","Reflex"],"picked":"Well Laid Plans","floor":12.0},{"not_picked":["Sucker Punch","Riddle With Holes","Setup"],"picked":"SKIP","floor":13.0},{"not_picked":["Storm of Steel","Tools of the Trade"],"picked":"A Thousand Cuts","floor":16.0},{"not_picked":["Concentrate","Setup+1"],"picked":"Prepared","floor":18.0},{"not_picked":["Outmaneuver","Dagger Throw","Underhanded Strike"],"picked":"SKIP","floor":19.0},{"not_picked":["Eviscerate+1","Prepared"],"picked":"Backflip+1","floor":20.0},{"not_picked":["Masterful Stab","Acrobatics"],"picked":"Infinite Blades","floor":24.0},{"not_picked":["Underhanded Strike+1","Caltrops"],"picked":"Catalyst","floor":28.0},{"not_picked":["Setup","Masterful Stab","Poisoned Stab"],"picked":"SKIP","floor":29.0}],"player_experience":1183460,"relics_obtained":[{"floor":7.0,"key":"Sundial"},{"floor":9.0,"key":"InkBottle"},{"floor":13.0,"key":"Orichalcum"},{"floor":24.0,"key":"Vajra"},{"floor":26.0,"key":"Oddly Smooth Stone"},{"floor":29.0,"key":"Gremlin Horn"},{"floor":30.0,"key":"Girya"},{"floor":30.0,"key":"HornCleat"}],"event_choices":[{"damage_healed":0.0,"max_hp_gain":0.0,"max_hp_loss":0.0,"gold_gain":0.0,"event_name":"Shining Light","player_choice":"Entered Light","floor":3.0,"gold_loss":0.0,"damage_taken":14.0,"cards_upgraded":["Strike_G","Defend_G"]},{"damage_healed":0.0,"max_hp_gain":0.0,"max_hp_loss":0.0,"gold_gain":0.0,"event_name":"Liars Game","player_choice":"Ignored","floor":4.0,"gold_loss":0.0,"damage_taken":0.0},{"damage_healed":0.0,"max_hp_gain":0.0,"max_hp_loss":0.0,"gold_gain":75.0,"event_name":"World of Goop","player_choice":"Gather Gold","floor":10.0,"gold_loss":0.0,"damage_taken":11.0},{"damage_healed":0.0,"max_hp_gain":5.0,"max_hp_loss":0.0,"gold_gain":0.0,"event_name":"Forgotten Altar","player_choice":"Shed Blood","floor":22.0,"gold_loss":0.0,"damage_taken":18.0},{"damage_healed":0.0,"max_hp_gain":0.0,"max_hp_loss":0.0,"gold_gain":99.0,"event_name":"Nest","player_choice":"Stole From Cult","floor":27.0,"gold_loss":0.0,"damage_taken":0.0},{"damage_healed":0.0,"max_hp_gain":0.0,"max_hp_loss":0.0,"gold_gain":0.0,"event_name":"Colosseum","player_choice":"Fight","floor":30.0,"gold_loss":0.0,"damage_taken":0.0},{"damage_healed":0.0,"max_hp_gain":0.0,"max_hp_loss":0.0,"gold_gain":0.0,"event_name":"Colosseum","player_choice":"Fought Nobs","floor":30.0,"gold_loss":0.0,"damage_taken":0.0},{"damage_healed":0.0,"max_hp_gain":0.0,"max_hp_loss":0.0,"gold_gain":0.0,"event_name":"The Joust","player_choice":"Bet on Owner","floor":31.0,"gold_loss":50.0,"damage_taken":0.0}],"is_beta":false,"boss_relics":[{"not_picked":["Empty Cage","Sozu"],"picked":"Astrolabe"}],"items_purged_floors":[],"is_endless":false,"potions_floor_spawned":[2,7,16,18,20,30,30],"killed_by":"Collector","ascension_level":10}}