{"host":"osk2oboccoevp2u5","time":1611864716,"event":{"mods":["AchievementEnabler","Alarm Clock","BaseMod","Colored Powertips","Disable Question Mark Monsters","Displayed Cursed Tome","Hermit","Key Reminder","Minty Spire (QoL Compilation)","Potion Indicator Mod","Quick Restart","Rare Cards Sparkle","Reorder Act Four","StSLib","Useless Jewels Mod"],"gold_per_floor":[368,368,383,47,58,58,92,107,177,177,202,163,163,174,174,273,273,283,208,208,220,220,245,245,245,245,245,262,47,61,73,73,174,174,194,206,217,6,6,6],"floor_reached":39,"language":"ENG","playtime":2349,"items_purged":["hermit:Covet","hermit:Strike_Hermit","hermit:Strike_Hermit"],"score":473,"play_id":"5ab98992-5b17-430d-85fa-7dc66583368f","local_time":"20210128161156","is_ascension_mode":true,"campfire_choices":[{"floor":6,"key":"REST"},{"floor":10,"key":"REST"},{"floor":15,"key":"REST"},{"data":"hermit:Snapshot","floor":24,"key":"SMITH"},{"data":"hermit:Determination","floor":27,"key":"SMITH"},{"floor":32,"key":"REST"}],"circlet_count":0,"master_deck":["hermit:Defend_Hermit","hermit:Defend_Hermit","hermit:Defend_Hermit","hermit:Defend_Hermit","hermit:Snapshot+1","hermit:Grudge","hermit:Glare","hermit:Gestalt","hermit:LowProfile","hermit:PistolWhip","hermit:Combo","hermit:HoleUp","hermit:Determination+1","hermit:Determination","hermit:Determination","hermit:TakeAim+1","hermit:Quickdraw+1","hermit:ShadowCloak"],"relics":["hermit:Momento","Pantograph","FossilizedHelix","Meat on the Bone","hermit:RyeStalk","Mummified Hand","Runic Dome","Nloth\u0027s Gift","Bag of Marbles","Molten Egg 2","Velvet Choker"],"acts_visited":["Exordium","TheCity","TheBeyond"],"potions_floor_usage":[7,16,23,23,28,33,37],"damage_taken":[{"damage":2,"enemies":"Jaw Worm","floor":1,"turns":3},{"damage":0,"enemies":"Cultist","floor":3,"turns":3},{"damage":0,"enemies":"2 Louse","floor":5,"turns":2},{"damage":46,"enemies":"Gremlin Nob","floor":7,"turns":5},{"damage":1,"enemies":"Large Slime","floor":8,"turns":5},{"damage":13,"enemies":"Lagavulin","floor":11,"turns":7},{"damage":6,"enemies":"Red Slaver","floor":14,"turns":3},{"damage":142,"enemies":"Hexaghost","floor":16,"turns":17},{"damage":2,"enemies":"Chosen","floor":18,"turns":6},{"damage":19,"enemies":"2 Thieves","floor":21,"turns":4},{"damage":41,"enemies":"Slavers","floor":23,"turns":9},{"damage":8,"enemies":"3 Cultists","floor":28,"turns":6},{"damage":19,"enemies":"Cultist and Chosen","floor":30,"turns":8},{"damage":31,"enemies":"Snake Plant","floor":31,"turns":6},{"damage":50,"enemies":"Collector","floor":33,"turns":7},{"damage":28,"enemies":"3 Darklings","floor":35,"turns":6},{"damage":29,"enemies":"3 Shapes","floor":36,"turns":7},{"damage":72,"enemies":"3 Darklings","floor":37,"turns":8},{"damage":51,"enemies":"Maw","floor":39,"turns":8}],"seed_played":"6896609833049986726","potions_obtained":[{"floor":1,"key":"Regen Potion"},{"floor":7,"key":"FairyPotion"},{"floor":11,"key":"DistilledChaos"},{"floor":16,"key":"hermit:Tonic"},{"floor":21,"key":"hermit:Tonic"},{"floor":23,"key":"Swift Potion"},{"floor":30,"key":"LiquidMemories"},{"floor":35,"key":"Block Potion"}],"is_trial":false,"path_per_floor":["M","?","M","$","M","R","E","M","T","R","E","?","T","M","R","B",null,"M","?","?","M","?","E","R","?","T","R","M","$","M","M","R","B",null,"M","M","M","$","M"],"character_chosen":"HERMIT","items_purchased":["Pantograph","Regen Potion","hermit:Determination","Explosive Potion","hermit:ShadowCloak"],"campfire_rested":4,"item_purchase_floors":[4,29,29,38,38],"current_hp_per_floor":[52,52,52,52,52,74,37,36,36,58,45,45,45,39,61,35,75,73,73,73,54,54,73,73,85,85,85,77,77,58,39,64,47,85,57,40,46,46,0,0],"gold":6,"neow_bonus":"TWO_FIFTY_GOLD","is_daily":false,"chose_seed":false,"campfire_upgraded":2,"win_rate":0.0,"timestamp":1611864716,"path_taken":["M","?","M","?","M","R","E","?","T","R","E","?","?","M","R","BOSS","M","?","?","?","?","E","R","?","T","R","M","$","M","M","R","BOSS","M","M","M","$","M"],"items_purchased_type":["Relic","Potion","Card","Potion","Card"],"build_version":"2020-12-22","purchased_purges":3,"victory":false,"max_hp_per_floor":[75,75,75,75,75,75,75,75,75,75,75,75,75,75,75,75,75,75,75,75,75,75,75,75,85,85,85,85,85,85,85,85,85,85,85,85,85,85,85,85],"card_choices":[{"not_picked":["hermit:Snipe","hermit:Cheat"],"picked":"hermit:Grudge","floor":1},{"not_picked":["hermit:Manifest","hermit:Feint"],"picked":"hermit:Glare","floor":3},{"not_picked":["hermit:Midnight","hermit:Misfire","hermit:LoneWolf"],"picked":"SKIP","floor":5},{"not_picked":["hermit:Headshot","hermit:Shortfuse"],"picked":"hermit:Gestalt","floor":7},{"not_picked":["hermit:Roulette","hermit:WideOpen","hermit:HighCaliber"],"picked":"SKIP","floor":8},{"not_picked":["hermit:FlashPowder","hermit:Misfire"],"picked":"hermit:LowProfile","floor":11},{"not_picked":["hermit:Roulette","hermit:TakeCover"],"picked":"hermit:PistolWhip","floor":14},{"not_picked":["hermit:Reprieve","hermit:Dissolve"],"picked":"hermit:FatalDesire","floor":16},{"not_picked":["hermit:HoleUp+1","hermit:Headshot"],"picked":"hermit:Combo","floor":18},{"not_picked":["hermit:Roughhouse","hermit:HighCaliber"],"picked":"hermit:HoleUp","floor":21},{"not_picked":["hermit:Enervate","hermit:DeadMansHand","hermit:Glare+1"],"picked":"SKIP","floor":23},{"not_picked":["hermit:CalledShot+1","hermit:Showdown+1","hermit:Horror+1"],"picked":"SKIP","floor":28},{"not_picked":["hermit:Scavenge+1","hermit:HighNoon","hermit:PistolWhip+1"],"picked":"SKIP","floor":30},{"not_picked":["hermit:Malice+1","hermit:WideOpen+1","hermit:Purgatory+1"],"picked":"SKIP","floor":31},{"not_picked":["hermit:Feint","hermit:Coalescence"],"picked":"hermit:Determination","floor":35},{"not_picked":["hermit:Vantage+1","hermit:Midnight"],"picked":"hermit:TakeAim+1","floor":36},{"not_picked":["hermit:Vantage","hermit:Roughhouse+1"],"picked":"hermit:Quickdraw+1","floor":37}],"player_experience":939199,"relics_obtained":[{"floor":7,"key":"FossilizedHelix"},{"floor":9,"key":"Meat on the Bone"},{"floor":11,"key":"hermit:RyeStalk"},{"floor":13,"key":"Mummified Hand"},{"floor":23,"key":"Bag of Marbles"},{"floor":26,"key":"Molten Egg 2"}],"event_choices":[{"cards_removed":["hermit:Strike_Hermit"],"damage_healed":0,"gold_gain":0,"player_choice":"Purged","damage_taken":0,"max_hp_gain":0,"max_hp_loss":0,"event_name":"Purifier","floor":2,"gold_loss":0},{"damage_healed":0,"gold_gain":0,"player_choice":"Left Gold","damage_taken":0,"max_hp_gain":0,"max_hp_loss":0,"event_name":"World of Goop","floor":12,"gold_loss":39},{"cards_removed":["hermit:Strike_Hermit"],"damage_healed":0,"gold_gain":0,"player_choice":"Gave Gold","damage_taken":0,"max_hp_gain":0,"max_hp_loss":0,"event_name":"Beggar","floor":19,"gold_loss":75},{"damage_healed":0,"gold_gain":0,"player_choice":"Traded Relic","damage_taken":0,"relics_obtained":["Nloth\u0027s Gift"],"max_hp_gain":0,"max_hp_loss":0,"event_name":"N\u0027loth","floor":20,"relics_lost":["keyreminder:keyreminder"],"gold_loss":0},{"damage_healed":0,"gold_gain":0,"player_choice":"Read","damage_taken":0,"max_hp_gain":0,"max_hp_loss":0,"event_name":"The Library","floor":22,"gold_loss":0,"cards_obtained":["hermit:Determination"]},{"cards_removed":["hermit:FatalDesire"],"damage_healed":2,"gold_gain":0,"player_choice":"Offered Rare","damage_taken":0,"max_hp_gain":10,"max_hp_loss":0,"event_name":"Bonfire Elementals","floor":25,"gold_loss":0}],"is_beta":false,"boss_relics":[{"not_picked":["Philosopher\u0027s Stone","SlaversCollar"],"picked":"Runic Dome"},{"not_picked":["Sozu","Busted Crown"],"picked":"Velvet Choker"}],"items_purged_floors":[4,29,38],"is_endless":false,"potions_floor_spawned":[1,7,11,16,21,23,30,35],"killed_by":"Maw","ascension_level":3}}