{"host":"hixkpep13ay54y5b","time":1611876637,"event":{"mods":["AchievementEnabler","BaseMod","BetterRewards","Colored Map","Hubris","Infinite Spire","Minty Spire (QoL Compilation)","Quick Restart","Replay The Spire","Shop Mod","StSLib","SuperFastMode"],"gold_per_floor":[111,71,86,86,98,98,118,118,144,169,169,188,188,33,33,33,33],"floor_reached":16,"language":"ENG","playtime":340,"items_purged":["Strike_R"],"score":100,"play_id":"7ed7f521-efda-4a12-aaa1-4f4786ef6c84","local_time":"20210128183037","is_ascension_mode":false,"campfire_choices":[{"data":"Double Tap","floor":6,"key":"SMITH"},{"data":"Armaments","floor":8,"key":"SMITH"},{"data":"Defend_R","floor":11,"key":"SMITH"},{"data":"Defend_R","floor":15,"key":"SMITH"}],"circlet_count":0,"master_deck":["Strike_R","Strike_R","Strike_R","Strike_R","Defend_R+1","Defend_R+1","Defend_R","Defend_R","Bash","Double Tap+1","Cleave","Armaments+1","Thunderclap","Searing Blow"],"relics":["Burning Blood","hubris:Towel","PreservedInsect","King of Hearts"],"acts_visited":["Exordium"],"potions_floor_usage":[3,7,10,12],"damage_taken":[{"damage":6,"enemies":"Jaw Worm","floor":1,"turns":5},{"damage":0,"enemies":"Cultist","floor":3,"turns":3},{"damage":0,"enemies":"Small Slimes","floor":5,"turns":3},{"damage":10,"enemies":"Looter","floor":7,"turns":3},{"damage":17,"enemies":"3 Sentries","floor":10,"turns":4},{"damage":17,"enemies":"Exordium Wildlife","floor":12,"turns":6},{"damage":57,"enemies":"Hexaghost","floor":16,"turns":9}],"seed_played":"8561505345114358914","potions_obtained":[{"floor":2,"key":"AttackPotion"},{"floor":2,"key":"GamblersBrew"},{"floor":2,"key":"Milkshake"},{"floor":3,"key":"FearPotion"},{"floor":7,"key":"LiquidBronze"}],"is_trial":false,"path_per_floor":["M","?","M","?","M","R","M","R","T","E","R","M","?","$","R_BF","B"],"character_chosen":"IRONCLAD","items_purchased":["Searing Blow"],"campfire_rested":0,"item_purchase_floors":[14],"current_hp_per_floor":[80,80,80,80,80,80,76,76,76,65,65,54,54,54,54,0,0],"gold":33,"neow_bonus":"ONE_RANDOM_RARE_CARD","is_daily":false,"chose_seed":false,"campfire_upgraded":4,"win_rate":0.0,"timestamp":1611876637,"path_taken":["M","?","?","?","M","R","M","R","T","E","R","M","?","$","R_BF","BOSS"],"items_purchased_type":["Card"],"build_version":"2020-12-22","purchased_purges":1,"victory":false,"max_hp_per_floor":[80,80,80,80,80,80,80,80,80,80,80,80,80,80,80,80,80],"card_choices":[{"not_picked":["Iron Wave","Flex"],"picked":"Cleave","floor":1},{"not_picked":["ReplayReversal","Sword Boomerang"],"picked":"Armaments","floor":3},{"not_picked":["Shockwave","Abandon","Body Slam"],"picked":"SKIP","floor":5},{"not_picked":["Cleave","Power Through"],"picked":"Thunderclap","floor":7},{"not_picked":["Headbutt","ReplayTheSpireMod:Strike From Hell","Pommel Strike"],"picked":"SKIP","floor":10},{"not_picked":["Replay:Undeath\u0027s Touch","Second Wind","hubris:SharpeningStone"],"picked":"SKIP","floor":12}],"player_experience":152540,"relics_obtained":[{"floor":9,"key":"PreservedInsect"},{"floor":10,"key":"King of Hearts"}],"event_choices":[{"damage_healed":0,"gold_gain":0,"player_choice":"Bought 3 Potions","damage_taken":0,"max_hp_gain":0,"max_hp_loss":0,"event_name":"The Woman in Blue","floor":2,"gold_loss":0}],"is_beta":false,"boss_relics":[],"items_purged_floors":[14],"is_endless":false,"potions_floor_spawned":[3,7],"killed_by":"Hexaghost","ascension_level":0}}