{"host":"3498uni0c31c9bdm","time":1611823001,"event":{"mods":["BaseMod","Better Third Choice","Minty Spire (QoL Compilation)","Replay The Spire","StSLib"],"gold_per_floor":[115,133,148,163,163,163,194,194,246,262,262,262,279,310,328,352,352,456,456,470,470,482,482,482],"floor_reached":23,"language":"ENG","playtime":920,"items_purged":[],"score":284,"play_id":"5a82510b-c2ec-4e96-b10e-71879e58d218","local_time":"20210128193641","is_ascension_mode":true,"campfire_choices":[{"floor":6,"key":"REST"},{"floor":8,"key":"REST"},{"floor":17,"key":"REST"}],"circlet_count":0,"master_deck":["Strike_P","Strike_P","Defend_P","Defend_P","Eruption+1","Vigilance","WaveOfTheHand","ForeignInfluence","LikeWater","Swivel","ForeignInfluence","Steam","MasterReality","ReachHeaven","FlyingSleeves","EmptyBody","Prostrate","Ragnarok","FlurryOfBlows","EmptyFist+1"],"relics":["PureWater","InkBottle","Boot","Bag of Marbles","Empty Cage"],"acts_visited":["Exordium","TheCity"],"potions_floor_usage":[7,7,14,18,22,23],"damage_taken":[{"damage":6,"enemies":"Cultist","floor":1,"turns":4},{"damage":3,"enemies":"2 Louse","floor":2,"turns":2},{"damage":7,"enemies":"Jaw Worm","floor":3,"turns":3},{"damage":15,"enemies":"3 Louse","floor":4,"turns":4},{"damage":41,"enemies":"Gremlin Nob","floor":7,"turns":6},{"damage":6,"enemies":"Blue Slaver","floor":10,"turns":3},{"damage":4,"enemies":"Exordium Wildlife","floor":13,"turns":4},{"damage":18,"enemies":"Lagavulin","floor":14,"turns":6},{"damage":0,"enemies":"Large Slime","floor":15,"turns":3},{"damage":9,"enemies":"Slime Boss","floor":18,"turns":10},{"damage":9,"enemies":"Shell Parasite","floor":20,"turns":5},{"damage":32,"enemies":"Chosen","floor":22,"turns":5},{"damage":38,"enemies":"Masked Bandits","floor":23,"turns":3}],"seed_played":"7091996690279491870","potions_obtained":[{"floor":1,"key":"Swift Potion"},{"floor":4,"key":"Adrenaline Potion"},{"floor":7,"key":"Elixir"},{"floor":13,"key":"Languid Potion"},{"floor":15,"key":"Doom Potion"},{"floor":18,"key":"BlessingOfTheForge"},{"floor":20,"key":"Elixir"}],"is_trial":false,"path_per_floor":["M","M","M","M","?","R","E","R","T","M","PTL","PTL","M","E","M","T","R","B",null,"M","?","M","?"],"character_chosen":"WATCHER","items_purchased":[],"campfire_rested":3,"item_purchase_floors":[],"current_hp_per_floor":[59,56,49,34,34,55,14,35,35,29,29,29,25,7,7,7,28,19,59,50,50,18,0,0],"gold":482,"neow_bonus":"UPGRADE_CARD","is_daily":false,"chose_seed":false,"campfire_upgraded":0,"win_rate":0.0,"timestamp":1611823001,"path_taken":["M","?","M","M","?","R","E","R","T","M","PTL","PTL","M","E","M","?","R","BOSS","M","?","M","?"],"items_purchased_type":[],"build_version":"2020-12-22","purchased_purges":0,"victory":false,"max_hp_per_floor":[72,72,72,72,72,72,72,72,72,72,72,72,72,72,72,72,72,72,72,72,72,72,72,72],"card_choices":[{"not_picked":["DeceiveReality","FearNoEvil"],"picked":"WaveOfTheHand","floor":1},{"not_picked":["Replay:AtTheReady","ClearTheMind"],"picked":"ForeignInfluence","floor":2},{"not_picked":["Replay:Anticipation","SignatureMove"],"picked":"LikeWater","floor":3},{"not_picked":["Evaluate","Adaptation"],"picked":"Swivel","floor":4},{"not_picked":["BattleHymn","Perseverance"],"picked":"MasterReality","floor":7},{"not_picked":["Nirvana","FollowUp"],"picked":"ReachHeaven","floor":10},{"not_picked":["Swivel","Indignation"],"picked":"FlyingSleeves","floor":13},{"not_picked":["Fasting2","Halt"],"picked":"EmptyBody","floor":14},{"not_picked":["FollowUp","WheelKick"],"picked":"Prostrate","floor":15},{"not_picked":["Brilliance","DevaForm"],"picked":"Ragnarok","floor":18},{"not_picked":["Halt","Conclude"],"picked":"FlurryOfBlows","floor":20},{"not_picked":["Protect","Consecrate"],"picked":"EmptyFist+1","floor":22}],"player_experience":754126,"relics_obtained":[{"floor":7,"key":"InkBottle"},{"floor":9,"key":"Boot"},{"floor":14,"key":"Bag of Marbles"}],"event_choices":[{"damage_healed":0,"gold_gain":0,"player_choice":"Ignored","damage_taken":0,"max_hp_gain":0,"max_hp_loss":0,"event_name":"Vampires","floor":21,"gold_loss":0},{"damage_healed":0,"gold_gain":0,"player_choice":"Fought Bandits","damage_taken":0,"max_hp_gain":0,"max_hp_loss":0,"event_name":"Masked Bandits","floor":23,"gold_loss":0}],"is_beta":false,"boss_relics":[{"not_picked":["Runic Pyramid","Velvet Choker"],"picked":"Empty Cage"}],"items_purged_floors":[],"is_endless":false,"potions_floor_spawned":[1,4,7,13,15,18,20],"killed_by":"Masked Bandits","ascension_level":8}}