{"host":"bxn2em57qlx5u4i0","time":1611792463,"event":{"mods":["BaseMod","Colored Map","Colored Powertips","Highlight Path","Minty Spire (QoL Compilation)","Random Character Button","Relic Sorter","Relic Stats","StSLib","SuperFastMode"],"gold_per_floor":[111,111,111,111,36,36,65,21,45,58,90,101,129,148,148,220,220,234,37,51,101,118,150,150,177,223,254,254,254,266,282,282,355,355,366,104,124,98,110,145,145,171,171,197,197,220,220,245,257,269,281,281],"floor_reached":51,"language":"ENG","playtime":1696,"items_purged":["Regret","Strike_G"],"score":1622,"play_id":"05b91a13-1d68-4687-9699-046cdb9fcc37","local_time":"20210127190743","is_ascension_mode":true,"campfire_choices":[{"data":"Neutralize","floor":6.0,"key":"SMITH"},{"data":"Accuracy","floor":15.0,"key":"SMITH"},{"data":"After Image","floor":24.0,"key":"SMITH"},{"data":"Blade Dance","floor":29.0,"key":"SMITH"},{"data":"Blade Dance","floor":32.0,"key":"SMITH"},{"data":"Terror","floor":41.0,"key":"SMITH"},{"data":"Footwork","floor":45.0,"key":"SMITH"},{"data":"Footwork","floor":47.0,"key":"SMITH"},{"floor":49.0,"key":"RECALL"}],"circlet_count":0,"master_deck":["AscendersBane","Strike_G","Strike_G","Strike_G","Strike_G","Defend_G","Defend_G","Defend_G","Defend_G","Defend_G","Survivor","Neutralize+1","Masterful Stab+1","Blade Dance+1","Escape Plan","Backstab","Dash","Dagger Spray","After Image","Accuracy+1","After Image+1","Blade Dance+1","Infinite Blades","Footwork+1","Backflip+1","Endless Agony+1","Footwork+1","Venomology","Backstab","Cloak And Dagger","Terror+1","Backflip+1"],"relics":["Ring of the Snake","NeowsBlessing","Bird Faced Urn","Pear","Centennial Puzzle","Anchor","Tiny Chest","WristBlade","Medical Kit","Toy Ornithopter","MealTicket","Ice Cream","Black Star","Sling","Pen Nib","StoneCalendar","CeramicFish","Blue Candle","Potion Belt","Regal Pillow","Incense Burner","MawBank"],"acts_visited":["Exordium","TheCity","TheBeyond"],"potions_floor_usage":[],"damage_taken":[{"damage":0.0,"enemies":"Small Slimes","floor":1.0,"turns":1.0},{"damage":0.0,"enemies":"3 Sentries","floor":7.0,"turns":1.0},{"damage":0.0,"enemies":"Jaw Worm","floor":10.0,"turns":1.0},{"damage":5.0,"enemies":"Gremlin Nob","floor":11.0,"turns":3.0},{"damage":0.0,"enemies":"Cultist","floor":12.0,"turns":2.0},{"damage":0.0,"enemies":"3 Sentries","floor":13.0,"turns":7.0},{"damage":0.0,"enemies":"Exordium Thugs","floor":14.0,"turns":3.0},{"damage":38.0,"enemies":"Slime Boss","floor":16.0,"turns":12.0},{"damage":10.0,"enemies":"3 Byrds","floor":18.0,"turns":5.0},{"damage":8.0,"enemies":"Shell Parasite","floor":20.0,"turns":4.0},{"damage":3.0,"enemies":"3 Cultists","floor":22.0,"turns":5.0},{"damage":9.0,"enemies":"Slavers","floor":23.0,"turns":6.0},{"damage":25.0,"enemies":"Book of Stabbing","floor":25.0,"turns":6.0},{"damage":1.0,"enemies":"Gremlin Leader","floor":27.0,"turns":7.0},{"damage":12.0,"enemies":"Snake Plant","floor":30.0,"turns":4.0},{"damage":0.0,"enemies":"Cultist and Chosen","floor":31.0,"turns":7.0},{"damage":43.0,"enemies":"Collector","floor":33.0,"turns":10.0},{"damage":3.0,"enemies":"3 Shapes","floor":35.0,"turns":6.0},{"damage":0.0,"enemies":"Orb Walker","floor":37.0,"turns":2.0},{"damage":1.0,"enemies":"Maw","floor":39.0,"turns":8.0},{"damage":11.0,"enemies":"Nemesis","floor":40.0,"turns":5.0},{"damage":22.0,"enemies":"Reptomancer","floor":42.0,"turns":5.0},{"damage":21.0,"enemies":"Giant Head","floor":44.0,"turns":5.0},{"damage":0.0,"enemies":"Sphere and 2 Shapes","floor":46.0,"turns":6.0},{"damage":52.0,"enemies":"Time Eater","floor":50.0,"turns":13.0},{"damage":36,"enemies":"Awakened One","floor":51,"turns":2}],"seed_played":"-9029561018461968938","potions_obtained":[{"floor":1.0,"key":"Block Potion"},{"floor":7.0,"key":"Regen Potion"},{"floor":10.0,"key":"AttackPotion"},{"floor":14.0,"key":"Poison Potion"},{"floor":16.0,"key":"EssenceOfSteel"},{"floor":18.0,"key":"SkillPotion"},{"floor":22.0,"key":"Regen Potion"},{"floor":25.0,"key":"LiquidMemories"},{"floor":28.0,"key":"EntropicBrew"},{"floor":30.0,"key":"FearPotion"},{"floor":39.0,"key":"Dexterity Potion"},{"floor":46.0,"key":"Weak Potion"}],"is_trial":false,"path_per_floor":["M","?","?","?","$","R","E","$","T","M","E","M","E","M","R","B",null,"M","$","M","?","M","E","R","E","T","E","?","R","M","M","R","B",null,"M","$","M","$","M","E","R","E","T","E","R","M","R","T","R","B","B"],"character_chosen":"THE_SILENT","items_purchased":["Escape Plan","Medical Kit","Infinite Blades","Sling","Cloak And Dagger"],"campfire_rested":0,"item_purchase_floors":[8,19,19,36,38],"current_hp_per_floor":[59,59,59,59,59,59,69,69,69,69,64,64,64,66,66,32,65,61,61,61,61,66,76,76,55,55,64,64,64,65,76,76,49,69,76,76,76,76,76,70,70,56,56,45,45,55,55,55,55,30,0,0],"gold":281,"neow_bonus":"THREE_ENEMY_KILL","is_daily":false,"chose_seed":false,"campfire_upgraded":8,"win_rate":0.0,"timestamp":1611792463,"path_taken":["M","?","?","?","$","R","E","$","T","?","E","M","E","M","R","BOSS","M","$","M","?","M","E","R","E","T","E","?","R","?","M","R","BOSS","M","$","M","$","M","E","R","E","T","E","R","M","R","?","R","BOSS","BOSS"],"items_purchased_type":["Card","Relic","Card","Relic","Card"],"build_version":"2020-12-22","purchased_purges":2,"victory":false,"max_hp_per_floor":[66,66,66,66,66,66,76,76,76,76,76,76,76,76,76,76,76,76,76,76,76,76,76,76,76,76,76,76,76,76,76,76,76,76,76,76,76,76,76,76,76,76,76,76,76,76,76,76,76,76,76,76],"relic_stats":{"Regal Pillow":0,"counters":[26,136],"CeramicFish":9,"Blue Candle":[0],"StoneCalendar":[52],"Pen Nib":[9],"Medical Kit":[11],"MawBank":36,"Centennial Puzzle":[51],"Bird Faced Urn":[130],"Tiny Chest":1,"MealTicket":0,"Black Star":3,"obtain_stats":[{"Ice Cream":27,"Potion Belt":43,"Regal Pillow":44,"Pear":7,"NeowsBlessing":0,"CeramicFish":42,"Blue Candle":42,"StoneCalendar":40,"Pen Nib":40,"Incense Burner":44,"Medical Kit":19,"Sling":36,"MawBank":48,"Centennial Puzzle":9,"Anchor":11,"WristBlade":17,"Bird Faced Urn":2,"Tiny Chest":13,"MealTicket":25,"Black Star":34,"Toy Ornithopter":23,"Ring of the Snake":0},{"Ice Cream":14,"Potion Belt":22,"Regal Pillow":23,"Pear":2,"NeowsBlessing":0,"CeramicFish":22,"Blue Candle":22,"StoneCalendar":21,"Pen Nib":21,"Incense Burner":23,"Medical Kit":9,"Sling":18,"MawBank":24,"Centennial Puzzle":2,"Anchor":4,"WristBlade":8,"Bird Faced Urn":1,"Tiny Chest":6,"MealTicket":13,"Black Star":17,"Toy Ornithopter":12,"Ring of the Snake":0},{"Ice Cream":63,"Potion Belt":110,"Regal Pillow":115,"Pear":2,"NeowsBlessing":0,"CeramicFish":110,"Blue Candle":110,"StoneCalendar":105,"Pen Nib":105,"Incense Burner":115,"Medical Kit":35,"Sling":90,"MawBank":121,"Centennial Puzzle":2,"Anchor":6,"WristBlade":30,"Bird Faced Urn":1,"Tiny Chest":15,"MealTicket":56,"Black Star":84,"Toy Ornithopter":50,"Ring of the Snake":0}],"Toy Ornithopter":35,"Ring of the Snake":[52]},"card_choices":[{"not_picked":["Expertise","Outmaneuver"],"picked":"Masterful Stab","floor":1.0},{"not_picked":["Eviscerate","Escape Plan"],"picked":"Blade Dance","floor":7.0},{"not_picked":["Reflex","Acrobatics"],"picked":"Backstab","floor":10.0},{"not_picked":["Quick Slash","Caltrops"],"picked":"Dash","floor":11.0},{"not_picked":["Bane","Infinite Blades"],"picked":"Dagger Spray","floor":12.0},{"not_picked":["Setup","Bouncing Flask"],"picked":"After Image","floor":13.0},{"not_picked":["Distraction","Bane"],"picked":"Accuracy","floor":14.0},{"not_picked":["A Thousand Cuts","Night Terror"],"picked":"After Image","floor":16.0},{"not_picked":["All Out Attack","Bane+1"],"picked":"Blade Dance","floor":18.0},{"not_picked":["Quick Slash","Flechettes","Caltrops"],"picked":"SKIP","floor":20.0},{"not_picked":["Acrobatics","Caltrops","Tactician"],"picked":"SKIP","floor":22.0},{"not_picked":["Heel Hook","Riddle With Holes"],"picked":"Footwork","floor":23.0},{"not_picked":["Flying Knee","Predator"],"picked":"Backflip+1","floor":25.0},{"not_picked":["Deadly Poison","All Out Attack"],"picked":"Endless Agony+1","floor":27.0},{"not_picked":["All Out Attack","Quick Slash"],"picked":"Footwork","floor":30.0},{"not_picked":["Corpse Explosion","Tactician","PiercingWail"],"picked":"SKIP","floor":31.0},{"not_picked":["Unload","Burst"],"picked":"Venomology","floor":33.0},{"not_picked":["Flying Knee","Poisoned Stab","Dash"],"picked":"SKIP","floor":35.0},{"not_picked":["Cloak And Dagger","Flying Knee"],"picked":"Backstab","floor":37.0},{"not_picked":["Dagger Throw","Outmaneuver"],"picked":"Terror","floor":39.0},{"not_picked":["Bane","PiercingWail","Blur"],"picked":"SKIP","floor":40.0},{"not_picked":["Doppelganger","Flechettes","Flying Knee"],"picked":"SKIP","floor":42.0},{"not_picked":["Predator+1","Grand Finale","Bouncing Flask"],"picked":"SKIP","floor":44.0},{"not_picked":["Infinite Blades","Flechettes"],"picked":"Backflip+1","floor":46.0}],"player_experience":2952679,"relics_obtained":[{"floor":7.0,"key":"Pear"},{"floor":9.0,"key":"Centennial Puzzle"},{"floor":11.0,"key":"Anchor"},{"floor":13.0,"key":"Tiny Chest"},{"floor":23.0,"key":"Toy Ornithopter"},{"floor":25.0,"key":"MealTicket"},{"floor":27.0,"key":"Ice Cream"},{"floor":40.0,"key":"Pen Nib"},{"floor":40.0,"key":"StoneCalendar"},{"floor":42.0,"key":"CeramicFish"},{"floor":42.0,"key":"Blue Candle"},{"floor":43.0,"key":"Potion Belt"},{"floor":44.0,"key":"Regal Pillow"},{"floor":44.0,"key":"Incense Burner"},{"floor":48.0,"key":"MawBank"}],"event_choices":[{"damage_healed":0.0,"max_hp_gain":0.0,"max_hp_loss":0.0,"gold_gain":0.0,"event_name":"Big Fish","player_choice":"Box","floor":2.0,"gold_loss":0.0,"damage_taken":0.0,"relics_obtained":["Bird Faced Urn"],"cards_obtained":["Regret"]},{"damage_healed":0.0,"max_hp_gain":0.0,"max_hp_loss":0.0,"gold_gain":0.0,"event_name":"Liars Game","player_choice":"Ignored","floor":3.0,"gold_loss":0.0,"damage_taken":0.0},{"damage_healed":0.0,"max_hp_gain":0.0,"max_hp_loss":0.0,"gold_gain":0.0,"event_name":"Upgrade Shrine","player_choice":"Upgraded","floor":4.0,"gold_loss":0.0,"damage_taken":0.0,"cards_upgraded":["Masterful Stab"]},{"damage_healed":0.0,"max_hp_gain":0.0,"max_hp_loss":0.0,"gold_gain":50.0,"event_name":"Nest","player_choice":"Stole From Cult","floor":21.0,"gold_loss":0.0,"damage_taken":0.0},{"damage_healed":0.0,"max_hp_gain":0.0,"max_hp_loss":0.0,"gold_gain":0.0,"event_name":"Lab","player_choice":"Got Potions","floor":28.0,"gold_loss":0.0,"damage_taken":0.0}],"is_beta":false,"boss_relics":[{"not_picked":["Cursed Key","Empty Cage"],"picked":"WristBlade"},{"not_picked":["Philosopher\u0027s Stone","Fusion Hammer"],"picked":"Black Star"}],"items_purged_floors":[5,36],"is_endless":false,"potions_floor_spawned":[1,7,10,14,16,18,22,25,30,31,37,39,40,46],"killed_by":"Awakened One","ascension_level":20}}