{"host":"iirf6tm60n5v4e3j","time":1611829418,"event":{"mods":["Act Like it!","BaseMod","Gensokyo","Marisa????????","Minty Spire (QoL Compilation)","StSLib","The Marked"],"gold_per_floor":[113,131,131,131,149,181,195,210,210,210,210,210,221,112,112,226,226,254,254,265,265,482,482,516,516,516,527,547,559,137,157,157,257,257,277,17,33,46,57,90,90,90,90,90,100,0,27,27,27,27,27,27,27,52,52,52],"floor_reached":55,"language":"ENG","playtime":4928,"items_purged":["Strike_MRS","Gensokyo:MarisaTwilightSpark"],"score":751,"play_id":"deb83ccd-7cb6-4872-bc3f-e0979af8c396","local_time":"20210128022338","is_ascension_mode":false,"campfire_choices":[{"floor":11,"key":"REST"},{"data":"ManaRampage","floor":15,"key":"SMITH"},{"floor":23,"key":"REST"},{"floor":32,"key":"REST"},{"floor":41,"key":"RECALL"},{"floor":49,"key":"REST"},{"floor":52,"key":"REST"}],"circlet_count":0,"master_deck":["Defend_MRS","Defend_MRS","MasterSpark","UpSweep","DeepEcoloBomb","GrandCross","EarthLightRay","GalacticHalo","UltimateShortwave","ManaRampage+1","SuperNova","CasketOfStar","OneTimeOff+1","MillisecondPulsars","SuperPerseids","6A","EventHorizon+1","MilkyWay","GalacticHalo","EscapeVelocity","Gensokyo:OverchargedCore","Gensokyo:RedCapeBlueCape","Acceleration+1","MagicAbsorber","BinaryStars","PropBag+1"],"relics":["MiniHakkero","Strawberry","Darkstone Periapt","Gensokyo:MarisaPhilosophersStone","Fusion Hammer","Ginger","HandmadeGrimoire","Gensokyo:MosesMiracle","Bird Faced Urn","Mummified Hand","ExperimentalFamiliar","Matryoshka","Regal Pillow","TungstenRod","Omamori","Oddly Smooth Stone","Mercury Hourglass"],"acts_visited":["Exordium","Gensokyo:Gensokyo","Gensokyo:Gensokyoer","TheEnding"],"potions_floor_usage":[6,10,16,22,24,29,31,38,47,50,50],"damage_taken":[{"damage":5,"enemies":"Gensokyo:3_Fairies","floor":1,"turns":4},{"damage":0,"enemies":"Gensokyo:Gryphon","floor":2,"turns":4},{"damage":0,"enemies":"Gensokyo:Python","floor":5,"turns":2},{"damage":46,"enemies":"Gensokyo:Aya","floor":6,"turns":9},{"damage":0,"enemies":"Gensokyo:2_Rabbits","floor":7,"turns":3},{"damage":3,"enemies":"Gensokyo:Kitsune","floor":8,"turns":3},{"damage":8,"enemies":"Gensokyo:Kitsune","floor":10,"turns":7},{"damage":5,"enemies":"Gensokyo:Gryphon_and_Rabbit","floor":13,"turns":2},{"damage":33,"enemies":"Gensokyo:Kokoro","floor":16,"turns":12},{"damage":11,"enemies":"Gensokyo:CosmicMonolith","floor":18,"turns":4},{"damage":8,"enemies":"Gensokyo:Chomper","floor":20,"turns":4},{"damage":30,"enemies":"Gensokyo:Slime_Group","floor":22,"turns":3},{"damage":36,"enemies":"Gensokyo:Tenshi","floor":24,"turns":3},{"damage":27,"enemies":"Gensokyo:Swordslinger","floor":27,"turns":4},{"damage":24,"enemies":"Gensokyo:Monolith_and_Dog","floor":28,"turns":3},{"damage":3,"enemies":"Gensokyo:Wraith","floor":29,"turns":5},{"damage":2,"enemies":"Gensokyo:Chomper_and_Gloop","floor":31,"turns":3},{"damage":39,"enemies":"Gensokyo:Eternal_Rivals","floor":33,"turns":8},{"damage":3,"enemies":"Gensokyo:3_Boulders","floor":35,"turns":3},{"damage":0,"enemies":"Gensokyo:3_Bats","floor":37,"turns":1},{"damage":7,"enemies":"Gensokyo:3_Boulders","floor":38,"turns":4},{"damage":0,"enemies":"Gensokyo:AtlasGolem","floor":39,"turns":3},{"damage":21,"enemies":"Gensokyo:Kasen","floor":40,"turns":5},{"damage":9,"enemies":"Gensokyo:Sharpion","floor":45,"turns":5},{"damage":0,"enemies":"Gensokyo:Doremy","floor":47,"turns":3},{"damage":38,"enemies":"Gensokyo:Yuyuko","floor":50,"turns":7},{"damage":81,"enemies":"Shield and Spear","floor":54,"turns":7},{"damage":60,"enemies":"The Heart","floor":55,"turns":3}],"seed_played":"2306710868151262152","potions_obtained":[{"floor":1,"key":"SneckoOil"},{"floor":7,"key":"EssenceOfSteel"},{"floor":13,"key":"LiquidMemories"},{"floor":16,"key":"DistilledChaos"},{"floor":16,"key":"Fire Potion"},{"floor":18,"key":"CultistPotion"},{"floor":27,"key":"SpeedPotion"},{"floor":29,"key":"Strength Potion"},{"floor":37,"key":"SteroidPotion"},{"floor":38,"key":"Fire Potion"}],"is_trial":false,"path_per_floor":["M","M","?","?","M","E","M","M","T","?","R","?","M","COS","R","B",null,"M","?","M","?","M","R","E","?","T","M","M","M","$","M","R","B",null,"M","COS","M","M","M","E","R","?","T","?","M","$","E","?","R","B",null,"R","$","E","B"],"character_chosen":"MARISA","items_purchased":["Mummified Hand","MilkyWay","EssenceOfSteel"],"campfire_rested":5,"item_purchase_floors":[30,30,30],"current_hp_per_floor":[63,63,63,60,60,18,22,23,23,19,47,47,46,46,46,17,96,85,85,81,81,55,83,51,51,51,32,14,19,19,21,49,20,96,93,93,95,92,96,81,81,81,81,43,42,42,46,46,89,89,96,96,96,23,0,0],"gold":52,"neow_bonus":"TWENTY_PERCENT_HP_BONUS","is_daily":false,"chose_seed":false,"campfire_upgraded":1,"win_rate":0.0,"timestamp":1611829418,"path_taken":["M","M","?","?","M","E","M","M","T","?","R","?","?","COS","R","BOSS","M","?","?","?","M","R","E","?","T","M","M","M","$","M","R","BOSS","M","COS","M","M","M","E","R","?","T","?","?","?","E","?","R","BOSS","R","$","E","BOSS"],"items_purchased_type":["Relic","Card","Potion"],"build_version":"2020-12-22","purchased_purges":2,"victory":false,"max_hp_per_floor":[89,89,89,96,96,96,96,96,96,96,96,96,96,96,96,96,96,96,96,96,96,96,96,96,96,96,96,96,96,96,96,96,96,96,96,96,96,96,96,96,96,96,96,96,96,96,96,96,96,96,96,96,96,96,96,96],"card_choices":[{"not_picked":["IllusionStar","GrandCross"],"picked":"DeepEcoloBomb","floor":1},{"not_picked":["UnstableBomb","6A"],"picked":"GrandCross","floor":2},{"not_picked":["DarkSpark","FairyDestructionRay"],"picked":"EarthLightRay","floor":5},{"not_picked":["AlicesGift","MysteriousBeam"],"picked":"PropBag","floor":6},{"not_picked":["NonDirectionalLaser","GravityBeat"],"picked":"GalacticHalo","floor":7},{"not_picked":["MysteriousBeam","DoubleSpark"],"picked":"WitchLeyline","floor":8},{"not_picked":["GalacticHalo","ShootingEcho"],"picked":"ManaRampage","floor":10},{"not_picked":["OpenUniverse","MysteriousBeam","StarBarrage"],"picked":"SKIP","floor":13},{"not_picked":["SuperNova","StarDustReverie"],"picked":"CasketOfStar","floor":16},{"not_picked":["Acceleration","NonDirectionalLaser+1"],"picked":"OneTimeOff+1","floor":18},{"not_picked":["StarBarrage","NonDirectionalLaser"],"picked":"SuperPerseids","floor":20},{"not_picked":["LuminesStrike+1","OortCloud"],"picked":"6A","floor":22},{"not_picked":["PropBag","LuminesStrike"],"picked":"EventHorizon+1","floor":24},{"not_picked":["DarkSpark","RefractionSpark","GravityBeat"],"picked":"SKIP","floor":27},{"not_picked":["WitchLeyline+1","SprinkleStarSeal","NonDirectionalLaser"],"picked":"SKIP","floor":28},{"not_picked":["BlazingStar","DarkSpark","SporeBomb"],"picked":"SKIP","floor":29},{"not_picked":["ChargeUpSpray+1","GasGiant"],"picked":"GalacticHalo","floor":31},{"not_picked":["StarDustReverie","CasketOfStar"],"picked":"EscapeVelocity","floor":33},{"not_picked":["IllusionStar+1","PulseMagic","SporeBomb"],"picked":"SKIP","floor":35},{"not_picked":["Robbery","GravityBeat"],"picked":"Acceleration+1","floor":37},{"not_picked":["SporeBomb+1","MysteriousBeam","StarBarrage"],"picked":"SKIP","floor":38},{"not_picked":["GrandCross","MilkyWay+1","AsteroidBelt+1"],"picked":"SKIP","floor":39},{"not_picked":["NonDirectionalLaser+1","AbsoluteMagnitude","SporeBomb"],"picked":"SKIP","floor":40},{"not_picked":["WitchOfGreed","Orbital"],"picked":"MagicAbsorber","floor":45},{"not_picked":["MilkyWay","IllusionStar","GalacticHalo"],"picked":"SKIP","floor":47},{"not_picked":["IllusionStar+1","Robbery+1"],"picked":"PropBag+1","floor":54}],"player_experience":172841,"relics_obtained":[{"floor":6,"key":"Darkstone Periapt"},{"floor":9,"key":"The Courier"},{"floor":10,"key":"Gensokyo:MarisaPhilosophersStone"},{"floor":24,"key":"HandmadeGrimoire"},{"floor":26,"key":"Bird Faced Urn"},{"floor":29,"key":"Gensokyo:MosesMiracle"},{"floor":40,"key":"Matryoshka"},{"floor":43,"key":"Regal Pillow"},{"floor":47,"key":"Omamori"},{"floor":54,"key":"Oddly Smooth Stone"}],"event_choices":[],"is_beta":false,"boss_relics":[{"not_picked":["Runic Dome","Black Star"],"picked":"Fusion Hammer"},{"not_picked":["BewitchedHakkero","Cursed Key"],"picked":"ExperimentalFamiliar"}],"items_purged_floors":[30,46],"is_endless":false,"potions_floor_spawned":[1,7,13,16,18,27,29,37,38,45],"killed_by":"The Heart","ascension_level":0}}