{"host":"2j7k79oxv8es4yqd","time":1611814084,"event":{"mods":["BaseMod","Minty Spire (QoL Compilation)","Permanent Neow","Shop Mod","StSLib"],"gold_per_floor":[112,62,62,77,94,124,136,136,136,155,167,201,201,211,211,314,314,334,221,221,231,249,284,284,209,209,209,245,254,254,266,266,372,372,392,292,317,317,340,375,402,402,473,383,404,444,473,514,514,514,514],"floor_reached":50,"language":"ZHT","playtime":2115,"items_purged":["Strike_G","Pain"],"score":580,"play_id":"3af9e0ff-92b5-4d95-a993-ef03d1600678","local_time":"20210128140804","is_ascension_mode":false,"campfire_choices":[{"floor":8,"key":"RECALL"},{"data":"Terror","floor":13,"key":"SMITH"},{"data":"Flechettes","floor":15,"key":"SMITH"},{"data":"Outmaneuver","floor":24,"key":"SMITH"},{"floor":27,"key":"REST"},{"data":"Choke","floor":30,"key":"SMITH"},{"data":"Storm of Steel","floor":32,"key":"SMITH"},{"data":"Acrobatics","floor":42,"key":"SMITH"},{"data":"Tactician","floor":49,"key":"SMITH"}],"circlet_count":0,"master_deck":["Strike_G","Strike_G","Defend_G","Defend_G","Survivor+1","Neutralize","Terror+1","Outmaneuver+1","Calculated Gamble","Backflip","Flechettes+1","Backflip","Slice","Storm of Steel+1","Tactician+1","Choke+1","Burst","Cloak And Dagger+1","Corpse Explosion","Dagger Throw+1","Acrobatics+1","Outmaneuver","Deflect","Swift Strike","Swift Strike","Good Instincts","PiercingWail+1","Tactician+1","Escape Plan","Accuracy+1"],"relics":["Runic Pyramid","Letter Opener","Mercury Hourglass","Bottled Lightning","SlaversCollar","CeramicFish","Meat on the Bone","Question Card","Gremlin Horn","WarpedTongs","WristBlade","Shuriken","Nunchaku","Snake Skull"],"acts_visited":["Exordium","TheCity","TheBeyond"],"potions_floor_usage":[6,12,23,28,33,33,33,45,48,50,50,50],"damage_taken":[{"damage":1,"enemies":"Jaw Worm","floor":1,"turns":4},{"damage":7,"enemies":"Small Slimes","floor":4,"turns":5},{"damage":0,"enemies":"Cultist","floor":5,"turns":3},{"damage":17,"enemies":"Lagavulin","floor":6,"turns":7},{"damage":5,"enemies":"Looter","floor":7,"turns":3},{"damage":0,"enemies":"Red Slaver","floor":10,"turns":5},{"damage":2,"enemies":"Blue Slaver","floor":11,"turns":3},{"damage":5,"enemies":"Gremlin Nob","floor":12,"turns":3},{"damage":2,"enemies":"Looter","floor":14,"turns":3},{"damage":1,"enemies":"Hexaghost","floor":16,"turns":6},{"damage":5,"enemies":"Shell Parasite","floor":18,"turns":4},{"damage":16,"enemies":"Spheric Guardian","floor":21,"turns":4},{"damage":33,"enemies":"Gremlin Leader","floor":23,"turns":4},{"damage":12,"enemies":"Book of Stabbing","floor":28,"turns":4},{"damage":4,"enemies":"3 Cultists","floor":31,"turns":3},{"damage":40,"enemies":"Collector","floor":33,"turns":4},{"damage":6,"enemies":"3 Shapes","floor":35,"turns":3},{"damage":0,"enemies":"3 Darklings","floor":37,"turns":2},{"damage":3,"enemies":"Transient","floor":39,"turns":5},{"damage":8,"enemies":"Reptomancer","floor":40,"turns":3},{"damage":0,"enemies":"Jaw Worm Horde","floor":45,"turns":1},{"damage":9,"enemies":"Giant Head","floor":46,"turns":5},{"damage":6,"enemies":"3 Darklings","floor":47,"turns":3},{"damage":20,"enemies":"Nemesis","floor":48,"turns":5},{"damage":35,"enemies":"Time Eater","floor":50,"turns":5}],"seed_played":"-8531390853651613145","potions_obtained":[{"floor":1,"key":"Fire Potion"},{"floor":4,"key":"GamblersBrew"},{"floor":7,"key":"ColorlessPotion"},{"floor":10,"key":"AttackPotion"},{"floor":14,"key":"EntropicBrew"},{"floor":21,"key":"DuplicationPotion"},{"floor":37,"key":"Swift Potion"},{"floor":40,"key":"Explosive Potion"},{"floor":45,"key":"CultistPotion"},{"floor":48,"key":"Energy Potion"}],"is_trial":false,"path_per_floor":["M","?","?","M","M","E","M","R","T","M","M","E","R","M","R","B",null,"M","$","?","M","?","E","R","?","T","R","E","?","R","M","R","B",null,"M","$","M","?","M","E","?","R","T","?","M","E","M","E","R","B"],"character_chosen":"THE_SILENT","items_purchased":["Tactician"],"campfire_rested":1,"item_purchase_floors":[19],"current_hp_per_floor":[69,69,69,62,62,45,40,40,40,40,38,33,33,31,31,30,70,65,65,65,49,49,16,16,16,16,37,37,37,37,45,45,17,70,64,64,64,64,61,53,43,43,43,43,43,46,40,32,32,0,0],"gold":514,"neow_bonus":"BOSS_RELIC","is_daily":false,"chose_seed":false,"campfire_upgraded":7,"win_rate":0.0,"timestamp":1611814084,"path_taken":["M","?","?","M","M","E","M","R","T","?","M","E","R","M","R","BOSS","M","$","?","?","?","E","R","?","T","R","E","?","R","?","R","BOSS","M","$","M","?","M","E","?","R","T","?","?","E","M","E","R","BOSS"],"items_purchased_type":["Card"],"build_version":"2020-12-22","purchased_purges":2,"victory":false,"max_hp_per_floor":[70,70,70,70,70,70,70,70,70,70,70,70,70,70,70,70,70,70,70,70,70,70,70,70,70,70,70,70,70,70,70,70,70,70,70,70,70,70,70,70,70,70,70,70,70,70,70,70,70,70,70],"card_choices":[{"not_picked":["Poisoned Stab","Sucker Punch"],"picked":"Terror","floor":1},{"not_picked":["Dash","Distraction"],"picked":"Outmaneuver","floor":4},{"not_picked":["Prepared","Dagger Spray"],"picked":"Calculated Gamble","floor":5},{"not_picked":["Deadly Poison","Bouncing Flask","Finisher"],"picked":"SKIP","floor":6},{"not_picked":["Infinite Blades","Flying Knee","Outmaneuver"],"picked":"SKIP","floor":7},{"not_picked":["Endless Agony","Backstab"],"picked":"Backflip","floor":10},{"not_picked":["Deflect","Catalyst"],"picked":"Flechettes","floor":11},{"not_picked":["Blade Dance","Glass Knife"],"picked":"Backflip","floor":12},{"not_picked":["Bane","Dodge and Roll"],"picked":"Slice","floor":14},{"not_picked":["Wraith Form v2","Die Die Die"],"picked":"Storm of Steel","floor":16},{"not_picked":["Blade Dance","Outmaneuver","Crippling Poison"],"picked":"SKIP","floor":18},{"not_picked":["Quick Slash","Poisoned Stab","Dagger Spray"],"picked":"SKIP","floor":21},{"not_picked":["A Thousand Cuts","Dagger Spray","Infinite Blades"],"picked":"SKIP","floor":23},{"not_picked":["Prepared","Expertise","Underhanded Strike+1"],"picked":"Cloak And Dagger+1","floor":28},{"not_picked":["Cloak And Dagger+1","Underhanded Strike+1","Quick Slash","Deflect+1"],"picked":"SKIP","floor":31},{"not_picked":["Storm of Steel","Unload","Night Terror"],"picked":"Corpse Explosion","floor":33},{"not_picked":["Quick Slash+1","Prepared","Heel Hook+1"],"picked":"Dagger Throw+1","floor":35},{"not_picked":["Poisoned Stab+1","Crippling Poison","Skewer"],"picked":"Acrobatics","floor":37},{"not_picked":["Setup","Dagger Spray+1","Slice"],"picked":"Outmaneuver","floor":39},{"not_picked":["Eviscerate","Skewer+1","Underhanded Strike"],"picked":"Deflect","floor":40},{"not_picked":["Dramatic Entrance","Chrysalis","Bandage Up"],"picked":"Swift Strike","floor":41},{"not_picked":["PanicButton","Mind Blast","Bandage Up"],"picked":"Swift Strike","floor":41},{"not_picked":["Discovery","Dark Shackles","Panache"],"picked":"Good Instincts","floor":41},{"not_picked":["Dodge and Roll+1","Flying Knee+1","Eviscerate"],"picked":"PiercingWail+1","floor":45},{"not_picked":["Sucker Punch+1","Backstab","Deflect"],"picked":"Tactician+1","floor":46},{"not_picked":["Bouncing Flask+1","Bane","Dodge and Roll"],"picked":"Escape Plan","floor":47},{"not_picked":["Acrobatics","Quick Slash","Poisoned Stab+1"],"picked":"Accuracy+1","floor":48}],"player_experience":518233,"relics_obtained":[{"floor":6,"key":"Letter Opener"},{"floor":9,"key":"Mercury Hourglass"},{"floor":12,"key":"Bottled Lightning"},{"floor":20,"key":"CeramicFish"},{"floor":23,"key":"Meat on the Bone"},{"floor":26,"key":"Question Card"},{"floor":28,"key":"Gremlin Horn"},{"floor":40,"key":"Shuriken"},{"floor":46,"key":"Nunchaku"},{"floor":48,"key":"Snake Skull"}],"event_choices":[{"cards_removed":["Defend_G"],"damage_healed":0,"gold_gain":0,"player_choice":"Card Removal","damage_taken":0,"max_hp_gain":0,"max_hp_loss":0,"event_name":"The Cleric","floor":2,"gold_loss":50},{"damage_healed":0,"gold_gain":0,"player_choice":"Bought 0 Potions","damage_taken":0,"max_hp_gain":0,"max_hp_loss":0,"event_name":"The Woman in Blue","floor":3,"gold_loss":0},{"damage_healed":0,"gold_gain":0,"player_choice":"Relic","damage_taken":0,"max_hp_gain":0,"max_hp_loss":0,"event_name":"Wheel of Change","floor":20,"gold_loss":0},{"damage_healed":0,"gold_gain":0,"cards_transformed":["Defend_G","Defend_G"],"player_choice":"Became Test Subject","damage_taken":0,"max_hp_gain":0,"max_hp_loss":0,"event_name":"Drug Dealer","floor":22,"gold_loss":0,"cards_obtained":["Choke","Burst"]},{"cards_removed":["Strike_G"],"damage_healed":0,"gold_gain":0,"player_choice":"Gave Gold","damage_taken":0,"max_hp_gain":0,"max_hp_loss":0,"event_name":"Beggar","floor":25,"gold_loss":75},{"damage_healed":0,"gold_gain":0,"player_choice":"Rummage","damage_taken":0,"relics_obtained":["WarpedTongs"],"max_hp_gain":0,"max_hp_loss":0,"event_name":"Accursed Blacksmith","floor":29,"gold_loss":0,"cards_obtained":["Pain"]},{"damage_healed":0,"gold_gain":0,"player_choice":"Ignored","damage_taken":0,"max_hp_gain":0,"max_hp_loss":0,"event_name":"Tomb of Lord Red Mask","floor":38,"gold_loss":0},{"damage_healed":0,"gold_gain":0,"player_choice":"Memory 3","damage_taken":10,"max_hp_gain":0,"max_hp_loss":0,"event_name":"SensoryStone","floor":41,"gold_loss":0},{"cards_removed":["Strike_G"],"damage_healed":0,"gold_gain":0,"player_choice":"Upgrade and Remove","damage_taken":0,"max_hp_gain":0,"max_hp_loss":0,"event_name":"Designer","floor":44,"gold_loss":90,"cards_upgraded":["Survivor"]}],"is_beta":false,"boss_relics":[{"not_picked":["Astrolabe","Fusion Hammer"],"picked":"SlaversCollar"},{"not_picked":["Sozu","Calling Bell"],"picked":"WristBlade"}],"items_purged_floors":[19,36],"is_endless":false,"potions_floor_spawned":[1,4,7,10,14,18,21,37,40,45,47,48],"killed_by":"Time Eater","ascension_level":0}}