{"host":"lehz9p79pih88cc3","time":1611810502,"event":{"mods":["AchievementEnabler","Act Like it!","BaseMod","Downfall","Minty Spire (QoL Compilation)","Permanent Neow","Quick Restart","Replay The Spire","SacredBarkPlus","StSLib"],"gold_per_floor":[99,115,129,129,148,248,273,293,293,293,293,14,32,32,47,150,150,150,164,184,284,284,303,303,303,322,342,342,342,342],"floor_reached":28,"language":"ENG","playtime":1045,"items_purged":[],"score":212,"play_id":"7dc763bf-aab6-4c54-b110-beeca41ed5b6","local_time":"20210128000822","is_ascension_mode":false,"campfire_choices":[{"data":"champ:Taunt","floor":1,"key":"SMITH"},{"data":"champ:IronFortress","floor":9,"key":"SMITH"},{"floor":18,"key":"DIG"}],"circlet_count":0,"master_deck":["champ:Strike","champ:Strike","champ:Defend","champ:Defend","champ:Defend","champ:Execute","champ:Taunt+1","champ:IronFortress+1","champ:GutPunch","champ:IronFortress+1","champ:DefensiveShout","champ:IronFortress+1","champ:TripleStrike","champ:ShieldWall","champ:UltimateStance","champ:PerfectedStrike"],"relics":["Empty Cage","MealTicket","Membership Card","Simple Rune","Mercury Hourglass","Centennial Puzzle","Mango"],"acts_visited":["Exordium","TheCity"],"potions_floor_usage":[16,28,28,28],"damage_taken":[{"damage":25,"enemies":"Small Slimes","floor":2,"turns":4},{"damage":23,"enemies":"Cultist","floor":3,"turns":5},{"damage":0,"enemies":"2 Louse","floor":5,"turns":3},{"damage":29,"enemies":"Gremlin Gang","floor":8,"turns":5},{"damage":21,"enemies":"downfall:FleeingMerchant","floor":12,"turns":4},{"damage":25,"enemies":"Exordium Wildlife","floor":13,"turns":5},{"damage":6,"enemies":"2 Fungi Beasts","floor":15,"turns":2},{"damage":46,"enemies":"IC_STATUS_ARCHETYPE","floor":16,"turns":6},{"damage":38,"enemies":"Chosen","floor":19,"turns":5},{"damage":48,"enemies":"Cultist and Chosen","floor":20,"turns":5},{"damage":37,"enemies":"Shelled Parasite and Fungi","floor":23,"turns":5},{"damage":44,"enemies":"Centurion and Healer","floor":26,"turns":6},{"damage":15,"enemies":"Snake Plant","floor":27,"turns":5},{"damage":19,"enemies":"Chosen and Byrds","floor":28,"turns":4}],"seed_played":"8199989018976509456","potions_obtained":[{"floor":2,"key":"SkillPotion"},{"floor":3,"key":"Elixir"},{"floor":13,"key":"FearPotion"},{"floor":20,"key":"EntropicBrew"},{"floor":23,"key":"FearPotion"}],"is_trial":false,"path_per_floor":["R","M","M","?","M","?","T","M","R","?","?","$","M","T","M","B",null,"R","M","M","?","?","M","T","?","M","M","M"],"character_chosen":"THE_CHAMP","items_purchased":["Membership Card","Simple Rune","champ:ShieldWall"],"campfire_rested":0,"item_purchase_floors":[12,12,12],"current_hp_per_floor":[90,85,82,82,82,82,82,68,68,68,68,82,72,72,66,50,90,90,82,69,69,69,37,51,51,17,17,0,0,0],"gold":342,"neow_bonus":"BOSS_RELIC","is_daily":false,"chose_seed":false,"campfire_upgraded":2,"win_rate":0.0,"timestamp":1611810502,"path_taken":["R","M","M","?","?","?","T","?","R","?","?","$","?","?","M","BOSS","R","M","M","?","?","?","T","?","M","?","M"],"items_purchased_type":["Relic","Relic","Card"],"build_version":"2020-12-22","purchased_purges":0,"victory":false,"max_hp_per_floor":[90,90,90,90,90,90,90,90,90,90,90,90,90,90,90,90,90,90,90,90,90,90,90,104,104,104,104,104,104,104],"card_choices":[{"not_picked":["champ:ArenaPreparation","champ:DefensiveShout"],"picked":"champ:IronFortress","floor":2},{"not_picked":["champ:BerserkersShout","champ:DefensiveShout"],"picked":"champ:GutPunch","floor":3},{"not_picked":["champ:TornadoPunch","champ:DefensiveShout"],"picked":"champ:IronFortress","floor":5},{"not_picked":["champ:CalledShot","champ:TornadoPunch"],"picked":"champ:DefensiveShout","floor":8},{"not_picked":["champ:RapidStrikes","champ:Lariat"],"picked":"champ:TripleStrike","floor":12},{"not_picked":["champ:FancyFootwork","champ:BladeFlurry","champ:EnGarde"],"picked":"SKIP","floor":13},{"not_picked":["champ:FlashCut","champ:Encircle","champ:RapidStrikes"],"picked":"SKIP","floor":15},{"not_picked":["champ:VampiricStrike","champ:HeavySlash"],"picked":"champ:UltimateStance","floor":16},{"not_picked":["champ:Endure+1","champ:FlashCut"],"picked":"champ:PerfectedStrike","floor":19},{"not_picked":["champ:AdrenalArmor","champ:FlashCut","champ:StanceDance"],"picked":"SKIP","floor":20},{"not_picked":["champ:BladeFlurry","champ:Backstep","champ:TornadoPunch"],"picked":"SKIP","floor":23},{"not_picked":["champ:GladiatorStyle","champ:SkillfulDodge","champ:Endure"],"picked":"SKIP","floor":26},{"not_picked":["champ:StanceDance","champ:PreemptiveStrike","champ:VampiricStrike"],"picked":"SKIP","floor":27}],"player_experience":143330,"relics_obtained":[{"floor":7,"key":"MealTicket"},{"floor":14,"key":"Mercury Hourglass"},{"floor":18,"key":"Centennial Puzzle"},{"floor":24,"key":"Mango"}],"event_choices":[],"is_beta":false,"boss_relics":[{"not_picked":["bronze:MakeshiftBattery","ChewingGum","Replay:Ancient Bell"]}],"items_purged_floors":[],"is_endless":false,"potions_floor_spawned":[2,3,13,20,23,26],"killed_by":"Chosen and Byrds","ascension_level":0}}