{"host":"qsusua7l529r8z9k","time":1611838118,"event":{"mods":["BaseMod","Minty Spire (QoL Compilation)","Spicy Shops","StSLib"],"gold_per_floor":[362,437,455,480,14,41,41,55,81,111,111,122,122,133,133,205,205,219,7,23,23,43,43,43],"floor_reached":23,"language":"ZHS","playtime":855,"items_purged":["Strike_B","Pride"],"score":382,"play_id":"0be7c817-0d2f-45b2-9c9e-0cf9c3d8b48b","local_time":"20210128204838","is_ascension_mode":true,"campfire_choices":[{"floor":7.0,"key":"REST"},{"data":"Dualcast","floor":11.0,"key":"SMITH"},{"data":"Zap","floor":13.0,"key":"SMITH"},{"data":"Undo","floor":15.0,"key":"SMITH"}],"circlet_count":0,"master_deck":["AscendersBane","Strike_B","Defend_B","Defend_B","Defend_B","Defend_B","Zap+1","Dualcast+1","Undo+1","Ball Lightning","Coolheaded+1","Coolheaded+1","Cold Snap","Biased Cognition","Conserve Battery+1","White Noise+1","Double Energy+1","Capacitor+1","Glacier+1","Turbo+1"],"relics":["Cracked Core","DataDisk","Membership Card","Sling","Question Card","Art of War","Pen Nib","Toy Ornithopter","Toxic Egg 2","Empty Cage","Orrery","Pantograph"],"acts_visited":["Exordium","TheCity"],"potions_floor_usage":[],"damage_taken":[{"damage":7.0,"enemies":"Small Slimes","floor":1.0,"turns":3.0},{"damage":2.0,"enemies":"Jaw Worm","floor":3.0,"turns":4.0},{"damage":4.0,"enemies":"Lagavulin","floor":6.0,"turns":8.0},{"damage":1.0,"enemies":"Cultist","floor":8.0,"turns":3.0},{"damage":20.0,"enemies":"3 Sentries","floor":10.0,"turns":7.0},{"damage":3.0,"enemies":"Lots of Slimes","floor":12.0,"turns":3.0},{"damage":0.0,"enemies":"Blue Slaver","floor":14.0,"turns":3.0},{"damage":18.0,"enemies":"Hexaghost","floor":16.0,"turns":11.0},{"damage":0.0,"enemies":"3 Byrds","floor":18.0,"turns":4.0},{"damage":11.0,"enemies":"Chosen","floor":20.0,"turns":5.0},{"damage":0.0,"enemies":"Shelled Parasite and Fungi","floor":22.0,"turns":8.0},{"damage":31,"enemies":"Gremlin Leader","floor":23,"turns":2}],"seed_played":"1851615709715756148","potions_obtained":[{"floor":1.0,"key":"SkillPotion"},{"floor":10.0,"key":"DuplicationPotion"},{"floor":14.0,"key":"LiquidBronze"},{"floor":16.0,"key":"Fire Potion"}],"is_trial":false,"path_per_floor":["M","?","M","T","$","E","R","M","T","E","R","M","R","M","R","B",null,"M","$","M","?","M","E"],"character_chosen":"DEFECT","items_purchased":["Membership Card","Sling","Question Card","Art of War","Orrery","Pantograph","Turbo+1"],"campfire_rested":1,"item_purchase_floors":[5,5,5,5,19,19,19],"current_hp_per_floor":[39,28,26,26,26,22,43,42,42,22,22,24,24,24,24,11,56,61,61,50,30,30,0,0],"gold":43,"neow_bonus":"TWO_FIFTY_GOLD","is_daily":false,"chose_seed":false,"campfire_upgraded":3,"win_rate":0.0,"timestamp":1611838118,"path_taken":["M","?","M","?","$","E","R","M","T","E","R","M","R","M","R","BOSS","M","?","?","?","M","E"],"items_purchased_type":["Relic","Relic","Relic","Relic","Relic","Relic","Card"],"build_version":"2020-12-22","purchased_purges":2,"victory":false,"max_hp_per_floor":[71,71,71,71,71,71,71,71,71,71,71,71,71,71,71,71,71,71,71,71,76,76,76,76],"card_choices":[{"not_picked":["Darkness","Fusion","Rebound"],"picked":"SKIP","floor":1.0},{"not_picked":["Stack","Beam Cell","Leap"],"picked":"SKIP","floor":3.0},{"not_picked":["Compile Driver","Auto Shields","Leap"],"picked":"Undo","floor":6.0},{"not_picked":["Rebound","Stack","Meteor Strike"],"picked":"Ball Lightning","floor":8.0},{"not_picked":["All For One","Recycle+1","Steam Power+1"],"picked":"Coolheaded+1","floor":10.0},{"not_picked":["Rebound","Redo+1","Go for the Eyes"],"picked":"Coolheaded+1","floor":12.0},{"not_picked":["Ball Lightning","Steam Power+1","Rip and Tear"],"picked":"Cold Snap","floor":14.0},{"not_picked":["Fission+1","Reboot+1","Thunder Strike"],"picked":"Biased Cognition","floor":16.0},{"not_picked":["Rip and Tear","Hello World+1","Fusion+1"],"picked":"Conserve Battery+1","floor":18.0},{"not_picked":["Skim+1","Static Discharge","Hello World+1"],"picked":"White Noise+1","floor":19.0},{"not_picked":["Redo+1","Stack+1","Go for the Eyes+1"],"picked":"Double Energy+1","floor":19.0},{"not_picked":["Reprogram+1","Darkness+1","Blizzard"],"picked":"Capacitor+1","floor":19.0},{"not_picked":["Cold Snap+1","Sweeping Beam+1","Stack+1"],"picked":"Glacier+1","floor":19.0},{"not_picked":["Turbo+1","Compile Driver","Melter","Cold Snap"],"picked":"SKIP","floor":20.0},{"not_picked":["Hyperbeam","Gash","Rip and Tear","Cold Snap"],"picked":"SKIP","floor":22.0}],"player_experience":528306,"relics_obtained":[{"floor":4.0,"key":"DataDisk"},{"floor":6.0,"key":"Pen Nib"},{"floor":9.0,"key":"Toy Ornithopter"},{"floor":10.0,"key":"Toxic Egg 2"}],"event_choices":[{"damage_healed":0.0,"max_hp_gain":0.0,"max_hp_loss":0.0,"gold_gain":75.0,"event_name":"World of Goop","player_choice":"Gather Gold","floor":2.0,"gold_loss":0.0,"damage_taken":11.0},{"damage_healed":0.0,"max_hp_gain":5.0,"max_hp_loss":0.0,"gold_gain":0.0,"event_name":"Forgotten Altar","player_choice":"Shed Blood","floor":21.0,"gold_loss":0.0,"damage_taken":25.0}],"is_beta":false,"boss_relics":[{"not_picked":["Tiny House","Philosopher\u0027s Stone"],"picked":"Empty Cage"}],"items_purged_floors":[5,19],"is_endless":false,"potions_floor_spawned":[1,10,14,16],"killed_by":"Gremlin Leader","ascension_level":18}}