{"host":"wwmqne3dwir10erh","time":1611794122,"event":{"mods":["BaseMod","Better Note","Hubris","Mimic Mod","Minty Spire (QoL Compilation)","Replay The Spire","StSLib"],"gold_per_floor":[116,129,141,190,63,63,96,109,141,41,52,80,92,106,106,201,201,220,130,130,149,24,50,50,63,90,110,110,110,35,50,50,146,146,156,166,166,166,185,185,214,214,214,241,163,0,0,15,15,15],"floor_reached":51,"language":"ENG","playtime":3812,"items_purged":["Strike_G","Strike_G","Strike_G"],"score":850,"play_id":"b2a475fb-e32b-4aae-a21e-f53297c2d83a","local_time":"20210127193522","is_ascension_mode":true,"campfire_choices":[{"floor":6.0,"key":"REST"},{"floor":15,"key":"REST"},{"floor":29,"key":"REST"},{"data":"Crow Ritual","floor":32,"key":"SMITH"},{"data":"Noxious Fumes","floor":40,"key":"SMITH"},{"data":"Adrenaline","floor":42,"key":"SMITH"},{"data":"Acrobatics","floor":49,"key":"SMITH"}],"circlet_count":0,"master_deck":["Strike_G+1","Defend_G","Defend_G","Defend_G","Survivor","Neutralize","Crow Ritual+1","Hidden Blade","Noxious Fumes+1","Acrobatics","Masterful Stab","Bane","Acrobatics+1","ReplayTheSpireMod:From All Sides","ReplayTheSpireMod:The Works","Tools of the Trade","Apotheosis+1","Heel Hook","Reflex","Adrenaline+1","Writhe","Overencumbered","Spreading Infection","Sneak Up+1","Flechettes","Infinite Blades"],"relics":["Ring of the Serpent","Toy Ornithopter","Snack Pack","Strawberry","Oddly Smooth Stone","hubris:Teleporter","Vajra","hubris:Icosahedron","Replay:Ancient Bell","hubris:ToyBattleship","hubris:MysteriousPyramids","Mango","hubris:Towel","Bronze Scales","CaptainsWheel","White Beast Statue","Red Mask"],"acts_visited":["Exordium","TheCity","TheBeyond"],"potions_floor_usage":[7,12,16,18,18,25,35,41,48],"damage_taken":[{"damage":0.0,"enemies":"2 Louse","floor":1.0,"turns":3.0},{"damage":5.0,"enemies":"Small Slimes","floor":2.0,"turns":13.0},{"damage":0.0,"enemies":"Cultist","floor":3.0,"turns":6.0},{"damage":39,"enemies":"Gremlin Nob","floor":7,"turns":6},{"damage":6,"enemies":"3 Louse","floor":8,"turns":5},{"damage":0,"enemies":"Looter","floor":9,"turns":6},{"damage":0,"enemies":"Looter","floor":11,"turns":3},{"damage":12,"enemies":"Lagavulin","floor":12,"turns":8},{"damage":0,"enemies":"2 Fungi Beasts","floor":13,"turns":5},{"damage":0,"enemies":"Red Slaver","floor":14,"turns":5},{"damage":53,"enemies":"The Guardian","floor":16,"turns":12},{"damage":16,"enemies":"2 Thieves","floor":18,"turns":5},{"damage":13,"enemies":"Shell Parasite","floor":21,"turns":5},{"damage":2,"enemies":"Replay:Snechameleon","floor":23,"turns":6},{"damage":46,"enemies":"Chosen and Byrds","floor":25,"turns":6},{"damage":3,"enemies":"Centurion and Healer","floor":27,"turns":3},{"damage":17,"enemies":"Cultist and Chosen","floor":31,"turns":5},{"damage":0,"enemies":"Champ","floor":33,"turns":4},{"damage":14,"enemies":"Orb Walker","floor":35,"turns":4},{"damage":0,"enemies":"3 Shapes","floor":36,"turns":3},{"damage":1,"enemies":"Transient","floor":39,"turns":5},{"damage":16,"enemies":"Reptomancer","floor":41,"turns":6},{"damage":6,"enemies":"R_Hoarder","floor":44,"turns":4},{"damage":6,"enemies":"Maw","floor":48,"turns":4},{"damage":42,"enemies":"Awakened One","floor":50,"turns":9}],"seed_played":"9065549848043641690","potions_obtained":[{"floor":4.0,"key":"Milkshake"},{"floor":4.0,"key":"LifebloodPotion"},{"floor":7,"key":"SpeedPotion"},{"floor":8,"key":"FairyPotion"},{"floor":12,"key":"PowerPotion"},{"floor":16,"key":"SkillPotion"},{"floor":18,"key":"FairyPotion"},{"floor":25,"key":"Fruit Juice"},{"floor":31,"key":"Block Potion"},{"floor":33,"key":"AttackPotion"},{"floor":39,"key":"SteroidPotion"},{"floor":48,"key":"Fruit Juice"}],"is_trial":false,"path_per_floor":["M","M","M","?","$","R","E","M","MIM","$","M","E","M","M","R","B",null,"M","?","?","M","$","E","?","M","T","M","?","R","?","M","R","B",null,"M","M","?","?","M","R","E","R","T","E","$","?","?","M","R","B",null],"character_chosen":"THE_SILENT","items_purchased":["Acrobatics","Infinite Blades"],"campfire_rested":3,"item_purchase_floors":[5,45],"current_hp_per_floor":[49,44,44,27,27,48,14,10,23,23,25,24,24,24,47,9,77,77,77,77,66,66,68,68,36,36,39,39,63,63,50,50,62,96,83,85,85,85,96,96,91,91,91,89,89,89,89,101,101,75],"gold":15,"neow_bonus":"RANDOM_COLORLESS_2","is_daily":false,"chose_seed":false,"campfire_upgraded":4,"win_rate":0.0,"timestamp":1611794122,"path_taken":["M","M","M","?","$","R","E","M","MIM","$","M","E","?","M","R","BOSS","M","?","?","M","$","E","?","M","T","?","?","R","?","M","R","BOSS","M","M","?","?","M","R","E","R","T","E","$","?","?","M","R","BOSS"],"items_purchased_type":["Card","Card"],"build_version":"2020-12-22","purchased_purges":3,"victory":true,"max_hp_per_floor":[70,70,70,70,70,70,70,70,77,77,77,77,77,77,77,77,77,77,77,77,77,77,77,77,82,82,82,82,82,82,82,82,82,96,96,96,96,96,96,96,96,96,96,96,96,96,96,101,101,101],"card_choices":[{"not_picked":["Thinking Ahead","Sadistic Nature"],"picked":"Crow Ritual","floor":0.0},{"not_picked":["Outmaneuver","Riddle With Holes"],"picked":"Leg Sweep","floor":1.0},{"not_picked":["Skewer","Poisoned Stab"],"picked":"Hidden Blade","floor":2.0},{"not_picked":["Cloak And Dagger","Leg Sweep"],"picked":"Noxious Fumes","floor":3.0},{"not_picked":["Bane","Atom Bomb"],"picked":"Masterful Stab","floor":7},{"not_picked":["Backflip","All Out Attack"],"picked":"Bane","floor":8},{"not_picked":["Quick Slash","Blur"],"picked":"Acrobatics","floor":9},{"not_picked":["Predator","hubris:SlightOfHand","Prepared"],"picked":"SKIP","floor":11},{"not_picked":["Acrobatics","Backflip","Bane"],"picked":"SKIP","floor":12},{"not_picked":["Backflip","All Out Attack"],"picked":"ReplayTheSpireMod:From All Sides","floor":13},{"not_picked":["Dagger Throw","Bane"],"picked":"ReplayTheSpireMod:The Works","floor":14},{"not_picked":["Unload","Night Terror"],"picked":"Tools of the Trade","floor":16},{"not_picked":["ReplayTheSpireMod:The Works","Deadly Poison","Slice"],"picked":"SKIP","floor":18},{"not_picked":["Blade Dance","Slice","All Out Attack"],"picked":"SKIP","floor":21},{"not_picked":["Backflip+1","Underhanded Strike"],"picked":"Heel Hook","floor":23},{"not_picked":["Sucker Punch","Cloak And Dagger"],"picked":"Reflex","floor":25},{"not_picked":["Blur","Deflect","Backflip"],"picked":"SKIP","floor":27},{"not_picked":["Flying Knee","Underhanded Strike+1","Poisoned Stab+1"],"picked":"SKIP","floor":31},{"not_picked":["Burst","Storm of Steel"],"picked":"Adrenaline","floor":33},{"not_picked":["hubris:Despair","hubris:Disease"],"picked":"Writhe","floor":34},{"not_picked":["Looming Evil","hubris:Lust"],"picked":"Overencumbered","floor":34},{"not_picked":["Hallucinations","ReplayTheSpireMod:Doomed"],"picked":"Spreading Infection","floor":34},{"not_picked":["Dagger Spray","PiercingWail+1"],"picked":"Sneak Up+1","floor":35},{"not_picked":["Hidden Blade+1","PiercingWail","Sucker Punch+1"],"picked":"SKIP","floor":36},{"not_picked":["Backflip+1","ReplayTheSpireMod:Exploit Weakness","Blade Dance"],"picked":"SKIP","floor":39},{"not_picked":["hubris:Counter","PiercingWail+1","Deflect"],"picked":"SKIP","floor":41},{"not_picked":["Quick Slash","Cloak And Dagger","Blade Dance+1"],"picked":"SKIP","floor":44},{"not_picked":["Eviscerate","Blade Dance","PiercingWail+1"],"picked":"SKIP","floor":48}],"player_experience":2116936,"relics_obtained":[{"floor":4.0,"key":"Toy Ornithopter"},{"floor":7,"key":"Snack Pack"},{"floor":9,"key":"Strawberry"},{"floor":12,"key":"Oddly Smooth Stone"},{"floor":23,"key":"hubris:Teleporter"},{"floor":26,"key":"Vajra"},{"floor":41,"key":"Bronze Scales"},{"floor":43,"key":"CaptainsWheel"},{"floor":44,"key":"White Beast Statue"}],"event_choices":[{"cards_removed":["Strike_G"],"damage_healed":0,"gold_gain":0,"player_choice":"Upgrade and Remove","damage_taken":0,"max_hp_gain":0,"max_hp_loss":0,"event_name":"Designer","floor":19,"gold_loss":90,"cards_upgraded":["Strike_G"]},{"cards_removed":["Apotheosis"],"damage_healed":0,"gold_gain":0,"player_choice":"Take \u0026 Give","damage_taken":0,"max_hp_gain":0,"max_hp_loss":0,"event_name":"betterNote:BetterNote","floor":20,"gold_loss":0,"cards_obtained":["Apotheosis"]},{"cards_removed":["Defend_G"],"damage_healed":0,"gold_gain":0,"player_choice":"Elegance","damage_taken":0,"max_hp_gain":0,"max_hp_loss":0,"event_name":"Back to Basics","floor":24,"gold_loss":0},{"cards_removed":["Defend_G"],"damage_healed":0,"gold_gain":0,"player_choice":"Gave Gold","damage_taken":0,"max_hp_gain":0,"max_hp_loss":0,"event_name":"Beggar","floor":30,"gold_loss":75},{"damage_healed":0,"gold_gain":0,"player_choice":"Paid","damage_taken":0,"relics_obtained":["Red Mask"],"max_hp_gain":0,"max_hp_loss":0,"event_name":"Tomb of Lord Red Mask","floor":46,"gold_loss":163},{"cards_removed":["Leg Sweep"],"damage_healed":0,"gold_gain":0,"player_choice":"Removed Skill","damage_taken":0,"max_hp_gain":0,"max_hp_loss":0,"event_name":"Falling","floor":47,"gold_loss":0}],"is_beta":false,"boss_relics":[{"not_picked":["hubris:Backtick","Snecko Eye"],"picked":"Ring of the Serpent"},{"not_picked":["hubris:RunicObelisk","Replay:Bronze Core"],"picked":"Replay:Ancient Bell"},{"not_picked":["ReplayFunnel","Nunchaku"],"picked":"hubris:ToyBattleship"},{"not_picked":["Matryoshka","Eternal Feather"],"picked":"hubris:MysteriousPyramids"},{"not_picked":["WingedGreaves","Pocketwatch"],"picked":"Mango"}],"items_purged_floors":[5,10,22],"is_endless":false,"potions_floor_spawned":[7,8,12,16,18,25,31,33,39,48],"ascension_level":1}}