{"host":"2ttsipbxjlhedj1t","time":1611813728,"event":{"mods":["2.2 Compatiblity","Act Like it!","BaseMod","Colored Map","Colored Powertips","Curses Come First","Highlight Path","Minty Spire (QoL Compilation)","Quick Restart","Robot Space Explorer","Shop Mod","StSLib"],"gold_per_floor":[150,225,225,225,30,30,30,30,30,104,140,193,40,91,91,188,188,199,199,149,0,51,84,84,143,166,166,166],"floor_reached":27,"language":"ENG","playtime":1373,"items_purged":["Regret","Shame"],"score":261,"play_id":"48bb4543-dcd3-44fc-9a63-5266a38cff72","local_time":"20210128010208","is_ascension_mode":true,"campfire_choices":[{"data":"Dark Embrace","floor":6,"key":"SMITH"},{"floor":8,"key":"REST"},{"data":"Bash","floor":15,"key":"SMITH"},{"data":"True Grit","floor":24,"key":"SMITH"}],"circlet_count":0,"master_deck":["Strike_R","Strike_R","Strike_R","Strike_R","Strike_R","Defend_R","Defend_R","Defend_R","Defend_R","Bash+1","Writhe","HandOfGreed","Wild Strike","Dark Embrace+1","Ghostly Armor","Wild Strike","Sentinel","Reaper","Sever Soul","Feel No Pain","True Grit+1","Inflame"],"relics":["Burning Blood","PreservedInsect","Kunai","GremlinMask","Pen Nib","Singing Bowl","Orichalcum","Toolbox","Black Star","White Beast Statue","Shuriken","Nunchaku","Smiling Mask"],"acts_visited":["Exordium","TheCity"],"potions_floor_usage":[11,16,16,23,23,23,25,27],"damage_taken":[{"damage":0,"enemies":"Small Slimes","floor":1,"turns":4},{"damage":24,"enemies":"3 Sentries","floor":10,"turns":8},{"damage":2,"enemies":"Jaw Worm","floor":11,"turns":3},{"damage":6,"enemies":"Gremlin Nob","floor":12,"turns":3},{"damage":3,"enemies":"2 Louse","floor":14,"turns":3},{"damage":28,"enemies":"Hexaghost","floor":16,"turns":9},{"damage":18,"enemies":"Chosen","floor":18,"turns":6},{"damage":32,"enemies":"3 Byrds","floor":22,"turns":7},{"damage":21,"enemies":"Gremlin Leader","floor":23,"turns":5},{"damage":54,"enemies":"3 Cultists","floor":25,"turns":7},{"damage":44,"enemies":"Sentry and Sphere","floor":27,"turns":5}],"seed_played":"3181851050480947885","potions_obtained":[{"floor":10,"key":"Swift Potion"},{"floor":11,"key":"Energy Potion"},{"floor":14,"key":"DistilledChaos"},{"floor":18,"key":"Strength Potion"},{"floor":22,"key":"AttackPotion"},{"floor":23,"key":"Energy Potion"},{"floor":25,"key":"SkillPotion"}],"is_trial":false,"path_per_floor":["M","?","?","?","$","R","?","R","T","E","M","E","$","M","R","B",null,"M","?","?","$","M","E","R","M","T","M"],"character_chosen":"IRONCLAD","items_purchased":["Wild Strike","Dark Embrace","Toolbox","Fire Potion"],"campfire_rested":1,"item_purchase_floors":[5,5,13,21],"current_hp_per_floor":[80,69,69,57,57,57,57,80,80,64,68,68,68,71,71,49,82,70,70,70,70,50,77,77,43,43,0,0],"gold":166,"neow_bonus":"RANDOM_COLORLESS_2","is_daily":false,"chose_seed":false,"campfire_upgraded":3,"win_rate":0.0,"timestamp":1611813728,"path_taken":["M","?","?","?","$","R","?","R","T","E","?","E","?","M","R","BOSS","M","?","?","$","?","E","R","M","T","M"],"items_purchased_type":["Card","Card","Relic","Potion"],"build_version":"2020-12-22","purchased_purges":2,"victory":false,"max_hp_per_floor":[80,80,80,80,80,80,80,80,80,82,82,82,82,82,82,82,82,82,82,82,82,82,82,82,82,82,82,82],"card_choices":[{"not_picked":["Apotheosis","Master of Strategy"],"picked":"HandOfGreed","floor":0},{"not_picked":["Headbutt","Pommel Strike","Thunderclap"],"picked":"SKIP","floor":1},{"not_picked":["Pommel Strike","Rage","Spot Weakness"],"picked":"Singing Bowl","floor":10},{"not_picked":["Searing Blow","Second Wind"],"picked":"Ghostly Armor","floor":11},{"not_picked":["Body Slam","Bloodletting"],"picked":"Wild Strike","floor":12},{"not_picked":["Seeing Red","Evolve"],"picked":"Sentinel","floor":14},{"not_picked":["Berserk","Brutality"],"picked":"Reaper","floor":16},{"not_picked":["Sword Boomerang","Havoc"],"picked":"Sever Soul","floor":18},{"not_picked":["Armaments","Flex"],"picked":"Feel No Pain","floor":22},{"not_picked":["Flame Barrier+1","Shrug It Off"],"picked":"True Grit","floor":23},{"not_picked":["Disarm","Pommel Strike+1"],"picked":"Inflame","floor":25}],"player_experience":361099,"relics_obtained":[{"floor":9,"key":"Pen Nib"},{"floor":10,"key":"Singing Bowl"},{"floor":12,"key":"Orichalcum"},{"floor":23,"key":"Shuriken"},{"floor":23,"key":"Nunchaku"},{"floor":26,"key":"Smiling Mask"}],"event_choices":[{"damage_healed":0,"gold_gain":75,"player_choice":"Gather Gold","damage_taken":11,"max_hp_gain":0,"max_hp_loss":0,"event_name":"World of Goop","floor":2,"gold_loss":0},{"damage_healed":0,"gold_gain":0,"player_choice":"Box","damage_taken":0,"relics_obtained":["PreservedInsect"],"max_hp_gain":0,"max_hp_loss":0,"event_name":"Big Fish","floor":3,"gold_loss":0,"cards_obtained":["Regret"]},{"damage_healed":0,"gold_gain":0,"player_choice":"Success","damage_taken":12,"relics_obtained":["Kunai"],"max_hp_gain":0,"max_hp_loss":0,"event_name":"Scrap Ooze","floor":4,"gold_loss":0},{"damage_healed":0,"gold_gain":0,"player_choice":"Trade","damage_taken":0,"relics_obtained":["GremlinMask"],"max_hp_gain":0,"max_hp_loss":0,"event_name":"FaceTrader","floor":7,"gold_loss":0},{"damage_healed":0,"gold_gain":0,"player_choice":"Stole Relic","damage_taken":0,"relics_obtained":["White Beast Statue"],"max_hp_gain":0,"max_hp_loss":0,"event_name":"Addict","floor":19,"gold_loss":0,"cards_obtained":["Shame"]},{"damage_healed":0,"gold_gain":0,"player_choice":"Bet on Murderer","damage_taken":0,"max_hp_gain":0,"max_hp_loss":0,"event_name":"The Joust","floor":20,"gold_loss":50}],"is_beta":false,"boss_relics":[{"not_picked":["Busted Crown","Black Blood"],"picked":"Black Star"}],"items_purged_floors":[5,21],"is_endless":false,"potions_floor_spawned":[10,11,14,18,22,23,25],"killed_by":"Sentry and Sphere","ascension_level":2}}