{"host":"o7j6aatxjwpw1421","time":1611848407,"event":{"mods":["2.2 Compatiblity","AchievementEnabler","BaseMod","Colored Map","DeckTracker","Highlight Path","Keyboard Shortcuts","Minty Spire (QoL Compilation)","Permanent Neow","Quick Restart","StSLib","SuperFastMode","everything is the same but u backflip on backflip"],"gold_per_floor":[118,43,43,55,68,68,78,78,104,104,69,19,37,52,52,152,152,171,171,270,270,185,185,217,217,217,236,146,165,89,108,108,108,108],"floor_reached":33,"language":"KOR","playtime":1158,"items_purged":["Strike_B","Defend_B","Writhe","Defend_B"],"score":306,"play_id":"d9243dd4-967a-433e-8acc-01fa1b1f80c4","local_time":"20210129004007","is_ascension_mode":true,"campfire_choices":[{"data":"Creative AI","floor":6.0,"key":"SMITH"},{"data":"Zap","floor":10.0,"key":"SMITH"},{"data":"White Noise","floor":15.0,"key":"SMITH"},{"data":"Multi-Cast","floor":23.0,"key":"SMITH"},{"data":"Dualcast","floor":25,"key":"SMITH"},{"floor":32,"key":"REST"}],"circlet_count":0,"master_deck":["Strike_B+1","Strike_B+1","Defend_B","Zap+1","Dualcast+1","Genetic Algorithm","Doom and Gloom","Creative AI+1","Lockon","White Noise+1","Multi-Cast+1","Cold Snap+1","Glacier","Storm","Double Energy","Conserve Battery","Biased Cognition"],"relics":["Cracked Core","Smiling Mask","Blood Vial","Sozu","Molten Egg 2","HornCleat","Eternal Feather","Matryoshka"],"acts_visited":["Exordium","TheCity"],"potions_floor_usage":[],"damage_taken":[{"damage":1.0,"enemies":"Jaw Worm","floor":1.0,"turns":4.0},{"damage":2.0,"enemies":"2 Louse","floor":4.0,"turns":3.0},{"damage":7.0,"enemies":"Small Slimes","floor":5.0,"turns":3.0},{"damage":7.0,"enemies":"2 Fungi Beasts","floor":7.0,"turns":3.0},{"damage":1.0,"enemies":"Looter","floor":13.0,"turns":2.0},{"damage":14.0,"enemies":"Lots of Slimes","floor":14.0,"turns":3.0},{"damage":7.0,"enemies":"The Guardian","floor":16.0,"turns":7.0},{"damage":12.0,"enemies":"Chosen","floor":18.0,"turns":4.0},{"damage":11,"enemies":"Slavers","floor":24,"turns":3},{"damage":22,"enemies":"2 Thieves","floor":27,"turns":4},{"damage":13,"enemies":"Chosen and Byrds","floor":29,"turns":5},{"damage":4,"enemies":"Centurion and Healer","floor":31,"turns":5},{"damage":39,"enemies":"Automaton","floor":33,"turns":8}],"seed_played":"8538167269240340531","potions_obtained":[{"floor":5.0,"key":"CultistPotion"},{"floor":7.0,"key":"BlessingOfTheForge"},{"floor":13.0,"key":"SteroidPotion"}],"is_trial":false,"path_per_floor":["M","$","?","M","M","R","M","?","T","R","?","$","M","M","R","B",null,"M","?","?","?","?","R","E","R","T","M","$","M","$","M","R","B"],"character_chosen":"DEFECT","items_purchased":["Storm","Conserve Battery"],"campfire_rested":1,"item_purchase_floors":[28,30],"current_hp_per_floor":[67,67,53,51,44,44,37,19,19,19,36,36,37,25,25,20,68,56,56,56,56,56,56,47,53,53,33,33,22,22,20,49,12,12],"gold":108,"neow_bonus":"REMOVE_TWO","is_daily":false,"chose_seed":false,"campfire_upgraded":5,"win_rate":0.0,"timestamp":1611848407,"path_taken":["M","$","?","M","M","R","M","?","T","R","?","$","M","?","R","BOSS","M","?","?","?","?","R","E","R","T","M","$","M","$","M","R","BOSS"],"items_purchased_type":["Card","Card"],"build_version":"2020-12-22","purchased_purges":4,"victory":false,"max_hp_per_floor":[68,68,68,68,68,68,68,68,68,68,68,68,68,68,68,68,68,68,68,68,68,68,68,68,68,68,68,68,68,68,68,68,68,68],"card_choices":[{"not_picked":["Sweeping Beam","Cold Snap"],"picked":"Genetic Algorithm","floor":1.0},{"not_picked":["Turbo","Gash"],"picked":"Doom and Gloom","floor":4.0},{"not_picked":["Leap","Redo"],"picked":"Creative AI","floor":5.0},{"not_picked":["Sweeping Beam","Doom and Gloom"],"picked":"Lockon","floor":7.0},{"not_picked":["Chaos","Rebound"],"picked":"White Noise","floor":13.0},{"not_picked":["BootSequence","Go for the Eyes","White Noise"],"picked":"SKIP","floor":14.0},{"not_picked":["Thunder Strike","Machine Learning"],"picked":"Multi-Cast","floor":16.0},{"not_picked":["Darkness","Rebound+1"],"picked":"Cold Snap+1","floor":18.0},{"not_picked":["Go for the Eyes+1","Cold Snap+1","Stack"],"picked":"SKIP","floor":24},{"not_picked":["Stack","Tempest"],"picked":"Glacier","floor":27},{"not_picked":["Tempest","Stack+1"],"picked":"Double Energy","floor":29},{"not_picked":["Go for the Eyes+1","Heatsinks+1"],"picked":"Biased Cognition","floor":31}],"player_experience":639725,"relics_obtained":[{"floor":9.0,"key":"Blood Vial"},{"floor":24,"key":"Eternal Feather"},{"floor":26,"key":"Matryoshka"}],"event_choices":[{"damage_healed":0.0,"max_hp_gain":0.0,"max_hp_loss":0.0,"gold_gain":0.0,"event_name":"Shining Light","player_choice":"Entered Light","floor":3.0,"gold_loss":0.0,"damage_taken":14.0,"cards_upgraded":["Strike_B","Strike_B"]},{"damage_healed":0.0,"max_hp_gain":0.0,"max_hp_loss":0.0,"gold_gain":0.0,"event_name":"Scrap Ooze","player_choice":"Success","floor":8.0,"gold_loss":0.0,"damage_taken":18.0,"relics_obtained":["Smiling Mask"]},{"damage_healed":17.0,"max_hp_gain":0.0,"max_hp_loss":0.0,"gold_gain":0.0,"event_name":"The Cleric","player_choice":"Healed","floor":11.0,"gold_loss":35.0,"damage_taken":0.0},{"damage_healed":0.0,"max_hp_gain":0.0,"max_hp_loss":0.0,"gold_gain":0.0,"event_name":"The Mausoleum","player_choice":"Opened","floor":19.0,"gold_loss":0.0,"damage_taken":0.0,"relics_obtained":["Molten Egg 2"],"cards_obtained":["Writhe"]},{"damage_healed":0.0,"max_hp_gain":0.0,"max_hp_loss":0.0,"gold_gain":99.0,"event_name":"Nest","player_choice":"Stole From Cult","floor":20.0,"gold_loss":0.0,"damage_taken":0.0},{"damage_healed":0.0,"max_hp_gain":0.0,"max_hp_loss":0.0,"gold_gain":0.0,"event_name":"Ghosts","player_choice":"Ignored","floor":21.0,"gold_loss":0.0,"damage_taken":0.0},{"damage_healed":0.0,"max_hp_gain":0.0,"max_hp_loss":0.0,"gold_gain":0.0,"event_name":"Addict","player_choice":"Obtained Relic","floor":22.0,"gold_loss":85.0,"damage_taken":0.0,"relics_obtained":["HornCleat"]}],"is_beta":false,"boss_relics":[{"not_picked":["Snecko Eye","FrozenCore"],"picked":"Sozu"}],"items_purged_floors":[2,12,28,30],"is_endless":false,"potions_floor_spawned":[5,7,13,29,31],"killed_by":"Automaton","ascension_level":4}}