{"host":"lumcv3i1g77d9w8s","time":1611826233,"event":{"mods":["2.2 Compatiblity","AchievementEnabler","Bard","BaseMod","BetterRewards","CatGirl Mod","Colored Powertips","Conspire","Downfall","GifTheSpireLib","Halation","Hermit","Highlight Path","Hubris","Infinite Spire","Minty Spire (QoL Compilation)","Potionbrewer","Replay The Spire","Shade Mod","StSLib","Stuff the Spire","The Blackbeard","The Disciple","The Gatherer","The Jungle","The Necromancer","The Poker Player","The Runesmith","TheBandit"],"gold_per_floor":[109,119,139,155,166,166,233,243,298,298,298,35,54,73,73,176,176,187,87,105,105,105,105,105,105],"floor_reached":24,"language":"ENG","playtime":1559,"items_purged":[],"score":190,"play_id":"025495d8-c32d-4732-8e8f-d6fc786de22b","local_time":"20210128123033","is_ascension_mode":false,"campfire_choices":[{"data":"Uncharnel","floor":6,"key":"SMITH"},{"data":"Negative_Energy_Burst","floor":10,"key":"SMITH"},{"data":"Blood_Curse","floor":15,"key":"SMITH"},{"floor":23,"key":"REST"}],"circlet_count":0,"master_deck":["Strike_W","Strike_W","Strike_W","Strike_W","Defend_W","Defend_W","Defend_W","Defend_W","Negative_Energy_Arrows","Bone_Wall","Negative_Energy_Burst+1","Blood_Curse+1","Plague_Bolt","Blood_Curse","Uncharnel+1","Spectral_Armor","Bone_Prison","Negative_Energy_Shield","Uncharnel","Consume_Illness","Vampiric_Strike","Death_March_Dance","Negative_Energy_Burst","Acid_Javelin+1","Grasp_Heart","Spectral_Walk","Stop_Heart","Blood_Wake","Corrupt","conspire:SpireCoStock","conspire:SpireCoStock","Slay_Living+1"],"relics":["Vampire_Amulet","Gremlin Food","potionbrewer:BoosterPack","Sozu","Replay:Blank Codex"],"acts_visited":["Exordium","TheCity"],"potions_floor_usage":[16,24],"damage_taken":[{"damage":0,"enemies":"2 Louse","floor":1,"turns":2},{"damage":8,"enemies":"conspire:RoseBush","floor":2,"turns":2},{"damage":0,"enemies":"Jaw Worm","floor":3,"turns":4},{"damage":0,"enemies":"Lots of Slimes","floor":4,"turns":1},{"damage":8,"enemies":"Red Slaver","floor":5,"turns":4},{"damage":0,"enemies":"Blue Slaver","floor":8,"turns":5},{"damage":10,"enemies":"2 Fungi Beasts","floor":13,"turns":3},{"damage":0,"enemies":"Lots of Slimes","floor":14,"turns":2},{"damage":35,"enemies":"Hexaghost","floor":16,"turns":9},{"damage":10,"enemies":"Shell Parasite","floor":18,"turns":4},{"damage":19,"enemies":"3 Byrds","floor":20,"turns":5},{"damage":74,"enemies":"Gremlin Leader","floor":24,"turns":5}],"seed_played":"226551100048260255","potions_obtained":[{"floor":3,"key":"potionbrewer:CleansingPotion"},{"floor":4,"key":"Reflective Coating"},{"floor":5,"key":"Swift Potion"},{"floor":8,"key":"potionbrewer:HastePotion"},{"floor":16,"key":"Block Potion"}],"is_trial":false,"path_per_floor":["M","M","M","M","M","R","?","M","T","R","?","$","M","M","R","B",null,"M","?","M","?","$","R","E"],"character_chosen":"NECROMANCER","items_purchased":["Negative_Energy_Shield","Uncharnel","potionbrewer:BoosterPack"],"campfire_rested":1,"item_purchase_floors":[12,12,12],"current_hp_per_floor":[75,69,71,75,69,69,69,71,71,71,71,71,65,75,75,42,75,67,67,54,38,38,60,0,0],"gold":105,"neow_bonus":"THREE_CARDS","is_daily":false,"chose_seed":false,"campfire_upgraded":3,"win_rate":0.0,"timestamp":1611826233,"path_taken":["M","M","M","M","M","R","?","M","T","R","?","$","M","M","R","BOSS","M","?","M","?","?","R","E"],"items_purchased_type":["Card","Card","Relic"],"build_version":"2020-12-22","purchased_purges":0,"victory":false,"max_hp_per_floor":[75,75,75,75,75,75,75,75,75,75,75,75,75,75,75,75,75,75,75,75,75,75,75,75,75],"card_choices":[{"not_picked":["Deaths_Shadow","Bones_to_Steel"],"picked":"Negative_Energy_Burst","floor":0},{"not_picked":["Negative_Energy_Javelin","Toxic_Smoke_Screen"],"picked":"Blood_Curse","floor":1},{"not_picked":["Death_March_Dance","Deaths_Shadow"],"picked":"Plague_Bolt","floor":2},{"not_picked":["Negative_Energy_Burst","Death_Knell"],"picked":"Blood_Curse","floor":3},{"not_picked":["Strike_from_Beyond","Acid_Javelin"],"picked":"Uncharnel","floor":4},{"not_picked":["Bone_Armor","Negative_Energy_Sphere"],"picked":"Spectral_Armor","floor":5},{"not_picked":["Blood_Is_Power","Stop_Heart"],"picked":"Bone_Prison","floor":8},{"not_picked":["Scare","Acid_Javelin"],"picked":"Spectral_Walk","floor":13},{"not_picked":["Bone_Armory","Negative_Energy_Mist"],"picked":"Stop_Heart","floor":14},{"not_picked":["Reap_The_Weak","Negative_Energy_Bomb"],"picked":"Blood_Wake","floor":16},{"not_picked":["Chill_Blood","Blood_Curse"],"picked":"Corrupt","floor":18},{"not_picked":["Negative_Energy_Mist","Scare"],"picked":"Slay_Living+1","floor":20}],"player_experience":75758,"relics_obtained":[{"floor":9,"key":"Gremlin Food"},{"floor":21,"key":"Replay:Blank Codex"}],"event_choices":[{"damage_healed":0,"gold_gain":67,"player_choice":"Gained Gold","damage_taken":0,"max_hp_gain":0,"max_hp_loss":0,"event_name":"Golden Wing","floor":7,"gold_loss":0},{"damage_healed":0,"gold_gain":0,"player_choice":"Ignored","damage_taken":0,"max_hp_gain":0,"max_hp_loss":0,"event_name":"Golden Idol","floor":11,"gold_loss":0},{"damage_healed":0,"gold_gain":0,"player_choice":"Invest 2","damage_taken":0,"max_hp_gain":0,"max_hp_loss":0,"event_name":"conspire:Investor","floor":19,"gold_loss":0},{"damage_healed":0,"gold_gain":0,"player_choice":"Obtained Book","damage_taken":16,"max_hp_gain":0,"max_hp_loss":0,"event_name":"Cursed Tome","floor":21,"gold_loss":0}],"is_beta":false,"boss_relics":[{"not_picked":["hubris:TerracottaHorce","Tiny House"],"picked":"Sozu"}],"items_purged_floors":[],"is_endless":false,"potions_floor_spawned":[3,4,5,8,16],"killed_by":"Gremlin Leader","ascension_level":0}}