{"host":"q8mjpf3krl0t4p3x","time":1611809378,"event":{"mods":["BaseMod","Colored Map","Colored Powertips","Googly Eyes","Minty Spire (QoL Compilation)","Quick Restart","StSLib","everything is the same but u backflip on backflip","slay the spire mod where everything is the same but ironclad has a cowboy hat"],"gold_per_floor":[114,130,130,130,130,130,21,21,44,58,76,86,98,115,115,218,218,233,16,16,16,16,16,32,32,32,49,49,49,49],"floor_reached":29,"language":"ENG","playtime":701,"items_purged":["Strike_B"],"score":258,"play_id":"849bb231-d51c-412d-9f41-bb38232a3883","local_time":"20210127204938","is_ascension_mode":true,"campfire_choices":[{"data":"Sweeping Beam","floor":6,"key":"SMITH"},{"data":"Loop","floor":8,"key":"SMITH"},{"floor":15,"key":"REST"},{"data":"Defragment","floor":23,"key":"SMITH"},{"data":"Capacitor","floor":25,"key":"SMITH"},{"floor":28,"key":"REST"}],"circlet_count":0,"master_deck":["Strike_B","Strike_B+1","Defend_B","Defend_B+1","Defend_B","Defend_B","Zap","Dualcast","Doom and Gloom+1","Sweeping Beam+1","Loop+1","Defragment+1","Capacitor+1","Shame"],"relics":["Cracked Core","Emotion Chip","Boot","Inserter","Lee\u0027s Waffle","Singing Bowl","Gambling Chip"],"acts_visited":["Exordium","TheCity"],"potions_floor_usage":[16,24,27,27,29],"damage_taken":[{"damage":1,"enemies":"Cultist","floor":1,"turns":3},{"damage":7,"enemies":"2 Louse","floor":2,"turns":3},{"damage":8,"enemies":"Small Slimes","floor":10,"turns":2},{"damage":0,"enemies":"2 Fungi Beasts","floor":11,"turns":2},{"damage":0,"enemies":"Gremlin Gang","floor":12,"turns":2},{"damage":9,"enemies":"Red Slaver","floor":13,"turns":3},{"damage":7,"enemies":"2 Fungi Beasts","floor":14,"turns":2},{"damage":11,"enemies":"Hexaghost","floor":16,"turns":6},{"damage":7,"enemies":"Chosen","floor":18,"turns":4},{"damage":18,"enemies":"Spheric Guardian","floor":24,"turns":4},{"damage":51,"enemies":"Centurion and Healer","floor":27,"turns":5},{"damage":45,"enemies":"Slavers","floor":29,"turns":2}],"seed_played":"4194865149074004790","potions_obtained":[{"floor":13,"key":"ColorlessPotion"},{"floor":14,"key":"Fire Potion"},{"floor":16,"key":"SmokeBomb"},{"floor":22,"key":"FocusPotion"},{"floor":22,"key":"AttackPotion"},{"floor":27,"key":"Explosive Potion"}],"is_trial":false,"path_per_floor":["M","M","?","?","?","R","$","R","T","M","M","M","M","M","R","B",null,"M","$","?","$","?","R","M","R","T","M","R","E"],"character_chosen":"DEFECT","items_purchased":["Loop","Capacitor","Lee\u0027s Waffle"],"campfire_rested":2,"item_purchase_floors":[7,19,19],"current_hp_per_floor":[53,46,31,31,31,31,31,31,31,23,23,23,14,7,29,18,75,68,82,82,82,82,82,66,66,66,17,42,0,0],"gold":49,"neow_bonus":"ONE_RARE_RELIC","is_daily":false,"chose_seed":false,"campfire_upgraded":4,"win_rate":0.0,"timestamp":1611809378,"path_taken":["M","?","?","?","?","R","$","R","T","?","M","M","M","M","R","BOSS","M","$","?","$","?","R","M","R","T","M","R","E"],"items_purchased_type":["Card","Card","Relic"],"build_version":"2020-12-22","purchased_purges":1,"victory":false,"max_hp_per_floor":[75,75,75,75,75,75,75,75,75,75,75,75,75,75,75,75,75,75,82,82,82,82,82,84,84,84,86,86,86,86],"card_choices":[{"not_picked":["Turbo","Skim"],"picked":"Doom and Gloom","floor":1},{"not_picked":["Hologram","Beam Cell"],"picked":"Sweeping Beam","floor":2},{"not_picked":["Recycle","Compile Driver","Meteor Strike"],"picked":"SKIP","floor":10},{"not_picked":["Fusion","Glacier"],"picked":"Defragment","floor":11},{"not_picked":["Coolheaded","Steam","Stack"],"picked":"SKIP","floor":12},{"not_picked":["Stack","Steam","Blizzard"],"picked":"SKIP","floor":13},{"not_picked":["Static Discharge","Compile Driver","Steam"],"picked":"SKIP","floor":14},{"not_picked":["Auto Shields","Stack","Steam Power+1"],"picked":"SKIP","floor":18},{"not_picked":["Sunder","Beam Cell","Darkness+1"],"picked":"Singing Bowl","floor":24},{"not_picked":["Compile Driver","Cold Snap+1","Hologram"],"picked":"Singing Bowl","floor":27}],"player_experience":312244,"relics_obtained":[{"floor":9,"key":"Boot"},{"floor":26,"key":"Gambling Chip"}],"event_choices":[{"damage_healed":0,"gold_gain":0,"player_choice":"Entered Light","damage_taken":15,"max_hp_gain":0,"max_hp_loss":0,"event_name":"Shining Light","floor":3,"gold_loss":0,"cards_upgraded":["Defend_B","Strike_B"]},{"damage_healed":0,"gold_gain":0,"player_choice":"Grow","damage_taken":0,"max_hp_gain":0,"max_hp_loss":0,"event_name":"Living Wall","floor":4,"gold_loss":0,"cards_upgraded":["Doom and Gloom"]},{"cards_removed":["Strike_B"],"damage_healed":0,"gold_gain":0,"player_choice":"Offered Basic","damage_taken":0,"max_hp_gain":0,"max_hp_loss":0,"event_name":"Bonfire Elementals","floor":5,"gold_loss":0},{"damage_healed":0,"gold_gain":0,"player_choice":"Stole Relic","damage_taken":0,"relics_obtained":["Singing Bowl"],"max_hp_gain":0,"max_hp_loss":0,"event_name":"Addict","floor":20,"gold_loss":0,"cards_obtained":["Shame"]},{"damage_healed":0,"gold_gain":0,"player_choice":"Got Potions","damage_taken":0,"max_hp_gain":0,"max_hp_loss":0,"event_name":"Lab","floor":22,"gold_loss":0}],"is_beta":false,"boss_relics":[{"not_picked":["Black Star","Nuclear Battery"],"picked":"Inserter"}],"items_purged_floors":[7],"is_endless":false,"potions_floor_spawned":[13,14,16,27],"killed_by":"Slavers","ascension_level":4}}