{"host":"h1qktzcccqnez8tx","time":1611872130,"event":{"mods":["AchievementEnabler","BaseMod","Bestiary","Better Note","Block Reminder","Colored Map","Colored Powertips","Curses Come First","Downfall","Highlight Path","Infinite Spire","Minty Spire (QoL Compilation)","Permanent Neow","Quick Restart","Relic Stats","Replay The Spire","Say the Spire","StSLib","UnlockEverythingMod"],"gold_per_floor":[99,117,267,278,296,296,323,338,338,354,354,364,376,392,408,513,513,513,533,25,36,73,73,143,148,187,235,288,316,328,356,409,435,435,435],"floor_reached":33,"language":"ENG","playtime":5613,"items_purged":[],"score":321,"play_id":"82dc4eea-412d-494a-be35-7d0a82d878ce","local_time":"20210128231530","is_ascension_mode":false,"campfire_choices":[{"data":"sneckomod:TailWhip","floor":6,"key":"SMITH"},{"data":"sneckomod:QuickBite","floor":9,"key":"SMITH"},{"data":"sneckomod:SnekBite","floor":11,"key":"SMITH"},{"data":"sneckomod:MorePower","floor":18,"key":"SMITH"},{"data":"sneckomod:UnknownRarePower","floor":23,"key":"SMITH"},{"floor":30,"key":"REST"}],"circlet_count":0,"master_deck":["sneckomod:Strike","sneckomod:Strike","sneckomod:Strike","sneckomod:Defend","sneckomod:Defend","sneckomod:Defend","sneckomod:TailWhip+1","sneckomod:SnekBite+1","sneckomod:Unknown","Storm of Steel+1","sneckomod:Unknown2Cost+1","downfall:Icky","sneckomod:QuickBite+1","sneckomod:DefensiveFlair","sneckomod:IronFang","sneckomod:QuickBite","sneckomod:UnknownUncommonAttack","sneckomod:UnknownBlock","sneckomod:UnknownRarePower+1","sneckomod:WideSting","sneckomod:MorePower+1","sneckomod:Unknown0Cost","sneckomod:UnknownBlock","sneckomod:SnakeSap","sneckomod:MasterEye","sneckomod:UnknownCommonAttack","sneckomod:GlitteringGambit","sneckomod:UnknownX+1","sneckomod:UnknownRarePower+1","sneckomod:UnknownDexterity+1","sneckomod:WideSting","sneckomod:UnknownClassGREEN+1","sneckomod:TrashToTreasure","sneckomod:SoulRoll","sneckomod:Restock","sneckomod:UnknownDraw","sneckomod:TrashToTreasure","sneckomod:Unknown1Cost+1","sneckomod:RainOfDice","sneckomod:QuickBite+1","sneckomod:ImprovisedGuard","sneckomod:UnknownClassPURPLE+1"],"relics":["sneckomod:SneckoSoul","Boot","Snecko Eye","Guide Book","infinitespire:Bottled Soul","Pear","MawBank"],"acts_visited":["Exordium","TheCity"],"potions_floor_usage":[16,16,16,26,33,33],"damage_taken":[{"damage":1,"enemies":"Jaw Worm","floor":2,"turns":3},{"damage":1,"enemies":"2 Louse","floor":4,"turns":3},{"damage":1,"enemies":"Cultist","floor":5,"turns":3},{"damage":10,"enemies":"Exordium Thugs","floor":8,"turns":5},{"damage":0,"enemies":"Blue Slaver","floor":10,"turns":1},{"damage":5,"enemies":"3 Louse","floor":12,"turns":3},{"damage":5,"enemies":"Exordium Wildlife","floor":13,"turns":3},{"damage":8,"enemies":"Gremlin Gang","floor":14,"turns":3},{"damage":22,"enemies":"Exordium Thugs","floor":15,"turns":5},{"damage":36,"enemies":"WA_ARCHETYPE_RETAIN","floor":16,"turns":9},{"damage":10,"enemies":"Spheric Guardian","floor":19,"turns":3},{"damage":3,"enemies":"downfall:FleeingMerchant","floor":20,"turns":4},{"damage":10,"enemies":"Sentry and Sphere","floor":21,"turns":4},{"damage":2,"enemies":"Snecko","floor":22,"turns":4},{"damage":14,"enemies":"Centurion and Healer","floor":25,"turns":7},{"damage":15,"enemies":"Book of Stabbing","floor":26,"turns":6},{"damage":32,"enemies":"3 Cultists","floor":27,"turns":6},{"damage":16,"enemies":"Shelled Parasite and Fungi","floor":28,"turns":6},{"damage":0,"enemies":"Sentry and Sphere","floor":29,"turns":2},{"damage":1,"enemies":"Snecko","floor":31,"turns":3},{"damage":15,"enemies":"Snake Plant","floor":32,"turns":5},{"damage":65,"enemies":"SI_MIRROR_ARCHETYPE","floor":33,"turns":10}],"seed_played":"6044775963222428936","potions_obtained":[{"floor":8,"key":"Block Potion"},{"floor":10,"key":"ColorlessPotion"},{"floor":12,"key":"Elixir"},{"floor":16,"key":"Swift Potion"},{"floor":25,"key":"Adrenaline Potion"},{"floor":27,"key":"SkillPotion"},{"floor":32,"key":"bronze:BurnAndBuffPotion"}],"is_trial":false,"path_per_floor":["R","M","?","M","M","R","T","M","R","M","R","M","M","M","M","B",null,"R","M","$","M","M","R","T","M","E","M","M","M","R","M","M","B"],"character_chosen":"THE_SNECKO","items_purchased":["sneckomod:MasterEye","Guide Book","infinitespire:Bottled Soul","sneckomod:UnknownCommonAttack"],"campfire_rested":1,"item_purchase_floors":[20,20,20,20],"current_hp_per_floor":[99,98,98,97,96,96,96,86,86,86,86,81,76,68,46,10,99,99,89,86,76,74,74,84,70,55,23,7,7,39,38,23,0,0,0],"gold":435,"neow_bonus":"TEN_PERCENT_HP_BONUS","is_daily":false,"chose_seed":false,"campfire_upgraded":5,"win_rate":0.0,"timestamp":1611872130,"path_taken":["R","M","?","M","M","R","T","M","R","M","R","M","M","M","M","BOSS","R","M","$","M","M","R","T","M","E","M","M","M","R","M","M","BOSS"],"items_purchased_type":["Card","Relic","Relic","Card"],"build_version":"2020-12-22","purchased_purges":0,"victory":false,"max_hp_per_floor":[99,99,99,99,99,99,99,99,99,99,99,99,99,99,99,99,99,99,99,99,99,99,99,109,109,109,109,109,109,109,109,109,109,109,109],"relic_stats":{"counters":[22,98],"Snecko Eye":[108,124,112,105],"Boot":[73],"MawBank":84,"obtain_stats":[{"Pear":24,"infinitespire:Bottled Soul":20,"Guide Book":20,"Snecko Eye":17,"sneckomod:SneckoSoul":0,"Boot":7,"MawBank":26},{"Pear":14,"infinitespire:Bottled Soul":12,"Guide Book":12,"Snecko Eye":10,"sneckomod:SneckoSoul":0,"Boot":3,"MawBank":16},{"Pear":53,"infinitespire:Bottled Soul":45,"Guide Book":45,"Snecko Eye":38,"sneckomod:SneckoSoul":0,"Boot":9,"MawBank":66}]},"card_choices":[{"not_picked":["sneckomod:DiceCrush","sneckomod:CheapStock"],"picked":"sneckomod:Unknown2Cost","floor":2},{"not_picked":["sneckomod:SoulDraw","sneckomod:UnknownCommonSkill"],"picked":"sneckomod:QuickBite","floor":4},{"not_picked":["sneckomod:SoulDraw","sneckomod:DiceBoulder"],"picked":"sneckomod:DefensiveFlair","floor":5},{"not_picked":["sneckomod:UnknownDraw","sneckomod:SoulRoll"],"picked":"sneckomod:IronFang","floor":8},{"not_picked":["sneckomod:DefensiveFlair","sneckomod:UnknownWeak"],"picked":"sneckomod:QuickBite","floor":10},{"not_picked":["sneckomod:DiceBlock","sneckomod:UnknownColorless"],"picked":"sneckomod:UnknownUncommonAttack","floor":12},{"not_picked":["sneckomod:UnknownUncommonSkill","sneckomod:ImprovisedAttack"],"picked":"sneckomod:UnknownBlock","floor":13},{"not_picked":["sneckomod:UnknownDexterity","sneckomod:SoulDraw"],"picked":"sneckomod:UnknownRarePower","floor":14},{"not_picked":["sneckomod:UnendingSupply","sneckomod:MixItUp"],"picked":"sneckomod:WideSting","floor":15},{"not_picked":["sneckomod:Restock","sneckomod:UnknownRareSkill"],"picked":"sneckomod:MorePower","floor":16},{"not_picked":["sneckomod:ImprovisedGuard","sneckomod:Transmogrify"],"picked":"sneckomod:Unknown0Cost","floor":19},{"not_picked":["sneckomod:SoulDraw","sneckomod:SlitherStrike"],"picked":"sneckomod:UnknownBlock","floor":19},{"not_picked":["sneckomod:MorePower","sneckomod:UnknownColorless"],"picked":"sneckomod:SnakeSap","floor":20},{"not_picked":["sneckomod:Nope","sneckomod:ImprovisedGuard"],"picked":"sneckomod:GlitteringGambit","floor":21},{"not_picked":["sneckomod:UnknownClassGUARDIAN","sneckomod:WideSting"],"picked":"sneckomod:UnknownX+1","floor":21},{"not_picked":["sneckomod:Nope","sneckomod:SoulRoll"],"picked":"sneckomod:UnknownRarePower","floor":22},{"not_picked":["sneckomod:WideSting+1","sneckomod:Nope"],"picked":"sneckomod:UnknownDexterity+1","floor":22},{"not_picked":["sneckomod:ImprovisedGuard","sneckomod:Transmogrify"],"picked":"sneckomod:WideSting","floor":25},{"not_picked":["sneckomod:SnekBeam","sneckomod:UnknownDexterity"],"picked":"sneckomod:UnknownClassGREEN+1","floor":25},{"not_picked":["sneckomod:SoulExchange","sneckomod:SoulDraw"],"picked":"sneckomod:TrashToTreasure","floor":26},{"not_picked":["sneckomod:Nope","sneckomod:MixItUp"],"picked":"sneckomod:SoulRoll","floor":26},{"not_picked":["sneckomod:Unknown1Cost","sneckomod:QuickMove"],"picked":"sneckomod:Restock","floor":27},{"not_picked":["sneckomod:QuickBite","sneckomod:UnknownUncommonSkill"],"picked":"sneckomod:UnknownDraw","floor":27},{"not_picked":["sneckomod:Rotation","sneckomod:SerpentIdol"],"picked":"sneckomod:TrashToTreasure","floor":28},{"not_picked":["sneckomod:SnekBeam","sneckomod:DiceCrush"],"picked":"sneckomod:Unknown1Cost+1","floor":28},{"not_picked":["sneckomod:SerpentIdol","sneckomod:Unknown2Cost"],"picked":"sneckomod:RainOfDice","floor":29},{"not_picked":["sneckomod:UnknownColorless","sneckomod:UnknownUncommonPower"],"picked":"sneckomod:QuickBite+1","floor":29},{"not_picked":["sneckomod:UnknownCommonSkill","sneckomod:WideSting"],"picked":"sneckomod:ImprovisedGuard","floor":31},{"not_picked":["sneckomod:IronFang","sneckomod:RainOfDice"],"picked":"sneckomod:UnknownClassPURPLE+1","floor":32}],"player_experience":248417,"relics_obtained":[{"floor":7,"key":"Boot"},{"floor":24,"key":"Pear"},{"floor":26,"key":"MawBank"}],"event_choices":[],"is_beta":false,"boss_relics":[{"not_picked":["Kintsugi","ReplayTheSpireMod:DimensionalGlitch"],"picked":"Snecko Eye"}],"items_purged_floors":[],"is_endless":false,"potions_floor_spawned":[8,10,12,16,25,27,28,31,32],"killed_by":"SI_MIRROR_ARCHETYPE","ascension_level":0}}