{"host":"04hh9gplt9wkfmr1","time":1611816261,"event":{"mods":["AchievementEnabler","BaseMod","Colored Map","KOR Keyword Fix","Minty Spire (QoL Compilation)","Rare Cards Sparkle","SuperFastMode"],"gold_per_floor":[117,131,81,93,109,109,135,149,149,149,224,242,3,34,34,133,133,153,153,153,178,196,224,224,255,255,273,302,302,320,351,351,448,448,468,468,482,482,502,502,55,55,55,55,85,85,102,115,115,115],"floor_reached":51,"language":"KOR","playtime":1890,"items_purged":[],"score":1174,"play_id":"b4921e25-9048-4af4-b743-d6d403aebf3a","local_time":"20210128154421","is_ascension_mode":true,"campfire_choices":[{"data":"Dualcast","floor":6.0,"key":"SMITH"},{"floor":10.0,"key":"REST"},{"data":"Blizzard","floor":15.0,"key":"SMITH"},{"data":"Loop","floor":24.0,"key":"SMITH"},{"data":"Zap","floor":29.0,"key":"SMITH"},{"data":"Bite","floor":32.0,"key":"SMITH"},{"floor":40,"key":"DIG"},{"floor":42,"key":"DIG"},{"floor":46,"key":"DIG"},{"floor":49,"key":"DIG"}],"circlet_count":0,"master_deck":["Defend_B","Defend_B","Defend_B","Defend_B","Zap+1","Dualcast+1","Cold Snap","Cold Snap","Core Surge","Blizzard+1","Loop+1","Cold Snap","Seek+1","Bite+1","Bite","Bite","Bite","Bite","Coolheaded+1","Chill+1","Defragment+1","Stack+1","Cold Snap+1","Conserve Battery+1","Coolheaded+1","Echo Form","CurseOfTheBell","Cold Snap+1","Madness+1","Madness+1","Glacier+1","Chill+1","Blizzard+1","Defragment","Coolheaded+1"],"relics":["Cracked Core","Matryoshka","Regal Pillow","Lantern","Toxic Egg 2","Darkstone Periapt","Sozu","MutagenicStrength","Red Mask","White Beast Statue","Molten Egg 2","Sundial","InkBottle","Cables","Bag of Preparation","Calling Bell","Juzu Bracelet","HornCleat","Shovel","Unceasing Top","Pear","DollysMirror","StoneCalendar","The Courier","Mummified Hand","Bird Faced Urn","Anchor"],"acts_visited":["Exordium","TheCity","TheBeyond","TheBeyond"],"potions_floor_usage":[50,50],"damage_taken":[{"damage":2.0,"enemies":"Jaw Worm","floor":1.0,"turns":3.0},{"damage":8.0,"enemies":"Small Slimes","floor":2.0,"turns":3.0},{"damage":1.0,"enemies":"2 Louse","floor":4.0,"turns":2.0},{"damage":6.0,"enemies":"2 Fungi Beasts","floor":5.0,"turns":4.0},{"damage":26.0,"enemies":"Gremlin Nob","floor":7.0,"turns":4.0},{"damage":1.0,"enemies":"Blue Slaver","floor":8.0,"turns":3.0},{"damage":6.0,"enemies":"Large Slime","floor":12.0,"turns":4.0},{"damage":11.0,"enemies":"Lagavulin","floor":14.0,"turns":7.0},{"damage":41.0,"enemies":"The Guardian","floor":16.0,"turns":15.0},{"damage":3.0,"enemies":"Chosen","floor":18.0,"turns":4.0},{"damage":20.0,"enemies":"Masked Bandits","floor":21.0,"turns":4.0},{"damage":7.0,"enemies":"Shell Parasite","floor":22.0,"turns":4.0},{"damage":22.0,"enemies":"Gremlin Leader","floor":23.0,"turns":8.0},{"damage":22.0,"enemies":"Slavers","floor":25.0,"turns":11.0},{"damage":11.0,"enemies":"Shelled Parasite and Fungi","floor":27.0,"turns":5.0},{"damage":12.0,"enemies":"Book of Stabbing","floor":28.0,"turns":7.0},{"damage":0.0,"enemies":"Sentry and Sphere","floor":30.0,"turns":4.0},{"damage":0.0,"enemies":"Slavers","floor":31.0,"turns":6.0},{"damage":1.0,"enemies":"Collector","floor":33.0,"turns":13.0},{"damage":2.0,"enemies":"3 Shapes","floor":35.0,"turns":4.0},{"damage":4.0,"enemies":"3 Darklings","floor":37.0,"turns":6.0},{"damage":0,"enemies":"Sphere and 2 Shapes","floor":39,"turns":5},{"damage":27,"enemies":"Reptomancer","floor":45,"turns":8},{"damage":0,"enemies":"4 Shapes","floor":47,"turns":5},{"damage":0,"enemies":"3 Darklings","floor":48,"turns":2},{"damage":2,"enemies":"Donu and Deca","floor":50,"turns":10}],"seed_played":"-5340970334177858935","potions_obtained":[{"floor":2.0,"key":"SpeedPotion"},{"floor":7.0,"key":"Strength Potion"},{"floor":12.0,"key":"Regen Potion"},{"floor":14.0,"key":"ColorlessPotion"}],"is_trial":false,"path_per_floor":["M","M","?","M","M","R","E","M","T","R","?","M","$","E","R","B",null,"M","?","?","?","M","E","R","E","T","M","E","R","M","E","R","B",null,"M","?","M","?","M","R","$","R","T","?","E","R","M","M","R","B",null],"character_chosen":"DEFECT","items_purchased":["Toxic Egg 2","Pear","Chill+1","DollysMirror"],"campfire_rested":1,"item_purchase_floors":[13,41,41,41],"current_hp_per_floor":[73,65,65,64,58,58,32,31,31,70,59,53,53,57,57,16,66,63,57,57,45,48,47,47,45,45,50,50,50,56,57,57,57,63,63,55,63,63,63,63,73,73,73,73,57,57,73,73,73,71],"gold":115,"neow_bonus":"TEN_PERCENT_HP_BONUS","is_daily":false,"chose_seed":false,"campfire_upgraded":5,"win_rate":0.0,"timestamp":1611816261,"path_taken":["M","M","?","M","M","R","E","M","T","R","?","M","$","E","R","BOSS","M","?","?","?","M","E","R","E","T","M","E","R","M","E","R","BOSS","M","?","M","?","M","R","$","R","T","?","E","R","M","M","R","BOSS"],"items_purchased_type":["Relic","Relic","Card","Relic"],"build_version":"2020-12-22","purchased_purges":0,"victory":true,"max_hp_per_floor":[82,82,82,82,82,82,82,82,82,82,82,82,82,82,82,82,82,82,57,57,57,57,57,57,57,57,57,57,57,57,57,57,57,63,63,63,63,63,63,63,73,73,73,73,73,73,73,73,73,73],"card_choices":[{"not_picked":["Leap","Gash"],"picked":"Cold Snap","floor":1.0},{"not_picked":["Beam Cell","Barrage"],"picked":"Cold Snap","floor":2.0},{"not_picked":["Go for the Eyes","Beam Cell","Rip and Tear"],"picked":"SKIP","floor":4.0},{"not_picked":["Streamline","White Noise"],"picked":"Core Surge","floor":5.0},{"not_picked":["Gash","Cold Snap"],"picked":"Blizzard","floor":7.0},{"not_picked":["Go for the Eyes","Rebound","Skim"],"picked":"SKIP","floor":8.0},{"not_picked":["Redo","Rebound"],"picked":"Loop","floor":12.0},{"not_picked":["Rebound","Sweeping Beam"],"picked":"Cold Snap","floor":14.0},{"not_picked":["Meteor Strike","Electrodynamics"],"picked":"Seek+1","floor":16.0},{"not_picked":["Storm","Barrage","Reprogram+1"],"picked":"SKIP","floor":18.0},{"not_picked":["Leap+1","Melter"],"picked":"Coolheaded+1","floor":21.0},{"not_picked":["Beam Cell+1","Conserve Battery+1"],"picked":"Chill+1","floor":22.0},{"not_picked":["Coolheaded+1","Redo+1"],"picked":"Defragment+1","floor":23.0},{"not_picked":["Force Field+1","Creative AI"],"picked":"Stack+1","floor":25.0},{"not_picked":["Beam Cell+1","Compile Driver+1"],"picked":"Cold Snap+1","floor":27.0},{"not_picked":["Turbo+1","Hyperbeam+1"],"picked":"Conserve Battery+1","floor":28.0},{"not_picked":["Rip and Tear+1","Chaos+1","Beam Cell+1"],"picked":"SKIP","floor":30.0},{"not_picked":["Go for the Eyes+1","Rebound+1"],"picked":"Coolheaded+1","floor":31.0},{"not_picked":["Core Surge+1","Buffer"],"picked":"Echo Form","floor":33.0},{"not_picked":["BootSequence+1","Gash+1"],"picked":"Cold Snap+1","floor":35.0},{"not_picked":["Rebound+1","Steam+1"],"picked":"Glacier+1","floor":37.0},{"not_picked":["Sweeping Beam+1","Steam+1","Beam Cell+1"],"picked":"SKIP","floor":39},{"not_picked":["Darkness+1","Conserve Battery+1"],"picked":"Defragment","floor":45},{"not_picked":["Stack+1","Beam Cell+1"],"picked":"Coolheaded+1","floor":47},{"not_picked":["Ball Lightning+1","Hyperbeam+1","BootSequence+1"],"picked":"SKIP","floor":48}],"player_experience":94416,"relics_obtained":[{"floor":7.0,"key":"Matryoshka"},{"floor":9.0,"key":"Regal Pillow"},{"floor":9.0,"key":"Lantern"},{"floor":14.0,"key":"Darkstone Periapt"},{"floor":21.0,"key":"Red Mask"},{"floor":23.0,"key":"White Beast Statue"},{"floor":25.0,"key":"Molten Egg 2"},{"floor":26.0,"key":"Sundial"},{"floor":26.0,"key":"InkBottle"},{"floor":28.0,"key":"Cables"},{"floor":31.0,"key":"Bag of Preparation"},{"floor":34.0,"key":"Juzu Bracelet"},{"floor":34.0,"key":"HornCleat"},{"floor":34.0,"key":"Shovel"},{"floor":40,"key":"Unceasing Top"},{"floor":42,"key":"StoneCalendar"},{"floor":43,"key":"The Courier"},{"floor":45,"key":"Mummified Hand"},{"floor":46,"key":"Bird Faced Urn"},{"floor":49,"key":"Anchor"}],"event_choices":[{"cards_removed":["Strike_B"],"damage_healed":0.0,"max_hp_gain":0.0,"max_hp_loss":0.0,"gold_gain":0.0,"event_name":"The Cleric","player_choice":"Card Removal","floor":3.0,"gold_loss":50.0,"damage_taken":0.0},{"damage_healed":0.0,"max_hp_gain":0.0,"max_hp_loss":0.0,"gold_gain":75.0,"event_name":"World of Goop","player_choice":"Gather Gold","floor":11.0,"gold_loss":0.0,"damage_taken":11.0},{"damage_healed":0.0,"max_hp_gain":0.0,"max_hp_loss":25.0,"gold_gain":0.0,"event_name":"Vampires","player_choice":"Became a vampire","floor":19.0,"gold_loss":0.0,"damage_taken":0.0,"cards_obtained":["Bite","Bite","Bite","Bite","Bite"]},{"damage_healed":0.0,"max_hp_gain":0.0,"max_hp_loss":0.0,"gold_gain":0.0,"event_name":"Drug Dealer","player_choice":"Inject Mutagens","floor":20.0,"gold_loss":0.0,"damage_taken":0.0,"relics_obtained":["MutagenicStrength"]},{"damage_healed":0.0,"max_hp_gain":0.0,"max_hp_loss":0.0,"gold_gain":0.0,"event_name":"Masked Bandits","player_choice":"Fought Bandits","floor":21.0,"gold_loss":0.0,"damage_taken":0.0},{"damage_healed":0.0,"max_hp_gain":0.0,"max_hp_loss":0.0,"gold_gain":0.0,"event_name":"Winding Halls","player_choice":"Embrace Madness","floor":36.0,"gold_loss":0.0,"damage_taken":8.0,"cards_obtained":["Madness","Madness"]},{"damage_healed":0,"gold_gain":0,"player_choice":"Ignored","damage_taken":0,"max_hp_gain":0,"max_hp_loss":0,"event_name":"Mysterious Sphere","floor":38,"gold_loss":0},{"damage_healed":0,"gold_gain":0,"player_choice":"Bought 0 Potions","damage_taken":0,"max_hp_gain":0,"max_hp_loss":0,"event_name":"The Woman in Blue","floor":44,"gold_loss":0}],"is_beta":false,"boss_relics":[{"not_picked":["Black Star","Philosopher\u0027s Stone"],"picked":"Sozu"},{"not_picked":["Empty Cage","Astrolabe"],"picked":"Calling Bell"}],"items_purged_floors":[],"is_endless":false,"potions_floor_spawned":[2,7,12,14,22,25,27,28,30,31,33,35,37,39,45,47,48],"ascension_level":7}}