{"host":"rylkjufw9dlhr07b","time":1611829212,"event":{"mods":["AchievementEnabler","BaseMod","Better Note","BetterRewards","Hubris","Minty Spire (QoL Compilation)","Quick Restart","StSLib"],"gold_per_floor":[111,123,123,138,138,138,150,150,150,170,187,213,228,244,244,316,316,332,332,207,227,246,246,257,267,267,267,267,20,20,30,30,109,109,124,136,29,44,55,55,55,55,55,55,55,55,69,69,69,69,69],"floor_reached":50,"language":"FRA","playtime":4180,"items_purged":[],"score":1067,"play_id":"b1ff5ac1-f0d5-4fd2-ae9c-5be72ce1572e","local_time":"20210128112012","is_ascension_mode":true,"campfire_choices":[{"floor":6.0,"key":"REST"},{"floor":15.0,"key":"REST"},{"floor":23.0,"key":"REST"},{"data":"Noxious Fumes","floor":28.0,"key":"SMITH"},{"data":"Flechettes","floor":32.0,"key":"SMITH"},{"floor":40.0,"key":"REST"},{"floor":42.0,"key":"REST"},{"data":"Noxious Fumes","floor":44.0,"key":"SMITH"},{"floor":49.0,"key":"REST"}],"circlet_count":0,"master_deck":["AscendersBane","Strike_G","Strike_G","Strike_G","Strike_G","Strike_G","Defend_G","Defend_G","Defend_G","Defend_G","Defend_G","Survivor","Neutralize","Quick Slash","Flechettes+1","Bane+1","Dagger Throw","Deadly Poison","Dagger Spray","Deadly Poison","Cloak And Dagger","Blade Dance","Blade Dance","Unload","Poisoned Stab","Infernal Blade+1","Noxious Fumes+1","Cloak And Dagger","Blur+1","Cloak And Dagger","Sucker Punch","Bullet Time","Accuracy","Swift Strike","Bullet Time","Storm of Steel+1","Bane+1","Noxious Fumes+1","All Out Attack","Tactician","Apotheosis"],"relics":["Ring of the Snake","Singing Bowl","TwistedFunnel","Bottled Flame","Pen Nib","Runic Pyramid","StrikeDummy","MutagenicStrength","SacredBark","hubris:Icosahedron","Sundial"],"acts_visited":["Exordium","TheCity","TheBeyond"],"potions_floor_usage":[],"damage_taken":[{"damage":0.0,"enemies":"Small Slimes","floor":1.0,"turns":2.0},{"damage":0.0,"enemies":"2 Louse","floor":2.0,"turns":1.0},{"damage":0.0,"enemies":"Cultist","floor":4.0,"turns":2.0},{"damage":0.0,"enemies":"Looter","floor":7.0,"turns":2.0},{"damage":11.0,"enemies":"Exordium Thugs","floor":10.0,"turns":3.0},{"damage":3.0,"enemies":"Gremlin Gang","floor":11.0,"turns":4.0},{"damage":27.0,"enemies":"Lagavulin","floor":12.0,"turns":4.0},{"damage":1.0,"enemies":"Exordium Wildlife","floor":13.0,"turns":4.0},{"damage":0.0,"enemies":"Exordium Thugs","floor":14.0,"turns":2.0},{"damage":26.0,"enemies":"Hexaghost","floor":16.0,"turns":7.0},{"damage":0.0,"enemies":"Chosen","floor":18.0,"turns":3.0},{"damage":10.0,"enemies":"Shell Parasite","floor":21.0,"turns":2.0},{"damage":0.0,"enemies":"Centurion and Healer","floor":22.0,"turns":5.0},{"damage":0.0,"enemies":"Cultist and Chosen","floor":24.0,"turns":5.0},{"damage":1.0,"enemies":"3 Cultists","floor":25.0,"turns":4.0},{"damage":19.0,"enemies":"Shelled Parasite and Fungi","floor":31.0,"turns":4.0},{"damage":35.0,"enemies":"hubris:MusketHawk","floor":33.0,"turns":8.0},{"damage":13.0,"enemies":"3 Shapes","floor":35.0,"turns":5.0},{"damage":19.0,"enemies":"3 Darklings","floor":36.0,"turns":3.0},{"damage":5.0,"enemies":"4 Shapes","floor":38.0,"turns":5.0},{"damage":0.0,"enemies":"Transient","floor":39.0,"turns":5.0},{"damage":51.0,"enemies":"Writhing Mass","floor":47.0,"turns":5.0},{"damage":64,"enemies":"hubris:GrandSnecko","floor":50,"turns":6}],"seed_played":"-7965657409353116382","potions_obtained":[{"floor":1.0,"key":"SkillPotion"},{"floor":10.0,"key":"ColorlessPotion"},{"floor":12.0,"key":"SneckoOil"},{"floor":13.0,"key":"Fire Potion"},{"floor":14.0,"key":"FearPotion"},{"floor":16.0,"key":"CunningPotion"},{"floor":18.0,"key":"Dexterity Potion"},{"floor":22.0,"key":"Fire Potion"},{"floor":25.0,"key":"Explosive Potion"},{"floor":36.0,"key":"SteroidPotion"}],"is_trial":false,"path_per_floor":["M","M","?","M","?","R","M","?","T","M","M","E","M","M","R","B",null,"M","?","$","M","M","R","M","M","T","?","R","$","?","M","R","B",null,"M","M","$","M","M","R","?","R","T","R","$","?","M","?","R","B"],"character_chosen":"THE_SILENT","items_purchased":["Singing Bowl","TwistedFunnel","Quick Slash","Flechettes","Noxious Fumes","Cloak And Dagger","Bullet Time","Accuracy","Swift Strike","Noxious Fumes","All Out Attack"],"campfire_rested":6,"item_purchase_floors":[0,0,0,0,20,20,29,29,29,37,37],"current_hp_per_floor":[44,44,49,49,49,70,70,70,70,59,58,31,30,30,51,25,61,61,61,61,51,51,72,72,73,73,73,73,73,73,56,56,21,63,50,33,33,30,30,54,54,78,78,78,78,78,29,29,53,0,0],"gold":69,"neow_bonus":"","is_daily":false,"chose_seed":false,"campfire_upgraded":3,"win_rate":0.0,"timestamp":1611829212,"path_taken":["M","M","?","M","?","R","M","?","T","M","M","E","?","M","R","BOSS","M","?","$","?","M","R","M","?","T","?","R","?","?","M","R","BOSS","M","M","?","M","M","R","?","R","T","R","?","?","?","?","R","BOSS"],"items_purchased_type":["Relic","Relic","Card","Card","Card","Card","Card","Card","Card","Card","Card"],"build_version":"2020-12-22","purchased_purges":0,"victory":false,"max_hp_per_floor":[66,66,71,71,71,71,71,71,71,71,73,73,73,73,73,73,73,73,73,73,73,73,73,73,75,75,75,75,75,75,77,77,77,77,77,79,79,81,81,81,81,81,81,81,81,81,83,83,83,83,83],"card_choices":[{"not_picked":["hubris:Counter","Backflip"],"picked":"Bane","floor":1.0},{"not_picked":["Acrobatics","Skewer"],"picked":"Dagger Throw","floor":2.0},{"not_picked":["Quick Slash","Endless Agony"],"picked":"Deadly Poison","floor":4.0},{"not_picked":["Prepared","hubris:TrickCloak"],"picked":"Dagger Spray","floor":7.0},{"not_picked":["PiercingWail","Storm of Steel"],"picked":"Deadly Poison","floor":10.0},{"not_picked":["hubris:SlightOfHand","Terror","Prepared"],"picked":"Singing Bowl","floor":11.0},{"not_picked":["Deadly Poison","Dagger Spray"],"picked":"Cloak And Dagger","floor":12.0},{"not_picked":["Infinite Blades","hubris:Sniper"],"picked":"Blade Dance","floor":13.0},{"not_picked":["Underhanded Strike","Deadly Poison"],"picked":"Blade Dance","floor":14.0},{"not_picked":["Malaise","Tools of the Trade"],"picked":"Unload","floor":16.0},{"not_picked":["Blade Dance","Choke"],"picked":"Poisoned Stab","floor":18.0},{"not_picked":["Deadly Poison","Escape Plan"],"picked":"Blur+1","floor":21.0},{"not_picked":["Deadly Poison","Escape Plan"],"picked":"Cloak And Dagger","floor":22.0},{"not_picked":["Quick Slash","Deflect"],"picked":"Sucker Punch","floor":24.0},{"not_picked":["Caltrops","Infinite Blades","Flechettes"],"picked":"Singing Bowl","floor":25.0},{"not_picked":["Outmaneuver","Endless Agony","Quick Slash"],"picked":"Singing Bowl","floor":31.0},{"not_picked":["Corpse Explosion","Doppelganger"],"picked":"Storm of Steel","floor":33.0},{"not_picked":["Flying Knee","Calculated Gamble"],"picked":"Bane+1","floor":35.0},{"not_picked":["Outmaneuver","Acrobatics","Backflip+1"],"picked":"Singing Bowl","floor":36.0},{"not_picked":["Flechettes","Blade Dance+1","A Thousand Cuts"],"picked":"Singing Bowl","floor":38.0},{"not_picked":["Quick Slash+1","Dagger Throw"],"picked":"Tactician","floor":39.0},{"not_picked":["Finisher","Blade Dance+1","Crippling Poison"],"picked":"Singing Bowl","floor":47.0},{"not_picked":["Mind Blast","PanicButton"],"picked":"Apotheosis","floor":48.0}],"player_experience":556973,"relics_obtained":[{"floor":9.0,"key":"Bottled Flame"},{"floor":12.0,"key":"Pen Nib"},{"floor":26.0,"key":"StrikeDummy"},{"floor":43.0,"key":"Sundial"}],"event_choices":[{"damage_healed":0.0,"max_hp_gain":5.0,"max_hp_loss":0.0,"gold_gain":0.0,"event_name":"Big Fish","player_choice":"Donut","floor":3.0,"gold_loss":0.0,"damage_taken":0.0},{"damage_healed":0.0,"max_hp_gain":0.0,"max_hp_loss":0.0,"gold_gain":0.0,"event_name":"Golden Wing","player_choice":"Ignored","floor":5.0,"gold_loss":0.0,"damage_taken":0.0},{"damage_healed":0.0,"max_hp_gain":0.0,"max_hp_loss":0.0,"gold_gain":0.0,"event_name":"Upgrade Shrine","player_choice":"Upgraded","floor":8.0,"gold_loss":0.0,"damage_taken":0.0,"cards_upgraded":["Bane"]},{"cards_removed":["Bane"],"damage_healed":0.0,"max_hp_gain":0.0,"max_hp_loss":0.0,"gold_gain":0.0,"event_name":"betterNote:BetterNote","player_choice":"Take \u0026 Give","floor":19.0,"gold_loss":0.0,"damage_taken":0.0,"cards_obtained":["Infernal Blade"]},{"damage_healed":0.0,"max_hp_gain":0.0,"max_hp_loss":0.0,"gold_gain":0.0,"event_name":"Drug Dealer","player_choice":"Inject Mutagens","floor":27.0,"gold_loss":0.0,"damage_taken":0.0,"relics_obtained":["MutagenicStrength"]},{"damage_healed":0.0,"max_hp_gain":0.0,"max_hp_loss":0.0,"gold_gain":0.0,"event_name":"Duplicator","player_choice":"Copied","floor":30.0,"gold_loss":0.0,"damage_taken":0.0,"cards_obtained":["Bullet Time"]},{"damage_healed":0.0,"max_hp_gain":0.0,"max_hp_loss":0.0,"gold_gain":0.0,"event_name":"Upgrade Shrine","player_choice":"Upgraded","floor":46.0,"gold_loss":0.0,"damage_taken":0.0,"cards_upgraded":["Storm of Steel"]},{"damage_healed":0.0,"max_hp_gain":0.0,"max_hp_loss":0.0,"gold_gain":0.0,"event_name":"SensoryStone","player_choice":"Memory 1","floor":48.0,"gold_loss":0.0,"damage_taken":0.0}],"is_beta":false,"boss_relics":[{"not_picked":["hubris:Stopwatch","Ectoplasm"],"picked":"Runic Pyramid"},{"not_picked":["Empty Cage","hubris:CrackedHourglass"],"picked":"SacredBark"}],"items_purged_floors":[],"is_endless":false,"potions_floor_spawned":[1,10,12,13,14,16,18,22,25,36],"killed_by":"hubris:GrandSnecko","ascension_level":14}}