{"host":"98zq812qbocdqs0d","time":1611872491,"event":{"mods":["BaseMod","GifTheSpireLib","Minty Spire (QoL Compilation)","Replay The Spire","StSLib","The Cursed","The Hierophant"],"gold_per_floor":[112,112,62,62,62,96,96,129,156,156,156,156,99,119,119,218,218,231,231,243,243,259,259,228,253,253,253,267,285,285,313,313,411,411,426,426,445,405,417,443,493,519,519,519,531,549,566,291,291,291],"floor_reached":51,"language":"ITA","playtime":10637,"items_purged":["Shame","Accuracy+1"],"score":902,"play_id":"f7855378-920a-4359-8815-c7621e46747e","local_time":"20210128232131","is_ascension_mode":true,"campfire_choices":[{"data":"Riddle With Holes","floor":7,"key":"SMITH"},{"data":"Terror","floor":11,"key":"SMITH"},{"data":"Dramatic Entrance","floor":15,"key":"SMITH"},{"data":"Phantasmal Killer","floor":23,"key":"SMITH"},{"data":"Choke","floor":27,"key":"SMITH"},{"data":"Dramatic Entrance","floor":27,"key":"SMITH"},{"floor":30,"key":"REST"},{"data":"Bite","floor":32,"key":"SMITH"},{"data":"Bite","floor":32,"key":"SMITH"},{"floor":49,"key":"REST"}],"circlet_count":0,"master_deck":["Defend_G+1","Defend_G","Defend_G","Survivor+1","Neutralize","Riddle With Holes+1","Slice","Terror+1","Dramatic Entrance+1","Dramatic Entrance+1","Phantasmal Killer+1","Slice","Choke+1","Bite+1","Bite+1","Bite","Bite","Bite","Infinite Blades","Slice+1","Die Die Die+1","Deflect+1","Deflect+1","Acrobatics+1"],"relics":["Ring of the Snake","NeowsBlessing","Dream Catcher","Simple Rune","Pondfish Scales","Blue Doll","Gremlin Horn","Empty Cage","ReplayTheSpireMod:CursedCoin","Replay:Arrowhead","Bottled Lightning","Red Mask","Snecko Scales","Blood Vial","Lizard Tail","ReplayTheSpireMod:Shallot","Shovel"],"acts_visited":["Exordium","TheCity","TheBeyond"],"potions_floor_usage":[22,25,29,33,42,47,50,50,50],"damage_taken":[{"damage":0,"enemies":"Jaw Worm","floor":1,"turns":1},{"damage":0,"enemies":"Gremlin Nob","floor":6,"turns":1},{"damage":0,"enemies":"Lagavulin","floor":8,"turns":1},{"damage":0,"enemies":"2 Louse","floor":14,"turns":1},{"damage":45,"enemies":"Hexaghost","floor":16,"turns":8},{"damage":16,"enemies":"Spheric Guardian","floor":18,"turns":4},{"damage":4,"enemies":"Chosen","floor":20,"turns":3},{"damage":0,"enemies":"3 Cultists","floor":22,"turns":3},{"damage":6,"enemies":"Slavers","floor":25,"turns":2},{"damage":17,"enemies":"Centurion and Healer","floor":28,"turns":4},{"damage":19,"enemies":"Sentry and Sphere","floor":29,"turns":4},{"damage":0,"enemies":"Masked Bandits","floor":31,"turns":2},{"damage":62,"enemies":"Pondfish","floor":33,"turns":8},{"damage":6,"enemies":"3 Darklings","floor":35,"turns":2},{"damage":11,"enemies":"3 Shapes","floor":37,"turns":2},{"damage":28,"enemies":"Writhing Mass","floor":39,"turns":3},{"damage":2,"enemies":"Reptomancer","floor":40,"turns":3},{"damage":0,"enemies":"Mind Bloom Boss Battle","floor":41,"turns":2},{"damage":1,"enemies":"Nemesis","floor":42,"turns":3},{"damage":0,"enemies":"Sphere and 2 Shapes","floor":45,"turns":1},{"damage":0,"enemies":"Spire Growth","floor":46,"turns":3},{"damage":23,"enemies":"Maw","floor":47,"turns":5},{"damage":75,"enemies":"Replay:Hell Engine","floor":50,"turns":9}],"seed_played":"-3352905118939238108","potions_obtained":[{"floor":16,"key":"DistilledChaos"},{"floor":20,"key":"Explosive Potion"},{"floor":22,"key":"Milkshake"},{"floor":28,"key":"SpeedPotion"},{"floor":35,"key":"BlessingOfTheForge"},{"floor":40,"key":"SpeedPotion"},{"floor":41,"key":"DistilledChaos"},{"floor":45,"key":"Reflective Coating"}],"is_trial":false,"path_per_floor":["M","?","?","?","$","E","R","E","T","?","R","T","$","M","R","B",null,"M","?","M","?","M","R","$","E","T","R","M","M","R","?","R","B",null,"M","?","M","?","M","E","?","E","T","?","M","M","M","$","R","B",null],"character_chosen":"THE_SILENT","items_purchased":["Dramatic Entrance","ReplayTheSpireMod:CursedCoin","Infinite Blades","Slice+1","Regen Potion","PowerPotion","Adrenaline Potion"],"campfire_rested":2,"item_purchase_floors":[13,24,24,24,48,48,48],"current_hp_per_floor":[70,63,63,63,63,63,63,63,63,63,63,63,63,63,63,18,70,54,54,50,49,49,49,49,45,45,45,36,29,43,49,49,7,49,43,43,39,39,21,24,31,42,42,42,46,47,32,32,46,10],"gold":291,"neow_bonus":"THREE_ENEMY_KILL","is_daily":false,"chose_seed":false,"campfire_upgraded":8,"win_rate":0.0,"timestamp":1611872491,"path_taken":["M","?","?","?","$","E","R","E","T","?","R","?","$","M","R","BOSS","M","?","M","?","M","R","$","E","T","R","M","M","R","?","R","BOSS","M","?","M","?","?","E","?","E","T","?","M","M","M","$","R","BOSS"],"items_purchased_type":["Card","Relic","Card","Card","Potion","Potion","Potion"],"build_version":"2020-12-22","purchased_purges":2,"victory":true,"max_hp_per_floor":[70,70,70,70,70,70,70,70,70,70,70,70,70,70,70,70,70,70,70,70,49,49,49,49,49,49,49,49,49,49,49,49,49,49,49,47,47,47,47,47,47,47,47,47,47,47,47,47,47,47],"card_choices":[{"not_picked":["Deflect","Slice"],"picked":"Riddle With Holes","floor":1},{"not_picked":["Toxin Wave","Underhanded Strike"],"picked":"Slice","floor":6},{"not_picked":["Poisoned Stab","A Thousand Cuts"],"picked":"Terror","floor":8},{"not_picked":["Well Laid Plans","Flying Knee","Dagger Throw"],"picked":"SKIP","floor":14},{"not_picked":["After Image","ReplayTheSpireMod:From All Sides"],"picked":"Phantasmal Killer","floor":16},{"not_picked":["Tactician+1","Dodge and Roll"],"picked":"Slice","floor":18},{"not_picked":["Outmaneuver","Backflip"],"picked":"Accuracy+1","floor":20},{"not_picked":["ReplayTheSpireMod:Speed Training","Draining Mist","Skewer"],"picked":"SKIP","floor":22},{"not_picked":["Quick Slash","Setup","Underhanded Strike"],"picked":"SKIP","floor":25},{"not_picked":["Quick Slash","Poisoned Stab+1","Toxin Wave"],"picked":"SKIP","floor":28},{"not_picked":["Expertise","Predator","Bane+1"],"picked":"SKIP","floor":29},{"not_picked":["Replay:Bag of Tricks","Glass Knife"],"picked":"Die Die Die","floor":33},{"not_picked":["Tactician+1","Outmaneuver+1","ReplayTheSpireMod:Shiv Toss+1"],"picked":"SKIP","floor":35},{"not_picked":["ReplayTheSpireMod:Tripwire+1","Skewer+1","Underhanded Strike"],"picked":"SKIP","floor":37},{"not_picked":["Noxious Fumes","Endless Agony+1"],"picked":"Deflect+1","floor":39},{"not_picked":["Well Laid Plans","Concentrate+1","Dash"],"picked":"SKIP","floor":40},{"not_picked":["Hidden Blade","Prepared"],"picked":"Deflect+1","floor":42},{"not_picked":["Predator","Deadly Poison+1"],"picked":"Acrobatics+1","floor":45},{"not_picked":["Masterful Stab+1","Sucker Punch","Infinite Blades+1"],"picked":"SKIP","floor":46},{"not_picked":["Concentrate","Bane+1","All Out Attack"],"picked":"SKIP","floor":47}],"player_experience":924483,"relics_obtained":[{"floor":6,"key":"Simple Rune"},{"floor":8,"key":"Pondfish Scales"},{"floor":9,"key":"Blue Doll"},{"floor":12,"key":"Gremlin Horn"},{"floor":25,"key":"Replay:Arrowhead"},{"floor":26,"key":"Bottled Lightning"},{"floor":31,"key":"Red Mask"},{"floor":40,"key":"Blood Vial"},{"floor":41,"key":"Lizard Tail"},{"floor":42,"key":"ReplayTheSpireMod:Shallot"},{"floor":43,"key":"Shovel"}],"event_choices":[{"cards_removed":["Defend_G"],"damage_healed":0,"gold_gain":0,"player_choice":"Card Removal","damage_taken":7,"max_hp_gain":0,"max_hp_loss":0,"event_name":"Golden Wing","floor":2,"gold_loss":0},{"cards_removed":["Defend_G"],"damage_healed":0,"gold_gain":0,"player_choice":"Card Removal","damage_taken":0,"max_hp_gain":0,"max_hp_loss":0,"event_name":"The Cleric","floor":3,"gold_loss":50},{"damage_healed":0,"gold_gain":0,"player_choice":"Box","damage_taken":0,"relics_obtained":["Dream Catcher"],"max_hp_gain":0,"max_hp_loss":0,"event_name":"Big Fish","floor":4,"gold_loss":0,"cards_obtained":["Regret"]},{"damage_healed":0,"gold_gain":0,"player_choice":"Read","damage_taken":0,"max_hp_gain":0,"max_hp_loss":0,"event_name":"The Library","floor":19,"gold_loss":0,"cards_obtained":["Choke"]},{"damage_healed":0,"gold_gain":0,"player_choice":"Became a vampire","damage_taken":0,"max_hp_gain":0,"max_hp_loss":21,"event_name":"Vampires","floor":21,"gold_loss":0,"cards_obtained":["Bite","Bite","Bite","Bite","Bite"]},{"damage_healed":0,"gold_gain":0,"player_choice":"Fought Bandits","damage_taken":0,"max_hp_gain":0,"max_hp_loss":0,"event_name":"Masked Bandits","floor":31,"gold_loss":0},{"damage_healed":0,"gold_gain":0,"player_choice":"Max HP","damage_taken":0,"max_hp_gain":0,"max_hp_loss":2,"event_name":"Winding Halls","floor":36,"gold_loss":0},{"damage_healed":0,"gold_gain":0,"player_choice":"Upgraded Two","damage_taken":0,"max_hp_gain":0,"max_hp_loss":0,"event_name":"Designer","floor":38,"gold_loss":40,"cards_upgraded":["Die Die Die","Survivor"]},{"damage_healed":0,"gold_gain":0,"player_choice":"Fight","damage_taken":0,"max_hp_gain":0,"max_hp_loss":0,"event_name":"MindBloom","floor":41,"gold_loss":0},{"damage_healed":0,"gold_gain":0,"player_choice":"0 cards matched","damage_taken":0,"max_hp_gain":0,"max_hp_loss":0,"event_name":"Match and Keep!","floor":44,"gold_loss":0,"cards_obtained":[]}],"is_beta":false,"boss_relics":[{"not_picked":["Abe\u0027s Treasure","Velvet Choker"],"picked":"Empty Cage"},{"not_picked":["Philosopher\u0027s Stone","Astrolabe"],"picked":"Snecko Scales"}],"items_purged_floors":[24,48],"is_endless":false,"potions_floor_spawned":[16,20,22,28,35,40,41,45],"ascension_level":4}}