{"host":"f3vxwlz1n3azqp6q","time":1611796609,"event":{"mods":["BaseMod","Hubris","Jorbs\u0027s Wanderer Trilogy","Minty Spire (QoL Compilation)","Replay The Spire","Shop Mod","StSLib","The Construct","The Hierophant","The Necromancer","The Servant 0.9.4","Transform Curses"],"gold_per_floor":[116,126,8785,8805,8805,8805,8155,8155,8155,8155,8171,8271,8286,7471,7471,7576,7576,7556,7576,7103,7063,7084,7122,7122,7122,7157,7157,7157,7157,7193,7292,7301,7027,7027,7139,7139,7158,0,20,9439,9463,9472,9481,8877,8877,8877,8919,8919,8919,8919,8919,8929,8938,8938,8938,8938,8350,8386,8386],"floor_reached":60,"language":"ENG","playtime":8549,"items_purged":["Strike_S","Strike_S","Strike_S","Defend_S","Strike_S","KidneyShot","ShatteredReality"],"score":1911,"play_id":"3e70247a-f86a-4be3-8c51-e792b1ca3442","local_time":"20210127171649","is_ascension_mode":true,"campfire_choices":[{"floor":6,"key":"RECALL"},{"data":"PendulumOfEternity","floor":8,"key":"SMITH"},{"data":"TheWorld","floor":10,"key":"SMITH"},{"data":"StarChef","floor":15,"key":"SMITH"},{"data":"Luminosity","floor":29,"key":"SMITH"},{"floor":34,"key":"DIG"},{"data":"BestPractice","floor":46,"key":"SMITH"},{"data":"Comet","floor":51,"key":"SMITH"},{"floor":56,"key":"DIG"}],"circlet_count":0,"master_deck":["Defend_S","Defend_S","Comet+1","Desolation","Poisoned Strike+1","FanOfKnives","Foresight","Finesse","BottledTime","FastForward","PendulumOfEternity+1","TheWorld+1","Panache+1","FanOfKnives","StarChef+1","Misdirection","Initiator+1","ReplayTheSpireMod:Brewmster+1","WasteNot+1","Desolation+1","Misdirection+1","Jack Of All Trades+1","FlawlessForm+1","BestPractice+1","Potential+1","Sabotage+1","InstantArmor+1","hubris:Insight+1","Luminosity+1","SoulSculpture+1","TheWorld+1","Necronomicurse","Foresight+1","Solidify+1","Secret Technique+1","Sunlight+1","BestPractice+1","Comet+1","Mayhem+1","Replay:Sssssssssshield+1","KillingDoll+1","ReplayTheSpireMod:Brewmster+1","Barrier+1","ReturningBlade","Thinking Ahead+1","Midas Touch+1","MoonPhase+1","Replay:BasicMightCard+1","Sunlight+1","Collapse","FlawlessForm+1","LightFlow+1","Enlightenment+1","Barrier+1","Collapse+1"],"relics":["SplendidAttire","Replay:Mystery Machine","Oddly Smooth Stone","ClockworkSouvenir","Membership Card","Simple Rune","Replay:Bottled Steam","Golden Egg","Mango","Centennial Puzzle","hubris:HerbalPaste","MerchantsRug","CeramicFish","Juzu Bracelet","Strange Spoon","ReplayTheSpireMod:Ninjato","Kunai","TungstenRod","Necronomicon","BargainBundle","Orichalcum","hubris:CrystalStatue","Replay:Bottled Flurry","hubris:TerracottaHorce","Red Mask","Replay:Multitool","Replay:Baseball","DollysMirror","Lizard Tail","Bronze Scales","Guide Book","Frozen Egg 2","Meat on the Bone","BranchBurnRelic","Pear","Sling","Toy Ornithopter","HornCleat","hubris:MedicalManual"],"acts_visited":["Exordium","TheCity","TheBeyond","TheEnding"],"potions_floor_usage":[16,16,16,16,16,16,16,16,16,18,18,18,19,22,23,26,30,35,35,35,37,41,41,41,54,54,54,54,58,59,59,59],"damage_taken":[{"damage":1,"enemies":"Jaw Worm","floor":1,"turns":7},{"damage":3,"enemies":"2 Louse","floor":2,"turns":3},{"damage":0,"enemies":"Cultist","floor":4,"turns":3},{"damage":12,"enemies":"Large Slime","floor":11,"turns":5},{"damage":3,"enemies":"Red Slaver","floor":13,"turns":4},{"damage":14,"enemies":"Hexaghost","floor":16,"turns":6},{"damage":17,"enemies":"2 Thieves","floor":18,"turns":4},{"damage":0,"enemies":"Spheric Guardian","floor":19,"turns":3},{"damage":0,"enemies":"Snecko","floor":22,"turns":4},{"damage":10,"enemies":"Book of Stabbing","floor":23,"turns":5},{"damage":12,"enemies":"Gremlin Leader","floor":26,"turns":3},{"damage":0,"enemies":"Slavers","floor":30,"turns":5},{"damage":0,"enemies":"hubris:MusketHawk","floor":35,"turns":5},{"damage":8,"enemies":"3 Shapes","floor":37,"turns":2},{"damage":0,"enemies":"3 Darklings","floor":39,"turns":2},{"damage":0,"enemies":"Writhing Mass","floor":41,"turns":3},{"damage":0,"enemies":"R_Hoarder","floor":47,"turns":4},{"damage":0,"enemies":"Jaw Worm Horde","floor":52,"turns":2},{"damage":0,"enemies":"Time Eater","floor":54,"turns":8},{"damage":0,"enemies":"Shield and Spear","floor":58,"turns":2},{"damage":0,"enemies":"The Heart","floor":59,"turns":5}],"seed_played":"-3403707408642502758","potions_obtained":[{"floor":4,"key":"Reflective Coating"},{"floor":16,"key":"CultistPotion"},{"floor":18,"key":"ColorlessPotion"},{"floor":19,"key":"Cursed Concoction"},{"floor":39,"key":"FearPotion"}],"is_trial":false,"path_per_floor":["M","M","$","M","?","R","$","R","T","R","M","?","M","$","R","B",null,"M","M","$","?","M","E","PTL","PTL","E","?","T","R","E","?","?","$","R","B",null,"M","?","M","$","M","R","?","$","T","R","E","?","PTL","PTL","R","M","R","B",null,"R","$","E","B",null],"character_chosen":"THE_SERVANT","items_purchased":["Read","Poisoned Strike","FanOfKnives","Foresight","Replay:Mystery Machine","Oddly Smooth Stone","ClockworkSouvenir","DistilledChaos","SteroidPotion","Energy Potion","Finesse","ShatteredReality","BottledTime","Membership Card","Simple Rune","TheWorld","Panache","FanOfKnives","StarChef","Replay:Bottled Steam","Adrenaline Potion","Mango","Centennial Puzzle","Initiator","ForgedInTime","hubris:HerbalPaste","ReplayTheSpireMod:Brewmster","WasteNot","Desolation","Misdirection","Jack Of All Trades","MerchantsRug","Flashbang","CeramicFish","Juzu Bracelet","Strange Spoon","BestPractice","Potential+1","Sabotage","InstantArmor","hubris:Insight","DuplicationPotion","BargainBundle","Milkshake","Adrenaline Potion","Orichalcum","hubris:CrystalStatue","Foresight","Solidify","Secret Technique","Comet","Mayhem","Replay:Sssssssssshield","KillingDoll","Replay:Multitool","Replay:Baseball","DollysMirror","Midas Touch","Lizard Tail","Bronze Scales","SpeedPotion","BlessingOfTheForge","MoonPhase","Replay:BasicMightCard","Guide Book","Sling","Toy Ornithopter","HornCleat","FlawlessForm+1","LightFlow","Enlightenment","Barrier"],"campfire_rested":0,"item_purchase_floors":[3,3,3,3,3,3,3,3,3,3,3,3,3,7,7,7,7,7,7,7,7,14,14,14,14,14,14,14,14,14,14,14,20,20,20,20,20,20,20,20,20,20,33,33,33,33,33,33,33,33,40,40,40,40,40,40,40,44,44,44,44,44,44,44,44,57,57,57,57,57,57,57],"current_hp_per_floor":[70,67,67,67,67,67,67,67,67,67,55,55,52,66,66,58,85,71,76,76,76,82,75,75,75,68,68,68,68,74,74,62,62,62,68,81,76,76,79,79,84,84,84,84,84,84,85,85,85,85,85,85,85,85,85,95,95,95,95],"gold":8386,"neow_bonus":"TEN_PERCENT_HP_BONUS","is_daily":false,"chose_seed":false,"campfire_upgraded":6,"win_rate":0.0,"timestamp":1611796609,"path_taken":["M","M","$","M","?","R","$","R","T","R","M","?","M","$","R","BOSS","M","M","?","?","M","E","PTL","PTL","E","?","T","R","E","?","?","$","R","BOSS","M","?","M","$","M","R","?","$","T","R","E","?","PTL","PTL","R","M","R","BOSS","R","$","E","BOSS"],"items_purchased_type":["Card","Card","Card","Card","Relic","Relic","Relic","Potion","Potion","Potion","Card","Card","Card","Relic","Relic","Card","Card","Card","Card","Relic","Potion","Relic","Relic","Card","Card","Relic","Card","Card","Card","Card","Card","Relic","Potion","Relic","Relic","Relic","Card","Card","Card","Card","Card","Potion","Relic","Potion","Potion","Relic","Relic","Card","Card","Card","Card","Card","Card","Card","Relic","Relic","Relic","Card","Relic","Relic","Potion","Potion","Card","Card","Relic","Relic","Relic","Relic","Card","Card","Card","Card"],"build_version":"2020-12-22","purchased_purges":7,"victory":true,"max_hp_per_floor":[71,71,71,71,71,71,71,71,71,71,71,71,71,85,85,85,85,85,85,85,85,85,85,85,85,85,85,85,85,85,85,85,85,85,85,85,85,85,85,85,85,85,85,85,85,85,85,85,85,85,85,85,85,85,85,95,95,95,95],"card_choices":[{"not_picked":["Replace","Spin"],"picked":"Comet","floor":1},{"not_picked":["DualDimension","BottledTime"],"picked":"Desolation","floor":2},{"not_picked":["Spin","Defy"],"picked":"FastForward","floor":4},{"not_picked":["DoubleEdge","BottledTime"],"picked":"Starlight","floor":11},{"not_picked":["Replace","Starlight"],"picked":"Misdirection","floor":13},{"not_picked":["KillingDoll","PendulumOfEternity"],"picked":"FlawlessForm","floor":16},{"not_picked":["Alleviate","BottledTime","ShatteredReality"],"picked":"SKIP","floor":18},{"not_picked":["Rewind","DoubleEdge+1","TimeWarp"],"picked":"SKIP","floor":19},{"not_picked":["Rearm+1","Alleviate"],"picked":"Luminosity","floor":22},{"not_picked":["DualDimension","Misdirection"],"picked":"SoulSculpture","floor":23},{"not_picked":["Revamp+1","TimeWarp+1","DoubleEdge"],"picked":"SKIP","floor":26},{"not_picked":["TimeWarp+1","Rewind+1"],"picked":"TheWorld","floor":30},{"not_picked":["Duplication","KillingDoll"],"picked":"Sunlight","floor":35},{"not_picked":["Potential","Foresight+1","Rewind+1"],"picked":"SKIP","floor":37},{"not_picked":["Ricochet+1","Rearm"],"picked":"BestPractice","floor":39},{"not_picked":["Unruled+1","Rewind"],"picked":"Barrier+1","floor":41},{"not_picked":["WasteNot+1","Replace"],"picked":"Sunlight","floor":47},{"not_picked":["Starlight+1","Alleviate","Rearm"],"picked":"SKIP","floor":52},{"not_picked":["Read","Rewind"],"picked":"Collapse+1","floor":58}],"player_experience":271489,"relics_obtained":[{"floor":9,"key":"Golden Egg"},{"floor":23,"key":"ReplayTheSpireMod:Ninjato"},{"floor":26,"key":"Kunai"},{"floor":30,"key":"TungstenRod"},{"floor":32,"key":"Necronomicon"},{"floor":34,"key":"Replay:Bottled Flurry"},{"floor":45,"key":"Frozen Egg 2"},{"floor":47,"key":"Dead Branch"},{"floor":56,"key":"Pear"},{"floor":58,"key":"hubris:MedicalManual"}],"event_choices":[{"damage_healed":0,"gold_gain":0,"cards_transformed":["Defend_S"],"player_choice":"Change","damage_taken":0,"max_hp_gain":0,"max_hp_loss":0,"event_name":"Living Wall","floor":5,"gold_loss":0,"cards_obtained":["PendulumOfEternity"]},{"damage_healed":0,"gold_gain":100,"player_choice":"Gold","damage_taken":0,"max_hp_gain":0,"max_hp_loss":0,"event_name":"Wheel of Change","floor":12,"gold_loss":0},{"damage_healed":0,"gold_gain":0,"player_choice":"Bought 3 Potions","damage_taken":0,"max_hp_gain":0,"max_hp_loss":0,"event_name":"The Woman in Blue","floor":21,"gold_loss":0},{"damage_healed":0,"gold_gain":0,"player_choice":"Ignored","damage_taken":0,"max_hp_gain":0,"max_hp_loss":0,"event_name":"Vampires","floor":27,"gold_loss":0},{"damage_healed":0,"gold_gain":99,"player_choice":"Stole From Cult","damage_taken":0,"max_hp_gain":0,"max_hp_loss":0,"event_name":"Nest","floor":31,"gold_loss":0},{"damage_healed":0,"gold_gain":0,"player_choice":"Obtained Book","damage_taken":16,"max_hp_gain":0,"max_hp_loss":0,"event_name":"Cursed Tome","floor":32,"gold_loss":0},{"damage_healed":0,"gold_gain":0,"player_choice":"Paid","damage_taken":0,"relics_obtained":["Red Mask"],"max_hp_gain":0,"max_hp_loss":0,"event_name":"Tomb of Lord Red Mask","floor":38,"gold_loss":7158},{"cards_removed":["ForgedInTime"],"damage_healed":0,"gold_gain":0,"player_choice":"Took Card","damage_taken":0,"max_hp_gain":0,"max_hp_loss":0,"event_name":"NoteForYourself","floor":43,"gold_loss":0,"cards_obtained":["Thinking Ahead"]},{"cards_removed":["Read"],"damage_healed":0,"gold_gain":0,"player_choice":"Gave Card","damage_taken":0,"relics_obtained":["Meat on the Bone"],"max_hp_gain":0,"max_hp_loss":0,"event_name":"WeMeetAgain","floor":48,"gold_loss":0}],"is_beta":false,"boss_relics":[{"not_picked":["Coffee Dripper","hubris:Stopwatch"],"picked":"SplendidAttire"},{"not_picked":["Calling Bell","Philosopher\u0027s Stone"],"picked":"hubris:TerracottaHorce"}],"items_purged_floors":[3,7,14,20,40,44,57],"is_endless":false,"potions_floor_spawned":[4,13,16,18,19,39,52],"ascension_level":5}}