{"host":"ejd7fmryc2gtg4h9","time":1611792560,"event":{"mods":["AchievementEnabler","BaseMod","BetterRewards","Colored Map","Colored Powertips","Custom Start","Downfall","Hubris","Minty Spire (QoL Compilation)","Rare Cards Sparkle","StSLib"],"gold_per_floor":[99,116,26,40,40,40,40,54,54,74,74,13,38,51,69,69,69,69],"floor_reached":16,"language":"ENG","playtime":1487,"items_purged":["Guardian:Defend_Guardian"],"score":102,"play_id":"d9e4fd04-a363-42a3-aab5-1865bc982ae8","local_time":"20210127190920","is_ascension_mode":false,"campfire_choices":[{"floor":1,"key":"RECALL"},{"data":"Guardian:SentryBeam","floor":6,"key":"SMITH"},{"data":"Guardian:TwinSlam","floor":11,"key":"SMITH"}],"circlet_count":0,"master_deck":["Guardian:Strike_Guardian","Guardian:Strike_Guardian","Guardian:Strike_Guardian","Guardian:Strike_Guardian","Guardian:Defend_Guardian","Guardian:Defend_Guardian","Guardian:Defend_Guardian","Guardian:CurlUp","Guardian:TwinSlam+1","Guardian:SentryBeam+1","Guardian:DecasProtection","Guardian:PolyBeam","Guardian:Reroute","Guardian:Gem_Green","Guardian:PiercingHide","Guardian:StasisStrike","Guardian:Gem_Yellow","Guardian:Repulse"],"relics":["Guardian:ModeShifter","Kunai","hubris:MysteriousPyramids"],"acts_visited":["Exordium"],"potions_floor_usage":[16,16],"damage_taken":[{"damage":4,"enemies":"Cultist","floor":2,"turns":5},{"damage":0,"enemies":"downfall:FleeingMerchant","floor":3,"turns":4},{"damage":6,"enemies":"Jaw Worm","floor":4,"turns":3},{"damage":1,"enemies":"2 Louse","floor":8,"turns":3},{"damage":7,"enemies":"Blue Slaver","floor":10,"turns":3},{"damage":0,"enemies":"downfall:FleeingMerchant","floor":12,"turns":4},{"damage":14,"enemies":"Gremlin Nob","floor":13,"turns":4},{"damage":13,"enemies":"2 Fungi Beasts","floor":14,"turns":3},{"damage":11,"enemies":"Exordium Thugs","floor":15,"turns":3},{"damage":32,"enemies":"SI_SHIV_ARCHETYPE","floor":16,"turns":8}],"seed_played":"1974969124840995080","potions_obtained":[{"floor":4,"key":"DistilledChaos"},{"floor":8,"key":"LiquidMemories"},{"floor":13,"key":"Guardian:AcceleratePotion"}],"is_trial":false,"path_per_floor":["R","M","$","M","?","R","T","M","?","M","R","$","E","M","M","B"],"character_chosen":"GUARDIAN","items_purchased":["Guardian:PiercingHide"],"campfire_rested":0,"item_purchase_floors":[12],"current_hp_per_floor":[88,84,84,78,78,78,78,77,77,70,70,70,56,43,32,0,0,0],"gold":69,"neow_bonus":"TEN_PERCENT_HP_BONUS","is_daily":false,"chose_seed":false,"campfire_upgraded":2,"win_rate":0.0,"timestamp":1611792560,"path_taken":["R","M","$","M","?","R","T","M","?","M","R","$","E","M","M","BOSS"],"items_purchased_type":["Card"],"build_version":"2020-12-22","purchased_purges":1,"victory":false,"max_hp_per_floor":[88,88,88,88,88,88,88,88,88,88,88,88,88,88,88,88,88,88],"card_choices":[{"not_picked":["Guardian:WalkerClaw","Guardian:ShieldCharger"],"picked":"Guardian:SentryBeam","floor":2},{"not_picked":["Guardian:TemporalShield","Guardian:TemporalStrike"],"picked":"Guardian:Gem_Red","floor":3},{"not_picked":["Guardian:CrystalBeam","Guardian:PiercingHide"],"picked":"Guardian:DecasProtection","floor":4},{"not_picked":["Guardian:VentSteam","Guardian:MultiBeam"],"picked":"Guardian:PolyBeam","floor":8},{"not_picked":["Guardian:Suspension","Guardian:PrimingBeam"],"picked":"Guardian:Reroute","floor":10},{"not_picked":["Guardian:ChargeCore","Guardian:VentSteam"],"picked":"Guardian:Gem_Green","floor":12},{"not_picked":["Guardian:AncientConstruct","Guardian:TemporalShield"],"picked":"Guardian:StasisStrike","floor":13},{"not_picked":["Guardian:BronzeOrb","Guardian:PrimingBeam"],"picked":"Guardian:Gem_Yellow","floor":14},{"not_picked":["Guardian:Gem_Lightblue","Guardian:VentSteam"],"picked":"Guardian:Repulse","floor":15}],"player_experience":85252,"relics_obtained":[{"floor":13,"key":"hubris:MysteriousPyramids"}],"event_choices":[{"damage_healed":0,"gold_gain":0,"player_choice":"Box","damage_taken":0,"relics_obtained":["Kunai"],"max_hp_gain":0,"max_hp_loss":0,"event_name":"Big Fish","floor":5,"gold_loss":0,"cards_obtained":["Regret"]}],"is_beta":false,"boss_relics":[],"items_purged_floors":[3],"is_endless":false,"potions_floor_spawned":[4,8,13,14],"killed_by":"SI_SHIV_ARCHETYPE","ascension_level":0}}