{"host":"i4yzoangb31cseo0","time":1611833173,"event":{"mods":["AchievementEnabler","BaseMod","ChefMod","Colored Powertips","Curses Come First","Downfall","Hermit","Marisa????????","Minty Spire (QoL Compilation)","Permanent Neow","Rare Cards Sparkle","StSLib","The Cursed","The Necromancer","The Senshi","The Servant 0.9.4"],"gold_per_floor":[212,212,231,247,137,164,164,191,191,203,275,275,286,297,297,396,396,406,356,371,371,196,196,228,0,52,72,72,21,33,64,64,166,166,176,176,276,276,38,38,52,63,134,148,162,181,33,45,45,45],"floor_reached":51,"language":"ENG","playtime":4456,"items_purged":["Strike_G","Defend_G"],"score":696,"play_id":"18820e45-975f-40e5-a7bd-8231b9bc437e","local_time":"20210128215613","is_ascension_mode":true,"campfire_choices":[{"floor":7.0,"key":"REST"},{"floor":15.0,"key":"REST"},{"data":"Noxious Fumes","floor":23.0,"key":"SMITH"},{"data":"Survivor","floor":28.0,"key":"SMITH"},{"floor":32.0,"key":"REST"},{"floor":40.0,"key":"REST"},{"floor":49.0,"key":"REST"}],"circlet_count":0,"master_deck":["Strike_G","Strike_G","Strike_G","Strike_G","Defend_G","Defend_G","Defend_G","Defend_G","Survivor+1","Neutralize","Caltrops","Poisoned Stab","Underhanded Strike","All Out Attack","Noxious Fumes+1","Leg Sweep","Underhanded Strike","Escape Plan","Bane","Dagger Throw","After Image","Deadly Poison","Outmaneuver+1","Bandage Up+1","Escape Plan+1","Heel Hook+1","Prepared+1","Outmaneuver+1","Dagger Throw+1","Tools of the Trade","Quick Slash+1","Master of Strategy+1","Trip+1","Dodge and Roll+1","Flechettes","Catalyst+1","PiercingWail+1","Underhanded Strike","Tactician+1"],"relics":["Ring of the Serpent","Paper Crane","Odd Mushroom","Tiny Chest","Toxic Egg 2","Snake Skull","Ancient Tea Set","Regal Pillow","InkBottle","HoveringKite","Blood Vial","Mercury Hourglass","HornCleat"],"acts_visited":["Exordium","TheCity","TheBeyond"],"potions_floor_usage":[50],"damage_taken":[{"damage":2.0,"enemies":"Jaw Worm","floor":1.0,"turns":6.0},{"damage":0.0,"enemies":"Cultist","floor":3.0,"turns":4.0},{"damage":3.0,"enemies":"2 Louse","floor":4.0,"turns":2.0},{"damage":20.0,"enemies":"Gremlin Nob","floor":6.0,"turns":3.0},{"damage":8.0,"enemies":"The Mushroom Lair","floor":8.0,"turns":4.0},{"damage":3.0,"enemies":"Looter","floor":10.0,"turns":4.0},{"damage":0.0,"enemies":"2 Fungi Beasts","floor":13.0,"turns":3.0},{"damage":4.0,"enemies":"Large Slime","floor":14.0,"turns":5.0},{"damage":46.0,"enemies":"Slime Boss","floor":16.0,"turns":13.0},{"damage":2.0,"enemies":"Shell Parasite","floor":18.0,"turns":6.0},{"damage":8.0,"enemies":"Spheric Guardian","floor":20.0,"turns":6.0},{"damage":6.0,"enemies":"Gremlin Leader","floor":24.0,"turns":7.0},{"damage":4.0,"enemies":"Snake Plant","floor":27.0,"turns":5.0},{"damage":14.0,"enemies":"Chosen and Byrds","floor":30.0,"turns":6.0},{"damage":35.0,"enemies":"Book of Stabbing","floor":31.0,"turns":7.0},{"damage":65.0,"enemies":"Automaton","floor":33.0,"turns":12.0},{"damage":18.0,"enemies":"3 Darklings","floor":35.0,"turns":6.0},{"damage":6.0,"enemies":"3 Shapes","floor":41.0,"turns":3.0},{"damage":41.0,"enemies":"Writhing Mass","floor":42.0,"turns":6.0},{"damage":0.0,"enemies":"Maw","floor":44.0,"turns":6.0},{"damage":20.0,"enemies":"4 Shapes","floor":45.0,"turns":2.0},{"damage":7.0,"enemies":"Transient","floor":46.0,"turns":5.0},{"damage":14.0,"enemies":"Sphere and 2 Shapes","floor":48.0,"turns":5.0},{"damage":49,"enemies":"Donu and Deca","floor":50,"turns":10}],"seed_played":"-1342518171726877805","potions_obtained":[{"floor":1.0,"key":"Weak Potion"},{"floor":2.0,"key":"hexamod:SoulburnPotion"},{"floor":2.0,"key":"GhostInAJar"},{"floor":10.0,"key":"ColorlessPotion"},{"floor":16.0,"key":"Guardian:BlockOnCardUsePotion"},{"floor":18.0,"key":"DuplicationPotion"},{"floor":33.0,"key":"SpeedPotion"},{"floor":35.0,"key":"Strength Potion"},{"floor":42.0,"key":"AttackPotion"}],"is_trial":false,"path_per_floor":["M","?","M","M","$","E","R","?","T","M","?","?","M","M","R","B",null,"M","?","M","T","$","R","E","$","T","M","R","$","M","E","R","B",null,"M","?","?","T","$","R","M","M","T","M","M","M","$","M","R","B",null],"character_chosen":"THE_SILENT","items_purchased":["All Out Attack","Noxious Fumes","Outmaneuver+1","Bandage Up+1","Escape Plan+1","Ancient Tea Set","Prepared+1","Mercury Hourglass","Underhanded Strike"],"campfire_rested":5,"item_purchase_floors":[5,5,22,22,22,25,29,39,47],"current_hp_per_floor":[68,68,68,65,65,45,66,58,58,55,55,55,55,51,70,24,70,68,68,60,60,60,60,60,60,60,62,62,62,54,25,61,2,70,58,53,53,53,53,70,70,35,35,43,25,26,26,20,56,15],"gold":45,"neow_bonus":"HUNDRED_GOLD","is_daily":false,"chose_seed":false,"campfire_upgraded":2,"win_rate":0.0,"timestamp":1611833173,"path_taken":["M","?","?","?","$","E","R","?","T","M","?","?","M","M","R","BOSS","M","?","M","?","$","R","E","$","T","M","R","$","?","E","R","BOSS","M","?","?","?","$","R","M","M","T","M","M","M","?","M","R","BOSS"],"items_purchased_type":["Card","Card","Card","Card","Card","Relic","Card","Relic","Card"],"build_version":"2020-12-22","purchased_purges":2,"victory":true,"max_hp_per_floor":[70,70,70,70,70,70,70,70,70,70,70,70,70,70,70,70,70,70,70,70,70,70,70,70,70,70,70,70,70,70,70,70,70,70,70,70,70,70,70,70,70,70,70,70,70,70,70,70,70,70],"card_choices":[{"not_picked":["Backflip","Dagger Throw"],"picked":"Caltrops","floor":1.0},{"not_picked":["All Out Attack","Bullet Time"],"picked":"Poisoned Stab","floor":3.0},{"not_picked":["Flechettes","Sucker Punch"],"picked":"Underhanded Strike","floor":4.0},{"not_picked":["PiercingWail","Caltrops"],"picked":"Leg Sweep","floor":6.0},{"not_picked":["Dagger Spray","Poisoned Stab"],"picked":"Underhanded Strike","floor":8.0},{"not_picked":["Dagger Throw","Leg Sweep"],"picked":"Escape Plan","floor":10.0},{"not_picked":["Infinite Blades","Riddle With Holes"],"picked":"Bane","floor":13.0},{"not_picked":["Poisoned Stab","Underhanded Strike"],"picked":"Dagger Throw","floor":14.0},{"not_picked":["Bullet Time","A Thousand Cuts"],"picked":"After Image","floor":16.0},{"not_picked":["Choke","Eviscerate","Dodge and Roll+1"],"picked":"SKIP","floor":18.0},{"not_picked":["Deflect","Blade Dance+1"],"picked":"Deadly Poison","floor":20.0},{"not_picked":["Blade Dance+1","Acrobatics+1"],"picked":"Heel Hook+1","floor":24.0},{"not_picked":["Infinite Blades","Blade Dance+1","Well Laid Plans"],"picked":"SKIP","floor":27.0},{"not_picked":["Dash","Footwork"],"picked":"Outmaneuver+1","floor":30.0},{"not_picked":["Bane+1","Outmaneuver+1"],"picked":"Dagger Throw+1","floor":31.0},{"not_picked":["Adrenaline+1","Glass Knife"],"picked":"Tools of the Trade","floor":33.0},{"not_picked":["Acrobatics+1","Deflect+1"],"picked":"Quick Slash+1","floor":35.0},{"not_picked":["Thinking Ahead+1","Mind Blast"],"picked":"Master of Strategy+1","floor":36.0},{"not_picked":["PanicButton+1","Mind Blast"],"picked":"Trip+1","floor":36.0},{"not_picked":["Dagger Spray+1","Cloak And Dagger+1"],"picked":"Dodge and Roll+1","floor":41.0},{"not_picked":["Outmaneuver+1","Acrobatics+1","Sucker Punch"],"picked":"SKIP","floor":42.0},{"not_picked":["Deflect+1","Acrobatics+1"],"picked":"Flechettes","floor":44.0},{"not_picked":["Blade Dance+1","Dagger Throw"],"picked":"Catalyst+1","floor":45.0},{"not_picked":["Deflect+1","Bane"],"picked":"PiercingWail+1","floor":46.0},{"not_picked":["Unload","Sucker Punch+1"],"picked":"Tactician+1","floor":48.0}],"player_experience":151030,"relics_obtained":[{"floor":6.0,"key":"Paper Crane"},{"floor":8.0,"key":"Odd Mushroom"},{"floor":9.0,"key":"Tiny Chest"},{"floor":21.0,"key":"Toxic Egg 2"},{"floor":24.0,"key":"Snake Skull"},{"floor":26.0,"key":"Regal Pillow"},{"floor":31.0,"key":"InkBottle"},{"floor":38.0,"key":"Blood Vial"},{"floor":43.0,"key":"HornCleat"}],"event_choices":[{"damage_healed":0.0,"max_hp_gain":0.0,"max_hp_loss":0.0,"gold_gain":0.0,"event_name":"Lab","player_choice":"Got Potions","floor":2.0,"gold_loss":0.0,"damage_taken":0.0},{"damage_healed":0.0,"max_hp_gain":0.0,"max_hp_loss":0.0,"gold_gain":0.0,"event_name":"Mushrooms","player_choice":"Fought Mushrooms","floor":8.0,"gold_loss":0.0,"damage_taken":0.0},{"damage_healed":0.0,"max_hp_gain":0.0,"max_hp_loss":0.0,"gold_gain":72.0,"event_name":"Golden Wing","player_choice":"Gained Gold","floor":11.0,"gold_loss":0.0,"damage_taken":0.0},{"damage_healed":0.0,"max_hp_gain":0.0,"max_hp_loss":0.0,"gold_gain":0.0,"event_name":"Liars Game","player_choice":"Ignored","floor":12.0,"gold_loss":0.0,"damage_taken":0.0},{"damage_healed":0.0,"max_hp_gain":0.0,"max_hp_loss":0.0,"gold_gain":0.0,"event_name":"The Joust","player_choice":"Bet on Murderer","floor":19.0,"gold_loss":50.0,"damage_taken":0.0},{"damage_healed":0.0,"max_hp_gain":0.0,"max_hp_loss":0.0,"gold_gain":0.0,"event_name":"SensoryStone","player_choice":"Memory 2","floor":36.0,"gold_loss":0.0,"damage_taken":5.0},{"damage_healed":0.0,"max_hp_gain":0.0,"max_hp_loss":0.0,"gold_gain":100.0,"event_name":"Golden Shrine","player_choice":"Pray","floor":37.0,"gold_loss":0.0,"damage_taken":0.0}],"is_beta":false,"boss_relics":[{"not_picked":["Velvet Choker","Snecko Eye"],"picked":"Ring of the Serpent"},{"not_picked":["Runic Dome","Astrolabe"],"picked":"HoveringKite"}],"items_purged_floors":[25,47],"is_endless":false,"potions_floor_spawned":[1,10,13,16,18,33,35,42,44],"ascension_level":1}}