{"host":"sav7uxregyirlf69","time":1611819377,"event":{"mods":["AchievementEnabler","BaseMod","Colored Map","DeckTracker","Keyboard Shortcuts","Minty Spire (QoL Compilation)","READ ME - Guardian Mod","StSLib","SuperFastMode"],"gold_per_floor":[109,34,34,51,51,51,51,51,51,66,141,141,166,184,184,184,184],"floor_reached":16,"language":"KOR","playtime":221,"items_purged":["Decay"],"score":180,"play_id":"da632beb-754d-4a44-9426-2e5629e38978","local_time":"20210128163617","is_ascension_mode":true,"campfire_choices":[{"data":"Neutralize","floor":6,"key":"SMITH"},{"data":"Eviscerate","floor":8,"key":"SMITH"},{"data":"Outmaneuver","floor":15,"key":"SMITH"}],"circlet_count":0,"master_deck":["AscendersBane","Strike_G","Strike_G","Strike_G","Strike_G","Defend_G","Defend_G","Defend_G","Defend_G","Defend_G","Survivor","Neutralize+1","Dagger Throw","Eviscerate+1","Outmaneuver+1"],"relics":["Ring of the Snake","Ice Cream","Sundial","Golden Idol"],"acts_visited":["Exordium"],"potions_floor_usage":[16],"damage_taken":[{"damage":16,"enemies":"Jaw Worm","floor":1,"turns":7},{"damage":0,"enemies":"2 Louse","floor":4,"turns":3},{"damage":6,"enemies":"Small Slimes","floor":10,"turns":3},{"damage":12,"enemies":"3 Louse","floor":13,"turns":3},{"damage":4,"enemies":"Exordium Thugs","floor":14,"turns":4},{"damage":14,"enemies":"Hexaghost","floor":16,"turns":11}],"seed_played":"1839280106235853574","potions_obtained":[{"floor":1,"key":"Weak Potion"},{"floor":13,"key":"Block Potion"}],"is_trial":false,"path_per_floor":["M","$","?","M","?","R","?","R","T","M","?","?","M","M","R","B"],"character_chosen":"THE_SILENT","items_purchased":[],"campfire_rested":0,"item_purchase_floors":[],"current_hp_per_floor":[43,43,36,36,36,36,41,41,41,35,24,24,12,8,8,0,0],"gold":184,"neow_bonus":"ONE_RARE_RELIC","is_daily":false,"chose_seed":false,"campfire_upgraded":3,"win_rate":0.0,"timestamp":1611819377,"path_taken":["M","$","?","M","?","R","?","R","T","M","?","?","M","M","R","BOSS"],"items_purchased_type":[],"build_version":"2020-12-22","purchased_purges":1,"victory":false,"max_hp_per_floor":[66,66,66,66,66,66,71,71,71,71,71,64,64,64,64,64,64],"card_choices":[{"not_picked":["Underhanded Strike","Poisoned Stab"],"picked":"Dagger Throw","floor":1},{"not_picked":["PiercingWail","Slice"],"picked":"Eviscerate","floor":4},{"not_picked":["Slice","Footwork"],"picked":"Outmaneuver","floor":10},{"not_picked":["Underhanded Strike","Slice","Cloak And Dagger"],"picked":"SKIP","floor":13},{"not_picked":["Wraith Form v2","Setup","Dodge and Roll"],"picked":"SKIP","floor":14}],"player_experience":1415196,"relics_obtained":[{"floor":9,"key":"Sundial"}],"event_choices":[{"cards_removed":["Strike_G"],"damage_healed":0,"gold_gain":0,"player_choice":"Card Removal","damage_taken":7,"max_hp_gain":0,"max_hp_loss":0,"event_name":"Golden Wing","floor":3,"gold_loss":0},{"damage_healed":0,"gold_gain":0,"player_choice":"Leave","damage_taken":0,"max_hp_gain":0,"max_hp_loss":0,"event_name":"The Cleric","floor":5,"gold_loss":0},{"damage_healed":0,"gold_gain":0,"player_choice":"Donut","damage_taken":0,"max_hp_gain":5,"max_hp_loss":0,"event_name":"Big Fish","floor":7,"gold_loss":0},{"damage_healed":0,"gold_gain":75,"player_choice":"Gather Gold","damage_taken":11,"max_hp_gain":0,"max_hp_loss":0,"event_name":"World of Goop","floor":11,"gold_loss":0},{"damage_healed":0,"gold_gain":0,"player_choice":"Lose Max HP","damage_taken":0,"relics_obtained":["Golden Idol"],"max_hp_gain":0,"max_hp_loss":7,"event_name":"Golden Idol","floor":12,"gold_loss":0}],"is_beta":false,"boss_relics":[],"items_purged_floors":[2],"is_endless":false,"potions_floor_spawned":[1,13],"killed_by":"Hexaghost","ascension_level":20}}