{"host":"b6hf8n3pu8vqv2wi","time":1611848835,"event":{"mods":["BaseMod","Downfall","Minty Spire (QoL Compilation)","StSLib"],"gold_per_floor":[99,111,126,144,154,54,54,74,89,89,153,180,80,112,131,230,230,130,130,130,130,143,143,193,193,206,241,241,151,151,251,265,360,360,360,371,371,221,239,270,270,270,249,268,303,303,322,82,100,100,100,126,126,126,126,126,126],"floor_reached":55,"language":"ZHS","playtime":8091,"items_purged":["Writhe","champ:Defend"],"score":780,"play_id":"b6573526-1b02-4e00-a9bf-981f3257464c","local_time":"20210128234715","is_ascension_mode":false,"campfire_choices":[{"floor":1.0,"key":"RECALL"},{"data":"champ:TornadoPunch","floor":6.0,"key":"SMITH"},{"data":"champ:EnragedBash","floor":10.0,"key":"SMITH"},{"floor":13.0,"key":"REST"},{"data":"champ:BringItOn","floor":18.0,"key":"SMITH"},{"data":"RitualDagger","floor":25.0,"key":"SMITH"},{"floor":28.0,"key":"REST"},{"data":"champ:StanceDance","floor":30.0,"key":"SMITH"},{"data":"J.A.X.","floor":35.0,"key":"SMITH"},{"data":"champ:CrookedStrike","floor":42.0,"key":"SMITH"},{"data":"expansioncontent:DashGenerateEvil","floor":54,"key":"SMITH"}],"circlet_count":0,"master_deck":["champ:Execute","champ:Taunt","champ:GutPunch","champ:TornadoPunch+1","champ:FocusedDefense","champ:StanceDance+1","champ:BringItOn+1","champ:EnragedBash+1","champ:GladiatorStyle+1","champ:Improvising+1","champ:StrikeOfGenius+1","Slimebound:Tackle+1","Slimebound:Tackle+1","Slimebound:Tackle+1","champ:FocusedBerserking","RitualDagger+1","champ:IronFortress+1","champ:FlashCut+1","champ:RisingSlash","champ:CrookedStrike+1","J.A.X.+1","champ:StrikeOfGenius+1","expansioncontent:Chronoboost+1","champ:Backstep+1","champ:ShieldSlam+1","expansioncontent:DashGenerateEvil+1","champ:Improvising+1","champ:StrikeOfGenius+1"],"relics":["champ:ChampionCrown","downfall:HeartBlessingRed","Frozen Egg 2","Dream Catcher","downfall:HeartBlessingBlue","Turnip","bronze:MakeshiftBattery","downfall:HeartBlessingGreen","Eternal Feather","Singing Bowl","Bronze Scales","Strawberry","MutagenicStrength","Sozu","Potion Belt","Sundial","Toolbox","Blue Candle","Centennial Puzzle"],"acts_visited":["Exordium","TheCity","TheBeyond","TheEnding"],"potions_floor_usage":[],"damage_taken":[{"damage":22.0,"enemies":"2 Louse","floor":2.0,"turns":3.0},{"damage":21.0,"enemies":"Jaw Worm","floor":3.0,"turns":4.0},{"damage":5.0,"enemies":"Small Slimes","floor":4.0,"turns":3.0},{"damage":15.0,"enemies":"Exordium Wildlife","floor":5.0,"turns":3.0},{"damage":10.0,"enemies":"Blue Slaver","floor":8.0,"turns":3.0},{"damage":0.0,"enemies":"Gremlin Gang","floor":9.0,"turns":1.0},{"damage":24.0,"enemies":"3 Sentries","floor":11.0,"turns":5.0},{"damage":44.0,"enemies":"Lagavulin","floor":12.0,"turns":7.0},{"damage":23.0,"enemies":"Gremlin Nob","floor":14.0,"turns":4.0},{"damage":5.0,"enemies":"2 Fungi Beasts","floor":15.0,"turns":2.0},{"damage":64.0,"enemies":"DF_ARCHETYPE_STREAMLINE","floor":16.0,"turns":8.0},{"damage":34.0,"enemies":"Spheric Guardian","floor":22.0,"turns":4.0},{"damage":32.0,"enemies":"Chosen","floor":26.0,"turns":4.0},{"damage":51.0,"enemies":"Gremlin Leader","floor":27.0,"turns":6.0},{"damage":29.0,"enemies":"downfall:FleeingMerchant","floor":29.0,"turns":4.0},{"damage":49.0,"enemies":"downfall:Augmenter","floor":31.0,"turns":3.0},{"damage":26.0,"enemies":"Snecko","floor":32.0,"turns":4.0},{"damage":34.0,"enemies":"WA_ARCHETYPE_CALM","floor":33.0,"turns":5.0},{"damage":15.0,"enemies":"3 Shapes","floor":36.0,"turns":2.0},{"damage":26.0,"enemies":"Orb Walker","floor":39.0,"turns":3.0},{"damage":35.0,"enemies":"Giant Head","floor":40.0,"turns":6.0},{"damage":15.0,"enemies":"downfall:FleeingMerchant","floor":43.0,"turns":4.0},{"damage":49.0,"enemies":"Jaw Worm Horde","floor":44.0,"turns":4.0},{"damage":64.0,"enemies":"Nemesis","floor":45.0,"turns":5.0},{"damage":23.0,"enemies":"Maw","floor":47.0,"turns":6.0},{"damage":27.0,"enemies":"4 Shapes","floor":49.0,"turns":3.0},{"damage":31.0,"enemies":"SI_POISON_ARCHETYPE","floor":50.0,"turns":6.0},{"damage":47.0,"enemies":"downfall:CharBossMerchant","floor":52.0,"turns":5.0},{"damage":0,"enemies":"downfall:NeowBoss","floor":55,"turns":1}],"seed_played":"2247116793800452772","potions_obtained":[{"floor":2.0,"key":"Energy Potion"},{"floor":4.0,"key":"Fire Potion"},{"floor":9.0,"key":"PowerPotion"},{"floor":12.0,"key":"FairyPotion"},{"floor":15.0,"key":"FairyPotion"},{"floor":16.0,"key":"PowerPotion"},{"floor":22.0,"key":"Energy Potion"},{"floor":33.0,"key":"Fire Potion"}],"is_trial":false,"path_per_floor":["R","M","M","M","M","R","T","M","M","R","?","E","R","E","M","B",null,"R","?","T","?","M","?","T","R","M","E","R","$","R","?","M","B",null,"R","M","?","?","M","E","T","R","$","M","E","?","M","$","M","B",null,"E","$","R","B"],"character_chosen":"THE_CHAMP","items_purchased":["expansioncontent:Chronoboost","Toolbox","expansioncontent:DashGenerateEvil","champ:Improvising+1"],"campfire_rested":2,"item_purchase_floors":[43,43,48,48],"current_hp_per_floor":[99,92,86,86,86,86,86,86,86,86,82,68,109,101,101,72,109,109,109,109,109,85,79,79,91,86,67,116,112,120,98,84,75,124,124,126,126,136,122,109,109,121,123,99,72,72,69,69,64,33,146,134,134,146,146,146,146],"gold":126,"neow_bonus":"TEN_PERCENT_HP_BONUS","is_daily":false,"chose_seed":false,"campfire_upgraded":8,"win_rate":0.0,"timestamp":1611848835,"path_taken":["R","M","M","M","M","R","T","M","M","R","?","E","R","E","M","BOSS","R","?","?","?","M","?","T","R","M","E","R","$","R","?","M","BOSS","R","M","?","?","M","E","T","R","$","?","E","?","M","$","M","BOSS","E","$","R","BOSS"],"items_purchased_type":["Card","Relic","Card","Card"],"build_version":"2020-12-22","purchased_purges":2,"victory":false,"max_hp_per_floor":[99,99,99,99,99,99,99,99,99,99,99,99,109,109,109,109,109,109,109,109,109,109,109,109,109,111,118,120,120,120,122,124,124,124,124,126,126,136,138,140,140,140,142,142,144,144,144,144,146,146,146,146,146,146,146,146,146],"card_choices":[{"not_picked":["champ:RapidStrikes","champ:Parry"],"picked":"champ:GutPunch","floor":2.0},{"not_picked":["champ:BladeFlurry","champ:FalseCounter"],"picked":"champ:TornadoPunch","floor":3.0},{"not_picked":["champ:BerserkersShout","champ:FlashCut"],"picked":"champ:FocusedDefense","floor":4.0},{"not_picked":["champ:TornadoPunch","champ:Backstep"],"picked":"champ:StanceDance","floor":5.0},{"not_picked":["champ:Haymaker","champ:PreemptiveStrike"],"picked":"champ:BringItOn","floor":8.0},{"not_picked":["champ:FlashCut","champ:TornadoPunch"],"picked":"champ:EnragedBash","floor":9.0},{"not_picked":["champ:CalledShot","champ:HeartStrike"],"picked":"champ:GladiatorStyle+1","floor":12.0},{"not_picked":["champ:AdrenalArmor","champ:HeartStrike"],"picked":"champ:Improvising+1","floor":13.0},{"not_picked":["champ:PreciseThrust","champ:CrownThrow","champ:DeathBlow"],"picked":"SKIP","floor":14.0},{"not_picked":["champ:Haymaker","champ:AdrenalArmor","champ:Circumvent"],"picked":"SKIP","floor":15.0},{"not_picked":["champ:Improvising+1","champ:CheapShot"],"picked":"champ:StrikeOfGenius+1","floor":16.0},{"not_picked":["champ:DefensiveShout+1","champ:Shatter"],"picked":"champ:FocusedBerserking","floor":22.0},{"not_picked":["champ:TornadoPunch","champ:RecklessLeap","champ:EnGarde"],"picked":"Singing Bowl","floor":26.0},{"not_picked":["champ:TornadoPunch","champ:DefensiveShout"],"picked":"champ:IronFortress+1","floor":27.0},{"not_picked":["champ:RapidStrikes","champ:Haymaker","champ:RisingSlash"],"picked":"Singing Bowl","floor":28.0},{"not_picked":["champ:StanceDance","champ:EndlessRage+1"],"picked":"champ:FlashCut+1","floor":29.0},{"not_picked":[],"picked":"J.A.X.","floor":31.0},{"not_picked":["champ:BladeFlurry+1","champ:DefensiveShout","champ:Haymaker"],"picked":"Singing Bowl","floor":31.0},{"not_picked":["champ:Circumvent","champ:BladeFlurry","champ:StanceDance"],"picked":"Singing Bowl","floor":32.0},{"not_picked":["champ:SwordThrow","champ:IgnorePain"],"picked":"champ:StrikeOfGenius+1","floor":33.0},{"not_picked":["champ:Encircle","champ:PreciseThrust+1","champ:BringItOn"],"picked":"Singing Bowl","floor":36.0},{"not_picked":["champ:CalledShot","champ:CrownThrow+1","champ:BladeFlurry+1"],"picked":"Singing Bowl","floor":39.0},{"not_picked":["champ:PreciseThrust","champ:ShieldWall+1","champ:Circumvent"],"picked":"Singing Bowl","floor":40.0},{"not_picked":["champ:Haymaker+1","champ:CrownThrow","champ:Encircle+1"],"picked":"Singing Bowl","floor":43.0},{"not_picked":["champ:PerfectedStrike","champ:GutPunch+1"],"picked":"champ:Backstep+1","floor":44.0},{"not_picked":["champ:ArenaPreparation","champ:SetATrap","champ:ShieldWall+1"],"picked":"Singing Bowl","floor":45.0},{"not_picked":["champ:Circumvent","champ:IronFortress+1"],"picked":"champ:ShieldSlam+1","floor":47.0},{"not_picked":["champ:StanceDance+1","champ:Backstep","champ:AdrenalArmor+1"],"picked":"Singing Bowl","floor":49.0},{"not_picked":["champ:FalseCounter","champ:RisingSlash+1"],"picked":"champ:StrikeOfGenius+1","floor":52.0}],"player_experience":487320,"relics_obtained":[{"floor":11.0,"key":"Frozen Egg 2"},{"floor":12.0,"key":"Dream Catcher"},{"floor":14.0,"key":"Turnip"},{"floor":20.0,"key":"Singing Bowl"},{"floor":24.0,"key":"Bronze Scales"},{"floor":27.0,"key":"Strawberry"},{"floor":31.0,"key":"MutagenicStrength"},{"floor":40.0,"key":"Potion Belt"},{"floor":41.0,"key":"Sundial"},{"floor":45.0,"key":"Blue Candle"},{"floor":52.0,"key":"Centennial Puzzle"}],"event_choices":[{"cards_removed":["champ:Defend"],"damage_healed":0.0,"max_hp_gain":0.0,"max_hp_loss":0.0,"gold_gain":0.0,"event_name":"Falling","player_choice":"Removed Skill","floor":37.0,"gold_loss":0.0,"damage_taken":0.0}],"is_beta":false,"boss_relics":[{"not_picked":["Runic Pyramid","Busted Crown"],"picked":"bronze:MakeshiftBattery"},{"not_picked":["Philosopher\u0027s Stone","Coffee Dripper"],"picked":"Sozu"}],"items_purged_floors":[29,43],"is_endless":false,"potions_floor_spawned":[2,4,9,12,15,16,22,33,39,40],"killed_by":"downfall:NeowBoss","ascension_level":0}}