{"host":"4rvakrj1idbgia3f","time":1611851700,"event":{"mods":["BaseMod","Colored Map","Colored Powertips","DeckTracker","Highlight Path","Minty Spire (QoL Compilation)","Random Character Button","StSLib"],"gold_per_floor":[15,33,44,44,61,61,88,88,88,104,121,121,153,170,170,242,242,260,277,289,305,320,320,320,320],"floor_reached":24,"language":"JPN","playtime":1793,"items_purged":[],"score":428,"play_id":"b4412e2d-6134-440a-aeb3-3760a0b0d10f","local_time":"20210129013500","is_ascension_mode":true,"campfire_choices":[{"data":"Dagger Throw","floor":6.0,"key":"SMITH"},{"data":"Blade Dance","floor":8.0,"key":"SMITH"},{"data":"Terror","floor":12.0,"key":"SMITH"},{"data":"Flechettes","floor":15.0,"key":"SMITH"},{"data":"Setup","floor":23,"key":"SMITH"}],"circlet_count":0,"master_deck":["AscendersBane","Strike_G","Strike_G","Strike_G","Defend_G","Defend_G","Defend_G","Defend_G","Survivor","Neutralize","Blade Dance+1","Endless Agony","Prepared","Footwork","Dagger Throw+1","Backflip","After Image+1","Setup+1","Terror+1","Flechettes+1","Acrobatics+1","Storm of Steel+1","Well Laid Plans+1","Cloak And Dagger+1","PiercingWail+1","Tactician+1","Die Die Die"],"relics":["Ring of the Snake","Frozen Egg 2","Paper Crane","Toxic Egg 2","Cursed Key"],"acts_visited":["Exordium","TheCity"],"potions_floor_usage":[22,24],"damage_taken":[{"damage":0.0,"enemies":"Cultist","floor":1.0,"turns":4.0},{"damage":0.0,"enemies":"2 Louse","floor":2.0,"turns":5.0},{"damage":2.0,"enemies":"Jaw Worm","floor":3.0,"turns":5.0},{"damage":0.0,"enemies":"Large Slime","floor":5.0,"turns":5.0},{"damage":13.0,"enemies":"3 Sentries","floor":7.0,"turns":8.0},{"damage":0.0,"enemies":"Looter","floor":10.0,"turns":3.0},{"damage":6.0,"enemies":"Blue Slaver","floor":11.0,"turns":5.0},{"damage":2.0,"enemies":"Lagavulin","floor":13.0,"turns":6.0},{"damage":9.0,"enemies":"Exordium Thugs","floor":14.0,"turns":4.0},{"damage":17.0,"enemies":"Slime Boss","floor":16.0,"turns":12.0},{"damage":10.0,"enemies":"Chosen","floor":18.0,"turns":4.0},{"damage":2.0,"enemies":"2 Thieves","floor":19.0,"turns":3.0},{"damage":0.0,"enemies":"Centurion and Healer","floor":20.0,"turns":5.0},{"damage":1,"enemies":"Snecko","floor":21,"turns":7},{"damage":3,"enemies":"Shelled Parasite and Fungi","floor":22,"turns":5},{"damage":36,"enemies":"Gremlin Leader","floor":24,"turns":5}],"seed_played":"3804327134641368948","potions_obtained":[{"floor":3.0,"key":"Fire Potion"},{"floor":5.0,"key":"Explosive Potion"},{"floor":11.0,"key":"SkillPotion"},{"floor":14.0,"key":"Fire Potion"},{"floor":16.0,"key":"Block Potion"},{"floor":19.0,"key":"SpeedPotion"},{"floor":21,"key":"Block Potion"},{"floor":22,"key":"FearPotion"}],"is_trial":false,"path_per_floor":["M","M","M","?","M","R","E","R","T","M","M","R","E","M","R","B",null,"M","M","M","M","M","R","E"],"character_chosen":"THE_SILENT","items_purchased":[],"campfire_rested":0,"item_purchase_floors":[],"current_hp_per_floor":[59,59,57,57,57,57,44,44,44,44,38,38,36,27,27,10,52,42,40,40,39,36,36,0,0],"gold":320,"neow_bonus":"TRANSFORM_TWO_CARDS","is_daily":false,"chose_seed":false,"campfire_upgraded":5,"win_rate":0.0,"timestamp":1611851700,"path_taken":["M","?","M","?","M","R","E","R","T","M","M","R","E","M","R","BOSS","M","M","?","M","M","R","E"],"items_purchased_type":[],"build_version":"2020-12-22","purchased_purges":0,"victory":false,"max_hp_per_floor":[66,66,66,66,66,66,66,66,66,66,66,66,66,66,66,66,66,66,66,66,66,66,66,66,66],"card_choices":[{"not_picked":["Bane","Masterful Stab"],"picked":"Prepared","floor":1.0},{"not_picked":["Noxious Fumes","Underhanded Strike"],"picked":"Footwork","floor":2.0},{"not_picked":["Escape Plan","Sucker Punch"],"picked":"Dagger Throw","floor":3.0},{"not_picked":["Dagger Throw","Underhanded Strike"],"picked":"Backflip","floor":5.0},{"not_picked":["Deadly Poison","Escape Plan"],"picked":"After Image+1","floor":7.0},{"not_picked":["Underhanded Strike","Masterful Stab"],"picked":"Setup","floor":10.0},{"not_picked":["PiercingWail","Quick Slash"],"picked":"Terror","floor":11.0},{"not_picked":["Concentrate+1","Quick Slash"],"picked":"Flechettes","floor":13.0},{"not_picked":["Poisoned Stab","Slice"],"picked":"Acrobatics+1","floor":14.0},{"not_picked":["Tools of the Trade+1","Corpse Explosion+1"],"picked":"Storm of Steel+1","floor":16.0},{"not_picked":["Dagger Throw","Slice"],"picked":"Well Laid Plans+1","floor":18.0},{"not_picked":["Sucker Punch","Dagger Spray"],"picked":"Cloak And Dagger+1","floor":19.0},{"not_picked":["Dodge and Roll+1","Outmaneuver+1"],"picked":"PiercingWail+1","floor":20.0},{"not_picked":["Riddle With Holes","Sucker Punch+1"],"picked":"Tactician+1","floor":21},{"not_picked":["Heel Hook","Slice"],"picked":"Die Die Die","floor":22}],"player_experience":2126231,"relics_obtained":[{"floor":7.0,"key":"Frozen Egg 2"},{"floor":9.0,"key":"Paper Crane"},{"floor":13.0,"key":"Toxic Egg 2"}],"event_choices":[{"cards_removed":["Strike_G"],"damage_healed":0.0,"max_hp_gain":0.0,"max_hp_loss":0.0,"gold_gain":0.0,"event_name":"Bonfire Elementals","player_choice":"Offered Basic","floor":4.0,"gold_loss":0.0,"damage_taken":0.0}],"is_beta":false,"boss_relics":[{"not_picked":["Tiny House","Runic Dome"],"picked":"Cursed Key"}],"items_purged_floors":[],"is_endless":false,"potions_floor_spawned":[3,5,11,14,16,19,21,22],"killed_by":"Gremlin Leader","ascension_level":20}}