{"host":"1c17lcvl7acx821p","time":1611868012,"event":{"mods":["AchievementEnabler","BaseMod","Colored Map","Minty Spire (QoL Compilation)","Quick Restart","Relic Sorter","StSLib"],"gold_per_floor":[114,128,141,141,153,153,187,187,187,187,207,232,243,273,273,378,428,438,181,199,211,14,14,46,46,96,96,129,7,7,67,115,141,141,238,238,284,333,374,415,459,459,520,242,242,267,331,343,343,343,393,393,393,393,393,27,61,61,61],"floor_reached":58,"language":"ENG","playtime":2834,"items_purged":["Decay","Strike_P","Strike_P","Strike_P"],"score":1760,"play_id":"7f0422e4-1479-47b2-b114-6d203329fb75","local_time":"20210128230652","is_ascension_mode":true,"campfire_choices":[{"data":"CarveReality","floor":6.0,"key":"SMITH"},{"data":"ForeignInfluence","floor":10.0,"key":"SMITH"},{"data":"EmptyFist","floor":15.0,"key":"SMITH"},{"data":"Vigilance","floor":23.0,"key":"SMITH"},{"data":"EmptyBody","floor":25.0,"key":"SMITH"},{"data":"ReachHeaven","floor":30.0,"key":"SMITH"},{"data":"Fasting2","floor":34.0,"key":"SMITH"},{"floor":42.0,"key":"RECALL"},{"floor":52.0,"key":"REST"},{"floor":55.0,"key":"REST"}],"circlet_count":0,"master_deck":["AscendersBane","Strike_P+1","Defend_P","Defend_P","Defend_P","Eruption+1","Vigilance+1","EmptyBody+1","ForeignInfluence+1","CarveReality+1","EmptyFist+1","Indignation+1","ForeignInfluence+1","ThirdEye+1","ForeignInfluence+1","FlurryOfBlows","Wish+1","ReachHeaven+1","Fasting2+1","EmptyBody+1","Protect+1","Dark Shackles+1","Crescendo+1","MentalFortress","ForeignInfluence+1","Worship+1","Meditate+1","FearNoEvil","FlurryOfBlows","ForeignInfluence+1","Deep Breath+1","CrushJoints+1"],"relics":["Busted Crown","Whetstone","Pen Nib","Toxic Egg 2","FossilizedHelix","Tiny House","Bag of Preparation","Membership Card","Regal Pillow","Sundial","Lantern","Happy Flower","Nunchaku","Boot","Fusion Hammer","CloakClasp","Toy Ornithopter","Bottled Lightning","Yang","Dream Catcher","TeardropLocket","Anchor"],"acts_visited":["Exordium","TheCity","TheBeyond","TheEnding"],"potions_floor_usage":[],"damage_taken":[{"damage":2.0,"enemies":"Small Slimes","floor":1.0,"turns":4.0},{"damage":2.0,"enemies":"Jaw Worm","floor":2.0,"turns":3.0},{"damage":0.0,"enemies":"Cultist","floor":3.0,"turns":2.0},{"damage":0.0,"enemies":"3 Louse","floor":5.0,"turns":2.0},{"damage":12.0,"enemies":"3 Sentries","floor":7.0,"turns":8.0},{"damage":0.0,"enemies":"Looter","floor":11.0,"turns":1.0},{"damage":0.0,"enemies":"Gremlin Nob","floor":12.0,"turns":2.0},{"damage":0.0,"enemies":"Large Slime","floor":13.0,"turns":2.0},{"damage":0.0,"enemies":"Lagavulin","floor":14.0,"turns":2.0},{"damage":0.0,"enemies":"Slime Boss","floor":16.0,"turns":2.0},{"damage":0.0,"enemies":"Shell Parasite","floor":18.0,"turns":3.0},{"damage":0.0,"enemies":"2 Thieves","floor":20.0,"turns":3.0},{"damage":0.0,"enemies":"Snake Plant","floor":21.0,"turns":2.0},{"damage":8.0,"enemies":"Slavers","floor":24.0,"turns":3.0},{"damage":0.0,"enemies":"Snecko","floor":26.0,"turns":2.0},{"damage":0.0,"enemies":"Gremlin Leader","floor":28.0,"turns":2.0},{"damage":7.0,"enemies":"Book of Stabbing","floor":31.0,"turns":3.0},{"damage":0.0,"enemies":"Sentry and Sphere","floor":32.0,"turns":3.0},{"damage":0.0,"enemies":"Slavers","floor":33.0,"turns":1.0},{"damage":0.0,"enemies":"Collector","floor":35.0,"turns":4.0},{"damage":0.0,"enemies":"3 Shapes","floor":37.0,"turns":2.0},{"damage":0.0,"enemies":"2 Orb Walkers","floor":38.0,"turns":3.0},{"damage":0.0,"enemies":"Orb Walker","floor":39.0,"turns":3.0},{"damage":0.0,"enemies":"Spire Growth","floor":40.0,"turns":3.0},{"damage":0.0,"enemies":"Sphere and 2 Shapes","floor":41.0,"turns":3.0},{"damage":0.0,"enemies":"Reptomancer","floor":43.0,"turns":6.0},{"damage":0.0,"enemies":"Nemesis","floor":47.0,"turns":7.0},{"damage":0.0,"enemies":"3 Darklings","floor":48.0,"turns":6.0},{"damage":3.0,"enemies":"4 Shapes","floor":51.0,"turns":6.0},{"damage":28.0,"enemies":"Time Eater","floor":53.0,"turns":11.0},{"damage":28.0,"enemies":"Shield and Spear","floor":57.0,"turns":4.0},{"damage":50,"enemies":"The Heart","floor":58,"turns":3}],"seed_played":"432354695743727320","potions_obtained":[{"floor":3.0,"key":"FearPotion"},{"floor":5.0,"key":"FearPotion"},{"floor":7.0,"key":"SkillPotion"},{"floor":14.0,"key":"Ambrosia"},{"floor":31.0,"key":"Regen Potion"},{"floor":33.0,"key":"SteroidPotion"}],"is_trial":false,"path_per_floor":["M","M","M","?","M","R","E","?","T","R","M","E","M","E","R","B",null,"M","$","M","M","$","R","E","R","M","T","E","$","R","E","M","E","R","B",null,"M","?","M","M","M","R","E","$","T","T","E","M","?","?","M","R","B",null,"R","$","E","B"],"character_chosen":"WATCHER","items_purchased":["ForeignInfluence+1","Bag of Preparation","Membership Card","Wish+1","Happy Flower","Bottled Lightning","Dark Shackles+1","Crescendo+1","MentalFortress","Meditate+1","FearNoEvil","FlurryOfBlows","TeardropLocket","ForeignInfluence+1","Deep Breath+1"],"campfire_rested":2,"item_purchase_floors":[19,19,22,22,29,44,44,44,44,56,56,56,56,56,56],"current_hp_per_floor":[63,61,61,61,61,61,49,49,49,49,49,49,49,49,49,49,71,71,71,71,71,71,71,63,63,63,63,63,63,63,56,56,56,56,56,72,72,72,72,72,72,72,72,72,72,72,72,72,72,72,69,77,49,70,77,77,49,0,0],"gold":61,"neow_bonus":"BOSS_RELIC","is_daily":false,"chose_seed":false,"campfire_upgraded":7,"win_rate":0.0,"timestamp":1611868012,"path_taken":["M","M","M","?","M","R","E","?","T","R","M","E","M","E","R","BOSS","M","$","M","M","$","R","E","R","M","T","E","?","R","E","M","E","R","BOSS","M","?","M","M","M","R","E","$","T","T","E","M","?","?","M","R","BOSS","R","$","E","BOSS"],"items_purchased_type":["Card","Relic","Relic","Card","Relic","Relic","Card","Card","Card","Card","Card","Card","Relic","Card","Card"],"build_version":"2020-12-22","purchased_purges":4,"victory":false,"max_hp_per_floor":[72,72,72,72,72,72,72,72,72,72,72,72,72,72,72,72,77,77,77,77,77,77,77,77,77,77,77,77,77,77,77,77,77,77,77,77,77,77,77,77,77,77,77,77,77,77,77,77,77,77,77,77,77,77,77,77,77,77,77],"card_choices":[{"not_picked":["JustLucky"],"picked":"SKIP","floor":1.0},{"not_picked":["JustLucky"],"picked":"SKIP","floor":2.0},{"not_picked":[],"picked":"EmptyBody","floor":3.0},{"not_picked":[],"picked":"CarveReality","floor":5.0},{"not_picked":[],"picked":"EmptyFist","floor":7.0},{"not_picked":[],"picked":"Indignation","floor":11.0},{"not_picked":["JustLucky"],"picked":"SKIP","floor":12.0},{"not_picked":["Worship+1"],"picked":"SKIP","floor":13.0},{"not_picked":[],"picked":"ForeignInfluence+1","floor":14.0},{"not_picked":[],"picked":"ThirdEye+1","floor":17.0},{"not_picked":["CrushJoints"],"picked":"SKIP","floor":18.0},{"not_picked":[],"picked":"FlurryOfBlows","floor":20.0},{"not_picked":["PathToVictory+1"],"picked":"SKIP","floor":21.0},{"not_picked":[],"picked":"FlurryOfBlows","floor":24.0},{"not_picked":[],"picked":"ReachHeaven","floor":26.0},{"not_picked":["FollowUp"],"picked":"SKIP","floor":28.0},{"not_picked":[],"picked":"Fasting2","floor":31.0},{"not_picked":["FollowUp+1"],"picked":"SKIP","floor":32.0},{"not_picked":["WheelKick"],"picked":"SKIP","floor":33.0},{"not_picked":["FlyingSleeves"],"picked":"SKIP","floor":37.0},{"not_picked":[],"picked":"EmptyBody+1","floor":38.0},{"not_picked":["BowlingBash+1"],"picked":"SKIP","floor":39.0},{"not_picked":["LikeWater"],"picked":"SKIP","floor":40.0},{"not_picked":[],"picked":"Protect+1","floor":41.0},{"not_picked":["Protect+1"],"picked":"SKIP","floor":43.0},{"not_picked":["Worship+1"],"picked":"SKIP","floor":47.0},{"not_picked":["Indignation+1"],"picked":"SKIP","floor":48.0},{"not_picked":[],"picked":"ForeignInfluence+1","floor":51.0},{"not_picked":[],"picked":"Worship+1","floor":55.0},{"not_picked":[],"picked":"CrushJoints+1","floor":57.0}],"player_experience":234996,"relics_obtained":[{"floor":7.0,"key":"Whetstone"},{"floor":9.0,"key":"Pen Nib"},{"floor":12.0,"key":"Toxic Egg 2"},{"floor":14.0,"key":"FossilizedHelix"},{"floor":24.0,"key":"Regal Pillow"},{"floor":27.0,"key":"Sundial"},{"floor":28.0,"key":"Lantern"},{"floor":31.0,"key":"Nunchaku"},{"floor":33.0,"key":"Boot"},{"floor":38.0,"key":"CloakClasp"},{"floor":43.0,"key":"Toy Ornithopter"},{"floor":45.0,"key":"Yang"},{"floor":47.0,"key":"Dream Catcher"},{"floor":57.0,"key":"Anchor"}],"event_choices":[{"damage_healed":0.0,"max_hp_gain":0.0,"max_hp_loss":0.0,"gold_gain":0.0,"cards_transformed":["Defend_P"],"event_name":"Living Wall","player_choice":"Change","floor":4.0,"gold_loss":0.0,"damage_taken":0.0,"cards_obtained":["ForeignInfluence"]},{"damage_healed":0.0,"max_hp_gain":0.0,"max_hp_loss":0.0,"gold_gain":0.0,"event_name":"Wheel of Change","player_choice":"Cursed","floor":8.0,"gold_loss":0.0,"damage_taken":0.0,"cards_obtained":["Decay"]},{"damage_healed":0.0,"max_hp_gain":0.0,"max_hp_loss":0.0,"gold_gain":0.0,"event_name":"Mysterious Sphere","player_choice":"Fight","floor":38.0,"gold_loss":0.0,"damage_taken":0.0},{"damage_healed":0.0,"max_hp_gain":0.0,"max_hp_loss":0.0,"gold_gain":0.0,"event_name":"Tomb of Lord Red Mask","player_choice":"Ignored","floor":49.0,"gold_loss":0.0,"damage_taken":0.0},{"cards_removed":["FlurryOfBlows"],"damage_healed":0.0,"max_hp_gain":0.0,"max_hp_loss":0.0,"gold_gain":0.0,"event_name":"Falling","player_choice":"Removed Attack","floor":50.0,"gold_loss":0.0,"damage_taken":0.0}],"is_beta":false,"boss_relics":[{"not_picked":["Empty Cage","Runic Dome"],"picked":"Tiny House"},{"not_picked":["Pandora\u0027s Box","Velvet Choker"],"picked":"Fusion Hammer"}],"items_purged_floors":[19,29,44,56],"is_endless":false,"potions_floor_spawned":[3,5,7,14,16,18,31,32,33,40,41,43,48,51],"killed_by":"The Heart","ascension_level":12}}