{"host":"63beink0jfv5ch5g","time":1611849918,"event":{"mods":["ATMod(∞¢Ë™Mod)","AchievementEnabler","Act Like it!","Aspiration","BaseMod","CapriCore","Conspire","Gensokyo","GungeonMod","Hallownest","Marisa£®ÏF”Í°°ƒß¿Ì…≥£©","Minty Spire (QoL Compilation)","MostiFishMod","Pale of the Ancients","Quick Restart","Reimu£®≤©¿ˆ¡È√Œ£©","Remilia£®¿Ÿ√◊¿Ú—«£©","Replay The Spire","SOS£®Àπ∞Õ¥Ô÷Æ◊”£©","Shop Mod","StSLib","The Bug Knight","The Servant 0.9.4","Waifu the Spire","Youmu£®ªÍ∆«—˝√Œ£©","ÛÙª÷∏ƒœ"],"gold_per_floor":[111,183,183,199,199,199,199,199,199,212,212,225,242,242,242,344,344,358,372,422,422,422,422],"floor_reached":22,"language":"ZHS","playtime":978,"items_purged":[],"score":224,"play_id":"3df12aa7-325b-429b-9e54-1907a4b2a87a","local_time":"20210129000518","is_ascension_mode":false,"campfire_choices":[{"data":"YinYangSange:ReiMu","floor":6,"key":"SMITH"},{"data":"SubcavityInstant:ReiMu","floor":8,"key":"SMITH"},{"data":"OctopathBindingBorder2:ReiMu","floor":11,"key":"SMITH"},{"data":"SafetyPray:ReiMu","floor":15,"key":"SMITH"}],"circlet_count":0,"master_deck":["Strike_Lin:ReiMu","Strike_Lin:ReiMu","Strike_Lin:ReiMu","Defend_Lin:ReiMu","Defend_Lin:ReiMu","Defend_Lin:ReiMu","Defend_Lin:ReiMu","NB:ReiMu","Stagnation:ReiMu","AT_FamilyPortrait","SubcavityInstant:ReiMu+1","YinYangSange:ReiMu+1","AirStrike:ReiMu","OctopathBindingBorder2:ReiMu+1","SafetyPray:ReiMu+1","SpreadBorder2:ReiMu+1","DependentForm:ReiMu","LearningPray:ReiMu+1","TightArray:ReiMu+1","PayForSelf:ReiMu","SubAcupoint:ReiMu+1"],"relics":["FlyPower:ReiMu","DaveBox","AT_ATBox","BionicSphere","NeowsBlessing","SynthV:TestCard","ReplayFunnel","Hallownest:DreamNailRelic","Vajra","SacredBark","DemoMod:GlassGuonStoneRelic","AT_SilverBalance"],"acts_visited":["Exordium","Hallownest:Greenpath"],"potions_floor_usage":[19],"damage_taken":[{"damage":0,"enemies":"Hallownest:monsterHuskGuard","floor":1,"turns":1},{"damage":0,"enemies":"Hallownest:monsterHuskWarrior","floor":4,"turns":1},{"damage":0,"enemies":"Hallownest:2_MossCreeps","floor":10,"turns":1},{"damage":0,"enemies":"Hallownest:monsterFoolEater","floor":12,"turns":4},{"damage":17,"enemies":"Hallownest:Guard_and_Warrior","floor":13,"turns":6},{"damage":0,"enemies":"Hallownest:BossFalseKnight","floor":16,"turns":9},{"damage":0,"enemies":"Hallownest:2_Mistakes","floor":18,"turns":8},{"damage":0,"enemies":"Hallownest:3_Youths","floor":19,"turns":7},{"damage":0,"enemies":"Hallownest:3_Mistakes","floor":22,"turns":1}],"seed_played":"8345894833811902318","potions_obtained":[{"floor":4,"key":"Elixir"},{"floor":13,"key":"BottledKami:ReiMu"},{"floor":16,"key":"ColorlessPotion"},{"floor":18,"key":"Fire Potion"}],"is_trial":false,"path_per_floor":["M","?","?","M","T","R","?","R","T","M","R","M","M","?","R","B",null,"M","M","?","?","M"],"character_chosen":"REIMU","items_purchased":[],"campfire_rested":0,"item_purchase_floors":[],"current_hp_per_floor":[65,65,65,65,65,65,65,65,65,65,65,65,48,48,48,48,65,65,65,49,56,32,32],"gold":422,"neow_bonus":"THREE_ENEMY_KILL","is_daily":false,"chose_seed":false,"campfire_upgraded":4,"win_rate":0.0,"timestamp":1611849918,"path_taken":["M","?","?","M","?","R","?","R","T","M","R","M","?","?","R","BOSS","M","M","?","?","M"],"items_purchased_type":[],"build_version":"2020-12-22","purchased_purges":0,"victory":false,"max_hp_per_floor":[65,65,65,65,65,65,65,65,65,65,65,65,65,65,65,65,65,65,65,65,65,65,65],"card_choices":[{"not_picked":["WonderfulDomain:ReiMu","SubAcupoint:ReiMu"],"picked":"SubcavityInstant:ReiMu","floor":1},{"not_picked":["YinYangSign:ReiMu","FantasyBorder:ReiMu","ManaGlint:ReiMu","Intuition:ReiMu"],"picked":"AirStrike:ReiMu","floor":4},{"not_picked":["SpreadBorder2:ReiMu","DoubleButterfly:ReiMu","Revelation:ReiMu","TightArray:ReiMu"],"picked":"OctopathBindingBorder2:ReiMu","floor":10},{"not_picked":["RainPray2:ReiMu","PrepareRite:ReiMu","FantasyMoon:ReiMu","AlertArray:ReiMu"],"picked":"SafetyPray:ReiMu","floor":12},{"not_picked":["RainPray2:ReiMu","WonderfulDomain:ReiMu","PrepareRite:ReiMu","CollectionFlower2:ReiMu"],"picked":"SpreadBorder2:ReiMu","floor":13},{"not_picked":["KamiRite:ReiMu","Shading:ReiMu","Dreaming:ReiMu","Free:ReiMu"],"picked":"DependentForm:ReiMu","floor":16},{"not_picked":["EmergencyTakeOff:ReiMu","YinYangSign:ReiMu+1","AlertArray:ReiMu","CollectionFlower2:ReiMu"],"picked":"LearningPray:ReiMu+1","floor":18},{"not_picked":["DoubleButterfly:ReiMu+1","LearningPray:ReiMu+1","SpringWay:ReiMu+1","YinYangSange:ReiMu"],"picked":"TightArray:ReiMu+1","floor":19},{"not_picked":["WonderfulDomain:ReiMu","CeremonyResonance:ReiMu","SubcavityInstant:ReiMu","AirStrike:ReiMu"],"picked":"PayForSelf:ReiMu","floor":20},{"not_picked":["CareerPray:ReiMu","EmergencyTakeOff:ReiMu+1","SubcavityInstant:ReiMu","FantasyBorder:ReiMu"],"picked":"SubAcupoint:ReiMu+1","floor":20}],"player_experience":151827,"relics_obtained":[{"floor":1,"key":"SynthV:TestCard"},{"floor":5,"key":"ReplayFunnel"},{"floor":9,"key":"Vajra"},{"floor":20,"key":"AT_SilverBalance"}],"event_choices":[],"is_beta":false,"boss_relics":[{"not_picked":["MostiFishMod:Hod","Replay:Grab Bag"],"picked":"SacredBark"}],"items_purged_floors":[],"is_endless":false,"potions_floor_spawned":[4,13,16,18],"killed_by":"Hallownest:3_Mistakes","ascension_level":0}}