{"host":"5zotnur7vyqtklfj","time":1611815782,"event":{"mods":["AchievementEnabler","BaseMod","Block Reminder","Colored Map","Colored Powertips","Downfall","Hubris","Infinite Spire","Jorbs\u0027s Wanderer Trilogy","Minty Spire (QoL Compilation)","Replay The Spire","StSLib"],"gold_per_floor":[111,14,29,43,43,43,71,42,42,42,42,101,1,20,20,125,125,136,11,30,0,12,12,38,49,75,75,75,75],"floor_reached":28,"language":"ENG","playtime":1713,"items_purged":["Strike_B","Strike_B","Magnetism"],"score":236,"play_id":"d0724b93-56d4-432b-a852-14307454bd81","local_time":"20210128013622","is_ascension_mode":false,"campfire_choices":[{"data":"Zap","floor":6,"key":"SMITH"},{"floor":11,"key":"REST"},{"floor":15,"key":"REST"},{"data":"Double Energy","floor":23,"key":"SMITH"},{"data":"Defragment","floor":27,"key":"SMITH"}],"circlet_count":0,"master_deck":["Strike_B","Strike_B","Defend_B","Defend_B","Defend_B","Defend_B","Zap+1","Dualcast","Consume","Sweeping Beam","Double Energy+1","Core Surge+1","Conserve Battery","Defragment+1","Seek","Leap","Leap","Chill+1"],"relics":["Cracked Core","hubris:Icosahedron","Solar Panel","infinitespire:CursedDice","infinitespire:Broken Mirror","Busted Crown","StrikeDummy","Tiny Chest"],"acts_visited":["Exordium","TheCity"],"potions_floor_usage":[7,14,20,25,28],"damage_taken":[{"damage":0,"enemies":"Small Slimes","floor":1,"turns":3},{"damage":2,"enemies":"2 Louse","floor":3,"turns":3},{"damage":1,"enemies":"Cultist","floor":4,"turns":3},{"damage":26,"enemies":"Lagavulin","floor":7,"turns":6},{"damage":26,"enemies":"Gremlin Nob","floor":12,"turns":4},{"damage":0,"enemies":"Lots of Slimes","floor":14,"turns":2},{"damage":23,"enemies":"Fading Forest","floor":16,"turns":11},{"damage":14,"enemies":"Spheric Guardian","floor":18,"turns":4},{"damage":6,"enemies":"Chosen","floor":20,"turns":5},{"damage":13,"enemies":"Shelled Parasite and Fungi","floor":22,"turns":6},{"damage":47,"enemies":"Slavers","floor":24,"turns":7},{"damage":0,"enemies":"3 Cultists","floor":25,"turns":5},{"damage":40,"enemies":"Gremlin Leader","floor":28,"turns":10}],"seed_played":"-645039956355534470","potions_obtained":[{"floor":4,"key":"SkillPotion"},{"floor":12,"key":"Adrenaline Potion"},{"floor":18,"key":"BlessingOfTheForge"},{"floor":24,"key":"Adrenaline Potion"},{"floor":25,"key":"BlessingOfTheForge"}],"is_trial":false,"path_per_floor":["M","$","M","M","?","R","E","?","T","?","R","?","$","M","R","B",null,"M","$","M","?","M","R","E","M","T","R","E"],"character_chosen":"DEFECT","items_purchased":["Sweeping Beam"],"campfire_rested":2,"item_purchase_floors":[2],"current_hp_per_floor":[54,54,52,51,51,51,25,25,25,25,47,25,25,27,49,46,75,61,61,59,59,46,46,29,31,31,31,0,0],"gold":75,"neow_bonus":"RANDOM_COLORLESS_2","is_daily":false,"chose_seed":false,"campfire_upgraded":3,"win_rate":0.0,"timestamp":1611815782,"path_taken":["M","$","M","M","?","R","E","?","T","?","R","?","?","?","R","BOSS","M","$","M","?","M","R","E","M","T","R","E"],"items_purchased_type":["Card"],"build_version":"2020-12-22","purchased_purges":3,"victory":false,"max_hp_per_floor":[75,75,75,75,75,75,75,75,75,75,75,75,75,75,75,75,75,75,75,75,75,75,75,75,75,75,75,75,75],"card_choices":[{"not_picked":["Panache","Sadistic Nature"],"picked":"Magnetism","floor":0},{"not_picked":["Heatsinks","Undo"],"picked":"Consume","floor":1},{"not_picked":["Streamline","Genetic Algorithm","Stack"],"picked":"SKIP","floor":3},{"not_picked":["Fusion","Sweeping Beam"],"picked":"Double Energy","floor":4},{"not_picked":["Cold Snap","Reprogram"],"picked":"Core Surge","floor":7},{"not_picked":["Rebound","Steam"],"picked":"Conserve Battery","floor":12},{"not_picked":["Stack","Panic Button"],"picked":"Defragment","floor":14},{"not_picked":["Fission","Mirror Shield"],"picked":"Seek","floor":16},{"not_picked":[],"picked":"Leap","floor":18},{"not_picked":[],"picked":"Leap","floor":20},{"not_picked":["Reprogram"],"picked":"SKIP","floor":22},{"not_picked":["Barrage"],"picked":"SKIP","floor":24},{"not_picked":[],"picked":"Chill+1","floor":25}],"player_experience":445772,"relics_obtained":[{"floor":7,"key":"Solar Panel"},{"floor":9,"key":"infinitespire:CursedDice"},{"floor":12,"key":"infinitespire:Broken Mirror"},{"floor":24,"key":"StrikeDummy"},{"floor":26,"key":"Tiny Chest"}],"event_choices":[{"damage_healed":0,"gold_gain":0,"player_choice":"Left Gold","damage_taken":0,"max_hp_gain":0,"max_hp_loss":0,"event_name":"World of Goop","floor":8,"gold_loss":29},{"damage_healed":0,"gold_gain":30,"player_choice":"Searched \u00273\u0027 times","damage_taken":0,"max_hp_gain":0,"max_hp_loss":0,"event_name":"Dead Adventurer","floor":12,"gold_loss":0},{"damage_healed":0,"gold_gain":0,"player_choice":"Paid Fearfully","damage_taken":0,"max_hp_gain":0,"max_hp_loss":0,"event_name":"Masked Bandits","floor":21,"gold_loss":30}],"is_beta":false,"boss_relics":[{"not_picked":["Replay:Wanted Poster","hubris:GrandSneckoEye"],"picked":"Busted Crown"}],"items_purged_floors":[2,13,19],"is_endless":false,"potions_floor_spawned":[4,12,18,24,25],"killed_by":"Gremlin Leader","ascension_level":0}}