{"host":"xenpv6dj5x1yxp66","time":1611868070,"event":{"mods":["AchievementEnabler","Aspiration","BaseMod","Better Altar","Better Sensory Stone","Better Skull","Better Third Choice","BetterRewards","Colored Map","Colored Powertips","Conspire","Downfall","Highlight Path","Hubris","Marisa????????","Minty Spire (QoL Compilation)","Quick Restart","READ ME - Guardian Mod","Replay The Spire","Shade Mod","StSLib","The Animator","The Bug Knight","The Construct","The Cursed","The Disciple","The Necromancer","The Runesmith","The Servant 0.9.4"],"gold_per_floor":[117,117,117,130,130,162,86,86,141,141,151,182,193,193,193,296,296,284,284,57,74,91,123,142,157,157,169,202,215,215,227,227,332,332,343,357,415,315,315,349,349,384,407,420,438,473,12,24,24,24],"floor_reached":51,"language":"ENG","playtime":4128,"items_purged":["Apotheosis+1"],"score":1014,"play_id":"0dea66a1-dd87-4ee4-9a23-bc8e580ea3f3","local_time":"20210128220750","is_ascension_mode":false,"campfire_choices":[{"data":"Apotheosis","floor":8,"key":"SMITH"},{"data":"Metallicize","floor":10,"key":"SMITH"},{"data":"ReplayTheSpireMod:Stacked","floor":15,"key":"SMITH"},{"data":"Reaper","floor":30,"key":"SMITH"}],"circlet_count":0,"master_deck":["Strike_R","Strike_R","Strike_R+1","Strike_R","Strike_R+1","Defend_R","Defend_R+1","Defend_R+1","Defend_R","Bash","Metallicize+1","ReplayTheSpireMod:Stacked+1","Sword Boomerang","Anger+1","Thunderclap+1","Metallicize+1","Metallicize+1","Pommel Strike+1","Clothesline","Replay:Many Hands+1","Body Slam","Rampage+1","Shrug It Off+1","Inflame+1","Ghostly Armor+1","Body Slam+1","Reaper+1","Replay:Undeath\u0027s Touch","Headbutt+1","Immolate+1","Hemokinesis+1","Metallicize+1","Pommel Strike+1","Bloodletting+1","Flex+1","Discovery","Cleave+1","Heavy Blade"],"relics":["Black Blood","construct:RocketBooster","hubris:OldNail","Whetstone","PreservedInsect","hubris:Towel","hubris:Backtick","Sizzling Blood","Guide Book","Replay:Bottled Snecko","conspire:BottledYoYo","Oddly Smooth Stone","Nunchaku","King of Hearts","Juzu Bracelet","Akabeko","Lantern","Ancient Tea Set","Red Skull","HandDrill"],"acts_visited":["Exordium","TheCity","TheBeyond"],"potions_floor_usage":[6,23,23,28,28,33,40,44,45,50],"damage_taken":[{"damage":0,"enemies":"Small Slimes","floor":1,"turns":4},{"damage":8,"enemies":"conspire:RoseBush","floor":4,"turns":3},{"damage":9,"enemies":"3 Sentries","floor":6,"turns":6},{"damage":6,"enemies":"Jaw Worm","floor":11,"turns":4},{"damage":7,"enemies":"Gremlin Nob","floor":12,"turns":5},{"damage":0,"enemies":"2 Fungi Beasts","floor":13,"turns":2},{"damage":16,"enemies":"Fading Forest","floor":16,"turns":11},{"damage":13,"enemies":"2 Thieves","floor":18,"turns":4},{"damage":38,"enemies":"3 Byrds","floor":21,"turns":7},{"damage":19,"enemies":"Snake Plant","floor":22,"turns":7},{"damage":7,"enemies":"conspire:Head Lice","floor":23,"turns":5},{"damage":0,"enemies":"Centurion and Healer","floor":24,"turns":8},{"damage":20,"enemies":"Cultist and Chosen","floor":25,"turns":8},{"damage":8,"enemies":"Snecko","floor":27,"turns":4},{"damage":14,"enemies":"Gremlin Leader","floor":28,"turns":5},{"damage":8,"enemies":"Centurion and Healer","floor":29,"turns":4},{"damage":18,"enemies":"Cultist and Chosen","floor":31,"turns":6},{"damage":37,"enemies":"Automaton","floor":33,"turns":10},{"damage":24,"enemies":"Orb Walker","floor":35,"turns":4},{"damage":0,"enemies":"3 Shapes","floor":36,"turns":3},{"damage":16,"enemies":"Giant Head","floor":40,"turns":5},{"damage":62,"enemies":"Reptomancer","floor":42,"turns":4},{"damage":0,"enemies":"Transient","floor":44,"turns":4},{"damage":2,"enemies":"4 Shapes","floor":45,"turns":4},{"damage":5,"enemies":"Giant Head","floor":46,"turns":6},{"damage":32,"enemies":"Maw","floor":48,"turns":5},{"damage":53,"enemies":"Time Eater","floor":50,"turns":7}],"seed_played":"7065444312648140660","potions_obtained":[{"floor":4,"key":"AttackPotion"},{"floor":11,"key":"Adrenaline Potion"},{"floor":13,"key":"DistilledChaos"},{"floor":16,"key":"hexamod:SoulburnPotion"},{"floor":18,"key":"Guardian:BlockOnCardUsePotion"},{"floor":23,"key":"ColorlessPotion"},{"floor":27,"key":"SkillPotion"},{"floor":29,"key":"sneckomod:MuddlingPotion"},{"floor":31,"key":"Fire Potion"},{"floor":33,"key":"Block Potion"},{"floor":35,"key":"BlessingOfTheForge"},{"floor":37,"key":"EssenceOfSteel"},{"floor":37,"key":"Strength Potion"},{"floor":40,"key":"SmokeBomb"},{"floor":45,"key":"SmokeBomb"}],"is_trial":false,"path_per_floor":["M","?","?","M","?","E","$","R","T","R","M","E","M","?","R","B",null,"M","?","$","M","M","E","M","M","T","M","E","M","R","M","R_BF","B",null,"M","M","?","NS","$","E","?","E","T","M","M","E","$","M","R_BF","B",null],"character_chosen":"IRONCLAD","items_purchased":["Metallicize","ReplayTheSpireMod:Stacked","Metallicize","Rampage","Guide Book","Nunchaku","King of Hearts","Red Skull","HandDrill","Discovery"],"campfire_rested":0,"item_purchase_floors":[0,0,7,20,20,39,39,47,47,47],"current_hp_per_floor":[67,67,67,65,65,62,62,62,62,62,62,61,67,67,67,67,84,81,81,81,53,44,47,57,47,47,49,45,61,61,61,84,71,84,76,84,63,63,43,43,43,17,17,33,67,84,84,82,82,75],"gold":24,"neow_bonus":"","is_daily":false,"chose_seed":false,"campfire_upgraded":4,"win_rate":0.0,"timestamp":1611868070,"path_taken":["M","?","?","M","?","E","$","R","T","R","?","E","M","?","R","BOSS","M","?","$","M","M","E","?","M","T","M","E","M","R","M","R_BF","BOSS","M","M","?","NS","?","E","?","E","T","M","M","E","$","M","R_BF","BOSS"],"items_purchased_type":["Card","Card","Card","Card","Relic","Relic","Relic","Relic","Relic","Card"],"build_version":"2020-12-22","purchased_purges":1,"victory":true,"max_hp_per_floor":[80,80,80,80,80,80,80,80,80,80,80,80,80,80,80,80,84,84,84,84,84,84,84,84,84,84,84,84,84,84,84,84,84,84,84,84,84,84,84,84,84,84,84,84,84,84,84,84,84,84],"card_choices":[{"not_picked":["Cleave","Disarm"],"picked":"Anger","floor":1},{"not_picked":["Good Instincts","HandOfGreed"],"picked":"Apotheosis","floor":2},{"not_picked":["Reckless Charge","Combust"],"picked":"Thunderclap","floor":4},{"not_picked":["Dual Wield","Cleave"],"picked":"Metallicize","floor":6},{"not_picked":["Twin Strike","ReplayTheSpireMod:Strike From Hell"],"picked":"Pommel Strike","floor":11},{"not_picked":["Dark Embrace","Clash"],"picked":"Clothesline","floor":12},{"not_picked":["Limit Break","True Grit","ReplayTheSpireMod:Strike From Hell"],"picked":"SKIP","floor":13},{"not_picked":["Offering","Reaper"],"picked":"Replay:Many Hands","floor":16},{"not_picked":["Defy Death","Sword Boomerang"],"picked":"Body Slam","floor":18},{"not_picked":["ReplayTheSpireMod:Muscle Training","Headbutt"],"picked":"Shrug It Off+1","floor":21},{"not_picked":["Defy Death","Seeing Red"],"picked":"Inflame","floor":22},{"not_picked":["Second Wind","Warcry"],"picked":"Ghostly Armor+1","floor":23},{"not_picked":["Hemokinesis","conspire:Charge"],"picked":"Body Slam+1","floor":24},{"not_picked":["Massacre","ReplayTheSpireMod:Muscle Training"],"picked":"Run Through","floor":25},{"not_picked":["Massacre","ReplayTheSpireMod:Strike From Hell"],"picked":"Reaper","floor":27},{"not_picked":["Cleave","Sword Boomerang"],"picked":"Replay:Undeath\u0027s Touch","floor":28},{"not_picked":["Thunderclap","Battle Trance+1"],"picked":"Headbutt+1","floor":29},{"not_picked":["Wild Strike","Evolve+1"],"picked":"Body Slam+1","floor":31},{"not_picked":["Corruption","Double Tap"],"picked":"Immolate","floor":33},{"not_picked":["Anger","Dual Wield"],"picked":"Hemokinesis","floor":35},{"not_picked":["Reckless Charge+1","Havoc","Evolve+1"],"picked":"SKIP","floor":36},{"not_picked":["Wild Strike+1","Abandon+1"],"picked":"Body Slam+1","floor":37},{"not_picked":["Rupture","Bludgeon"],"picked":"Metallicize+1","floor":40},{"not_picked":["Massacre+1","Havoc"],"picked":"Pommel Strike+1","floor":42},{"not_picked":["Anger","Carnage+1","Wild Strike+1"],"picked":"SKIP","floor":44},{"not_picked":["Flex+1","Burning Pact+1"],"picked":"Bloodletting+1","floor":45},{"not_picked":["Clothesline","Rupture"],"picked":"Flex+1","floor":46},{"not_picked":["Second Wind","ReplayTheSpireMod:Strike From Hell"],"picked":"Cleave+1","floor":48}],"player_experience":168385,"relics_obtained":[{"floor":6,"key":"hubris:OldNail"},{"floor":9,"key":"Whetstone"},{"floor":12,"key":"PreservedInsect"},{"floor":23,"key":"Replay:Bottled Snecko"},{"floor":26,"key":"conspire:BottledYoYo"},{"floor":28,"key":"Oddly Smooth Stone"},{"floor":40,"key":"Juzu Bracelet"},{"floor":42,"key":"Akabeko"},{"floor":43,"key":"Lantern"},{"floor":46,"key":"Ancient Tea Set"}],"event_choices":[{"damage_healed":0,"gold_gain":1,"player_choice":"1","damage_taken":0,"max_hp_gain":0,"max_hp_loss":0,"event_name":"betterStone:BetterStone","floor":2,"gold_loss":0},{"damage_healed":0,"gold_gain":0,"player_choice":"Leave","damage_taken":0,"max_hp_gain":0,"max_hp_loss":0,"event_name":"The Cleric","floor":3,"gold_loss":0},{"damage_healed":0,"gold_gain":0,"player_choice":"Upgraded","damage_taken":0,"max_hp_gain":0,"max_hp_loss":0,"event_name":"Upgrade Shrine","floor":19,"gold_loss":0,"cards_upgraded":["Replay:Many Hands"]}],"is_beta":false,"boss_relics":[{"not_picked":["Electric Blood","SlaversCollar"],"picked":"hubris:Backtick"},{"not_picked":["bronze:MakeshiftBattery","Replay:Bronze Core"],"picked":"Black Blood"}],"items_purged_floors":[47],"is_endless":false,"potions_floor_spawned":[4,11,13,16,18,23,27,29,31,33,35,40,45],"ascension_level":0}}