{"host":"j4g6ia6asvpyu2b0","time":1611852616,"event":{"mods":["BaseMod","Colored Map","Minty Spire (QoL Compilation)","Permanent Neow","Quick Restart","Relic Stats","StSLib","Unceasing Turn Reminder"],"gold_per_floor":[113,113,123,48,48,48,75,75,101,176,192,219,231,243,243,342,342,361,379,397,41,59,90,15,46,46,46,146,180,180,197,197,300,300,318,318,55,55,69,96,96,123,148,166,191,201,201,220,220,220,220,220,10,40,40,40],"floor_reached":55,"language":"ENG","playtime":2315,"items_purged":["Regret","Strike_B","Strike_B"],"score":1200,"play_id":"9619c9ad-fe7a-48be-b8e0-e8ba8c26f71e","local_time":"20210128095016","is_ascension_mode":true,"campfire_choices":[{"data":"Apotheosis","floor":6.0,"key":"SMITH"},{"floor":8.0,"key":"RECALL"},{"data":"Chill","floor":15.0,"key":"SMITH"},{"data":"Capacitor","floor":27.0,"key":"SMITH"},{"floor":32.0,"key":"REST"},{"floor":47.0,"key":"DIG"},{"floor":49.0,"key":"DIG"},{"floor":52.0,"key":"DIG"}],"circlet_count":0,"master_deck":["Strike_B","Defend_B","Defend_B","Defend_B","Zap","Dualcast","Apotheosis+1","Chill+1","Tempest","Cold Snap","Genetic Algorithm","Capacitor+1","Hologram","Self Repair","Buffer","Barrage+1","Compile Driver","Ball Lightning","Barrage+1","All For One","Ball Lightning","Sweeping Beam+1","Leap+1","Biased Cognition+1","CurseOfTheBell","FTL+1","Compile Driver+1","Capacitor+1","Fission+1","Aggregate+1","Blizzard+1","Tempest","Biased Cognition+1","Capacitor+1","Meteor Strike+1","Steam Power","Consume","Cold Snap+1","Doom and Gloom+1","Barrage+1","Chill+1","Loop+1","Amplify","Electrodynamics+1"],"relics":["Cracked Core","Smiling Mask","Bag of Preparation","Lantern","Philosopher\u0027s Stone","OrangePellets","Happy Flower","Bottled Tornado","Frozen Egg 2","Turnip","Molten Egg 2","Potion Belt","Enchiridion","Calling Bell","Anchor","Cables","Prayer Wheel","Shovel","Vajra","Bag of Marbles","Ornamental Fan","Bird Faced Urn","Kunai","InkBottle","Nunchaku"],"acts_visited":["Exordium","TheCity","TheBeyond","TheEnding"],"potions_floor_usage":[54,55,55],"damage_taken":[{"damage":0.0,"enemies":"2 Louse","floor":1.0,"turns":1.0},{"damage":6.0,"enemies":"Small Slimes","floor":3.0,"turns":3.0},{"damage":10.0,"enemies":"Lagavulin","floor":7.0,"turns":6.0},{"damage":0.0,"enemies":"Cultist","floor":11.0,"turns":2.0},{"damage":0.0,"enemies":"3 Sentries","floor":12.0,"turns":6.0},{"damage":2.0,"enemies":"2 Fungi Beasts","floor":13.0,"turns":2.0},{"damage":5.0,"enemies":"3 Louse","floor":14.0,"turns":3.0},{"damage":30.0,"enemies":"The Guardian","floor":16.0,"turns":11.0},{"damage":0.0,"enemies":"Spheric Guardian","floor":18.0,"turns":4.0},{"damage":5.0,"enemies":"Chosen","floor":19.0,"turns":4.0},{"damage":12.0,"enemies":"Sentry and Sphere","floor":20.0,"turns":4.0},{"damage":9.0,"enemies":"Snecko","floor":22.0,"turns":4.0},{"damage":0.0,"enemies":"Gremlin Leader","floor":23.0,"turns":6.0},{"damage":31.0,"enemies":"Book of Stabbing","floor":25.0,"turns":5.0},{"damage":18.0,"enemies":"Colosseum Slavers","floor":28.0,"turns":3.0},{"damage":0.0,"enemies":"Colosseum Nobs","floor":28.0,"turns":4.0},{"damage":10.0,"enemies":"Slavers","floor":29.0,"turns":4.0},{"damage":10.0,"enemies":"Shelled Parasite and Fungi","floor":31.0,"turns":4.0},{"damage":10.0,"enemies":"Collector","floor":33.0,"turns":8.0},{"damage":0.0,"enemies":"3 Shapes","floor":35.0,"turns":4.0},{"damage":0.0,"enemies":"3 Darklings","floor":39.0,"turns":4.0},{"damage":13.0,"enemies":"Nemesis","floor":40.0,"turns":5.0},{"damage":0.0,"enemies":"Reptomancer","floor":42.0,"turns":3.0},{"damage":0.0,"enemies":"Spire Growth","floor":44.0,"turns":2.0},{"damage":0.0,"enemies":"Nemesis","floor":45.0,"turns":5.0},{"damage":0.0,"enemies":"Maw","floor":46.0,"turns":5.0},{"damage":0.0,"enemies":"4 Shapes","floor":48.0,"turns":2.0},{"damage":58.0,"enemies":"Donu and Deca","floor":50.0,"turns":6.0},{"damage":12,"enemies":"Shield and Spear","floor":54,"turns":4},{"damage":122,"enemies":"The Heart","floor":55,"turns":8}],"seed_played":"-5117092349313008603","potions_obtained":[{"floor":1.0,"key":"ColorlessPotion"},{"floor":7.0,"key":"Strength Potion"},{"floor":11.0,"key":"Fruit Juice"},{"floor":12.0,"key":"FearPotion"},{"floor":16.0,"key":"FearPotion"},{"floor":18.0,"key":"BlessingOfTheForge"},{"floor":28.0,"key":"SpeedPotion"},{"floor":29.0,"key":"FairyPotion"},{"floor":40.0,"key":"Explosive Potion"},{"floor":48.0,"key":"Swift Potion"},{"floor":54,"key":"FearPotion"}],"is_trial":false,"path_per_floor":["M","?","M","$","?","R","E","R","T","?","M","E","M","M","R","B",null,"M","M","M","$","M","E","?","E","T","R","?","E","?","M","R","B",null,"M","?","$","?","M","E","?","E","T","M","E","M","R","M","R","B",null,"R","$","E","B"],"character_chosen":"DEFECT","items_purchased":["OrangePellets","Happy Flower","Capacitor+1","Fission","Loop+1","Amplify"],"campfire_rested":1,"item_purchase_floors":[21,21,37,37,53,53],"current_hp_per_floor":[75,80,74,74,67,67,57,57,57,49,54,54,52,47,47,27,71,78,80,78,78,79,85,85,61,61,61,60,50,34,34,59,56,78,85,85,85,85,85,82,82,85,85,85,85,85,85,85,85,37,73,73,73,85,0,0],"gold":40,"neow_bonus":"RANDOM_COLORLESS_2","is_daily":false,"chose_seed":false,"campfire_upgraded":3,"win_rate":0.0,"timestamp":1611852616,"path_taken":["M","?","M","$","?","R","E","R","T","?","M","E","?","M","R","BOSS","M","M","M","$","M","E","?","E","T","R","?","E","?","M","R","BOSS","M","?","$","?","?","E","?","E","T","M","E","M","R","M","R","BOSS","R","$","E","BOSS"],"items_purchased_type":["Relic","Relic","Card","Card","Card","Card"],"build_version":"2020-12-22","purchased_purges":3,"victory":false,"max_hp_per_floor":[75,80,80,80,80,80,80,80,80,80,85,85,85,85,85,85,85,85,85,85,85,85,85,85,85,85,85,85,85,85,85,85,85,85,85,85,85,85,85,85,85,85,85,85,85,85,85,85,85,85,85,85,85,85,85,85],"relic_stats":{"Happy Flower":[28],"counters":[30,132],"Bag of Preparation":[54],"Smiling Mask":125,"Cables":[42,34,6,0,2],"OrangePellets":[17],"Nunchaku":[0],"Shovel":3,"Ornamental Fan":[48],"Bird Faced Urn":[30],"Prayer Wheel":5,"Turnip":[8],"Kunai":[9],"obtain_stats":[{"Lantern":12,"Enchiridion":30,"Vajra":42,"Bag of Preparation":9,"Bottled Tornado":23,"Smiling Mask":7,"Nunchaku":54,"Shovel":40,"Philosopher\u0027s Stone":17,"Prayer Wheel":34,"Kunai":49,"Cracked Core":0,"InkBottle":52,"Potion Belt":29,"Happy Flower":21,"Frozen Egg 2":25,"Cables":34,"Calling Bell":34,"OrangePellets":21,"Anchor":34,"Ornamental Fan":45,"Bird Faced Urn":47,"Molten Egg 2":28,"Turnip":28,"Bag of Marbles":43},{"Lantern":5,"Enchiridion":17,"Vajra":23,"Bag of Preparation":3,"Bottled Tornado":13,"Smiling Mask":3,"Nunchaku":29,"Shovel":22,"Philosopher\u0027s Stone":8,"Prayer Wheel":19,"Kunai":27,"Cracked Core":0,"InkBottle":28,"Potion Belt":17,"Happy Flower":11,"Frozen Egg 2":14,"Cables":19,"Calling Bell":19,"OrangePellets":11,"Anchor":19,"Ornamental Fan":25,"Bird Faced Urn":26,"Molten Egg 2":16,"Turnip":16,"Bag of Marbles":23},{"Lantern":18,"Enchiridion":72,"Vajra":100,"Bag of Preparation":10,"Bottled Tornado":56,"Smiling Mask":10,"Nunchaku":124,"Shovel":97,"Philosopher\u0027s Stone":34,"Prayer Wheel":84,"Kunai":114,"Cracked Core":0,"InkBottle":120,"Potion Belt":72,"Happy Flower":46,"Frozen Egg 2":61,"Cables":84,"Calling Bell":84,"OrangePellets":46,"Anchor":84,"Ornamental Fan":107,"Bird Faced Urn":112,"Molten Egg 2":68,"Turnip":68,"Bag of Marbles":100}],"InkBottle":[7]},"card_choices":[{"not_picked":["Secret Technique","Magnetism"],"picked":"Apotheosis","floor":0.0},{"not_picked":["Streamline","Coolheaded"],"picked":"Chill","floor":1.0},{"not_picked":["Coolheaded","Rebound"],"picked":"Tempest","floor":3.0},{"not_picked":["Go for the Eyes","Beam Cell"],"picked":"Cold Snap","floor":7.0},{"not_picked":["Hello World","Barrage"],"picked":"Genetic Algorithm","floor":11.0},{"not_picked":["Hologram","Barrage"],"picked":"Capacitor","floor":12.0},{"not_picked":["Skim","Stack"],"picked":"Hologram","floor":13.0},{"not_picked":["Glacier","Leap"],"picked":"Self Repair","floor":14.0},{"not_picked":["Multi-Cast","Reboot"],"picked":"Buffer","floor":16.0},{"not_picked":["Undo","Go for the Eyes"],"picked":"Barrage+1","floor":18.0},{"not_picked":["Rebound","Force Field"],"picked":"Compile Driver","floor":19.0},{"not_picked":["Fusion","Compile Driver"],"picked":"Ball Lightning","floor":20.0},{"not_picked":["Beam Cell","Fusion"],"picked":"Barrage+1","floor":22.0},{"not_picked":["Tempest","Steam"],"picked":"All For One","floor":23.0},{"not_picked":["Beam Cell+1","Rebound"],"picked":"Ball Lightning","floor":25.0},{"not_picked":["Go for the Eyes+1","Beam Cell+1"],"picked":"Sweeping Beam+1","floor":28.0},{"not_picked":["Genetic Algorithm","Steam+1","Turbo"],"picked":"SKIP","floor":29.0},{"not_picked":["Steam","Beam Cell+1"],"picked":"Leap+1","floor":31.0},{"not_picked":["Meteor Strike+1","Core Surge+1"],"picked":"Biased Cognition+1","floor":33.0},{"not_picked":["Streamline+1","Steam+1"],"picked":"FTL+1","floor":35.0},{"not_picked":["Conserve Battery","Skim"],"picked":"Compile Driver+1","floor":35.0},{"not_picked":["Genetic Algorithm+1","Compile Driver+1"],"picked":"Aggregate+1","floor":39.0},{"not_picked":["Streamline+1","BootSequence+1"],"picked":"Blizzard+1","floor":39.0},{"not_picked":["Auto Shields+1","Leap+1"],"picked":"Tempest","floor":40.0},{"not_picked":["Beam Cell+1","Scrape+1"],"picked":"Capacitor+1","floor":42.0},{"not_picked":["Hologram+1","Steam"],"picked":"Meteor Strike+1","floor":44.0},{"not_picked":["Blizzard+1","Leap"],"picked":"Steam Power","floor":44.0},{"not_picked":["Leap+1","Turbo"],"picked":"Consume","floor":45.0},{"not_picked":["Hologram+1","Rebound+1"],"picked":"Cold Snap+1","floor":46.0},{"not_picked":["Compile Driver+1","Stack"],"picked":"Doom and Gloom+1","floor":46.0},{"not_picked":["Beam Cell+1","Scrape+1"],"picked":"Barrage+1","floor":48.0},{"not_picked":["Cold Snap+1","Conserve Battery"],"picked":"Chill+1","floor":48.0},{"not_picked":["Stack+1","Tempest+1"],"picked":"Electrodynamics+1","floor":54}],"player_experience":1059240,"relics_obtained":[{"floor":7.0,"key":"Smiling Mask"},{"floor":9.0,"key":"Bag of Preparation"},{"floor":12.0,"key":"Lantern"},{"floor":23.0,"key":"Bottled Tornado"},{"floor":25.0,"key":"Frozen Egg 2"},{"floor":28.0,"key":"Turnip"},{"floor":28.0,"key":"Molten Egg 2"},{"floor":29.0,"key":"Potion Belt"},{"floor":30.0,"key":"Enchiridion"},{"floor":34.0,"key":"Anchor"},{"floor":34.0,"key":"Cables"},{"floor":34.0,"key":"Prayer Wheel"},{"floor":40.0,"key":"Shovel"},{"floor":42.0,"key":"Vajra"},{"floor":43.0,"key":"Bag of Marbles"},{"floor":45.0,"key":"Ornamental Fan"},{"floor":47.0,"key":"Bird Faced Urn"},{"floor":49.0,"key":"Kunai"},{"floor":52.0,"key":"InkBottle"},{"floor":54,"key":"Nunchaku"}],"event_choices":[{"damage_healed":0.0,"max_hp_gain":5.0,"max_hp_loss":0.0,"gold_gain":0.0,"event_name":"Big Fish","player_choice":"Donut","floor":2.0,"gold_loss":0.0,"damage_taken":0.0},{"cards_removed":["Defend_B"],"damage_healed":0.0,"max_hp_gain":0.0,"max_hp_loss":0.0,"gold_gain":0.0,"event_name":"Golden Wing","player_choice":"Card Removal","floor":5.0,"gold_loss":0.0,"damage_taken":7.0},{"damage_healed":0.0,"max_hp_gain":0.0,"max_hp_loss":0.0,"gold_gain":75.0,"event_name":"FaceTrader","player_choice":"Touch","floor":10.0,"gold_loss":0.0,"damage_taken":8.0},{"cards_removed":["Strike_B"],"damage_healed":0.0,"max_hp_gain":0.0,"max_hp_loss":0.0,"gold_gain":0.0,"event_name":"Beggar","player_choice":"Gave Gold","floor":24.0,"gold_loss":75.0,"damage_taken":0.0},{"damage_healed":0.0,"max_hp_gain":0.0,"max_hp_loss":0.0,"gold_gain":0.0,"event_name":"Colosseum","player_choice":"Fight","floor":28.0,"gold_loss":0.0,"damage_taken":0.0},{"damage_healed":0.0,"max_hp_gain":0.0,"max_hp_loss":0.0,"gold_gain":0.0,"event_name":"Colosseum","player_choice":"Fought Nobs","floor":28.0,"gold_loss":0.0,"damage_taken":0.0},{"damage_healed":0.0,"max_hp_gain":0.0,"max_hp_loss":0.0,"gold_gain":0.0,"event_name":"Cursed Tome","player_choice":"Obtained Book","floor":30.0,"gold_loss":0.0,"damage_taken":16.0},{"damage_healed":0.0,"max_hp_gain":0.0,"max_hp_loss":0.0,"gold_gain":0.0,"event_name":"SecretPortal","player_choice":"Ignored","floor":36.0,"gold_loss":0.0,"damage_taken":0.0},{"damage_healed":0.0,"max_hp_gain":0.0,"max_hp_loss":0.0,"gold_gain":0.0,"event_name":"Upgrade Shrine","player_choice":"Upgraded","floor":38.0,"gold_loss":0.0,"damage_taken":0.0,"cards_upgraded":["Fission"]},{"damage_healed":0.0,"max_hp_gain":0.0,"max_hp_loss":0.0,"gold_gain":0.0,"event_name":"Duplicator","player_choice":"Copied","floor":41.0,"gold_loss":0.0,"damage_taken":0.0,"cards_obtained":["Biased Cognition"]}],"is_beta":false,"boss_relics":[{"not_picked":["Sozu","Cursed Key"],"picked":"Philosopher\u0027s Stone"},{"not_picked":["Empty Cage","SlaversCollar"],"picked":"Calling Bell"}],"items_purged_floors":[4,21,37],"is_endless":false,"potions_floor_spawned":[1,7,11,12,16,18,28,28,29,40,48,54],"killed_by":"The Heart","ascension_level":5}}