{"host":"qekv59dthhdg54sz","time":1611856961,"event":{"mods":["AchievementEnabler","BaseMod","Colored Map","DeckTracker","KOR Keyword Fix","Minty Spire (QoL Compilation)","Rare Cards Sparkle","StSLib","SuperFastMode"],"gold_per_floor":[114,114,124,124,124,152,152,164,164,164,164,183,183,216,216,216,216],"floor_reached":16,"language":"KOR","playtime":236,"items_purged":[],"score":246,"play_id":"e24e318f-9226-4971-b564-c96878e0f96c","local_time":"20210129030241","is_ascension_mode":true,"campfire_choices":[{"data":"Dark Embrace","floor":10,"key":"SMITH"},{"data":"True Grit","floor":13,"key":"SMITH"},{"data":"Dual Wield","floor":15,"key":"SMITH"}],"circlet_count":0,"master_deck":["AscendersBane","Strike_R","Strike_R+1","Strike_R","Strike_R","Strike_R+1","Defend_R","Defend_R","Defend_R","Defend_R","Bash","True Grit+1","Dark Embrace+1","Dual Wield+1","Pommel Strike","Evolve"],"relics":["Burning Blood","NeowsBlessing","Oddly Smooth Stone","Unceasing Top","Centennial Puzzle","Bronze Scales","Pear"],"acts_visited":["Exordium"],"potions_floor_usage":[16,16],"damage_taken":[{"damage":0,"enemies":"Small Slimes","floor":1,"turns":1},{"damage":0,"enemies":"2 Louse","floor":3,"turns":1},{"damage":0,"enemies":"Gremlin Nob","floor":6,"turns":1},{"damage":11,"enemies":"Cultist","floor":8,"turns":4},{"damage":6,"enemies":"Large Slime","floor":12,"turns":6},{"damage":12,"enemies":"3 Sentries","floor":14,"turns":10},{"damage":17,"enemies":"Hexaghost","floor":16,"turns":11}],"seed_played":"-959303230878664217","potions_obtained":[{"floor":3,"key":"EssenceOfSteel"},{"floor":6,"key":"Weak Potion"}],"is_trial":false,"path_per_floor":["M","?","M","?","?","E","T","M","T","R","?","M","R","E","R","B"],"character_chosen":"IRONCLAD","items_purchased":[],"campfire_rested":0,"item_purchase_floors":[],"current_hp_per_floor":[74,51,57,62,62,68,68,63,63,63,45,45,45,49,49,32,32],"gold":216,"neow_bonus":"THREE_ENEMY_KILL","is_daily":false,"chose_seed":false,"campfire_upgraded":3,"win_rate":0.0,"timestamp":1611856961,"path_taken":["M","?","M","?","?","E","?","?","T","R","?","M","R","E","R","BOSS"],"items_purchased_type":[],"build_version":"2020-12-22","purchased_purges":0,"victory":false,"max_hp_per_floor":[75,75,75,80,80,80,80,80,80,80,80,80,80,90,90,90,90],"card_choices":[{"not_picked":["Iron Wave","Clothesline"],"picked":"True Grit","floor":1},{"not_picked":["True Grit","Shrug It Off"],"picked":"Dark Embrace","floor":3},{"not_picked":["Wild Strike","Warcry"],"picked":"Dual Wield","floor":6},{"not_picked":["Heavy Blade","Wild Strike"],"picked":"Pommel Strike","floor":8},{"not_picked":["Combust","Immolate"],"picked":"Evolve","floor":12},{"not_picked":["Thunderclap","Sentinel","Warcry"],"picked":"SKIP","floor":14}],"player_experience":867169,"relics_obtained":[{"floor":6,"key":"Oddly Smooth Stone"},{"floor":7,"key":"Unceasing Top"},{"floor":9,"key":"Centennial Puzzle"},{"floor":14,"key":"Pear"}],"event_choices":[{"damage_healed":0,"gold_gain":0,"player_choice":"Entered Light","damage_taken":23,"max_hp_gain":0,"max_hp_loss":0,"event_name":"Shining Light","floor":2,"gold_loss":0,"cards_upgraded":["Strike_R","Strike_R"]},{"damage_healed":0,"gold_gain":0,"player_choice":"Donut","damage_taken":0,"max_hp_gain":5,"max_hp_loss":0,"event_name":"Big Fish","floor":4,"gold_loss":0},{"damage_healed":0,"gold_gain":0,"player_choice":"Ignored","damage_taken":0,"max_hp_gain":0,"max_hp_loss":0,"event_name":"Liars Game","floor":5,"gold_loss":0},{"damage_healed":0,"gold_gain":0,"player_choice":"Success","damage_taken":18,"relics_obtained":["Bronze Scales"],"max_hp_gain":0,"max_hp_loss":0,"event_name":"Scrap Ooze","floor":11,"gold_loss":0}],"is_beta":false,"boss_relics":[],"items_purged_floors":[],"is_endless":false,"potions_floor_spawned":[3,6,12],"killed_by":"Hexaghost","ascension_level":17}}