{"host":"58njlu7hme3ojrlz","time":1611814388,"event":{"mods":["AchievementEnabler","Act Like it!","Arknights The Spire","BaseMod","Block Reminder","Colored Map","Colored Powertips","DeckTracker","Downfall","Gensokyo","Hallownest","Highlight Path","Infinite Spire","Marisa????????","Minty Spire (QoL Compilation)","Relic Sorter","Replay The Spire","StSLib","The Alterego","The Bug Knight","The Servant 0.9.4","The Wild Card"],"gold_per_floor":[114,38,51,71,288,288,305,305,305,321,341,341,402,17,17,117,117,131,131,131,141,152,152,171,171,171],"floor_reached":25,"language":"ENG","playtime":2210,"items_purged":["downfall:Malfunctioning"],"score":199,"play_id":"b2d9c7eb-8e4b-4137-af2a-3104f5613b8a","local_time":"20210128131308","is_ascension_mode":false,"campfire_choices":[{"floor":6.0,"key":"REST"},{"data":"KillingDoll","floor":8.0,"key":"SMITH"},{"floor":15.0,"key":"REST"},{"data":"TheWorld","floor":23,"key":"SMITH"}],"circlet_count":0,"master_deck":["Strike_S","Strike_S","Strike_S","Strike_S","Defend_S","Defend_S","Defend_S","Defend_S","KidneyShot","Exchange","Ricochet","Rearm","KillingDoll+1","StarChef","Moonlight","Languid","Luminosity","Foresight","ShiftingGears","TheWorld+1","DualDimension+1","GearUp","Moondial","Rearm+1"],"relics":["Uniform","Ring of Panic","ReplayTheSpireMod:Ring of Challenge","Du-Vu Doll","infinitespire:Golems Mask","bronze:DonusWashers","Philosopher\u0027s Stone"],"acts_visited":["Gensokyo:Gensokyo","Gensokyo:Gensokyoer"],"potions_floor_usage":[24,25],"damage_taken":[{"damage":5.0,"enemies":"Gensokyo:2_Kodama","floor":1.0,"turns":4.0},{"damage":6.0,"enemies":"Gensokyo:Python","floor":3.0,"turns":6.0},{"damage":11.0,"enemies":"Gensokyo:Gryphon","floor":4.0,"turns":5.0},{"damage":19.0,"enemies":"Gensokyo:Python_and_Kodama","floor":5.0,"turns":6.0},{"damage":0.0,"enemies":"Gensokyo:LivingMonolith","floor":7.0,"turns":2.0},{"damage":4.0,"enemies":"Gensokyo:2_Rabbits","floor":10.0,"turns":4.0},{"damage":6.0,"enemies":"Gensokyo:VengefulSpirit","floor":11.0,"turns":4.0},{"damage":5.0,"enemies":"Gensokyo:5_Fairies","floor":13.0,"turns":4.0},{"damage":30.0,"enemies":"Gensokyo:Yukari","floor":16.0,"turns":12.0},{"damage":0.0,"enemies":"Gensokyo:2_Gloops","floor":18.0,"turns":2.0},{"damage":0.0,"enemies":"Gensokyo:Chomper","floor":21.0,"turns":3.0},{"damage":34,"enemies":"Gensokyo:Mirror_and_Dog","floor":22,"turns":4},{"damage":17,"enemies":"Gensokyo:3_Gloops","floor":24,"turns":4},{"damage":18,"enemies":"Gensokyo:Wraith","floor":25,"turns":3}],"seed_played":"7456819091470170836","potions_obtained":[{"floor":1.0,"key":"BlessingOfTheForge"},{"floor":3.0,"key":"EssenceOfSteel"},{"floor":13.0,"key":"Guardian:BlockOnCardUsePotion"},{"floor":16.0,"key":"sneckomod:MuddlingPotion"},{"floor":18.0,"key":"LiquidBronze"},{"floor":22,"key":"DistilledChaos"},{"floor":24,"key":"Explosive Potion"}],"is_trial":false,"path_per_floor":["M","COS","M","M","M","R","M","R","T","M","M","?","M","$","R","B",null,"M","?","?","M","M","R","M","M"],"character_chosen":"THE_SERVANT","items_purchased":["bronze:DonusWashers","Foresight","ShiftingGears"],"campfire_rested":2,"item_purchase_floors":[14,14,14],"current_hp_per_floor":[60,60,54,43,24,43,43,43,43,39,33,33,28,28,47,17,65,65,65,65,65,31,31,14,0,0],"gold":171,"neow_bonus":"ONE_RARE_RELIC","is_daily":false,"chose_seed":false,"campfire_upgraded":2,"win_rate":0.0,"timestamp":1611814388,"path_taken":["M","COS","M","M","M","R","M","R","T","M","M","?","?","$","R","BOSS","M","?","?","M","?","R","M","M"],"items_purchased_type":["Relic","Card","Card"],"build_version":"2020-12-22","purchased_purges":1,"victory":false,"max_hp_per_floor":[65,65,65,65,65,65,65,65,65,65,65,65,65,65,65,65,65,65,65,65,65,65,65,65,65,65],"card_choices":[{"not_picked":["Sabotage","Replace"],"picked":"Ricochet","floor":1.0},{"not_picked":["Potential","Defy"],"picked":"Rearm","floor":3.0},{"not_picked":["Deny","Duplication"],"picked":"KillingDoll","floor":4.0},{"not_picked":["Desolation","Potential","Misdirection"],"picked":"SKIP","floor":4.0},{"not_picked":["Comet","Misdirection"],"picked":"StarChef","floor":5.0},{"not_picked":["DoubleEdge","Replace","Defy"],"picked":"SKIP","floor":7.0},{"not_picked":["Defy","RealityMarble","TimeWarp"],"picked":"SKIP","floor":10.0},{"not_picked":["Gouge","DualDimension"],"picked":"Moonlight","floor":11.0},{"not_picked":["Ricochet","Rewind"],"picked":"Luminosity","floor":13.0},{"not_picked":["Deny","MurderousAura"],"picked":"TheWorld","floor":16.0},{"not_picked":["DoubleEdge","Alleviate"],"picked":"DualDimension+1","floor":18.0},{"not_picked":["ReturningBlade","Rewind+1"],"picked":"Moondial","floor":21.0},{"not_picked":["FastForward+1","SpecialFormula"],"picked":"Rearm+1","floor":22},{"not_picked":["Potential","DualDimension","RealityMarble"],"picked":"SKIP","floor":24}],"player_experience":136313,"relics_obtained":[{"floor":9.0,"key":"infinitespire:Golems Mask"},{"floor":12.0,"key":"ReplayTheSpireMod:Ring of Challenge"},{"floor":12.0,"key":"Ring of Panic"}],"event_choices":[],"is_beta":false,"boss_relics":[{"not_picked":["ChewingGum","Sozu"],"picked":"Philosopher\u0027s Stone"}],"items_purged_floors":[14],"is_endless":false,"potions_floor_spawned":[1,3,13,16,18,22,24],"killed_by":"Gensokyo:Wraith","ascension_level":0}}