{"host":"sav7uxregyirlf69","time":1611839782,"event":{"mods":["AchievementEnabler","BaseMod","Colored Map","DeckTracker","Keyboard Shortcuts","Minty Spire (QoL Compilation)","READ ME - Guardian Mod","StSLib","SuperFastMode"],"gold_per_floor":[116,41,91,16,28,55,73,86,140,155,155,183,183,200,200,274,274,287,77,90,140,55,55,55,55],"floor_reached":24,"language":"KOR","playtime":467,"items_purged":["Strike_G","Strike_G"],"score":462,"play_id":"397a9cf0-aed6-420c-a8df-b549f9b4fb90","local_time":"20210128221622","is_ascension_mode":true,"campfire_choices":[{"data":"Terror","floor":11,"key":"SMITH"},{"data":"Cloak And Dagger","floor":15,"key":"SMITH"},{"floor":23,"key":"REST"}],"circlet_count":0,"master_deck":["AscendersBane","Strike_G","Strike_G","Strike_G","Defend_G","Defend_G","Defend_G","Defend_G","Survivor","Neutralize","Cloak And Dagger+1","Endless Agony","Backflip","Predator","Terror+1","Dagger Spray","Blade Dance","Envenom","CurseOfTheBell","Reflex+1"],"relics":["Ring of the Snake","NeowsBlessing","Question Card","Bag of Preparation","Potion Belt","Calling Bell","Regal Pillow","Matryoshka","Dead Branch","Bag of Marbles"],"acts_visited":["Exordium","TheCity"],"potions_floor_usage":[16,16],"damage_taken":[{"damage":0.0,"enemies":"2 Louse","floor":1.0,"turns":1.0},{"damage":0,"enemies":"Small Slimes","floor":5,"turns":1},{"damage":0,"enemies":"Lagavulin","floor":6,"turns":1},{"damage":0,"enemies":"Cultist","floor":7,"turns":4},{"damage":15,"enemies":"Large Slime","floor":8,"turns":7},{"damage":13,"enemies":"Blue Slaver","floor":10,"turns":3},{"damage":8,"enemies":"Gremlin Nob","floor":12,"turns":3},{"damage":0,"enemies":"2 Fungi Beasts","floor":14,"turns":2},{"damage":38,"enemies":"The Guardian","floor":16,"turns":15},{"damage":17,"enemies":"2 Thieves","floor":18,"turns":5},{"damage":29,"enemies":"Spheric Guardian","floor":20,"turns":5},{"damage":42,"enemies":"Snecko","floor":24,"turns":6}],"seed_played":"5879963423997195374","potions_obtained":[{"floor":5,"key":"Ancient Potion"},{"floor":6,"key":"SneckoOil"},{"floor":7,"key":"LiquidMemories"},{"floor":8,"key":"EssenceOfSteel"},{"floor":14,"key":"Swift Potion"},{"floor":16,"key":"AttackPotion"},{"floor":20,"key":"Ancient Potion"}],"is_trial":false,"path_per_floor":["M","?","?","$","M","E","M","M","T","M","R","E","?","M","R","B",null,"M","$","M","?","?","R","M"],"character_chosen":"THE_SILENT","items_purchased":["GhostInAJar"],"campfire_rested":1,"item_purchase_floors":[19],"current_hp_per_floor":[59,59,53,53,53,53,53,38,38,25,25,17,39,39,39,1,50,33,33,4,4,4,38,0,0],"gold":55,"neow_bonus":"THREE_ENEMY_KILL","is_daily":false,"chose_seed":false,"campfire_upgraded":2,"win_rate":0.0,"timestamp":1611839782,"path_taken":["M","?","?","$","?","E","M","M","T","M","R","E","?","M","R","BOSS","M","$","M","?","?","R","M"],"items_purchased_type":["Potion"],"build_version":"2020-12-22","purchased_purges":2,"victory":false,"max_hp_per_floor":[66,66,66,66,66,66,66,66,66,66,66,66,66,66,66,66,66,66,66,66,66,66,66,66,66],"card_choices":[{"not_picked":["Underhanded Strike","Slice"],"picked":"Cloak And Dagger","floor":1.0},{"not_picked":["Underhanded Strike","Prepared"],"picked":"Endless Agony","floor":5},{"not_picked":["Dodge and Roll","Well Laid Plans"],"picked":"Backflip","floor":6},{"not_picked":["Dagger Throw","Deflect","Slice"],"picked":"Predator","floor":7},{"not_picked":["Calculated Gamble","Deadly Poison","Bane"],"picked":"Terror","floor":8},{"not_picked":["Terror","Endless Agony","All Out Attack"],"picked":"Dagger Spray","floor":10},{"not_picked":["Doppelganger","Tools of the Trade","Deflect","Calculated Gamble"],"picked":"SKIP","floor":12},{"not_picked":["Backflip","All Out Attack","Tactician"],"picked":"Blade Dance","floor":14},{"not_picked":["Grand Finale","Storm of Steel","Unload"],"picked":"Envenom","floor":16},{"not_picked":["Outmaneuver","Sucker Punch","Backflip","Terror"],"picked":"SKIP","floor":18},{"not_picked":["Escape Plan","Acrobatics","Sucker Punch"],"picked":"Reflex+1","floor":20}],"player_experience":1422524,"relics_obtained":[{"floor":6,"key":"Question Card"},{"floor":9,"key":"Bag of Preparation"},{"floor":12,"key":"Potion Belt"},{"floor":17,"key":"Regal Pillow"},{"floor":17,"key":"Matryoshka"},{"floor":17,"key":"Dead Branch"}],"event_choices":[{"cards_removed":["Defend_G"],"damage_healed":0.0,"max_hp_gain":0.0,"max_hp_loss":0.0,"gold_gain":0.0,"event_name":"The Cleric","player_choice":"Card Removal","floor":2.0,"gold_loss":75.0,"damage_taken":0.0},{"damage_healed":0,"gold_gain":50,"player_choice":"Touch","damage_taken":6,"max_hp_gain":0,"max_hp_loss":0,"event_name":"FaceTrader","floor":3,"gold_loss":0},{"damage_healed":22,"gold_gain":0,"player_choice":"Banana","damage_taken":0,"max_hp_gain":0,"max_hp_loss":0,"event_name":"Big Fish","floor":13,"gold_loss":0},{"damage_healed":0,"gold_gain":50,"player_choice":"Stole From Cult","damage_taken":0,"max_hp_gain":0,"max_hp_loss":0,"event_name":"Nest","floor":21,"gold_loss":0},{"damage_healed":0,"gold_gain":0,"player_choice":"Obtained Relic","damage_taken":0,"relics_obtained":["Bag of Marbles"],"max_hp_gain":0,"max_hp_loss":0,"event_name":"Addict","floor":22,"gold_loss":85}],"is_beta":false,"boss_relics":[{"not_picked":["Ectoplasm","Sozu"],"picked":"Calling Bell"}],"items_purged_floors":[4,19],"is_endless":false,"potions_floor_spawned":[5,6,7,8,14,16,20],"killed_by":"Snecko","ascension_level":20}}