{"host":"6rz02yiipefhcw4r","time":1611868126,"event":{"mods":["2.2 Compatiblity","BaseMod","Block Reminder","Colored Map","Curses Come First","DeckTracker","Googly Eyes","Minty Spire (QoL Compilation)","Quick Restart","Rare Cards Sparkle","StSLib"],"gold_per_floor":[112,128,141,154,165,193,193,221,221,235,285,285,314,33,33,109,109,83,83,83,83,83,101,111,111,134,167,167,183,208,30,30,30,30],"floor_reached":33,"language":"ENG","playtime":1318,"items_purged":["Decay"],"score":710,"play_id":"84673599-a8d9-470b-a173-731250e39c95","local_time":"20210128190846","is_ascension_mode":true,"campfire_choices":[{"floor":7.0,"key":"REST"},{"floor":12.0,"key":"REST"},{"floor":15.0,"key":"DIG"},{"floor":25.0,"key":"REST"},{"floor":28.0,"key":"REST"},{"floor":32.0,"key":"REST"}],"circlet_count":0,"master_deck":["AscendersBane","Strike_R","Strike_R","Strike_R","Defend_R","Defend_R","Defend_R","Defend_R","Bash","Clothesline","Pommel Strike","Inflame","Flame Barrier","Heavy Blade","Inflame","Disarm","True Grit","Disarm","Offering","CurseOfTheBell","Clothesline+1","Dark Embrace","Feed","Metallicize+1","Fiend Fire","Shockwave+1","True Grit+1","Shrug It Off+1","Twin Strike"],"relics":["Fusion Hammer","Boot","Shovel","Bottled Flame","CaptainsWheel","Kunai","InkBottle","Calling Bell","Akabeko","Gremlin Horn","Lizard Tail","Enchiridion","Toxic Egg 2","Matryoshka"],"acts_visited":["Exordium","TheCity"],"potions_floor_usage":[33,33],"damage_taken":[{"damage":5.0,"enemies":"Small Slimes","floor":1.0,"turns":4.0},{"damage":4.0,"enemies":"Cultist","floor":2.0,"turns":3.0},{"damage":3.0,"enemies":"2 Louse","floor":3.0,"turns":3.0},{"damage":13.0,"enemies":"Large Slime","floor":4.0,"turns":5.0},{"damage":5.0,"enemies":"2 Fungi Beasts","floor":5.0,"turns":4.0},{"damage":0.0,"enemies":"Gremlin Nob","floor":6.0,"turns":2.0},{"damage":25.0,"enemies":"3 Sentries","floor":8.0,"turns":7.0},{"damage":8.0,"enemies":"3 Louse","floor":10.0,"turns":5.0},{"damage":19.0,"enemies":"Gremlin Nob","floor":13.0,"turns":4.0},{"damage":1.0,"enemies":"Hexaghost","floor":16.0,"turns":9.0},{"damage":9.0,"enemies":"2 Thieves","floor":18.0,"turns":4.0},{"damage":6.0,"enemies":"Chosen","floor":23.0,"turns":4.0},{"damage":20.0,"enemies":"Snake Plant","floor":24.0,"turns":7.0},{"damage":17.0,"enemies":"Book of Stabbing","floor":27.0,"turns":8.0},{"damage":15.0,"enemies":"Snecko","floor":29.0,"turns":4.0},{"damage":6.0,"enemies":"Gremlin Leader","floor":30.0,"turns":5.0},{"damage":103,"enemies":"Automaton","floor":33,"turns":12}],"seed_played":"-1194967861492347511","potions_obtained":[{"floor":3.0,"key":"PowerPotion"},{"floor":6.0,"key":"GamblersBrew"},{"floor":8.0,"key":"Dexterity Potion"},{"floor":16.0,"key":"Weak Potion"},{"floor":27.0,"key":"EssenceOfSteel"},{"floor":29.0,"key":"DuplicationPotion"}],"is_trial":false,"path_per_floor":["M","M","M","M","M","E","R","E","T","M","?","R","E","$","R","B",null,"M","?","?","?","?","M","M","R","T","E","R","M","E","$","R","B"],"character_chosen":"IRONCLAD","items_purchased":["Kunai","Shrug It Off+1","Twin Strike"],"campfire_rested":5,"item_purchase_floors":[14,31,31],"current_hp_per_floor":[63,59,56,43,38,38,60,35,35,27,27,49,30,30,30,29,64,55,55,34,34,34,28,11,34,34,17,40,25,22,22,46,0,0],"gold":30,"neow_bonus":"BOSS_RELIC","is_daily":false,"chose_seed":false,"campfire_upgraded":0,"win_rate":0.0,"timestamp":1611868126,"path_taken":["M","M","M","M","M","E","R","E","T","M","?","R","E","?","R","BOSS","M","?","?","?","?","M","M","R","T","E","R","M","E","?","R","BOSS"],"items_purchased_type":["Relic","Card","Card"],"build_version":"2020-12-22","purchased_purges":1,"victory":false,"max_hp_per_floor":[75,75,75,75,75,75,75,75,75,75,75,75,75,75,75,75,75,75,75,75,75,75,75,78,78,78,78,78,78,81,81,81,81,81],"card_choices":[{"not_picked":["Cleave","Shrug It Off"],"picked":"Clothesline","floor":1.0},{"not_picked":["Warcry","Sentinel"],"picked":"Pommel Strike","floor":2.0},{"not_picked":["Battle Trance","Impervious"],"picked":"Inflame","floor":3.0},{"not_picked":["Iron Wave","Dropkick"],"picked":"Flame Barrier","floor":4.0},{"not_picked":["Headbutt","Flex"],"picked":"Heavy Blade","floor":5.0},{"not_picked":["Burning Pact","Intimidate"],"picked":"Inflame","floor":6.0},{"not_picked":["Uppercut","Power Through"],"picked":"Disarm","floor":8.0},{"not_picked":["Heavy Blade","Clothesline"],"picked":"True Grit","floor":10.0},{"not_picked":["Hemokinesis","Warcry"],"picked":"Disarm","floor":13.0},{"not_picked":["Brutality","Double Tap"],"picked":"Offering","floor":16.0},{"not_picked":["Warcry","Twin Strike"],"picked":"Clothesline+1","floor":18.0},{"not_picked":["Carnage+1","Sword Boomerang"],"picked":"Metallicize+1","floor":23.0},{"not_picked":["Body Slam","Havoc","Flex"],"picked":"SKIP","floor":24.0},{"not_picked":["Dropkick","Havoc+1"],"picked":"Fiend Fire","floor":27.0},{"not_picked":["Wild Strike","Headbutt"],"picked":"Shockwave+1","floor":29.0},{"not_picked":["Rage+1","Second Wind+1"],"picked":"True Grit+1","floor":30.0}],"player_experience":752314,"relics_obtained":[{"floor":6.0,"key":"Boot"},{"floor":8.0,"key":"Shovel"},{"floor":9.0,"key":"Bottled Flame"},{"floor":13.0,"key":"CaptainsWheel"},{"floor":15.0,"key":"InkBottle"},{"floor":17.0,"key":"Akabeko"},{"floor":17.0,"key":"Gremlin Horn"},{"floor":17.0,"key":"Lizard Tail"},{"floor":20.0,"key":"Enchiridion"},{"floor":27.0,"key":"Toxic Egg 2"},{"floor":30.0,"key":"Matryoshka"}],"event_choices":[{"damage_healed":0.0,"max_hp_gain":0.0,"max_hp_loss":0.0,"gold_gain":50.0,"event_name":"Golden Shrine","player_choice":"Pray","floor":11.0,"gold_loss":0.0,"damage_taken":0.0},{"damage_healed":0.0,"max_hp_gain":0.0,"max_hp_loss":0.0,"gold_gain":0.0,"cards_transformed":["Strike_R","Strike_R"],"event_name":"Drug Dealer","player_choice":"Became Test Subject","floor":19.0,"gold_loss":0.0,"damage_taken":0.0,"cards_obtained":["Dark Embrace","Feed"]},{"damage_healed":0.0,"max_hp_gain":0.0,"max_hp_loss":0.0,"gold_gain":0.0,"event_name":"Cursed Tome","player_choice":"Obtained Book","floor":20.0,"gold_loss":0.0,"damage_taken":21.0},{"damage_healed":0.0,"max_hp_gain":0.0,"max_hp_loss":0.0,"gold_gain":0.0,"event_name":"Forgotten Altar","player_choice":"Smashed Altar","floor":21.0,"gold_loss":0.0,"damage_taken":0.0,"cards_obtained":["Decay"]},{"damage_healed":0.0,"max_hp_gain":0.0,"max_hp_loss":0.0,"gold_gain":0.0,"event_name":"Vampires","player_choice":"Ignored","floor":22.0,"gold_loss":0.0,"damage_taken":0.0}],"is_beta":false,"boss_relics":[{"not_picked":["Snecko Eye","Mark of Pain"],"picked":"Calling Bell"}],"items_purged_floors":[31],"is_endless":false,"potions_floor_spawned":[3,6,8,10,16,27,29],"killed_by":"Automaton","ascension_level":20}}