{"host":"y2tpd94z1x94fzdt","time":1611820092,"event":{"mods":["BaseMod","Better Third Choice","Hubris","Infinite Spire","Koishi","Marisa????????","Minty Spire (QoL Compilation)","Replay The Spire","StSLib","The Animator","The Construct","The Cursed","The Disciple","The Hierophant","The Jungle","The Mystic","The Saiyan","The Senshi","The Servant 0.9.4","TheBandit","WarShipGirlsR/????R mod"],"gold_per_floor":[117,127,77,77,77,109,109,122,122,147,147,162,162,162],"floor_reached":13,"language":"ENG","playtime":984,"items_purged":[],"score":98,"play_id":"c63d14e2-526b-482a-b1fc-e6ec912ad564","local_time":"20210128004812","is_ascension_mode":true,"campfire_choices":[{"data":"Limit Break","floor":7,"key":"SMITH"}],"circlet_count":0,"master_deck":["Strike_R","Strike_R","Strike_R","Strike_R","Defend_R","Defend_R","Defend_R","Defend_R","Bash","Anger","Limit Break+1","Whirlwind","Regret"],"relics":["Koishi:ImaginaryFriend","infinitespire:Cubic Diamond","Toy Ornithopter","Replay:Bottled Snecko","Quantum Egg","Replay:Towering Pillar of Hats","Tiny Chest"],"acts_visited":["Exordium"],"potions_floor_usage":[6,13],"damage_taken":[{"damage":11,"enemies":"Jaw Worm","floor":1,"turns":2},{"damage":0,"enemies":"2 Louse","floor":2,"turns":2},{"damage":15,"enemies":"Gremlin Nob","floor":6,"turns":4},{"damage":3,"enemies":"Small Slimes","floor":8,"turns":4},{"damage":54,"enemies":"Lagavulin","floor":10,"turns":7},{"damage":12,"enemies":"3 Louse","floor":12,"turns":3},{"damage":9,"enemies":"Gremlin Nob","floor":13,"turns":2}],"seed_played":"-3883171530366692693","potions_obtained":[{"floor":1,"key":"CultistPotion"},{"floor":6,"key":"construct:ShiftPotion"},{"floor":12,"key":"EssenceOfSteel"}],"is_trial":false,"path_per_floor":["M","M","?","?","T","E","R","M","T","E","?","M","E"],"character_chosen":"IRONCLAD","items_purchased":[],"campfire_rested":0,"item_purchase_floors":[],"current_hp_per_floor":[83,88,88,88,88,73,73,70,70,16,16,4,0,0],"gold":162,"neow_bonus":"TEN_PERCENT_HP_BONUS","is_daily":false,"chose_seed":false,"campfire_upgraded":1,"win_rate":0.0,"timestamp":1611820092,"path_taken":["M","M","?","?","?","E","R","M","T","E","?","M","E"],"items_purchased_type":[],"build_version":"2020-12-22","purchased_purges":0,"victory":false,"max_hp_per_floor":[88,88,88,88,88,88,88,88,88,88,88,88,88,88],"card_choices":[{"not_picked":["Combust","Body Slam"],"picked":"Anger","floor":1},{"not_picked":["Bloodletting","Rage","Havoc"],"picked":"SKIP","floor":2},{"not_picked":["Defy Death","Fire Breathing"],"picked":"Limit Break","floor":6},{"not_picked":["Replay:Undeath\u0027s Touch","Thunderclap","Clash"],"picked":"SKIP","floor":8},{"not_picked":["Clash","Body Slam"],"picked":"Whirlwind","floor":10},{"not_picked":["ReplayTheSpireMod:Strike From Hell","Replay:Undeath\u0027s Touch","Cleave"],"picked":"SKIP","floor":12}],"player_experience":299195,"relics_obtained":[{"floor":5,"key":"Toy Ornithopter"},{"floor":6,"key":"Replay:Bottled Snecko"},{"floor":9,"key":"Quantum Egg"},{"floor":10,"key":"Replay:Towering Pillar of Hats"}],"event_choices":[{"cards_removed":["Strike_R"],"damage_healed":0,"gold_gain":0,"player_choice":"Card Removal","damage_taken":0,"max_hp_gain":0,"max_hp_loss":0,"event_name":"The Cleric","floor":3,"gold_loss":50},{"damage_healed":0,"gold_gain":0,"player_choice":"Box","damage_taken":0,"relics_obtained":["Tiny Chest"],"max_hp_gain":0,"max_hp_loss":0,"event_name":"Big Fish","floor":11,"gold_loss":0,"cards_obtained":["Regret"]}],"is_beta":false,"boss_relics":[],"items_purged_floors":[],"is_endless":false,"potions_floor_spawned":[1,6,12],"killed_by":"Gremlin Nob","ascension_level":1}}