{"host":"rvofswtrkybk7ok8","time":1611825085,"event":{"mods":["ATMod(°¢èªMod)","BaseMod","Card Filter","Colored Map","Downfall","Minty Spire (QoL Compilation)","Quick Restart","StSLib"],"gold_per_floor":[99,114,214,225,225,243,243,143,163,180,195,230,130,141,161,265,265,265,282,282,282,282,300,370,380,380,81,116,136,136,136,136,231,231,231,231,231,231,249,279,279,311,311,337,337,348,142,142,157,157,157,157],"floor_reached":50,"language":"ZHS","playtime":2783,"items_purged":["Pain","champ:Strike","Shame"],"score":750,"play_id":"20f25732-4c24-4a03-b5a0-50bd7a0297d3","local_time":"20210128171125","is_ascension_mode":false,"campfire_choices":[{"floor":1.0,"key":"RECALL"},{"data":"expansioncontent:DashGenerateEvil","floor":8.0,"key":"SMITH"},{"data":"AT_FocusSwordFire","floor":13.0,"key":"SMITH"},{"data":"champ:Lariat","floor":18.0,"key":"SMITH"},{"data":"champ:StanceDance","floor":26.0,"key":"SMITH"},{"data":"champ:Improvising","floor":30.0,"key":"SMITH"},{"data":"champ:Taunt","floor":32.0,"key":"SMITH"},{"data":"champ:StrikeOfGenius","floor":35.0,"key":"SMITH"},{"data":"expansioncontent:Chronoboost","floor":43.0,"key":"SMITH"}],"circlet_count":0,"master_deck":["champ:Strike","champ:Defend","champ:Defend","champ:Execute","champ:Taunt+1","AT_FocusSwordFire+1","champ:FlashCut","champ:GutPunch","champ:GladiatorStyle","champ:HoldFirm","expansioncontent:DashGenerateEvil+1","champ:GladiatorStyle","champ:LastStand","champ:PreciseThrust","champ:Lariat+1","champ:Improvising+1","AT_EmpoweredMortalDraw","champ:StanceDance+1","champ:TornadoPunch+1","champ:BerserkersShout","champ:StrikeOfGenius+1","champ:SetATrap+1","champ:Parry+1","champ:BringItOn+1","expansioncontent:Chronoboost+1","champ:StrikeOfGenius","downfall:Haunted","champ:IgnorePain+1","champ:Shatter+1"],"relics":["champ:ChampionCrown","AT_ATBox","WarpedTongs","AT_BladeRuinedKing","Medical Kit","Unceasing Top","InkBottle","downfall:HeartBlessingRed","Happy Flower","downfall:HeartBlessingGreen","AT_MortalBlade","Nilry\u0027s Codex","Bottled Flame","Singing Bowl","Toolbox","AT_GoldPhoenixTree","Astrolabe","downfall:ExtraCursedKey","AT_EbonyIvory","Toxic Egg 2","Smiling Mask","Ancient Tea Set","Nunchaku"],"acts_visited":["Exordium","TheCity","TheBeyond"],"potions_floor_usage":[],"damage_taken":[{"damage":15.0,"enemies":"Small Slimes","floor":2.0,"turns":3.0},{"damage":11.0,"enemies":"Cultist","floor":4.0,"turns":4.0},{"damage":28.0,"enemies":"downfall:FleeingMerchant","floor":6.0,"turns":4.0},{"damage":0.0,"enemies":"Jaw Worm","floor":9.0,"turns":3.0},{"damage":0.0,"enemies":"Lots of Slimes","floor":10.0,"turns":2.0},{"damage":0.0,"enemies":"Blue Slaver","floor":11.0,"turns":2.0},{"damage":6.0,"enemies":"3 Sentries","floor":12.0,"turns":4.0},{"damage":10.0,"enemies":"Large Slime","floor":14.0,"turns":3.0},{"damage":0.0,"enemies":"Exordium Wildlife","floor":15.0,"turns":2.0},{"damage":32.0,"enemies":"SI_SHIV_ARCHETYPE","floor":16.0,"turns":4.0},{"damage":16.0,"enemies":"3 Byrds","floor":19.0,"turns":3.0},{"damage":0.0,"enemies":"Spheric Guardian","floor":23.0,"turns":1.0},{"damage":0.0,"enemies":"Snake Plant","floor":25.0,"turns":2.0},{"damage":15.0,"enemies":"downfall:FleeingMerchant","floor":27.0,"turns":4.0},{"damage":0.0,"enemies":"Slavers","floor":28.0,"turns":2.0},{"damage":0.0,"enemies":"Snecko","floor":29.0,"turns":1.0},{"damage":0.0,"enemies":"Sentry and Sphere","floor":31.0,"turns":1.0},{"damage":10.0,"enemies":"DF_ARCHETYPE_CLAW","floor":33.0,"turns":3.0},{"damage":0.0,"enemies":"Orb Walker","floor":39.0,"turns":1.0},{"damage":32.0,"enemies":"Reptomancer","floor":40.0,"turns":2.0},{"damage":7.0,"enemies":"Nemesis","floor":42.0,"turns":1.0},{"damage":47.0,"enemies":"Giant Head","floor":44.0,"turns":5.0},{"damage":7,"enemies":"3 Shapes","floor":46,"turns":2},{"damage":26,"enemies":"Writhing Mass","floor":49,"turns":3},{"damage":68,"enemies":"IC_BLOCK_ARCHETYPE","floor":50,"turns":4}],"seed_played":"4405687375480183731","potions_obtained":[{"floor":4.0,"key":"champ:TechniquePotion"},{"floor":9.0,"key":"PowerPotion"},{"floor":10.0,"key":"Weak Potion"},{"floor":19.0,"key":"Slimebound:ThreeZeroPotion"},{"floor":22.0,"key":"Strength Potion"},{"floor":44.0,"key":"Guardian:BlockOnCardUsePotion"}],"is_trial":false,"path_per_floor":["R","M","?","M","?","$","T","R","M","M","M","E","R","M","M","B",null,"R","M","?","?","?","M","T","M","R","$","E","M","R","M","R","B",null,"R","?","?","?","M","E","T","E","R","E","T","M","$","?","M","B"],"character_chosen":"THE_CHAMP","items_purchased":["AT_BladeRuinedKing","Medical Kit","Unceasing Top","champ:HoldFirm","expansioncontent:DashGenerateEvil","Fire Potion","Singing Bowl","Toolbox","champ:UltimateStancePotion","Nunchaku"],"campfire_rested":0,"item_purchase_floors":[6,6,6,6,6,6,27,27,27,47],"current_hp_per_floor":[99,94,94,93,93,80,80,80,80,80,80,79,79,79,79,52,99,99,93,77,57,57,57,57,57,57,57,59,61,61,61,61,61,108,108,108,108,100,100,90,90,88,88,78,78,73,73,73,67,0,0,0],"gold":157,"neow_bonus":"TEN_PERCENT_HP_BONUS","is_daily":false,"chose_seed":false,"campfire_upgraded":8,"win_rate":0.0,"timestamp":1611825085,"path_taken":["R","M","?","M","?","$","T","R","M","M","M","E","R","?","M","BOSS","R","M","?","?","?","M","T","M","R","$","E","?","R","M","M","BOSS","R","?","?","?","?","E","T","E","R","E","?","M","$","?","M","BOSS"],"items_purchased_type":["Relic","Relic","Relic","Card","Card","Potion","Relic","Relic","Potion","Relic"],"build_version":"2020-12-22","purchased_purges":3,"victory":false,"max_hp_per_floor":[99,99,99,99,99,99,99,99,99,99,99,99,99,99,99,99,99,99,99,99,104,104,104,104,104,104,104,106,108,108,108,108,108,108,108,108,108,112,112,114,114,114,114,116,116,118,118,118,118,118,118,118],"card_choices":[{"not_picked":["champ:PreciseThrust","champ:Circumvent"],"picked":"champ:FlashCut","floor":2.0},{"not_picked":["champ:ArenaPreparation","champ:FalseCounter"],"picked":"champ:GutPunch","floor":4.0},{"not_picked":["champ:Endure","champ:DefensiveShout"],"picked":"champ:GladiatorStyle","floor":6.0},{"not_picked":["champ:BladeFlurry","champ:FlashCut"],"picked":"champ:GladiatorStyle","floor":9.0},{"not_picked":["champ:PreciseThrust","champ:AdrenalArmor"],"picked":"champ:LastStand","floor":10.0},{"not_picked":["champ:FanOfKnives","champ:EnGarde"],"picked":"champ:PreciseThrust","floor":11.0},{"not_picked":["champ:ArenaPreparation","champ:RapidStrikes","champ:BladeFlurry"],"picked":"SKIP","floor":12.0},{"not_picked":["champ:FanOfKnives","champ:Circumvent","champ:CrownThrow"],"picked":"SKIP","floor":14.0},{"not_picked":["champ:BringItOn","champ:CrookedStrike"],"picked":"champ:Lariat","floor":15.0},{"not_picked":["champ:DancingMaster","champ:HeavySlash"],"picked":"champ:Improvising","floor":16.0},{"not_picked":["champ:SetATrap+1","champ:Circumvent+1"],"picked":"champ:StanceDance","floor":19.0},{"not_picked":["champ:DefensiveShout","champ:Shatter","champ:Haymaker"],"picked":"SKIP","floor":23.0},{"not_picked":["champ:CrownThrow","champ:CalledShot"],"picked":"champ:TornadoPunch+1","floor":25.0},{"not_picked":["champ:FlashCut+1","champ:Lariat"],"picked":"champ:BerserkersShout","floor":27.0},{"not_picked":["champ:FocusedDefense","champ:Backstep","champ:FlashCut"],"picked":"Singing Bowl","floor":28.0},{"not_picked":["champ:PerfectedStrike+1","champ:IronFortress","champ:Shatter"],"picked":"Singing Bowl","floor":29.0},{"not_picked":["champ:ShieldThrow","champ:MurderStrike"],"picked":"champ:StrikeOfGenius","floor":33.0},{"not_picked":["expansioncontent:DecaShield","expansioncontent:QuickStudy"],"picked":"expansioncontent:Chronoboost","floor":38.0},{"not_picked":["expansioncontent:HyperBeam","expansioncontent:Hexaburn","expansioncontent:GuardianWhirl"],"picked":"Singing Bowl","floor":38.0},{"not_picked":["expansioncontent:HyperBeam","expansioncontent:AwakenDeath","expansioncontent:PolyBeam"],"picked":"Singing Bowl","floor":38.0},{"not_picked":["champ:RapidStrikes","champ:Parry"],"picked":"champ:StrikeOfGenius","floor":39.0},{"not_picked":["champ:RisingSlash+1","champ:BringItOn","champ:Shatter"],"picked":"Singing Bowl","floor":40.0},{"not_picked":["champ:Circumvent+1","champ:FanOfKnives"],"picked":"champ:IgnorePain+1","floor":42.0},{"not_picked":["champ:CalledShot+1","champ:Circumvent+1","champ:SteelEdge"],"picked":"Singing Bowl","floor":44.0},{"not_picked":["champ:BerserkersShout+1","champ:FanOfKnives+1","champ:HeartStrike"],"picked":"Singing Bowl","floor":46},{"not_picked":["champ:StanceDance+1","champ:AdrenalArmor+1"],"picked":"champ:Shatter+1","floor":49}],"player_experience":722002,"relics_obtained":[{"floor":7.0,"key":"InkBottle"},{"floor":12.0,"key":"Happy Flower"},{"floor":20.0,"key":"Nilry\u0027s Codex"},{"floor":24.0,"key":"Bottled Flame"},{"floor":28.0,"key":"AT_GoldPhoenixTree"},{"floor":40.0,"key":"AT_EbonyIvory"},{"floor":41.0,"key":"Toxic Egg 2"},{"floor":42.0,"key":"Smiling Mask"},{"floor":44.0,"key":"Ancient Tea Set"}],"event_choices":[{"damage_healed":0.0,"max_hp_gain":0.0,"max_hp_loss":0.0,"gold_gain":0.0,"event_name":"Accursed Blacksmith","player_choice":"Rummage","floor":5.0,"gold_loss":0.0,"damage_taken":0.0,"relics_obtained":["WarpedTongs"],"cards_obtained":["Pain"]},{"damage_healed":0.0,"max_hp_gain":0.0,"max_hp_loss":0.0,"gold_gain":0.0,"event_name":"Lab","player_choice":"Got Potions","floor":22.0,"gold_loss":0.0,"damage_taken":0.0},{"cards_removed":["champ:Defend"],"damage_healed":0,"gold_gain":0,"player_choice":"Removed Skill","damage_taken":0,"max_hp_gain":0,"max_hp_loss":0,"event_name":"Falling","floor":48,"gold_loss":0}],"is_beta":false,"boss_relics":[{"not_picked":["Fusion Hammer","Runic Dome"],"picked":"AT_MortalBlade"},{"not_picked":["Empty Cage","Coffee Dripper"],"picked":"Astrolabe"}],"items_purged_floors":[6,27,47],"is_endless":false,"potions_floor_spawned":[4,9,10,14,19,23,31,39,44,49],"killed_by":"IC_BLOCK_ARCHETYPE","ascension_level":0}}