{"host":"ac6e1xz8pi3qqstb","time":1611845293,"event":{"mods":["BaseMod","Minty Spire (QoL Compilation)","MostiFishMod","Relic Stats","Replay The Spire","StSLib","[IsaacMod]ÒÔÈö¼âËþ"],"gold_per_floor":[-1281,-1265,-1265,-1203,-1203,-1188,-1169,-1106,-1029,-1018,-1008,-992,-992,-977,-977,-872,-872,-852,-852,-852,-838,-825,-794,-794,-764,-691,-691,-691,-675,-675,-659,-659,-559,-559,-540,-521,-521,-505,-495,-495,-495,-495,-495,-480,-480,-480,-480],"floor_reached":46,"language":"ZHS","playtime":1588,"items_purged":[],"score":606,"play_id":"7d29f451-f9c3-46b1-ac51-6e1c9768843f","local_time":"20210128224813","is_ascension_mode":false,"campfire_choices":[{"data":"WeaponsOverheat","floor":15,"key":"SMITH"},{"data":"ReplayTheSpireMod:Reroute Power","floor":24,"key":"SMITH"},{"floor":30,"key":"REST"},{"data":"Reboot","floor":32,"key":"SMITH"},{"data":"MostiFishMod:Hijack","floor":40,"key":"SMITH"},{"data":"Biased Cognition","floor":42,"key":"SMITH"}],"circlet_count":0,"master_deck":["Strike_B","Strike_B","Strike_B","Strike_B","Defend_B","Defend_B","Defend_B","Defend_B","Zap","Gash","Ball Lightning","Bash","WeaponsOverheat+1","Go for the Eyes","Biased Cognition+1","Rip and Tear","ReplayTheSpireMod:Reroute Power+1","MostiFishMod:Overload","MostiFishMod:GoodWordForIt","Sweeping Beam","Go for the Eyes","Gash","MostiFishMod:InterfaceCompatibility","Conserve Battery+1","Reboot+1","MostiFishMod:Hijack+1","Cancel+1","Hyperbeam","ReplayTheSpireMod:Reroute Power+1","Gash+1","Beam Cell+1"],"relics":["DaveBox","HushsDoor","NeowsBlessing","SynthV:TestCard","SynthV:MejaisSoulstealer","GuppysTail","Iron Core","SynthV:C4","Pet Ghost","Replay:Accelerometer","DeadEye","Inserter","Nilry\u0027s Codex","MostiFishMod:Haymaker","Happy Flower","The Courier","MagicMushroom","Damocles","Ornamental Fan","Darkstone Periapt","Red Mask","Ancient Tea Set","ReplayTheSpireMod:Ninjato","ForgetMeNow","TheBible"],"acts_visited":["Exordium","TheCity","TheBeyond"],"potions_floor_usage":[25,25,25,25],"damage_taken":[{"damage":0,"enemies":"Jaw Worm","floor":1,"turns":1},{"damage":0,"enemies":"Small Slimes","floor":2,"turns":1},{"damage":0,"enemies":"2 Louse","floor":6,"turns":1},{"damage":0,"enemies":"Large Slime","floor":7,"turns":3},{"damage":2,"enemies":"3 Sentries","floor":8,"turns":3},{"damage":0,"enemies":"Lots of Slimes","floor":10,"turns":2},{"damage":2,"enemies":"Exordium Wildlife","floor":11,"turns":3},{"damage":0,"enemies":"2 Fungi Beasts","floor":12,"turns":2},{"damage":0,"enemies":"Large Slime","floor":14,"turns":2},{"damage":0,"enemies":"Fading Forest","floor":16,"turns":7},{"damage":0,"enemies":"3 Byrds","floor":18,"turns":3},{"damage":0,"enemies":"Spheric Guardian","floor":21,"turns":3},{"damage":0,"enemies":"Snake Plant","floor":22,"turns":2},{"damage":5,"enemies":"Book of Stabbing","floor":23,"turns":3},{"damage":11,"enemies":"Slavers","floor":25,"turns":2},{"damage":0,"enemies":"3 Cultists","floor":29,"turns":3},{"damage":0,"enemies":"Shelled Parasite and Fungi","floor":31,"turns":2},{"damage":0,"enemies":"Automaton","floor":33,"turns":4},{"damage":0,"enemies":"Orb Walker","floor":35,"turns":2},{"damage":0,"enemies":"3 Shapes","floor":36,"turns":2},{"damage":0,"enemies":"Sphere and 2 Shapes","floor":38,"turns":2},{"damage":0,"enemies":"Jaw Worm Horde","floor":39,"turns":2},{"damage":0,"enemies":"4 Shapes","floor":44,"turns":2},{"damage":0,"enemies":"Writhing Mass","floor":46,"turns":1}],"seed_played":"4499377740346836928","potions_obtained":[{"floor":1,"key":"EntropicBrew"},{"floor":4,"key":"Dexterity Potion"},{"floor":4,"key":"BlessingOfTheForge"},{"floor":29,"key":"PotionOfCapacity"},{"floor":33,"key":"Dexterity Potion"}],"is_trial":false,"path_per_floor":["M","M","?","?","?","M","M","?","T","M","M","M","T","M","R","B",null,"M","?","$","M","M","E","R","E","T","?","$","M","R","M","R","B",null,"M","M","?","M","M","R","$","R","T","M","?","M"],"character_chosen":"DEFECT","items_purchased":["MostiFishMod:GoodWordForIt","Damocles"],"campfire_rested":1,"item_purchase_floors":[17,34],"current_hp_per_floor":[75,75,75,75,80,80,80,78,78,78,76,76,76,76,76,76,76,76,60,60,60,60,55,55,44,44,44,44,44,66,66,66,66,73,73,73,73,73,73,73,73,73,73,73,73,0,0],"gold":-480,"neow_bonus":"THREE_ENEMY_KILL","is_daily":false,"chose_seed":false,"campfire_upgraded":5,"win_rate":0.0,"timestamp":1611845293,"path_taken":["M","M","?","?","?","M","M","?","T","M","M","?","?","M","R","BOSS","M","?","$","M","M","E","R","E","T","?","?","M","R","M","R","BOSS","M","M","?","M","M","R","$","R","T","M","?","M"],"items_purchased_type":["Card","Relic"],"build_version":"2020-12-22","purchased_purges":0,"victory":false,"max_hp_per_floor":[75,75,75,75,80,80,80,80,80,80,80,80,80,80,80,80,76,76,76,76,76,76,76,76,76,76,76,76,76,76,76,76,76,73,73,73,73,73,73,73,73,73,73,73,73,73,73],"relic_stats":{"Darkstone Periapt":0,"Inserter":[16],"Happy Flower":[6],"counters":[24,58],"Ornamental Fan":[28],"obtain_stats":[{"Darkstone Periapt":36,"GuppysTail":1,"Replay:Accelerometer":9,"Damocles":34,"Iron Core":3,"DaveBox":0,"MostiFishMod:Haymaker":23,"Nilry\u0027s Codex":19,"DeadEye":13,"Ancient Tea Set":38,"SynthV:C4":4,"Pet Ghost":8,"Red Mask":37,"Cracked Core":0,"KeepersGift":0,"SynthV:MejaisSoulstealer":1,"Inserter":17,"ReplayTheSpireMod:Ninjato":39,"NeowsBlessing":0,"Happy Flower":25,"The Courier":26,"SynthV:TestCard":1,"TheBible":44,"Ornamental Fan":35,"ForgetMeNow":43,"MagicMushroom":34,"HushsDoor":0},{"Darkstone Periapt":20,"GuppysTail":1,"Replay:Accelerometer":5,"Damocles":18,"Iron Core":2,"DaveBox":0,"MostiFishMod:Haymaker":14,"Nilry\u0027s Codex":11,"DeadEye":8,"Ancient Tea Set":21,"SynthV:C4":2,"Pet Ghost":5,"Red Mask":20,"Cracked Core":0,"KeepersGift":0,"SynthV:MejaisSoulstealer":1,"Inserter":10,"ReplayTheSpireMod:Ninjato":22,"NeowsBlessing":0,"Happy Flower":15,"The Courier":15,"SynthV:TestCard":1,"TheBible":23,"Ornamental Fan":19,"ForgetMeNow":22,"MagicMushroom":18,"HushsDoor":0},{"Darkstone Periapt":51,"GuppysTail":1,"Replay:Accelerometer":9,"Damocles":47,"Iron Core":2,"DaveBox":0,"MostiFishMod:Haymaker":36,"Nilry\u0027s Codex":28,"DeadEye":16,"Ancient Tea Set":53,"SynthV:C4":2,"Pet Ghost":9,"Red Mask":51,"Cracked Core":0,"KeepersGift":0,"SynthV:MejaisSoulstealer":1,"Inserter":25,"ReplayTheSpireMod:Ninjato":55,"NeowsBlessing":0,"Happy Flower":38,"The Courier":38,"SynthV:TestCard":1,"TheBible":57,"Ornamental Fan":49,"ForgetMeNow":55,"MagicMushroom":47,"HushsDoor":0}]},"card_choices":[{"not_picked":["Ball Lightning","Consume"],"picked":"Gash","floor":1},{"not_picked":["Stack","Bomb","Redo","BasicCrystalCard"],"picked":"Ball Lightning","floor":2},{"not_picked":["ReplaySolidLightProjector","Compile Driver","Panic Button","Rainbow"],"picked":"WeaponsOverheat","floor":4},{"not_picked":["Panic Button","WeaponsOverheat","Pulse","Clash","Redo"],"picked":"SKIP","floor":6},{"not_picked":["Capacitor","Whirlwind","Conserve Battery","Sweeping Beam"],"picked":"Go for the Eyes","floor":7},{"not_picked":["Beam Cell","Cold Snap","Body Slam","WeaponsOverheat"],"picked":"Biased Cognition","floor":10},{"not_picked":["MostiFishMod:PushDownKick","Pulse","MostiFishMod:LinkProtocol","Headbutt","Fire Breathing"],"picked":"SKIP","floor":11},{"not_picked":["MostiFishMod:FluxCapactior","Leap","Hologram","Headbutt"],"picked":"Rip and Tear","floor":12},{"not_picked":["Conserve Battery","WeaponsOverheat","Ball Lightning","Recycle"],"picked":"ReplayTheSpireMod:Reroute Power","floor":14},{"not_picked":["Rainbow","Multi-Cast","ElectricPowerLearning","MostiFishMod:ReadyAimFire"],"picked":"MostiFishMod:Overload","floor":16},{"not_picked":["Hello World","Barrage","MostiFishMod:PushDownKick+1","Leap"],"picked":"Sweeping Beam","floor":18},{"not_picked":["Ball Lightning","Barrage","Capacitor","Static Discharge","Sweeping Beam"],"picked":"SKIP","floor":21},{"not_picked":["BasicCrystalCard","MostiFishMod:GatherIntelligence","Leap","Mirror Shield"],"picked":"Go for the Eyes","floor":22},{"not_picked":["Auto Shields","Steam Power","MostiFishMod:LinkProtocol","Steam"],"picked":"Gash","floor":23},{"not_picked":["Redo+1","Consume","Compile Driver","Panic Button+1"],"picked":"MostiFishMod:InterfaceCompatibility","floor":25},{"not_picked":["BasicCrystalCard","Genetic Algorithm","Consume","Coolheaded+1"],"picked":"Conserve Battery+1","floor":29},{"not_picked":["Leap","ReplayTheSpireMod:System Scan+1","Storm+1","Coolheaded"],"picked":"Reboot","floor":31},{"not_picked":["Hyperbeam","Electrodynamics","Fission","MostiFishMod:ActiveDefenseSystem"],"picked":"MostiFishMod:Hijack","floor":33},{"not_picked":["Hologram","Redo","Streamline+1","Go for the Eyes+1"],"picked":"Cancel+1","floor":35},{"not_picked":["Hologram+1","Panic Button","Turbo","Steam+1"],"picked":"Hyperbeam","floor":36},{"not_picked":["MostiFishMod:Tomorrow","Consume+1","Chill","Panic Button"],"picked":"ReplayTheSpireMod:Reroute Power+1","floor":38},{"not_picked":["MostiFishMod:PushDownKick+1","Ball Lightning","ReplayTheSpireMod:Reroute Power+1","Barrage+1"],"picked":"Gash+1","floor":39},{"not_picked":["Darkness","Pulse","Capacitor+1","ReplayTheSpireMod:Repulse"],"picked":"Beam Cell+1","floor":44}],"player_experience":423945,"relics_obtained":[{"floor":1,"key":"SynthV:TestCard"},{"floor":4,"key":"SynthV:C4"},{"floor":8,"key":"Pet Ghost"},{"floor":9,"key":"Replay:Accelerometer"},{"floor":13,"key":"DeadEye"},{"floor":19,"key":"Nilry\u0027s Codex"},{"floor":23,"key":"MostiFishMod:Haymaker"},{"floor":25,"key":"Happy Flower"},{"floor":26,"key":"The Courier"},{"floor":35,"key":"Ornamental Fan"},{"floor":36,"key":"Darkstone Periapt"},{"floor":38,"key":"Ancient Tea Set"},{"floor":39,"key":"ReplayTheSpireMod:Ninjato"},{"floor":43,"key":"ForgetMeNow"},{"floor":44,"key":"TheBible"}],"event_choices":[{"damage_healed":0,"gold_gain":0,"player_choice":"Donut","damage_taken":0,"max_hp_gain":5,"max_hp_loss":0,"event_name":"Big Fish","floor":5,"gold_loss":0},{"damage_healed":0,"gold_gain":0,"player_choice":"Searched \u00271\u0027 times","damage_taken":0,"max_hp_gain":0,"max_hp_loss":0,"event_name":"Dead Adventurer","floor":8,"gold_loss":0},{"damage_healed":0,"gold_gain":0,"player_choice":"Obtained Book","damage_taken":16,"max_hp_gain":0,"max_hp_loss":0,"event_name":"Cursed Tome","floor":19,"gold_loss":0},{"damage_healed":0,"gold_gain":0,"player_choice":"Paid","damage_taken":0,"relics_obtained":["Red Mask"],"max_hp_gain":0,"max_hp_loss":0,"event_name":"Tomb of Lord Red Mask","floor":37,"gold_loss":-521}],"is_beta":false,"boss_relics":[{"not_picked":["Abe\u0027s Treasure","Replay:Bronze Core"],"picked":"Inserter"},{"not_picked":[]},{"not_picked":["ChewingGum","Honey Jar"],"picked":"MagicMushroom"},{"not_picked":[]}],"items_purged_floors":[],"is_endless":false,"potions_floor_spawned":[1,6,7,22,23,29,33,38,39,44],"killed_by":"Writhing Mass","ascension_level":0}}