{"host":"c6u7e77myxvw4d0m","time":1611872081,"event":{"mods":["AchievementEnabler","BaseMod","Bestiary","Colored Map","Colored Powertips","Minty Spire (QoL Compilation)","Rare Cards Sparkle","Relic Stats","everything is the same but u backflip on backflip"],"gold_per_floor":[17,36,36,50,3,36,36,53,103,115,115,115,148,48,48,126,126,139,339,356,368,382,382,0,27,54,54,66,166,166,180,180,180,180],"floor_reached":33,"language":"ENG","playtime":3431,"items_purged":[],"score":510,"play_id":"b7e40c9f-70aa-4582-8284-9a37fabfea36","local_time":"20210129001441","is_ascension_mode":true,"campfire_choices":[{"data":"Wild Strike","floor":7.0,"key":"SMITH"},{"data":"Clothesline","floor":12.0,"key":"SMITH"},{"data":"Armaments","floor":15.0,"key":"SMITH"},{"data":"True Grit","floor":23.0,"key":"SMITH"},{"data":"Body Slam","floor":30.0,"key":"SMITH"},{"floor":32.0,"key":"REST"}],"circlet_count":0,"master_deck":["AscendersBane","Strike_R+1","Strike_R","Strike_R","Strike_R","Strike_R","Defend_R","Defend_R","Defend_R","Defend_R","Bash+1","Perfected Strike+1","Wild Strike+1","Thunderclap","Twin Strike","Ghostly Armor","Headbutt+1","Clothesline+1","Barricade","Pommel Strike","Armaments+1","Double Tap","Body Slam+1","Pommel Strike","True Grit+1","Wild Strike","Shrug It Off","Fire Breathing","Reaper","Injury","Pommel Strike+1","Twin Strike","Pommel Strike"],"relics":["Burning Blood","Du-Vu Doll","Pear","Art of War","Whetstone","Cursed Key","HornCleat","Happy Flower","Boot","FossilizedHelix","Blue Candle"],"acts_visited":["Exordium","TheCity"],"potions_floor_usage":[],"damage_taken":[{"damage":6.0,"enemies":"Jaw Worm","floor":1.0,"turns":5.0},{"damage":1.0,"enemies":"Cultist","floor":2.0,"turns":3.0},{"damage":0.0,"enemies":"Small Slimes","floor":4.0,"turns":2.0},{"damage":30.0,"enemies":"3 Sentries","floor":6.0,"turns":6.0},{"damage":0.0,"enemies":"2 Fungi Beasts","floor":8.0,"turns":2.0},{"damage":10.0,"enemies":"Gremlin Gang","floor":10.0,"turns":5.0},{"damage":5.0,"enemies":"Lagavulin","floor":13.0,"turns":4.0},{"damage":18.0,"enemies":"The Guardian","floor":16.0,"turns":12.0},{"damage":10.0,"enemies":"Shell Parasite","floor":18.0,"turns":3.0},{"damage":6.0,"enemies":"Spheric Guardian","floor":20.0,"turns":3.0},{"damage":5.0,"enemies":"3 Cultists","floor":21.0,"turns":4.0},{"damage":48.0,"enemies":"Shelled Parasite and Fungi","floor":22.0,"turns":5.0},{"damage":26.0,"enemies":"Book of Stabbing","floor":25.0,"turns":5.0},{"damage":2.0,"enemies":"Centurion and Healer","floor":28.0,"turns":6.0},{"damage":23.0,"enemies":"Colosseum Slavers","floor":29.0,"turns":4.0},{"damage":0.0,"enemies":"Colosseum Nobs","floor":29.0,"turns":4.0},{"damage":0.0,"enemies":"Snecko","floor":31.0,"turns":3.0},{"damage":0,"enemies":"Collector","floor":33,"turns":1}],"seed_played":"-3918365977742878948","potions_obtained":[{"floor":4.0,"key":"FairyPotion"},{"floor":8.0,"key":"SkillPotion"},{"floor":10.0,"key":"Fire Potion"},{"floor":28.0,"key":"BloodPotion"}],"is_trial":false,"path_per_floor":["M","M","?","M","$","E","R","M","T","M","?","R","E","$","R","B",null,"M","?","M","M","M","R","$","E","T","?","M","?","R","M","R","B"],"character_chosen":"IRONCLAD","items_purchased":["Twin Strike","Pommel Strike","Armaments","Shrug It Off","Fire Breathing","HornCleat"],"campfire_rested":1,"item_purchase_floors":[5,14,14,24,24,24],"current_hp_per_floor":[68,73,73,75,75,61,61,67,67,63,63,63,64,64,64,52,77,73,73,73,74,32,32,32,12,12,12,34,45,45,51,76,76,76],"gold":180,"neow_bonus":"ONE_RARE_RELIC","is_daily":false,"chose_seed":false,"campfire_upgraded":5,"win_rate":0.0,"timestamp":1611872081,"path_taken":["M","M","?","M","?","E","R","M","T","M","?","R","E","$","R","BOSS","M","?","M","?","M","R","$","E","T","?","M","?","R","M","R","BOSS"],"items_purchased_type":["Card","Card","Card","Card","Card","Relic"],"build_version":"2020-12-22","purchased_purges":0,"victory":false,"max_hp_per_floor":[75,75,75,75,75,85,85,85,85,85,85,85,85,85,85,85,85,85,85,85,85,85,85,85,85,85,85,85,85,85,85,85,85,85],"relic_stats":{"Happy Flower":[6],"counters":[18,77],"Blue Candle":[0],"Art of War":[5],"Whetstone":["Strike_R","Headbutt"],"Cursed Key":1,"Boot":[0],"obtain_stats":[{"Du-Vu Doll":0,"Pear":6,"HornCleat":24,"Happy Flower":25,"Blue Candle":29,"Art of War":9,"Whetstone":13,"Cursed Key":17,"Boot":26,"Burning Blood":0,"FossilizedHelix":29},{"Du-Vu Doll":0,"Pear":4,"HornCleat":12,"Happy Flower":13,"Blue Candle":16,"Art of War":5,"Whetstone":7,"Cursed Key":8,"Boot":13,"Burning Blood":0,"FossilizedHelix":16},{"Du-Vu Doll":0,"Pear":16,"HornCleat":54,"Happy Flower":59,"Blue Candle":73,"Art of War":18,"Whetstone":27,"Cursed Key":39,"Boot":59,"Burning Blood":0,"FossilizedHelix":73}],"Burning Blood":98},"card_choices":[{"not_picked":["Sword Boomerang","Armaments"],"picked":"Perfected Strike","floor":1.0},{"not_picked":["Cleave","Heavy Blade"],"picked":"Wild Strike","floor":2.0},{"not_picked":["Second Wind","Armaments"],"picked":"Thunderclap","floor":4.0},{"not_picked":["Warcry","Perfected Strike"],"picked":"Ghostly Armor","floor":6.0},{"not_picked":["Thunderclap","Perfected Strike"],"picked":"Headbutt","floor":8.0},{"not_picked":["Pummel","Rampage"],"picked":"Clothesline","floor":10.0},{"not_picked":["Bloodletting","Body Slam"],"picked":"Barricade","floor":13.0},{"not_picked":["Corruption","Brutality"],"picked":"Double Tap","floor":16.0},{"not_picked":["Rampage","Clothesline"],"picked":"Body Slam","floor":18.0},{"not_picked":["Battle Trance+1","Iron Wave"],"picked":"Pommel Strike","floor":20.0},{"not_picked":["Sever Soul","Rupture"],"picked":"True Grit","floor":21.0},{"not_picked":["Warcry","Disarm"],"picked":"Wild Strike","floor":22.0},{"not_picked":["True Grit","Anger"],"picked":"Reaper","floor":25.0},{"not_picked":["Ghostly Armor","Warcry"],"picked":"Pommel Strike+1","floor":28.0},{"not_picked":["Wild Strike","Juggernaut"],"picked":"Twin Strike","floor":29.0},{"not_picked":["Clothesline","Heavy Blade+1"],"picked":"Pommel Strike","floor":31.0}],"player_experience":541540,"relics_obtained":[{"floor":6.0,"key":"Pear"},{"floor":9.0,"key":"Art of War"},{"floor":13.0,"key":"Whetstone"},{"floor":25.0,"key":"Happy Flower"},{"floor":26.0,"key":"Boot"},{"floor":29.0,"key":"FossilizedHelix"},{"floor":29.0,"key":"Blue Candle"}],"event_choices":[{"damage_healed":0.0,"max_hp_gain":0.0,"max_hp_loss":0.0,"gold_gain":0.0,"event_name":"Upgrade Shrine","player_choice":"Upgraded","floor":3.0,"gold_loss":0.0,"damage_taken":0.0,"cards_upgraded":["Perfected Strike"]},{"damage_healed":0.0,"max_hp_gain":0.0,"max_hp_loss":0.0,"gold_gain":0.0,"event_name":"Living Wall","player_choice":"Grow","floor":11.0,"gold_loss":0.0,"damage_taken":0.0,"cards_upgraded":["Bash"]},{"damage_healed":0.0,"max_hp_gain":0.0,"max_hp_loss":0.0,"gold_gain":250.0,"event_name":"The Joust","player_choice":"Bet on Owner","floor":19.0,"gold_loss":50.0,"damage_taken":0.0},{"damage_healed":0.0,"max_hp_gain":0.0,"max_hp_loss":0.0,"gold_gain":0.0,"event_name":"Cursed Tome","player_choice":"Ignored","floor":27.0,"gold_loss":0.0,"damage_taken":0.0},{"damage_healed":0.0,"max_hp_gain":0.0,"max_hp_loss":0.0,"gold_gain":0.0,"event_name":"Colosseum","player_choice":"Fight","floor":29.0,"gold_loss":0.0,"damage_taken":0.0},{"damage_healed":0.0,"max_hp_gain":0.0,"max_hp_loss":0.0,"gold_gain":0.0,"event_name":"Colosseum","player_choice":"Fought Nobs","floor":29.0,"gold_loss":0.0,"damage_taken":0.0}],"is_beta":false,"boss_relics":[{"not_picked":["Philosopher\u0027s Stone","Black Blood"],"picked":"Cursed Key"}],"items_purged_floors":[],"is_endless":false,"potions_floor_spawned":[4,8,10,21,22,28,29],"killed_by":"Collector","ascension_level":15}}