{"host":"ewns8ifhbubwkcum","time":1611855815,"event":{"mods":["BaseMod","Block Reminder","Colored Map","Colored Powertips","Downfall","Highlight Path","Minty Spire (QoL Compilation)","Permanent Neow","Quick Restart","Random Character Button","StSLib"],"gold_per_floor":[99,112,127,127,140,140,167,186,22,22,49,49,49,81,97,97,97,97],"floor_reached":16,"language":"ENG","playtime":1006,"items_purged":["Regret"],"score":116,"play_id":"9226501c-afd2-4dea-9748-ab995cdaff2d","local_time":"20210128114335","is_ascension_mode":true,"campfire_choices":[{"data":"bronze:Mutator","floor":1.0,"key":"SMITH"},{"data":"1","floor":13,"key":"LIFT"}],"circlet_count":0,"master_deck":["bronze:Strike","bronze:Strike","bronze:Strike","bronze:Strike+1","bronze:Defend+1","bronze:Defend","bronze:Defend","bronze:Defend","bronze:Replicate","bronze:Goto","bronze:Mutator+1","bronze:Terminator+1","bronze:FineTuning","downfall:Malfunctioning","bronze:ClassDefault","bronze:Refactor","bronze:MaxOutput","bronze:InfiniteBeams","bronze:InfiniteBeams","bronze:FineTuning"],"relics":["bronze:BronzeCore","Ice Cream","Girya","Dead Branch"],"acts_visited":["Exordium"],"potions_floor_usage":[16],"damage_taken":[{"damage":5.0,"enemies":"Small Slimes","floor":2.0,"turns":3.0},{"damage":1.0,"enemies":"2 Louse","floor":3.0,"turns":3.0},{"damage":2.0,"enemies":"Cultist","floor":5.0,"turns":4.0},{"damage":8.0,"enemies":"2 Fungi Beasts","floor":8.0,"turns":3.0},{"damage":5.0,"enemies":"downfall:FleeingMerchant","floor":9.0,"turns":4.0},{"damage":8,"enemies":"Lagavulin","floor":11,"turns":7},{"damage":30,"enemies":"Gremlin Nob","floor":14,"turns":4},{"damage":6,"enemies":"Blue Slaver","floor":15,"turns":3},{"damage":7,"enemies":"SI_SHIV_ARCHETYPE","floor":16,"turns":3}],"seed_played":"525592727533204245","potions_obtained":[{"floor":2.0,"key":"Energy Potion"},{"floor":11,"key":"CultistPotion"},{"floor":14,"key":"SkillPotion"}],"is_trial":false,"path_per_floor":["R","M","M","?","M","?","T","M","$","?","E","?","R","E","M","B"],"character_chosen":"THE_AUTOMATON","items_purchased":["bronze:MaxOutput"],"campfire_rested":0,"item_purchase_floors":[9],"current_hp_per_floor":[70,65,64,64,62,62,62,54,49,49,41,41,41,11,5,0,0,0],"gold":97,"neow_bonus":"ONE_RANDOM_RARE_CARD","is_daily":false,"chose_seed":false,"campfire_upgraded":1,"win_rate":0.0,"timestamp":1611855815,"path_taken":["R","M","M","?","M","?","T","M","$","?","E","?","R","E","M","BOSS"],"items_purchased_type":["Card"],"build_version":"2020-12-22","purchased_purges":1,"victory":false,"max_hp_per_floor":[70,70,70,70,70,70,70,70,70,70,70,70,70,70,70,70,70,70],"card_choices":[{"not_picked":["bronze:InfiniteBeams","bronze:ForLoop"],"picked":"bronze:Terminator","floor":2.0},{"not_picked":["bronze:DelayedSlice","bronze:CutThrough"],"picked":"bronze:FineTuning","floor":3.0},{"not_picked":["bronze:Invalidate","bronze:Boost","bronze:BronzeArmor"],"picked":"SKIP","floor":5.0},{"not_picked":["bronze:Branch","bronze:Invalidate"],"picked":"bronze:ClassDefault","floor":8.0},{"not_picked":["bronze:CloningBeam","bronze:Invalidate"],"picked":"bronze:Refactor","floor":9.0},{"not_picked":["bronze:Separator","bronze:Deprecate"],"picked":"bronze:InfiniteBeams","floor":11},{"not_picked":["bronze:DelayedSlice","bronze:HyperBeam"],"picked":"bronze:FineTuning","floor":14},{"not_picked":["bronze:ChosenStrike","bronze:BuggyMess","bronze:DelayedSlice"],"picked":"SKIP","floor":15}],"player_experience":1043047,"relics_obtained":[{"floor":11,"key":"Girya"},{"floor":14,"key":"Dead Branch"}],"event_choices":[{"damage_healed":0.0,"max_hp_gain":0.0,"max_hp_loss":0.0,"gold_gain":0.0,"event_name":"Big Fish","player_choice":"Box","floor":4.0,"gold_loss":0.0,"damage_taken":0.0,"relics_obtained":["Ice Cream"],"cards_obtained":["Regret"]}],"is_beta":false,"boss_relics":[],"items_purged_floors":[9],"is_endless":false,"potions_floor_spawned":[2,11,14,15],"killed_by":"SI_SHIV_ARCHETYPE","ascension_level":1}}