{"host":"w8hjdfrntrrvtiu5","time":1611877177,"event":{"mods":["AchievementEnabler","BaseMod","BetterRewards","Conspire","Hubris","Marisa????????","Minty Spire (QoL Compilation)","Shop Mod","StSLib","Td1madao Mod","The Animator","egg","everything is the same but u backflip on backflip"],"gold_per_floor":[109,109,122,133,153,153,178,178,260,272,272,272],"floor_reached":11,"language":"ENG","playtime":484,"items_purged":[],"score":120,"play_id":"90221387-8bd9-477c-80dd-3130f1a6c2a2","local_time":"20210128183937","is_ascension_mode":true,"campfire_choices":[{"data":"Poisoned Stab","floor":6,"key":"SMITH"}],"circlet_count":0,"master_deck":["AscendersBane","Strike_G","Strike_G","Strike_G","Strike_G","Strike_G","Defend_G","Defend_G","Defend_G","Defend_G","Survivor","Neutralize","Sucker Punch","Poisoned Stab+1","Leg Sweep","Deadly Poison","Malaise"],"relics":["Ring of the Snake","NeowsBlessing","Torii","Potion Belt","White Beast Statue"],"acts_visited":["Exordium"],"potions_floor_usage":[5,11,11],"damage_taken":[{"damage":0,"enemies":"2 Louse","floor":1,"turns":1},{"damage":0,"enemies":"Cultist","floor":3,"turns":1},{"damage":0,"enemies":"Jaw Worm","floor":4,"turns":1},{"damage":22,"enemies":"Exordium Wildlife","floor":5,"turns":6},{"damage":18,"enemies":"3 Sentries","floor":7,"turns":13},{"damage":2,"enemies":"Exordium Thugs","floor":10,"turns":5},{"damage":21,"enemies":"Gremlin Nob","floor":11,"turns":4}],"seed_played":"-6677221836258719384","potions_obtained":[{"floor":4,"key":"GamblersBrew"},{"floor":5,"key":"Energy Potion"},{"floor":10,"key":"SpeedPotion"}],"is_trial":false,"path_per_floor":["M","?","M","M","M","R","E","?","T","M","E"],"character_chosen":"THE_SILENT","items_purchased":[],"campfire_rested":0,"item_purchase_floors":[],"current_hp_per_floor":[63,63,63,63,41,41,23,16,16,14,0,0],"gold":272,"neow_bonus":"THREE_ENEMY_KILL","is_daily":false,"chose_seed":false,"campfire_upgraded":1,"win_rate":0.0,"timestamp":1611877177,"path_taken":["M","?","?","M","M","R","E","?","T","M","E"],"items_purchased_type":[],"build_version":"2020-12-22","purchased_purges":0,"victory":false,"max_hp_per_floor":[70,70,70,70,70,70,70,70,70,70,70,70],"card_choices":[{"not_picked":["Deflect","Accuracy"],"picked":"Deadly Poison","floor":1},{"not_picked":["Blade Dance","Underhanded Strike"],"picked":"Sucker Punch","floor":3},{"not_picked":["hubris:TrickCloak","Cloak And Dagger"],"picked":"Poisoned Stab","floor":4},{"not_picked":["Prepared","Finisher"],"picked":"Leg Sweep","floor":5},{"not_picked":["Backflip","Flying Knee"],"picked":"Deadly Poison","floor":7},{"not_picked":["Cloak And Dagger","PiercingWail"],"picked":"Malaise","floor":10}],"player_experience":2407794,"relics_obtained":[{"floor":7,"key":"Potion Belt"},{"floor":9,"key":"White Beast Statue"}],"event_choices":[{"cards_removed":["Deadly Poison"],"damage_healed":0,"gold_gain":0,"player_choice":"Gave Card","damage_taken":0,"relics_obtained":["Torii"],"max_hp_gain":0,"max_hp_loss":0,"event_name":"WeMeetAgain","floor":2,"gold_loss":0},{"cards_removed":["Defend_G"],"damage_healed":0,"gold_gain":0,"player_choice":"Card Removal","damage_taken":7,"max_hp_gain":0,"max_hp_loss":0,"event_name":"Golden Wing","floor":8,"gold_loss":0}],"is_beta":false,"boss_relics":[],"items_purged_floors":[],"is_endless":false,"potions_floor_spawned":[4,5,10],"killed_by":"Gremlin Nob","ascension_level":12}}