{"host":"1tl36azeqm6yhdgj","time":1611794602,"event":{"mods":["AchievementEnabler","BaseMod","Minty Spire (QoL Compilation)","StSLib","The IronCluck","everything is the same but u backflip on backflip"],"gold_per_floor":[116,266,24,24,36,36,67,80,80,100,100,164,192,204,204,281,331,344,363,413,413,413],"floor_reached":21,"language":"ENG","playtime":1032,"items_purged":["Doubt"],"score":432,"play_id":"7c67b948-e6c4-48ee-8fc8-3d8e3875bb49","local_time":"20210127194322","is_ascension_mode":true,"campfire_choices":[{"data":"Rampage","floor":6.0,"key":"SMITH"},{"floor":15.0,"key":"REST"}],"circlet_count":0,"master_deck":["AscendersBane","Strike_R+1","Strike_R","Defend_R","Defend_R","Defend_R","Defend_R","Bash","Rampage+1","Shrug It Off","Intimidate","Fire Breathing","Thunderclap","Offering","Juggernaut","Cleave","Flex+1","Inflame","Inflame","Hemokinesis"],"relics":["Burning Blood","NeowsBlessing","Oddly Smooth Stone","Blue Candle","Singing Bowl","SsserpentHead","Anchor","Tiny House"],"acts_visited":["Exordium","TheCity"],"potions_floor_usage":[21],"damage_taken":[{"damage":0.0,"enemies":"2 Louse","floor":1.0,"turns":1.0},{"damage":0.0,"enemies":"Small Slimes","floor":5.0,"turns":1.0},{"damage":0.0,"enemies":"Lagavulin","floor":7.0,"turns":1.0},{"damage":2.0,"enemies":"Cultist","floor":8.0,"turns":4.0},{"damage":37.0,"enemies":"Gremlin Gang","floor":10.0,"turns":6.0},{"damage":15.0,"enemies":"Blue Slaver","floor":12.0,"turns":6.0},{"damage":8.0,"enemies":"3 Sentries","floor":13.0,"turns":6.0},{"damage":11.0,"enemies":"Looter","floor":14.0,"turns":3.0},{"damage":25.0,"enemies":"Slime Boss","floor":16.0,"turns":8.0},{"damage":33.0,"enemies":"Shell Parasite","floor":18.0,"turns":5.0},{"damage":21.0,"enemies":"Chosen","floor":19.0,"turns":4.0},{"damage":43,"enemies":"Snecko","floor":21,"turns":5}],"seed_played":"-1733170576759905858","potions_obtained":[{"floor":5.0,"key":"Fruit Juice"},{"floor":10.0,"key":"Ancient Potion"},{"floor":12.0,"key":"Dexterity Potion"},{"floor":13.0,"key":"ColorlessPotion"},{"floor":17.0,"key":"BlessingOfTheForge"},{"floor":19.0,"key":"SkillPotion"}],"is_trial":false,"path_per_floor":["M","?","$","?","M","R","E","M","T","M","?","M","E","M","R","B",null,"M","M","?","M"],"character_chosen":"IRONCLAD","items_purchased":["Oddly Smooth Stone"],"campfire_rested":1,"item_purchase_floors":[3],"current_hp_per_floor":[74,74,74,74,75,75,75,75,75,51,51,42,40,37,62,43,79,52,37,37,0,0],"gold":413,"neow_bonus":"THREE_ENEMY_KILL","is_daily":false,"chose_seed":false,"campfire_upgraded":1,"win_rate":0.0,"timestamp":1611794602,"path_taken":["M","?","$","?","M","R","E","?","T","?","?","?","E","M","R","BOSS","M","M","?","M"],"items_purchased_type":["Relic"],"build_version":"2020-12-22","purchased_purges":1,"victory":false,"max_hp_per_floor":[75,75,75,75,75,75,75,75,75,82,82,82,82,84,84,84,89,89,89,89,89,89],"card_choices":[{"not_picked":["Perfected Strike","Twin Strike"],"picked":"Rampage","floor":1.0},{"not_picked":["Sword Boomerang","Sever Soul"],"picked":"Shrug It Off","floor":5.0},{"not_picked":["Sentinel","Warcry"],"picked":"Intimidate","floor":7.0},{"not_picked":["Heavy Blade","Blood for Blood"],"picked":"Fire Breathing","floor":8.0},{"not_picked":["Heavy Blade","Shrug It Off","Blood for Blood"],"picked":"Singing Bowl","floor":10.0},{"not_picked":["Twin Strike","True Grit"],"picked":"Thunderclap","floor":12.0},{"not_picked":["Shrug It Off","Sever Soul"],"picked":"Offering","floor":13.0},{"not_picked":["Dual Wield","Warcry","Clash"],"picked":"Singing Bowl","floor":14.0},{"not_picked":["Demon Form","Offering"],"picked":"Juggernaut","floor":16.0},{"not_picked":["Iron Wave","Sword Boomerang"],"picked":"Cleave","floor":17.0},{"not_picked":["True Grit","Havoc"],"picked":"Flex+1","floor":18.0},{"not_picked":["Sword Boomerang","True Grit"],"picked":"Inflame","floor":19.0}],"player_experience":2077571,"relics_obtained":[{"floor":7.0,"key":"Blue Candle"},{"floor":9.0,"key":"Singing Bowl"},{"floor":13.0,"key":"Anchor"}],"event_choices":[{"damage_healed":0.0,"max_hp_gain":0.0,"max_hp_loss":0.0,"gold_gain":150.0,"event_name":"Liars Game","player_choice":"AGREE","floor":2.0,"gold_loss":0.0,"damage_taken":0.0,"cards_obtained":["Doubt"]},{"cards_removed":["Strike_R"],"damage_healed":0.0,"max_hp_gain":0.0,"max_hp_loss":0.0,"gold_gain":0.0,"event_name":"Purifier","player_choice":"Purged","floor":4.0,"gold_loss":0.0,"damage_taken":0.0},{"damage_healed":0.0,"max_hp_gain":0.0,"max_hp_loss":0.0,"gold_gain":0.0,"event_name":"FaceTrader","player_choice":"Trade","floor":11.0,"gold_loss":0.0,"damage_taken":0.0,"relics_obtained":["SsserpentHead"]},{"damage_healed":0.0,"max_hp_gain":0.0,"max_hp_loss":0.0,"gold_gain":0.0,"cards_transformed":["Strike_R","Strike_R"],"event_name":"Drug Dealer","player_choice":"Became Test Subject","floor":20.0,"gold_loss":0.0,"damage_taken":0.0,"cards_obtained":["Inflame","Hemokinesis"]}],"is_beta":false,"boss_relics":[{"not_picked":["Fusion Hammer","Cursed Key"],"picked":"Tiny House"}],"items_purged_floors":[3],"is_endless":false,"potions_floor_spawned":[5,10,12,13,19],"killed_by":"Snecko","ascension_level":20}}