{"host":"2d0rd30cigwncx1y","time":1611850834,"event":{"mods":["BaseMod","Colored Map","Colored Powertips","Downfall","MarisaÅiñ∂âJÅ@ñÇóùçπÅj","Minty Spire (QoL Compilation)","Replay The Spire","StSLib","The Alterego","The Marked","The Servant 0.9.4"],"gold_per_floor":[99,99,99,0,0,0,23,37,37,37,67,95,95,122,132,234,234,234,246,259,47,57,57,57,88,88,104,104,136,136,147,161,259,259,259,259],"floor_reached":34,"language":"ENG","playtime":2616,"items_purged":[],"score":474,"play_id":"5fb8f7b5-a107-4e3b-9100-b6b2ccecb213","local_time":"20210128172034","is_ascension_mode":true,"campfire_choices":[{"data":"champ:Taunt","floor":1.0,"key":"SMITH"},{"data":"champ:FocusedDefense","floor":9.0,"key":"SMITH"},{"data":"champ:Circumvent","floor":10.0,"key":"SMITH"},{"data":"champ:StanceDance","floor":13.0,"key":"SMITH"},{"data":"champ:SkillfulDodge","floor":18.0,"key":"SMITH"},{"data":"champ:CrookedStrike","floor":23.0,"key":"SMITH"},{"data":"champ:Circumvent","floor":28.0,"key":"SMITH"},{"data":"champ:FalseCounter","floor":30.0,"key":"SMITH"}],"circlet_count":0,"master_deck":["champ:Strike","champ:Strike","champ:Strike","champ:Strike","champ:Defend","champ:Defend","champ:Defend","champ:Defend","champ:Taunt+1","champ:PerfectedStrike","champ:TornadoPunch","champ:ShieldWall+1","champ:Circumvent+1","champ:DancingMaster","champ:Circumvent+1","champ:FocusedDefense+1","champ:StanceDance+1","champ:TornadoPunch","champ:DefensiveShout","champ:SkillfulDodge+1","champ:HoldFirm","champ:DefensiveShout","champ:Backstep+1","champ:CrookedStrike+1","champ:FalseCounter+1","champ:Circumvent","Madness+1","champ:ShieldThrow"],"relics":["champ:ChampionCrown","downfall:HeartsMalice","WingedGreaves","Orichalcum","champ:FightingForDummies","Iron Hammer","Mercury Hourglass","Philosopher\u0027s Stone","Membership Card","Pet Ghost","Kunai","Calipers","Replay:Bottled Snecko"],"acts_visited":["Exordium","TheCity"],"potions_floor_usage":[],"damage_taken":[{"damage":0.0,"enemies":"2 Louse","floor":2.0,"turns":1.0},{"damage":0.0,"enemies":"downfall:FleeingMerchant","floor":4.0,"turns":1.0},{"damage":0.0,"enemies":"Small Slimes","floor":6.0,"turns":1.0},{"damage":5.0,"enemies":"Cultist","floor":8.0,"turns":4.0},{"damage":15.0,"enemies":"Gremlin Nob","floor":11.0,"turns":5.0},{"damage":0.0,"enemies":"Replay:BlueRogue","floor":12.0,"turns":12.0},{"damage":19.0,"enemies":"Lagavulin","floor":14.0,"turns":7.0},{"damage":0.0,"enemies":"Gremlin Gang","floor":15.0,"turns":5.0},{"damage":62.0,"enemies":"downfall:Silent","floor":16.0,"turns":12.0},{"damage":29.0,"enemies":"Chosen","floor":19.0,"turns":5.0},{"damage":9.0,"enemies":"Snecko","floor":20.0,"turns":6.0},{"damage":0.0,"enemies":"downfall:FleeingMerchant","floor":21.0,"turns":4.0},{"damage":21.0,"enemies":"Cultist and Chosen","floor":22.0,"turns":7.0},{"damage":15.0,"enemies":"Slavers","floor":25.0,"turns":5.0},{"damage":0.0,"enemies":"Chosen and Byrds","floor":27.0,"turns":4.0},{"damage":21.0,"enemies":"Gremlin Leader","floor":29.0,"turns":10.0},{"damage":7.0,"enemies":"Centurion and Healer","floor":31.0,"turns":7.0},{"damage":11.0,"enemies":"Cultist and Chosen","floor":32.0,"turns":7.0},{"damage":47.0,"enemies":"downfall:Watcher","floor":33.0,"turns":14.0}],"seed_played":"-9162187781532541696","potions_obtained":[{"floor":8.0,"key":"SkillPotion"},{"floor":14.0,"key":"Elixir"},{"floor":16.0,"key":"Regen Potion"},{"floor":20.0,"key":"CultistPotion"}],"is_trial":false,"path_per_floor":["R","M","?","$","?","M","T","M","R","R","E","E","R","E","M","B",null,"R","M","M","$","M","R","T","E","T","M","R","E","R","M","M","B",null],"character_chosen":"THE_CHAMP","items_purchased":["champ:ShieldWall+1","champ:Circumvent","Membership Card","champ:Backstep+1","champ:CrookedStrike"],"campfire_rested":0,"item_purchase_floors":[4,4,21,21,21],"current_hp_per_floor":[90,90,95,95,95,95,95,90,90,90,75,75,75,56,56,78,95,95,66,57,57,36,36,36,21,21,21,21,74,74,67,56,9,9,9,9],"gold":259,"neow_bonus":"THREE_ENEMY_KILL","is_daily":false,"chose_seed":false,"campfire_upgraded":8,"win_rate":0.0,"timestamp":1611850834,"path_taken":["R","M","?","$","?","M","T","?","R","R","E","E","R","E","M","BOSS","R","M","M","$","?","R","T","E","?","M","R","E","R","M","M","BOSS"],"items_purchased_type":["Card","Card","Relic","Card","Card"],"build_version":"2020-12-22","purchased_purges":0,"victory":false,"max_hp_per_floor":[90,90,95,95,95,95,95,95,95,95,95,95,95,95,95,95,95,95,95,95,95,95,95,95,95,95,95,95,95,95,95,95,95,95,95,95],"card_choices":[{"not_picked":["champ:CrookedStrike","champ:EndlessRage"],"picked":"champ:PerfectedStrike","floor":2.0},{"not_picked":["champ:BerserkersShout","champ:ShieldSigil"],"picked":"champ:TornadoPunch","floor":4.0},{"not_picked":["champ:PerfectedStrike","champ:ShieldSlam"],"picked":"champ:Circumvent","floor":6.0},{"not_picked":["champ:DeathBlow","champ:FaceSlap"],"picked":"champ:FocusedDefense","floor":8.0},{"not_picked":["champ:FocusedBerserking","champ:PreciseThrust"],"picked":"champ:StanceDance","floor":11.0},{"not_picked":["champ:BladeFlurry","champ:Backstep"],"picked":"champ:TornadoPunch","floor":12.0},{"not_picked":["champ:RapidStrikes","champ:GladiatorsShout"],"picked":"champ:DefensiveShout","floor":14.0},{"not_picked":["champ:FlashCut","champ:BringItOn"],"picked":"champ:SkillfulDodge","floor":15.0},{"not_picked":["champ:MurderStrike","champ:Devastate"],"picked":"champ:HoldFirm","floor":16.0},{"not_picked":["champ:FaceSlap","champ:Shatter","champ:PerfectedStrike"],"picked":"SKIP","floor":19.0},{"not_picked":["champ:Haymaker","champ:BerserkersShout","champ:EnragedBash"],"picked":"SKIP","floor":20.0},{"not_picked":["champ:SteelEdge","champ:BringItOn"],"picked":"champ:DefensiveShout","floor":21.0},{"not_picked":["champ:FocusedGladiator+1","champ:TornadoPunch","champ:Backstep"],"picked":"SKIP","floor":22.0},{"not_picked":["champ:Balance+1","champ:BerserkersShout"],"picked":"champ:FalseCounter","floor":25.0},{"not_picked":["champ:Aggression","champ:Encircle"],"picked":"champ:Circumvent","floor":27.0},{"not_picked":["champ:FlashCut","champ:DeathBlow"],"picked":"champ:Riposte+1","floor":29.0},{"not_picked":["champ:CalledShot","champ:AdrenalArmor+1","champ:EnchantCrown"],"picked":"SKIP","floor":31.0},{"not_picked":["champ:TornadoPunch","champ:Backstep+1","champ:SkillfulDodge"],"picked":"SKIP","floor":32.0},{"not_picked":["champ:PerfectForm","champ:StrikeOfGenius"],"picked":"champ:ShieldThrow","floor":33.0}],"player_experience":96913,"relics_obtained":[{"floor":7.0,"key":"Orichalcum"},{"floor":11.0,"key":"champ:FightingForDummies"},{"floor":12.0,"key":"Iron Hammer"},{"floor":14.0,"key":"Mercury Hourglass"},{"floor":24.0,"key":"Pet Ghost"},{"floor":25.0,"key":"Kunai"},{"floor":26.0,"key":"Calipers"},{"floor":29.0,"key":"Replay:Bottled Snecko"}],"event_choices":[{"damage_healed":0.0,"max_hp_gain":5.0,"max_hp_loss":0.0,"gold_gain":0.0,"event_name":"Big Fish","player_choice":"Donut","floor":3.0,"gold_loss":0.0,"damage_taken":0.0},{"damage_healed":0.0,"max_hp_gain":0.0,"max_hp_loss":0.0,"gold_gain":0.0,"cards_transformed":["champ:Execute"],"event_name":"Transmorgrifier","player_choice":"Transformed","floor":5.0,"gold_loss":0.0,"damage_taken":0.0,"cards_obtained":["champ:DancingMaster"]}],"is_beta":false,"boss_relics":[{"not_picked":["Sozu","Tiny House"],"picked":"Philosopher\u0027s Stone"}],"items_purged_floors":[],"is_endless":false,"potions_floor_spawned":[8,14,16,20,27,32,33],"ascension_level":2}}