{"host":"c3lc60y5x60jlt1y","time":1611875328,"event":{"mods":["AchievementEnabler","BaseMod","Bestiary","Colored Map","Minty Spire (QoL Compilation)","Quick Restart","StSLib","ojb\u0027s Info Mod"],"gold_per_floor":[112,112,126,126,141,141,155,166,166,177,177,177,29,47,47,152,152,171,171,184,184,184,184,200,200,200,214,73,93,93,110,110,205,205,216,41,41,60,36,36,36,36,36,51,51,69,82,82,82,82,82],"floor_reached":50,"language":"ENG","playtime":2635,"items_purged":["Defend_P"],"score":486,"play_id":"e96ad915-339e-4774-b249-c385e9a2df29","local_time":"20210129010848","is_ascension_mode":false,"campfire_choices":[{"data":"Eruption","floor":6,"key":"SMITH"},{"data":"Alpha","floor":12,"key":"SMITH"},{"data":"Worship","floor":15,"key":"SMITH"},{"data":"Judgement","floor":23,"key":"SMITH"},{"data":"Wireheading","floor":25,"key":"SMITH"},{"floor":30,"key":"REST"},{"floor":32,"key":"REST"},{"floor":40,"key":"REST"},{"data":"Omniscience","floor":45,"key":"SMITH"},{"floor":49,"key":"REST"}],"circlet_count":0,"master_deck":["Strike_P","Strike_P","Defend_P","Defend_P","Eruption+1","Vigilance","FlurryOfBlows","BattleHymn","LikeWater","EmptyFist","EmptyBody","Perseverance","Alpha+1","Worship+1","Wireheading+1","Judgement+1","SignatureMove","SpiritShield","Omniscience","Study+1","Vault","ClearTheMind+1","Apotheosis","Madness","Madness","SandsOfTime","CutThroughFate","Omniscience+1","Indignation","WaveOfTheHand+1"],"relics":["Velvet Choker"],"acts_visited":["Exordium","TheCity","TheBeyond"],"potions_floor_usage":[7,10,20,29,33,50],"damage_taken":[{"damage":0,"enemies":"Jaw Worm","floor":1,"turns":3},{"damage":3,"enemies":"2 Louse","floor":3,"turns":2},{"damage":2,"enemies":"Small Slimes","floor":5,"turns":2},{"damage":2,"enemies":"Exordium Thugs","floor":7,"turns":4},{"damage":2,"enemies":"Blue Slaver","floor":8,"turns":5},{"damage":9,"enemies":"3 Louse","floor":10,"turns":3},{"damage":8,"enemies":"Red Slaver","floor":14,"turns":3},{"damage":0,"enemies":"Slime Boss","floor":16,"turns":5},{"damage":10,"enemies":"Chosen","floor":18,"turns":4},{"damage":0,"enemies":"3 Byrds","floor":20,"turns":2},{"damage":6,"enemies":"Centurion and Healer","floor":24,"turns":4},{"damage":0,"enemies":"Sentry and Sphere","floor":27,"turns":4},{"damage":34,"enemies":"Shelled Parasite and Fungi","floor":29,"turns":6},{"damage":21,"enemies":"Snake Plant","floor":31,"turns":2},{"damage":15,"enemies":"Automaton","floor":33,"turns":5},{"damage":26,"enemies":"3 Darklings","floor":35,"turns":4},{"damage":24,"enemies":"Orb Walker","floor":38,"turns":7},{"damage":5,"enemies":"Maw","floor":44,"turns":9},{"damage":19,"enemies":"Spire Growth","floor":46,"turns":8},{"damage":4,"enemies":"Sphere and 2 Shapes","floor":47,"turns":6},{"damage":42,"enemies":"Donu and Deca","floor":50,"turns":4}],"seed_played":"524658564389674494","potions_obtained":[{"floor":3,"key":"AttackPotion"},{"floor":7,"key":"Regen Potion"},{"floor":16,"key":"Fire Potion"},{"floor":18,"key":"DistilledChaos"},{"floor":24,"key":"PowerPotion"},{"floor":31,"key":"DistilledChaos"},{"floor":35,"key":"SneckoOil"},{"floor":44,"key":"FearPotion"},{"floor":46,"key":"AttackPotion"}],"is_trial":false,"path_per_floor":["M","?","M","?","M","R","M","M","T","M","?","R","$","M","R","B",null,"M","?","M","?","?","R","M","R","T","M","$","M","R","M","R","B",null,"M","$","?","M","$","R","?","?","T","M","R","M","M","?","R","B"],"character_chosen":"WATCHER","items_purchased":["Worship","Omniscience","Apotheosis","CutThroughFate"],"campfire_rested":4,"item_purchase_floors":[13,28,36,39],"current_hp_per_floor":[72,77,74,74,72,72,70,68,68,68,61,61,61,53,53,53,77,67,67,67,67,67,67,61,61,61,61,61,27,50,29,52,37,77,51,51,41,17,17,40,40,40,40,35,35,16,12,12,35,0,0],"gold":82,"neow_bonus":"BOSS_RELIC","is_daily":false,"chose_seed":false,"campfire_upgraded":6,"win_rate":0.0,"timestamp":1611875328,"path_taken":["M","?","M","?","M","R","M","M","T","M","?","R","$","?","R","BOSS","M","?","M","?","?","R","M","R","T","M","$","M","R","?","R","BOSS","M","$","?","M","$","R","?","?","T","M","R","M","?","?","R","BOSS"],"items_purchased_type":["Card","Card","Card","Card"],"build_version":"2020-12-22","purchased_purges":1,"victory":false,"max_hp_per_floor":[72,77,77,77,77,77,77,77,77,77,77,77,77,77,77,77,77,77,77,77,77,77,77,77,77,77,77,77,77,77,77,77,77,77,77,77,77,77,77,77,77,77,77,77,77,77,77,77,77,77,77],"card_choices":[{"not_picked":["CrushJoints","Fasting2"],"picked":"FlurryOfBlows","floor":1},{"not_picked":["Consecrate","Nirvana"],"picked":"BattleHymn","floor":3},{"not_picked":["WheelKick","BattleHymn"],"picked":"EmptyFist","floor":5},{"not_picked":["JustLucky","CrushJoints"],"picked":"EmptyBody","floor":7},{"not_picked":["Prostrate","ClearTheMind"],"picked":"Perseverance","floor":8},{"not_picked":["CutThroughFate","EmptyBody"],"picked":"Alpha","floor":10},{"not_picked":["PathToVictory","EmptyBody"],"picked":"Wireheading","floor":14},{"not_picked":["SpiritShield","Scrawl"],"picked":"Judgement","floor":16},{"not_picked":["ClearTheMind","JustLucky","ReachHeaven+1"],"picked":"SKIP","floor":18},{"not_picked":["Swivel","FollowUp"],"picked":"SignatureMove","floor":20},{"not_picked":["Crescendo","SandsOfTime+1","CrushJoints+1"],"picked":"SKIP","floor":24},{"not_picked":["BowlingBash","SashWhip"],"picked":"SpiritShield","floor":27},{"not_picked":["FlurryOfBlows","Protect","Collect"],"picked":"SKIP","floor":29},{"not_picked":["ClearTheMind","WreathOfFlame"],"picked":"Study+1","floor":31},{"not_picked":["MasterReality","SpiritShield"],"picked":"Vault","floor":33},{"not_picked":["CarveReality","Consecrate"],"picked":"ClearTheMind+1","floor":35},{"not_picked":["Swivel","JustLucky+1"],"picked":"SandsOfTime","floor":38},{"not_picked":["Consecrate+1","FlurryOfBlows+1"],"picked":"Omniscience","floor":44},{"not_picked":["PathToVictory","EmptyBody"],"picked":"Indignation","floor":46},{"not_picked":["Collect+1","Wireheading+1"],"picked":"WaveOfTheHand+1","floor":47}],"player_experience":8747582,"relics_obtained":[],"event_choices":[{"damage_healed":0,"gold_gain":0,"player_choice":"Donut","damage_taken":0,"max_hp_gain":5,"max_hp_loss":0,"event_name":"Big Fish","floor":2,"gold_loss":0},{"damage_healed":0,"gold_gain":0,"cards_transformed":["Strike_P"],"player_choice":"Change","damage_taken":0,"max_hp_gain":0,"max_hp_loss":0,"event_name":"Living Wall","floor":4,"gold_loss":0,"cards_obtained":["LikeWater"]},{"cards_removed":["Defend_P"],"damage_healed":0,"gold_gain":0,"player_choice":"Card Removal","damage_taken":7,"max_hp_gain":0,"max_hp_loss":0,"event_name":"Golden Wing","floor":11,"gold_loss":0},{"damage_healed":0,"gold_gain":0,"player_choice":"Ignored","damage_taken":0,"max_hp_gain":0,"max_hp_loss":0,"event_name":"The Mausoleum","floor":19,"gold_loss":0},{"cards_removed":["Strike_P"],"damage_healed":0,"gold_gain":0,"player_choice":"Elegance","damage_taken":0,"max_hp_gain":0,"max_hp_loss":0,"event_name":"Back to Basics","floor":21,"gold_loss":0},{"damage_healed":0,"gold_gain":0,"player_choice":"Ignored","damage_taken":0,"max_hp_gain":0,"max_hp_loss":0,"event_name":"NoteForYourself","floor":22,"gold_loss":0},{"damage_healed":0,"gold_gain":0,"player_choice":"Embrace Madness","damage_taken":10,"max_hp_gain":0,"max_hp_loss":0,"event_name":"Winding Halls","floor":37,"gold_loss":0,"cards_obtained":["Madness","Madness"]},{"damage_healed":0,"gold_gain":0,"player_choice":"Ignored","damage_taken":0,"max_hp_gain":0,"max_hp_loss":0,"event_name":"Mysterious Sphere","floor":41,"gold_loss":0},{"damage_healed":0,"gold_gain":0,"player_choice":"Ignored","damage_taken":0,"max_hp_gain":0,"max_hp_loss":0,"event_name":"SecretPortal","floor":42,"gold_loss":0},{"damage_healed":0,"gold_gain":0,"player_choice":"Ignored","damage_taken":0,"max_hp_gain":0,"max_hp_loss":0,"event_name":"WeMeetAgain","floor":48,"gold_loss":0}],"is_beta":false,"boss_relics":[{"not_picked":[]},{"not_picked":[]}],"items_purged_floors":[13],"is_endless":false,"potions_floor_spawned":[3,7,16,18,24,31,35,44,46],"killed_by":"Donu and Deca","ascension_level":0}}