{"host":"8d5lz1qub9wfpdii","time":1611818411,"event":{"mods":["2.2 Compatiblity","AchievementEnabler","Act Like it!","Arknights The Spire","Aspiration","BaseMod","Beaked The Cultist","Bestiary","Better Altar","Better Match","Better Note","Better Skull","Better Third Choice","BetterRewards","Colored Powertips","Conspire","Downfall","Friendly Minions","GifTheSpireLib","Hallownest","Hermit","Hubris","Infinite Spire","Jorbs\u0027s Wanderer Trilogy","Minty Spire (QoL Compilation)","RNG Fix","Relic Stats","Replay The Spire","Shade Mod","Shop Mod","Spicy Shops","Spire Arcade","StSLib","Stuff the Spire","The Animator","The Blackbeard","The Bug Knight","The Clintock","The Forsaken","The Hayseed","The Hierophant","The Necromancer","The Runesmith","The Servant 0.9.4","Uncapped","Wandering Minibosses"],"gold_per_floor":[15,15,34,34,57,94,110,110,110,129,157,264,47,53,53],"floor_reached":14,"language":"ENG","playtime":553,"items_purged":[],"score":97,"play_id":"05301a7d-b97e-4250-991e-70cc2eb58040","local_time":"20210128175011","is_ascension_mode":true,"campfire_choices":[],"circlet_count":0,"master_deck":["beaked:Strike_Y","beaked:Strike_Y","beaked:Strike_Y","beaked:Strike_Y","beaked:Strike_Y","beaked:Strike_Y","beaked:Defend_Y","beaked:Defend_Y","beaked:Defend_Y","beaked:Defend_Y","beaked:Ceremony","beaked:Ceremony","beaked:Ceremony","Master of Strategy","beaked:Evade","beaked:HuntressSpirit","beaked:MachineSpirit","beaked:TuckingFeathers","beaked:CrazyRituals"],"relics":["beaked:MendingPlumage","hubris:FunFungus","Replay:Bandana","Pantograph","FossilizedHelix","Pen Nib","MerchantsRug"],"acts_visited":["Exordium"],"potions_floor_usage":[11,14,14],"damage_taken":[{"damage":7,"enemies":"2 Louse","floor":1,"turns":4},{"damage":11,"enemies":"Jaw Worm","floor":3,"turns":5},{"damage":23,"enemies":"infinitespire:Voidling","floor":5,"turns":5},{"damage":21,"enemies":"Lagavulin","floor":6,"turns":7},{"damage":18,"enemies":"Exordium Wildlife","floor":7,"turns":6},{"damage":12,"enemies":"Gremlin Gang","floor":10,"turns":7},{"damage":19,"enemies":"Looter","floor":11,"turns":4},{"damage":35,"enemies":"3 Sentries","floor":14,"turns":4}],"seed_played":"8438300697605311749","potions_obtained":[{"floor":1,"key":"GamblersBrew"},{"floor":3,"key":"Weak Potion"},{"floor":7,"key":"Swift Potion"},{"floor":11,"key":"Strength Potion"}],"is_trial":false,"path_per_floor":["M","?","M","?","M","E","M","?","T","M","M","?","$","E"],"character_chosen":"BEAKED_THE_CULTIST","items_purchased":["beaked:CrazyRituals","MerchantsRug"],"campfire_rested":0,"item_purchase_floors":[13,13],"current_hp_per_floor":[47,47,48,48,48,41,44,44,44,50,35,20,20,0,0],"gold":53,"neow_bonus":"RANDOM_COLORLESS_2","is_daily":false,"chose_seed":false,"campfire_upgraded":0,"win_rate":0.0,"timestamp":1611818411,"path_taken":["M","?","?","?","M","E","M","?","T","?","M","?","$","E"],"items_purchased_type":["Card","Relic"],"build_version":"2020-12-22","purchased_purges":0,"victory":false,"max_hp_per_floor":[50,50,50,50,50,50,50,50,50,50,50,50,50,50,50],"relic_stats":{"counters":[8,42],"Pantograph":0,"Pen Nib":[0],"obtain_stats":[{"MerchantsRug":13,"Replay:Bandana":4,"Pantograph":6,"hubris:FunFungus":2,"Pen Nib":12,"beaked:MendingPlumage":0,"FossilizedHelix":9},{"MerchantsRug":7,"Replay:Bandana":2,"Pantograph":4,"hubris:FunFungus":1,"Pen Nib":7,"beaked:MendingPlumage":0,"FossilizedHelix":5},{"MerchantsRug":38,"Replay:Bandana":9,"Pantograph":21,"hubris:FunFungus":4,"Pen Nib":38,"beaked:MendingPlumage":0,"FossilizedHelix":27}]},"card_choices":[{"not_picked":["Secret Weapon","Chrysalis"],"picked":"Master of Strategy","floor":0},{"not_picked":["beaked:DigDeep","beaked:Daydream","beaked:MimicHuntress"],"picked":"SKIP","floor":1},{"not_picked":["beaked:HuntressEssence","beaked:BraceForImpact"],"picked":"beaked:Evade","floor":3},{"not_picked":["beaked:CursingBlood","beaked:StunningBlow","beaked:WarriorEssence"],"picked":"SKIP","floor":5},{"not_picked":["beaked:Roost","beaked:MimicHuntress"],"picked":"beaked:HuntressSpirit","floor":6},{"not_picked":["beaked:LiftOff","beaked:Pecker"],"picked":"beaked:MachineSpirit","floor":7},{"not_picked":["beaked:Overpower","beaked:BloodRitual","beaked:MachineSpirit"],"picked":"SKIP","floor":10},{"not_picked":["beaked:Struggle","beaked:CursingBlood"],"picked":"beaked:TuckingFeathers","floor":11}],"player_experience":99555,"relics_obtained":[{"floor":4,"key":"Replay:Bandana"},{"floor":6,"key":"Pantograph"},{"floor":9,"key":"FossilizedHelix"}],"event_choices":[{"damage_healed":0,"gold_gain":0,"player_choice":"Gave Potion","damage_taken":0,"relics_obtained":["hubris:FunFungus"],"max_hp_gain":0,"max_hp_loss":0,"event_name":"WeMeetAgain","floor":2,"gold_loss":0},{"damage_healed":0,"gold_gain":107,"player_choice":"RE GO ","damage_taken":18,"relics_obtained":["Pen Nib"],"max_hp_gain":0,"max_hp_loss":0,"event_name":"betterSkull:BetterSkull","floor":12,"gold_loss":0,"cards_upgraded":[]}],"is_beta":false,"boss_relics":[],"items_purged_floors":[],"is_endless":false,"potions_floor_spawned":[1,3,7,11],"killed_by":"3 Sentries","ascension_level":1}}