{"host":"o6j8h35axmoodbwy","time":1611837442,"event":{"mods":["2.2 Compatiblity","Act Like it!","BaseMod","Colored Map","Colored Powertips","Gensokyo","Marisa（霧雨　魔理沙）","Minty Spire (QoL Compilation)","Prisma Mod","Quick Restart","Shop Mod","StSLib","SuperFastMode","Td1madao Mod","Youmu（魂魄妖梦）"],"gold_per_floor":[116,28,28,38,38,69,69,80,104,123,149,160,160,172,172,246,246,264,279,297,31,0,0,29,45,45,65,81,99,112,37,37,109,159,173,1172,581,581,597,597,192,211,238,238,254,254,268,4,4,4],"floor_reached":51,"language":"JPN","playtime":2920,"items_purged":["Normality","Strike_R"],"score":1369,"play_id":"251fd0cd-7b80-43f8-b49c-159a9a4ba91f","local_time":"20210128213722","is_ascension_mode":true,"campfire_choices":[{"data":"Bash","floor":7,"key":"SMITH"},{"data":"Heavy Blade","floor":13,"key":"SMITH"},{"data":"Power Through","floor":15,"key":"SMITH"},{"floor":23,"key":"REST"},{"floor":32,"key":"REST"},{"data":"Apotheosis","floor":40,"key":"SMITH"},{"data":"Berserk","floor":44,"key":"SMITH"},{"floor":49,"key":"REST"}],"circlet_count":0,"master_deck":["AscendersBane","Strike_R","Strike_R","Defend_R","Defend_R","Defend_R","Defend_R","Bash+1","Clothesline","Fire Breathing+1","Power Through+1","Sword Boomerang+1","Shockwave","Spot Weakness","Heavy Blade+1","Power Through","Shrug It Off","Impervious","Seeing Red","Evolve","True Grit","Burning Pact","Feel No Pain","Body Slam","Berserk+1","Entrench","Apotheosis+1","Good Instincts","Juggernaut","Impervious"],"relics":["Burning Blood","NeowsBlessing","PreservedInsect","Anchor","Red Skull","Strawberry","Mark of Pain","Oddly Smooth Stone","Bottled Lightning","Mercury Hourglass","Tiny House","Lantern","Potion Belt","Akabeko"],"acts_visited":["Exordium","TheCity","TheBeyond"],"potions_floor_usage":[16,16,19,19,27,29,30,33,42,50,50,50,50,50,50,50],"damage_taken":[{"damage":0,"enemies":"Jaw Worm","floor":1,"turns":1},{"damage":0,"enemies":"2 Louse","floor":4,"turns":1},{"damage":0,"enemies":"3 Sentries","floor":6,"turns":2},{"damage":0,"enemies":"Small Slimes","floor":8,"turns":4},{"damage":18,"enemies":"2 Fungi Beasts","floor":10,"turns":5},{"damage":22,"enemies":"Lagavulin","floor":11,"turns":7},{"damage":8,"enemies":"Blue Slaver","floor":12,"turns":6},{"damage":14,"enemies":"Exordium Thugs","floor":14,"turns":4},{"damage":21,"enemies":"Slime Boss","floor":16,"turns":7},{"damage":20,"enemies":"Spheric Guardian","floor":18,"turns":5},{"damage":1,"enemies":"3 Byrds","floor":19,"turns":4},{"damage":25,"enemies":"Shelled Parasite and Fungi","floor":20,"turns":10},{"damage":44,"enemies":"Book of Stabbing","floor":24,"turns":8},{"damage":0,"enemies":"Snecko","floor":25,"turns":4},{"damage":0,"enemies":"Chosen and Byrds","floor":27,"turns":3},{"damage":21,"enemies":"Shelled Parasite and Fungi","floor":28,"turns":7},{"damage":0,"enemies":"Centurion and Healer","floor":29,"turns":6},{"damage":2,"enemies":"Snake Plant","floor":30,"turns":5},{"damage":0,"enemies":"Automaton","floor":33,"turns":12},{"damage":0,"enemies":"Orb Walker","floor":35,"turns":4},{"damage":7,"enemies":"3 Shapes","floor":39,"turns":7},{"damage":17,"enemies":"Spire Growth","floor":42,"turns":8},{"damage":12,"enemies":"3 Darklings","floor":45,"turns":7},{"damage":16,"enemies":"Sphere and 2 Shapes","floor":47,"turns":6},{"damage":19,"enemies":"Time Eater","floor":50,"turns":8}],"seed_played":"-6811335041290949807","potions_obtained":[{"floor":10,"key":"Dexterity Potion"},{"floor":12,"key":"Weak Potion"},{"floor":16,"key":"Explosive Potion"},{"floor":18,"key":"Fire Potion"},{"floor":20,"key":"EssenceOfSteel"},{"floor":25,"key":"Fire Potion"},{"floor":28,"key":"Block Potion"},{"floor":29,"key":"PowerPotion"},{"floor":30,"key":"Explosive Potion"},{"floor":34,"key":"SpeedPotion"},{"floor":45,"key":"LiquidBronze"},{"floor":47,"key":"Regen Potion"}],"is_trial":false,"path_per_floor":["M","$","?","M","?","E","R","M","T","M","E","M","R","M","R","B",null,"M","M","M","$","?","R","E","M","T","M","M","M","M","?","R","B",null,"M","?","$","?","M","R","$","M","T","R","M","?","M","$","R","B",null],"character_chosen":"IRONCLAD","items_purchased":["Fire Breathing","Evolve","Oddly Smooth Stone","True Grit","Entrench","Apotheosis","Lantern","Good Instincts","Potion Belt","Strength Potion","LiquidMemories","Impervious","EntropicBrew"],"campfire_rested":3,"item_purchase_floors":[2,21,21,21,37,37,37,37,41,41,41,48,48],"current_hp_per_floor":[74,74,69,75,68,74,74,75,75,63,54,52,52,44,44,29,69,55,60,41,41,41,65,27,33,33,39,24,30,34,34,58,64,83,87,87,87,87,86,86,86,75,75,75,69,69,59,59,85,77],"gold":4,"neow_bonus":"THREE_ENEMY_KILL","is_daily":false,"chose_seed":false,"campfire_upgraded":5,"win_rate":0.0,"timestamp":1611837442,"path_taken":["M","$","?","M","?","E","R","M","T","M","E","M","R","M","R","BOSS","M","M","M","$","?","R","E","M","T","M","M","M","M","?","R","BOSS","M","?","$","?","M","R","$","?","T","R","M","?","?","?","R","BOSS"],"items_purchased_type":["Card","Card","Relic","Card","Card","Card","Relic","Card","Relic","Potion","Potion","Card","Potion"],"build_version":"2020-12-22","purchased_purges":2,"victory":true,"max_hp_per_floor":[75,75,75,75,75,75,75,75,75,75,82,82,82,82,82,82,82,82,82,82,82,82,82,82,82,82,82,82,82,82,82,82,82,87,87,87,87,87,87,87,87,87,87,87,87,87,87,87,87,87],"card_choices":[{"not_picked":["Body Slam","Perfected Strike"],"picked":"Clothesline","floor":1},{"not_picked":["Disarm","Carnage"],"picked":"Power Through","floor":4},{"not_picked":["Clash","Armaments"],"picked":"Sword Boomerang","floor":6},{"not_picked":["Rage","Dark Embrace"],"picked":"Shockwave","floor":8},{"not_picked":["True Grit","Whirlwind"],"picked":"Spot Weakness","floor":10},{"not_picked":["Anger","Pummel"],"picked":"Heavy Blade","floor":11},{"not_picked":["Clash","Metallicize"],"picked":"Power Through","floor":12},{"not_picked":["Dropkick","Perfected Strike"],"picked":"Shrug It Off","floor":14},{"not_picked":["Brutality","Fiend Fire"],"picked":"Impervious","floor":16},{"not_picked":["Clash","Warcry"],"picked":"Seeing Red","floor":18},{"not_picked":["Combust","Anger","Clash"],"picked":"SKIP","floor":19},{"not_picked":["Wild Strike","Clash","Perfected Strike"],"picked":"SKIP","floor":20},{"not_picked":["Brutality","Armaments","Flex"],"picked":"SKIP","floor":24},{"not_picked":["Warcry","Clothesline","Dual Wield"],"picked":"SKIP","floor":25},{"not_picked":["Sword Boomerang+1","Spot Weakness"],"picked":"Burning Pact","floor":27},{"not_picked":["Heavy Blade","Bloodletting","Headbutt"],"picked":"SKIP","floor":28},{"not_picked":["Sever Soul","Clash"],"picked":"Feel No Pain","floor":29},{"not_picked":["Uppercut+1","Disarm"],"picked":"Body Slam","floor":30},{"not_picked":["Feed","Brutality"],"picked":"Berserk","floor":33},{"not_picked":["Rage+1","Warcry","Dark Embrace"],"picked":"SKIP","floor":35},{"not_picked":["Perfected Strike","Feel No Pain","Clothesline+1"],"picked":"SKIP","floor":39},{"not_picked":["Headbutt+1","Wild Strike+1","Pommel Strike"],"picked":"SKIP","floor":42},{"not_picked":["Thunderclap","Carnage","Anger"],"picked":"SKIP","floor":45},{"not_picked":["Cleave","Wild Strike"],"picked":"Juggernaut","floor":47}],"player_experience":614061,"relics_obtained":[{"floor":6,"key":"Anchor"},{"floor":9,"key":"Red Skull"},{"floor":11,"key":"Strawberry"},{"floor":24,"key":"Bottled Lightning"},{"floor":26,"key":"Mercury Hourglass"},{"floor":43,"key":"Akabeko"}],"event_choices":[{"damage_healed":0,"gold_gain":0,"player_choice":"Success","damage_taken":5,"relics_obtained":["PreservedInsect"],"max_hp_gain":0,"max_hp_loss":0,"event_name":"Scrap Ooze","floor":3,"gold_loss":0},{"cards_removed":["Strike_R"],"damage_healed":0,"gold_gain":0,"player_choice":"Card Removal","damage_taken":7,"max_hp_gain":0,"max_hp_loss":0,"event_name":"Golden Wing","floor":5,"gold_loss":0},{"damage_healed":0,"gold_gain":0,"player_choice":"Paid Fearfully","damage_taken":0,"max_hp_gain":0,"max_hp_loss":0,"event_name":"Masked Bandits","floor":22,"gold_loss":31},{"cards_removed":["Strike_R"],"damage_healed":0,"gold_gain":0,"player_choice":"Gave Gold","damage_taken":0,"max_hp_gain":0,"max_hp_loss":0,"event_name":"Beggar","floor":31,"gold_loss":75},{"damage_healed":0,"gold_gain":999,"player_choice":"Gold","damage_taken":0,"max_hp_gain":0,"max_hp_loss":0,"event_name":"MindBloom","floor":36,"gold_loss":0,"cards_obtained":["Normality","Normality"]},{"cards_removed":["Normality"],"damage_healed":0,"gold_gain":0,"player_choice":"Card Removal","damage_taken":0,"max_hp_gain":0,"max_hp_loss":0,"event_name":"Wheel of Change","floor":38,"gold_loss":0},{"damage_healed":0,"gold_gain":0,"player_choice":"Forge","damage_taken":0,"max_hp_gain":0,"max_hp_loss":0,"event_name":"Accursed Blacksmith","floor":46,"gold_loss":0,"cards_upgraded":["Fire Breathing"]}],"is_beta":false,"boss_relics":[{"not_picked":["SlaversCollar","Runic Dome"],"picked":"Mark of Pain"},{"not_picked":["Black Star","Coffee Dripper"],"picked":"Tiny House"}],"items_purged_floors":[37,41],"is_endless":false,"potions_floor_spawned":[10,12,16,18,20,25,28,29,30,45,47],"ascension_level":16}}