{"host":"u21q392b5xaj11fl","time":1611837582,"event":{"mods":["2.2 Compatiblity","Bard","BaseMod","Better Note","Colored Map","Colored Powertips","Conspire","Custom Start","Downfall","Faster Ascension Climbing","GifTheSpireLib","Gremlin Skip","Highlight Path","Hubris","Infinite Spire","Mad Scientist","Marisa????????","Mimic Mod","Minty Spire (QoL Compilation)","Monster B Gone","Permanent Neow","Potionbrewer","Quick Restart","READ ME - Guardian Mod","Relic Sorter","Replay The Spire","Shop Mod","Somnambulant","StSLib","Stuff the Spire","SuperFastMode","The Construct","The Disciple","The Servant 0.9.4"],"gold_per_floor":[214,71,71,71,83,83,115,115,184,184,184,275,321,352,352,493,493,553,553,553,574,574,574,628,628,628,201,224,277,277,309,309,454,454,511,591,691,776,201,320,386,386,411,530,638,638,638,771,771,811,811,811,125,233,288,288,288],"floor_reached":55,"language":"ENG","playtime":4999,"items_purged":["sneckomod:Memorize","sneckomod:Strike+1"],"score":1867,"play_id":"4a97a71f-7893-437c-9683-81903c8a77b4","local_time":"20210128063942","is_ascension_mode":true,"campfire_choices":[{"data":"sneckomod:UnknownX","floor":6.0,"key":"SMITH"},{"data":"sneckomod:GlitteringGambit","floor":8.0,"key":"SMITH"},{"data":"sneckomod:Unknown","floor":11.0,"key":"SMITH"},{"data":"Reprogram","floor":15.0,"key":"SMITH"},{"data":"infinitespire:SevenWalls","floor":23.0,"key":"SMITH"},{"data":"RealityMarble","floor":25.0,"key":"SMITH"},{"floor":32.0,"key":"REST"},{"data":"sneckomod:UnendingSupply","floor":42,"key":"SMITH"},{"floor":49,"key":"RECALL"},{"data":"sneckomod:SerpentMind","floor":52,"key":"SMITH"}],"circlet_count":0,"master_deck":["AscendersBane","sneckomod:Strike+1","sneckomod:Strike+1","sneckomod:Defend+1","sneckomod:Defend+1","sneckomod:Defend+1","sneckomod:TailWhip","sneckomod:SnekBite","sneckomod:Unknown+1","sneckomod:Unknown","sneckomod:QuickBite","sneckomod:UnknownX+1","sneckomod:GlitteringGambit+1","Reprogram+1","sneckomod:UnknownBlock","RealityMarble+1","infinitespire:SevenWalls+1","ClearTheMind","sneckomod:UnendingSupply+1","sneckomod:ImprovisedGuard","sneckomod:WideSting","CutThroughFate","sneckomod:SerpentMind+1","sneckomod:SoulDraw","SashWhip","sneckomod:MixItUp+1","CutThroughFate","Replay:Hum","Master of Strategy","Poisoned Strike","hubris:EnhanceAbility","Discovery","sneckomod:CheapStock"],"relics":["sneckomod:SneckoSoul","hubris:Icosahedron","infinitespire:Satchel","m_SnakeBloodCore","Blood Vial","hubris:MobiusCoin","StuffTheSpire:HeavyRock","hubris:DisguiseKit","infinitespire:ShieldingShard","hubris:ToyBattleship","infinitespire:EmpoweringShard","MerchantsRug","Replay:Mystery Machine","Boot","infinitespire:EvilPickle","ChewingGum","Nunchaku","Replay:Bandana","Lee\u0027s Waffle","PreservedInsect","Anchor","Ancient Tea Set","Pocketwatch","ReplayTheSpireMod:ShopPack","Replay:Wax Seal"],"acts_visited":["Exordium","TheCity","TheBeyond","TheEnding"],"potions_floor_usage":[38,45,50,55,55,55],"damage_taken":[{"damage":1.0,"enemies":"Cultist","floor":1.0,"turns":3.0},{"damage":0.0,"enemies":"Jaw Worm","floor":5.0,"turns":2.0},{"damage":25.0,"enemies":"3 Sentries","floor":7.0,"turns":7.0},{"damage":10.0,"enemies":"Small Slimes","floor":12.0,"turns":3.0},{"damage":1.0,"enemies":"Lagavulin","floor":13.0,"turns":6.0},{"damage":0.0,"enemies":"Red Slaver","floor":14.0,"turns":5.0},{"damage":0.0,"enemies":"Slime Boss","floor":16.0,"turns":6.0},{"damage":33.0,"enemies":"2 Thieves","floor":18.0,"turns":4.0},{"damage":15.0,"enemies":"3 Byrds","floor":21.0,"turns":6.0},{"damage":21.0,"enemies":"Snake Plant","floor":28.0,"turns":3.0},{"damage":0.0,"enemies":"Gremlin Leader","floor":29.0,"turns":8.0},{"damage":21.0,"enemies":"Book of Stabbing","floor":31.0,"turns":5.0},{"damage":2.0,"enemies":"Pondfish","floor":33.0,"turns":8.0},{"damage":0,"enemies":"3 Shapes","floor":35,"turns":3},{"damage":0,"enemies":"Orb Walker","floor":36,"turns":3},{"damage":5,"enemies":"Jaw Worm Horde","floor":38,"turns":4},{"damage":0,"enemies":"R_Hoarder","floor":40,"turns":6},{"damage":21,"enemies":"Maw","floor":41,"turns":7},{"damage":0,"enemies":"Giant Head","floor":44,"turns":7},{"damage":0,"enemies":"Writhing Mass","floor":45,"turns":7},{"damage":12,"enemies":"Sphere and 2 Shapes","floor":48,"turns":4},{"damage":3,"enemies":"Time Eater","floor":50,"turns":11},{"damage":0,"enemies":"Shield and Spear","floor":54,"turns":4},{"damage":97,"enemies":"The Heart","floor":55,"turns":5}],"seed_played":"-8992323938634585081","potions_obtained":[{"floor":1.0,"key":"Guardian:BlockOnCardUsePotion"},{"floor":12.0,"key":"Explosive Potion"},{"floor":21.0,"key":"Toxic Potion"},{"floor":28.0,"key":"Elixir"},{"floor":31.0,"key":"Block Potion"},{"floor":36,"key":"AttackPotion"},{"floor":38,"key":"Ancient Potion"},{"floor":41,"key":"SpeedPotion"}],"is_trial":false,"path_per_floor":["M","$","?","?","M","R","E","R","T","?","R","M","E","M","R","B",null,"M","?","AVR","M","?","R","T","R","T","$","M","E","?","E","R","B",null,"M","M","?","M","$","E","M","R","T","E","M","?","?","M","R","B",null,"R","$","E","B"],"character_chosen":"THE_SNECKO","items_purchased":["infinitespire:Satchel","sneckomod:UnendingSupply","infinitespire:EmpoweringShard","sneckomod:ImprovisedGuard","MerchantsRug","sneckomod:WideSting","sneckomod:MixItUp+1","Nunchaku","Replay:Bandana","Lee\u0027s Waffle","Master of Strategy","Pocketwatch","ReplayTheSpireMod:ShopPack","sneckomod:MuddlingPotion","Weak Potion","Toxic Potion"],"campfire_rested":1,"item_purchase_floors":[2,27,27,27,27,27,39,39,39,39,53,53,53,53,53,53],"current_hp_per_floor":[82,82,82,82,85,85,63,63,63,63,63,58,62,67,67,72,86,58,58,58,48,48,48,48,48,48,48,32,37,37,21,48,51,80,85,90,90,88,97,97,79,79,79,84,89,89,89,82,82,84,94,94,94,97,0,0,0],"gold":288,"neow_bonus":"HUNDRED_GOLD","is_daily":false,"chose_seed":false,"campfire_upgraded":8,"win_rate":0.0,"timestamp":1611837582,"path_taken":["M","$","?","?","M","R","E","R","T","?","R","M","E","?","R","BOSS","M","?","AVR","M","?","R","?","R","T","$","M","E","?","E","R","BOSS","M","M","?","?","$","E","M","R","T","E","M","?","?","M","R","BOSS","R","$","E","BOSS"],"items_purchased_type":["Relic","Card","Relic","Card","Relic","Card","Card","Relic","Relic","Relic","Card","Relic","Relic","Potion","Potion","Potion"],"build_version":"2020-12-22","purchased_purges":2,"victory":false,"max_hp_per_floor":[90,90,90,90,90,90,90,90,90,90,90,90,90,90,90,90,90,90,90,90,90,90,90,90,90,90,90,90,90,90,90,90,90,90,90,90,90,90,97,97,97,97,97,97,97,97,97,97,97,97,97,97,97,97,97,97,97],"card_choices":[{"not_picked":["sneckomod:SoulRoll","sneckomod:UnknownCommonSkill"],"picked":"sneckomod:QuickBite","floor":1.0},{"not_picked":["sneckomod:SnekBeam","Infernal Blade"],"picked":"sneckomod:UnknownX","floor":5.0},{"not_picked":["sneckomod:RainOfDice","sneckomod:DiceBoulder"],"picked":"sneckomod:GlitteringGambit","floor":7.0},{"not_picked":["ReplayTheSpireMod:GoodbyeWorld","sneckomod:RainOfDice"],"picked":"Reprogram","floor":12.0},{"not_picked":["sneckomod:RainOfDice","Seek"],"picked":"sneckomod:UnknownBlock","floor":13.0},{"not_picked":["sneckomod:DiceCrush","sneckomod:UnknownBlock"],"picked":"sneckomod:Memorize","floor":14.0},{"not_picked":["sneckomod:DiceBlock","sneckomod:DiceCrush+1","Adaptation"],"picked":"sneckomod:Nope","floor":18.0},{"not_picked":["sneckomod:UnknownDraw","sneckomod:QuickMove","sneckomod:UnknownDexterity"],"picked":"ClearTheMind","floor":21.0},{"not_picked":["sneckomod:Unknown1Cost","sneckomod:UnknownBlock","sneckomod:CheapStock","BattleHymn"],"picked":"SKIP","floor":28.0},{"not_picked":["sneckomod:RainOfDice","sneckomod:UnknownBlock+1","sneckomod:Unknown3Cost"],"picked":"CutThroughFate","floor":29.0},{"not_picked":["sneckomod:UnknownStrike","sneckomod:UnknownWeak","sneckomod:UnknownUncommonSkill","Prostrate"],"picked":"SKIP","floor":31.0},{"not_picked":["sneckomod:Unknown3Cost","sneckomod:MorePower","Alpha"],"picked":"sneckomod:SerpentMind","floor":33.0},{"not_picked":["sneckomod:QuickMove+1","sneckomod:UnknownUncommonAttack","FlurryOfBlows"],"picked":"sneckomod:SoulDraw","floor":35},{"not_picked":["sneckomod:MasterEye","sneckomod:DiceCrush","sneckomod:SoulDraw"],"picked":"SashWhip","floor":36},{"not_picked":["sneckomod:UnknownDraw+1","sneckomod:SlitherStrike+1","sneckomod:UnknownUncommonPower","CrushJoints"],"picked":"SKIP","floor":38},{"not_picked":["sneckomod:SerpentMind","sneckomod:DiceCrush","sneckomod:WideSting+1"],"picked":"CutThroughFate","floor":40},{"not_picked":["sneckomod:SoulRoll","sneckomod:SoulDraw","sneckomod:MixItUp","Replay:AtTheReady"],"picked":"SKIP","floor":41},{"not_picked":["sneckomod:Mudshield","sneckomod:SoulRoll","sneckomod:MorePower","BattleHymn"],"picked":"SKIP","floor":44},{"not_picked":["sneckomod:MixItUp","sneckomod:UnknownStrength","sneckomod:SoulDraw"],"picked":"Replay:Hum","floor":45},{"not_picked":["sneckomod:IronFang","sneckomod:ImprovisedGuard","sneckomod:UnknownBlock","Replay:Battleflow"],"picked":"SKIP","floor":48},{"not_picked":["Secret Technique","Secret Weapon","Metamorphosis"],"picked":"Poisoned Strike","floor":53},{"not_picked":["Replay:Parry","Dark Shackles","PanicButton"],"picked":"hubris:EnhanceAbility","floor":53},{"not_picked":["Survey Options","Blind","Swift Strike"],"picked":"Discovery","floor":53},{"not_picked":["sneckomod:UnknownCommonSkill","sneckomod:UnknownBlock","Consecrate"],"picked":"sneckomod:CheapStock","floor":54}],"player_experience":198218,"relics_obtained":[{"floor":7.0,"key":"Blood Vial"},{"floor":9.0,"key":"hubris:MobiusCoin"},{"floor":13.0,"key":"StuffTheSpire:HeavyRock"},{"floor":24.0,"key":"hubris:ToyBattleship"},{"floor":29.0,"key":"Replay:Mystery Machine"},{"floor":31.0,"key":"Boot"},{"floor":40,"key":"PreservedInsect"},{"floor":43,"key":"Anchor"},{"floor":44,"key":"Ancient Tea Set"},{"floor":54,"key":"Replay:Wax Seal"}],"event_choices":[{"cards_removed":["sneckomod:GlitteringGambit"],"damage_healed":0.0,"max_hp_gain":0.0,"max_hp_loss":0.0,"gold_gain":0.0,"event_name":"betterNote:BetterNote","player_choice":"Take \u0026 Give","floor":19.0,"gold_loss":0.0,"damage_taken":0.0,"cards_obtained":["RealityMarble"]},{"damage_healed":0,"gold_gain":100,"player_choice":"Pray","damage_taken":0,"max_hp_gain":0,"max_hp_loss":0,"event_name":"Golden Shrine","floor":37,"gold_loss":0},{"damage_healed":0,"gold_gain":0,"player_choice":"Ignored","damage_taken":0,"max_hp_gain":0,"max_hp_loss":0,"event_name":"OrinTheCat","floor":46,"gold_loss":0},{"cards_removed":["sneckomod:Nope"],"damage_healed":0,"gold_gain":0,"player_choice":"Removed Skill","damage_taken":0,"max_hp_gain":0,"max_hp_loss":0,"event_name":"Falling","floor":47,"gold_loss":0}],"is_beta":false,"boss_relics":[{"not_picked":["Velvet Choker","Ring of Chaos"],"picked":"hubris:Backtick"},{"not_picked":["Kintsugi","hubris:BlackHole"],"picked":"ChewingGum"}],"items_purged_floors":[20,39],"is_endless":false,"potions_floor_spawned":[1,12,21,28,31,36,38,41,44],"killed_by":"The Heart","ascension_level":13}}