{"host":"jwbw4f4imxd0v0b0","time":1611800668,"event":{"mods":["BaseMod","Colored Map","Highlight Path","Minty Spire (QoL Compilation)","Relic Stats","StSLib"],"gold_per_floor":[119,194,194,194,205,231,231,248,248,266,266,308,317,23,23,127,127,149,149,164,89,4,4,339,365,365,365,391,409,409,434,434,537,564,580,600,133,152,172,172,172],"floor_reached":40,"language":"ENG","playtime":2296,"items_purged":["Pain","Strike_B"],"score":631,"play_id":"fbe9e6b8-2b99-4754-863d-842340c15f43","local_time":"20210127202428","is_ascension_mode":true,"campfire_choices":[{"floor":7.0,"key":"REST"},{"data":"Loop","floor":11.0,"key":"SMITH"},{"floor":15.0,"key":"REST"},{"data":"Ball Lightning","floor":23,"key":"SMITH"},{"data":"Loop","floor":32,"key":"SMITH"}],"circlet_count":0,"master_deck":["Defend_B","Defend_B","Defend_B","Defend_B","Zap","Dualcast","Echo Form+1","Barrage+1","Undo","Ball Lightning+1","Turbo","Loop+1","Steam","Echo Form","Cold Snap","Coolheaded","Static Discharge","Loop+1","Steam+1","Streamline+1","Tempest+1","Capacitor"],"relics":["Cracked Core","HornCleat","Darkstone Periapt","CeramicFish","WarpedTongs","Bird Faced Urn","Philosopher\u0027s Stone","Shuriken","Ornamental Fan","Old Coin","StrikeDummy","Astrolabe","Strawberry","ClockworkSouvenir"],"acts_visited":["Exordium","TheCity","TheBeyond"],"potions_floor_usage":[20,29,38,39],"damage_taken":[{"damage":0.0,"enemies":"2 Louse","floor":1.0,"turns":2.0},{"damage":0.0,"enemies":"Small Slimes","floor":5.0,"turns":2.0},{"damage":32.0,"enemies":"Gremlin Nob","floor":6.0,"turns":4.0},{"damage":7.0,"enemies":"Jaw Worm","floor":8.0,"turns":3.0},{"damage":3.0,"enemies":"Gremlin Gang","floor":10.0,"turns":4.0},{"damage":16.0,"enemies":"3 Sentries","floor":12.0,"turns":7.0},{"damage":16.0,"enemies":"Slime Boss","floor":16.0,"turns":9.0},{"damage":14.0,"enemies":"Chosen","floor":18.0,"turns":5.0},{"damage":1,"enemies":"Spheric Guardian","floor":20,"turns":5},{"damage":53,"enemies":"Book of Stabbing","floor":24,"turns":8},{"damage":0,"enemies":"Snecko","floor":25,"turns":4},{"damage":13,"enemies":"Cultist and Chosen","floor":28,"turns":5},{"damage":16,"enemies":"Shelled Parasite and Fungi","floor":29,"turns":7},{"damage":0,"enemies":"Snecko","floor":31,"turns":5},{"damage":38,"enemies":"Collector","floor":33,"turns":9},{"damage":10,"enemies":"Orb Walker","floor":35,"turns":4},{"damage":20,"enemies":"3 Shapes","floor":36,"turns":12},{"damage":58,"enemies":"Jaw Worm Horde","floor":38,"turns":8},{"damage":26,"enemies":"Transient","floor":39,"turns":5},{"damage":18,"enemies":"Nemesis","floor":40,"turns":2}],"seed_played":"-603810879255004151","potions_obtained":[{"floor":6.0,"key":"Block Potion"},{"floor":16.0,"key":"Ancient Potion"},{"floor":20,"key":"LiquidBronze"},{"floor":24,"key":"FearPotion"},{"floor":25,"key":"Weak Potion"},{"floor":36,"key":"EssenceOfDarkness"}],"is_trial":false,"path_per_floor":["M","?","?","?","M","E","R","M","T","M","R","E","?","$","R","B",null,"M","T","M","$","?","R","E","M","T","?","M","M","?","M","R","B",null,"M","M","$","M","M","E"],"character_chosen":"DEFECT","items_purchased":["Bird Faced Urn","Capacitor","Strawberry","ClockworkSouvenir"],"campfire_rested":2,"item_purchase_floors":[14,37,37,37],"current_hp_per_floor":[68,57,43,43,43,11,31,24,24,21,21,5,11,11,33,23,61,57,57,60,60,60,60,17,23,23,47,44,40,40,50,50,28,63,65,59,66,22,4,0,0],"gold":172,"neow_bonus":"THREE_RARE_CARDS","is_daily":false,"chose_seed":false,"campfire_upgraded":3,"win_rate":0.0,"timestamp":1611800668,"path_taken":["M","?","?","?","M","E","R","?","T","?","R","E","?","$","R","BOSS","M","?","M","$","?","R","E","M","T","?","?","M","?","M","R","BOSS","M","M","$","M","M","E"],"items_purchased_type":["Relic","Card","Relic","Relic"],"build_version":"2020-12-22","purchased_purges":2,"victory":false,"max_hp_per_floor":[68,68,68,68,68,68,68,68,68,68,68,68,74,74,74,74,74,74,74,74,74,74,74,74,74,74,74,74,74,74,74,74,74,74,74,74,81,81,81,81,81],"relic_stats":{"Darkstone Periapt":6,"counters":[20,109],"Shuriken":[11],"Ornamental Fan":[44],"CeramicFish":99,"Bird Faced Urn":[134],"Astrolabe":["Steam","Streamline","Tempest"],"obtain_stats":[{"Darkstone Periapt":9,"CeramicFish":12,"Astrolabe":34,"WarpedTongs":13,"Old Coin":24,"ClockworkSouvenir":37,"HornCleat":6,"Shuriken":19,"Ornamental Fan":22,"Bird Faced Urn":14,"Strawberry":37,"Philosopher\u0027s Stone":17,"Cracked Core":0,"StrikeDummy":26},{"Darkstone Periapt":4,"CeramicFish":6,"Astrolabe":15,"WarpedTongs":6,"Old Coin":10,"ClockworkSouvenir":17,"HornCleat":3,"Shuriken":8,"Ornamental Fan":9,"Bird Faced Urn":6,"Strawberry":17,"Philosopher\u0027s Stone":7,"Cracked Core":0,"StrikeDummy":11},{"Darkstone Periapt":11,"CeramicFish":21,"Astrolabe":78,"WarpedTongs":21,"Old Coin":48,"ClockworkSouvenir":94,"HornCleat":8,"Shuriken":35,"Ornamental Fan":40,"Bird Faced Urn":21,"Strawberry":94,"Philosopher\u0027s Stone":30,"Cracked Core":0,"StrikeDummy":52}],"WarpedTongs":[86]},"card_choices":[{"not_picked":["Meteor Strike","Fission"],"picked":"Echo Form","floor":0.0},{"not_picked":["Hello World","Hologram"],"picked":"Barrage","floor":1.0},{"not_picked":["Leap","Sweeping Beam"],"picked":"Undo","floor":5.0},{"not_picked":["Hologram","Sunder"],"picked":"Ball Lightning","floor":6.0},{"not_picked":["Go for the Eyes","Barrage"],"picked":"Turbo","floor":8.0},{"not_picked":["Reprogram","Barrage"],"picked":"Loop","floor":10.0},{"not_picked":["Machine Learning","Chaos"],"picked":"Steam","floor":12.0},{"not_picked":["Reboot","Core Surge"],"picked":"Echo Form","floor":16.0},{"not_picked":["Leap","Scrape+1"],"picked":"Cold Snap","floor":18.0},{"not_picked":["Conserve Battery","Recycle","Redo"],"picked":"SKIP","floor":20},{"not_picked":["Consume","Redo","Streamline+1"],"picked":"SKIP","floor":24},{"not_picked":["Stack","Auto Shields"],"picked":"Coolheaded","floor":25},{"not_picked":["Compile Driver","Genetic Algorithm"],"picked":"Static Discharge","floor":28},{"not_picked":["Recycle","Genetic Algorithm","Turbo"],"picked":"SKIP","floor":29},{"not_picked":["Rebound","Gash"],"picked":"Loop","floor":31},{"not_picked":["Conserve Battery+1","Streamline","Coolheaded+1"],"picked":"SKIP","floor":35},{"not_picked":["Beam Cell","Rebound+1","Scrape"],"picked":"SKIP","floor":36},{"not_picked":["Go for the Eyes+1","Rebound","Gash"],"picked":"SKIP","floor":38},{"not_picked":["Sweeping Beam","Ball Lightning+1","Hologram"],"picked":"SKIP","floor":39}],"player_experience":1153591,"relics_obtained":[{"floor":6.0,"key":"HornCleat"},{"floor":9.0,"key":"Darkstone Periapt"},{"floor":12.0,"key":"CeramicFish"},{"floor":19.0,"key":"Shuriken"},{"floor":24,"key":"Old Coin"},{"floor":26,"key":"StrikeDummy"}],"event_choices":[{"damage_healed":0.0,"max_hp_gain":0.0,"max_hp_loss":0.0,"gold_gain":75.0,"event_name":"World of Goop","player_choice":"Gather Gold","floor":2.0,"gold_loss":0.0,"damage_taken":11.0},{"damage_healed":0.0,"max_hp_gain":0.0,"max_hp_loss":0.0,"gold_gain":0.0,"event_name":"Shining Light","player_choice":"Entered Light","floor":3.0,"gold_loss":0.0,"damage_taken":14.0,"cards_upgraded":["Echo Form","Barrage"]},{"damage_healed":0.0,"max_hp_gain":0.0,"max_hp_loss":0.0,"gold_gain":0.0,"event_name":"Liars Game","player_choice":"Ignored","floor":4.0,"gold_loss":0.0,"damage_taken":0.0},{"damage_healed":0.0,"max_hp_gain":0.0,"max_hp_loss":0.0,"gold_gain":0.0,"event_name":"Accursed Blacksmith","player_choice":"Rummage","floor":13.0,"gold_loss":0.0,"damage_taken":0.0,"relics_obtained":["WarpedTongs"],"cards_obtained":["Pain"]},{"damage_healed":0,"gold_gain":0,"player_choice":"Obtained Relic","damage_taken":0,"relics_obtained":["Ornamental Fan"],"max_hp_gain":0,"max_hp_loss":0,"event_name":"Addict","floor":22,"gold_loss":85},{"damage_healed":24,"gold_gain":0,"player_choice":"Heal","damage_taken":0,"max_hp_gain":0,"max_hp_loss":0,"event_name":"The Library","floor":27,"gold_loss":0},{"damage_healed":0,"gold_gain":0,"player_choice":"Ignored","damage_taken":0,"max_hp_gain":0,"max_hp_loss":0,"event_name":"Vampires","floor":30,"gold_loss":0}],"is_beta":false,"boss_relics":[{"not_picked":["SacredBark","Tiny House"],"picked":"Philosopher\u0027s Stone"},{"not_picked":["Velvet Choker","Sozu"],"picked":"Astrolabe"}],"items_purged_floors":[21,37],"is_endless":false,"potions_floor_spawned":[6,16,20,24,25,36],"killed_by":"Nemesis","ascension_level":9}}