{"host":"5p9hybygolzp0efr","time":1611835865,"event":{"mods":["AchievementEnabler","BaseMod","Bestiary","Colored Map","Minty Spire (QoL Compilation)","Relic Stats"],"gold_per_floor":[114,19,30,41,61,61,78,110,110,122,122,102,128,142,142,237,237,219,219,219,7,20,47,47,65,136,147,147,165,192,202,202,316,316,328,328,387,387,73,73,149,183,183,104,127,139,172,32,32,32],"floor_reached":51,"language":"ENG","playtime":2197,"items_purged":["Strike_B","Thunder Strike","Zap"],"score":1036,"play_id":"394fdba7-ed7e-4212-ab62-ebbb1b0da7a7","local_time":"20210128201105","is_ascension_mode":true,"campfire_choices":[{"data":"Glacier","floor":6,"key":"SMITH"},{"floor":11,"key":"REST"},{"data":"Undo","floor":15,"key":"SMITH"},{"data":"Doom and Gloom","floor":24,"key":"SMITH"},{"floor":32,"key":"REST"},{"floor":40,"key":"DIG"},{"floor":49,"key":"REST"}],"circlet_count":0,"master_deck":["Dualcast","Glacier+1","Gash","Go for the Eyes","Static Discharge","Reinforced Body","Cold Snap","Doom and Gloom+1","Electrodynamics","Undo+1","Machine Learning","Melter","Hologram+1","Leap","Multi-Cast","Gash+1","Gash","Gash","Coolheaded+1"],"relics":["Cracked Core","War Paint","HornCleat","Sundial","Pear","Philosopher\u0027s Stone","Tiny Chest","Membership Card","Torii","Mercury Hourglass","CeramicFish","Pandora\u0027s Box","Shovel","Cables","Ornamental Fan","Lizard Tail","Question Card","FossilizedHelix","Regal Pillow","Art of War","Unceasing Top","Boot"],"acts_visited":["Exordium","TheCity","TheBeyond"],"potions_floor_usage":[8,33,50,50],"damage_taken":[{"damage":7,"enemies":"Jaw Worm","floor":1,"turns":4},{"damage":0,"enemies":"Cultist","floor":3,"turns":4},{"damage":0,"enemies":"2 Louse","floor":4,"turns":2},{"damage":4,"enemies":"Blue Slaver","floor":5,"turns":5},{"damage":2,"enemies":"Exordium Wildlife","floor":7,"turns":5},{"damage":29,"enemies":"Gremlin Nob","floor":8,"turns":6},{"damage":0,"enemies":"2 Fungi Beasts","floor":10,"turns":2},{"damage":8,"enemies":"3 Sentries","floor":13,"turns":6},{"damage":8,"enemies":"Blue Slaver","floor":14,"turns":3},{"damage":3,"enemies":"The Guardian","floor":16,"turns":14},{"damage":7,"enemies":"2 Thieves","floor":18,"turns":4},{"damage":0,"enemies":"Spheric Guardian","floor":22,"turns":3},{"damage":15,"enemies":"Gremlin Leader","floor":23,"turns":5},{"damage":7,"enemies":"Snecko","floor":25,"turns":6},{"damage":0,"enemies":"Sentry and Sphere","floor":27,"turns":3},{"damage":7,"enemies":"Snake Plant","floor":29,"turns":6},{"damage":0,"enemies":"3 Cultists","floor":31,"turns":3},{"damage":43,"enemies":"Collector","floor":33,"turns":12},{"damage":1,"enemies":"3 Shapes","floor":35,"turns":6},{"damage":0,"enemies":"Mind Bloom Boss Battle","floor":37,"turns":6},{"damage":69,"enemies":"Reptomancer","floor":42,"turns":8},{"damage":14,"enemies":"3 Darklings","floor":45,"turns":5},{"damage":13,"enemies":"Sphere and 2 Shapes","floor":46,"turns":4},{"damage":0,"enemies":"Nemesis","floor":47,"turns":7},{"damage":37,"enemies":"Awakened One","floor":50,"turns":11}],"seed_played":"1168599422233098911","potions_obtained":[{"floor":1,"key":"SpeedPotion"},{"floor":5,"key":"EssenceOfDarkness"},{"floor":7,"key":"FearPotion"},{"floor":12,"key":"Ancient Potion"},{"floor":23,"key":"FocusPotion"},{"floor":35,"key":"BlessingOfTheForge"}],"is_trial":false,"path_per_floor":["M","$","M","M","M","R","M","E","T","M","R","?","E","M","R","B",null,"M","T","?","$","M","E","R","M","T","M","?","M","T","M","R","B",null,"M","?","?","?","$","R","T","E","T","$","M","M","E","$","R","B",null],"character_chosen":"DEFECT","items_purchased":["Gash","Go for the Eyes","Membership Card","Melter","Cables","Gash","Ornamental Fan","Gash","Art of War","Boot"],"campfire_rested":3,"item_purchase_floors":[2,2,21,21,39,39,39,44,44,48],"current_hp_per_floor":[61,61,61,61,57,57,55,26,26,26,48,48,50,42,42,39,74,67,67,67,67,67,52,52,45,45,45,45,38,38,38,63,20,69,68,68,68,68,68,68,68,42,42,42,28,15,15,15,55,18],"gold":32,"neow_bonus":"RANDOM_COMMON_RELIC","is_daily":false,"chose_seed":false,"campfire_upgraded":3,"win_rate":0.0,"timestamp":1611835865,"path_taken":["M","$","M","M","M","R","M","E","T","M","R","?","E","M","R","BOSS","M","?","?","$","M","E","R","M","T","M","?","?","?","M","R","BOSS","M","?","?","?","$","R","?","E","T","?","?","M","E","$","R","BOSS"],"items_purchased_type":["Card","Card","Relic","Card","Relic","Card","Relic","Card","Relic","Relic"],"build_version":"2020-12-22","purchased_purges":3,"victory":true,"max_hp_per_floor":[75,75,75,75,75,75,75,75,75,75,75,75,85,85,85,85,85,85,85,85,85,85,85,85,85,85,85,85,85,85,85,85,85,85,85,85,85,85,85,85,85,85,85,85,85,85,85,85,85,85],"relic_stats":{"Regal Pillow":15,"Torii":13,"counters":[25,139],"CeramicFish":45,"War Paint":["Defend_B","Defend_B"],"Question Card":4,"Boot":[8],"Mercury Hourglass":[327],"Cables":[30,8,16,6,0],"Lizard Tail":42,"Shovel":1,"Sundial":[16],"Ornamental Fan":[52],"Tiny Chest":2,"Pandora\u0027s Box":["Hyperbeam","Cold Snap","Recycle","Heatsinks","Lockon"],"Art of War":[1],"obtain_stats":[{"Regal Pillow":43,"Pear":13,"Torii":23,"CeramicFish":30,"War Paint":0,"Question Card":41,"Boot":48,"Mercury Hourglass":26,"Cables":39,"Lizard Tail":40,"HornCleat":8,"Shovel":37,"Sundial":9,"Ornamental Fan":39,"Philosopher\u0027s Stone":17,"Tiny Chest":19,"Pandora\u0027s Box":34,"Art of War":44,"Membership Card":21,"Cracked Core":0,"FossilizedHelix":42,"Unceasing Top":47},{"Regal Pillow":21,"Pear":8,"Torii":13,"CeramicFish":16,"War Paint":0,"Question Card":20,"Boot":24,"Mercury Hourglass":14,"Cables":20,"Lizard Tail":20,"HornCleat":6,"Shovel":20,"Sundial":6,"Ornamental Fan":20,"Philosopher\u0027s Stone":10,"Tiny Chest":11,"Pandora\u0027s Box":18,"Art of War":21,"Membership Card":11,"Cracked Core":0,"FossilizedHelix":21,"Unceasing Top":24},{"Regal Pillow":113,"Pear":34,"Torii":63,"CeramicFish":78,"War Paint":0,"Question Card":105,"Boot":128,"Mercury Hourglass":69,"Cables":105,"Lizard Tail":105,"HornCleat":26,"Shovel":105,"Sundial":26,"Ornamental Fan":105,"Philosopher\u0027s Stone":51,"Tiny Chest":55,"Pandora\u0027s Box":93,"Art of War":113,"Membership Card":55,"Cracked Core":0,"FossilizedHelix":113,"Unceasing Top":128}],"Unceasing Top":[1]},"card_choices":[{"not_picked":["Conserve Battery","Barrage"],"picked":"Glacier","floor":1},{"not_picked":["Barrage","Chaos"],"picked":"Static Discharge","floor":3},{"not_picked":["Go for the Eyes","Steam","Beam Cell"],"picked":"SKIP","floor":4},{"not_picked":["Hello World","Rebound"],"picked":"Reinforced Body","floor":5},{"not_picked":["Skim","Rebound"],"picked":"Cold Snap","floor":7},{"not_picked":["Chill","Compile Driver"],"picked":"Doom and Gloom","floor":8},{"not_picked":["Ball Lightning","Static Discharge","Stack"],"picked":"SKIP","floor":10},{"not_picked":["White Noise","Rebound"],"picked":"Electrodynamics","floor":13},{"not_picked":["Leap","White Noise"],"picked":"Undo","floor":14},{"not_picked":["Core Surge","Rainbow"],"picked":"Machine Learning","floor":16},{"not_picked":["Barrage+1","Steam+1","Turbo"],"picked":"SKIP","floor":18},{"not_picked":["Leap+1","Auto Shields"],"picked":"Barrage","floor":22},{"not_picked":["Go for the Eyes","Sweeping Beam+1","Redo"],"picked":"SKIP","floor":23},{"not_picked":["Consume+1","Doom and Gloom"],"picked":"Hologram+1","floor":25},{"not_picked":["Turbo","Fission","Compile Driver"],"picked":"SKIP","floor":27},{"not_picked":["Go for the Eyes","Reinforced Body","Turbo"],"picked":"SKIP","floor":29},{"not_picked":["Cold Snap+1","Ball Lightning+1","Go for the Eyes+1"],"picked":"SKIP","floor":31},{"not_picked":["Biased Cognition","Hyperbeam"],"picked":"Thunder Strike","floor":33},{"not_picked":["Cold Snap","Turbo","Tempest"],"picked":"SKIP","floor":35},{"not_picked":["Steam","White Noise+1"],"picked":"Gash+1","floor":37},{"not_picked":["FTL","Cold Snap","Multi-Cast","Ball Lightning"],"picked":"SKIP","floor":42},{"not_picked":["Ball Lightning","Steam+1","Doom and Gloom"],"picked":"Coolheaded+1","floor":45},{"not_picked":["Rip and Tear","Double Energy+1","Leap+1","Sweeping Beam"],"picked":"SKIP","floor":46},{"not_picked":["Static Discharge","Force Field+1","Steam+1","Genetic Algorithm"],"picked":"SKIP","floor":47}],"player_experience":546081,"relics_obtained":[{"floor":8,"key":"HornCleat"},{"floor":9,"key":"Sundial"},{"floor":13,"key":"Pear"},{"floor":19,"key":"Tiny Chest"},{"floor":23,"key":"Torii"},{"floor":26,"key":"Mercury Hourglass"},{"floor":30,"key":"CeramicFish"},{"floor":37,"key":"Shovel"},{"floor":40,"key":"Lizard Tail"},{"floor":41,"key":"Question Card"},{"floor":42,"key":"FossilizedHelix"},{"floor":43,"key":"Regal Pillow"},{"floor":47,"key":"Unceasing Top"}],"event_choices":[{"damage_healed":0,"gold_gain":0,"player_choice":"Bought 1 Potion","damage_taken":0,"max_hp_gain":0,"max_hp_loss":0,"event_name":"The Woman in Blue","floor":12,"gold_loss":0},{"damage_healed":0,"gold_gain":0,"player_choice":"Ignored","damage_taken":0,"max_hp_gain":0,"max_hp_loss":0,"event_name":"Vampires","floor":20,"gold_loss":0},{"damage_healed":0,"gold_gain":0,"cards_transformed":["Strike_B","Defend_B"],"player_choice":"Became Test Subject","damage_taken":0,"max_hp_gain":0,"max_hp_loss":0,"event_name":"Drug Dealer","floor":28,"gold_loss":0,"cards_obtained":["Leap","Multi-Cast"]},{"damage_healed":0,"gold_gain":0,"player_choice":"Ignored","damage_taken":0,"max_hp_gain":0,"max_hp_loss":0,"event_name":"Tomb of Lord Red Mask","floor":36,"gold_loss":0},{"damage_healed":0,"gold_gain":0,"player_choice":"Fight","damage_taken":0,"max_hp_gain":0,"max_hp_loss":0,"event_name":"MindBloom","floor":37,"gold_loss":0},{"cards_removed":["Barrage"],"damage_healed":0,"gold_gain":0,"player_choice":"Removed Attack","damage_taken":0,"max_hp_gain":0,"max_hp_loss":0,"event_name":"Falling","floor":38,"gold_loss":0}],"is_beta":false,"boss_relics":[{"not_picked":["Black Star","Sozu"],"picked":"Philosopher\u0027s Stone"},{"not_picked":["Cursed Key","SacredBark"],"picked":"Pandora\u0027s Box"}],"items_purged_floors":[21,39,48],"is_endless":false,"potions_floor_spawned":[1,5,7,14,16,22,23,25,31,35,42],"ascension_level":7}}