{"host":"g01l53quoe6lrer0","time":1611792976,"event":{"mods":["2.2 Compatiblity","AchievementEnabler","BaseMod","Colored Map","Highlight Path","Keyboard Shortcuts","Minty Spire (QoL Compilation)","Permanent Neow","StSLib","SuperFastMode","everything is the same but u backflip on backflip"],"gold_per_floor":[360,371,371,14,27,62,62,76,99,99,99,109,124,154,154,227,227,245,256,272,272,272,272,298,198,198,73,87,98,113,128,128,200,200,211,227,227,245,255,255,287,127,127,147,147,147,157,7,7,7,7],"floor_reached":50,"language":"KOR","playtime":1344,"items_purged":["Regret","Strike_G+1","Strike_G+1","Strike_G+1"],"score":1162,"play_id":"10766082-ca95-41df-a0a6-91222f95faad","local_time":"20210128091616","is_ascension_mode":true,"campfire_choices":[{"floor":7.0,"key":"REST"},{"data":"Finisher","floor":11.0,"key":"SMITH"},{"data":"Infinite Blades","floor":15.0,"key":"SMITH"},{"floor":23.0,"key":"REST"},{"floor":32,"key":"REST"},{"data":"Setup","floor":40,"key":"SMITH"},{"floor":45,"key":"REST"},{"floor":49,"key":"REST"}],"circlet_count":0,"master_deck":["AscendersBane","Strike_G+1","Defend_G+1","Defend_G+1","Defend_G+1","Defend_G+1","Survivor","Neutralize","Finisher+1","Dagger Spray","Tactician","Footwork","Poisoned Stab","Endless Agony","Blade Dance","Choke","Accuracy","Cloak And Dagger","Infinite Blades+1","After Image","Deflect","Tactician+1","Blade Dance","Crippling Poison","Setup+1","Blade Dance","Blade Dance+1","Night Terror","Acrobatics","Caltrops+1","Cloak And Dagger+1","Accuracy"],"relics":["Ring of the Snake","Bag of Marbles","Vajra","Happy Flower","Kunai","Empty Cage","MutagenicStrength","Gremlin Horn","Anchor","Busted Crown","Bag of Preparation","Lee\u0027s Waffle","Blue Candle"],"acts_visited":["Exordium","TheCity","TheBeyond"],"potions_floor_usage":[30,33,36,39,41,50],"damage_taken":[{"damage":3.0,"enemies":"2 Louse","floor":1.0,"turns":3.0},{"damage":6.0,"enemies":"Small Slimes","floor":2.0,"turns":4.0},{"damage":5.0,"enemies":"Jaw Worm","floor":5.0,"turns":4.0},{"damage":0.0,"enemies":"Gremlin Nob","floor":6.0,"turns":2.0},{"damage":6.0,"enemies":"Exordium Thugs","floor":8.0,"turns":3.0},{"damage":0.0,"enemies":"Gremlin Gang","floor":12.0,"turns":1.0},{"damage":0.0,"enemies":"Lots of Slimes","floor":13.0,"turns":1.0},{"damage":0.0,"enemies":"3 Sentries","floor":14.0,"turns":4.0},{"damage":38.0,"enemies":"Hexaghost","floor":16.0,"turns":10.0},{"damage":22.0,"enemies":"Shell Parasite","floor":18.0,"turns":4.0},{"damage":2.0,"enemies":"2 Thieves","floor":19.0,"turns":3.0},{"damage":15.0,"enemies":"Snecko","floor":20.0,"turns":5.0},{"damage":0.0,"enemies":"Gremlin Leader","floor":24.0,"turns":2.0},{"damage":9.0,"enemies":"Sentry and Sphere","floor":28.0,"turns":4.0},{"damage":4,"enemies":"Snake Plant","floor":29,"turns":3},{"damage":6,"enemies":"Chosen and Byrds","floor":30,"turns":5},{"damage":0,"enemies":"Centurion and Healer","floor":31,"turns":3},{"damage":21,"enemies":"Collector","floor":33,"turns":8},{"damage":0,"enemies":"Orb Walker","floor":35,"turns":2},{"damage":0,"enemies":"3 Shapes","floor":36,"turns":5},{"damage":0,"enemies":"Sphere and 2 Shapes","floor":38,"turns":4},{"damage":0,"enemies":"4 Shapes","floor":39,"turns":2},{"damage":12,"enemies":"Giant Head","floor":41,"turns":8},{"damage":62,"enemies":"Transient","floor":44,"turns":6},{"damage":0,"enemies":"Jaw Worm Horde","floor":47,"turns":1},{"damage":57,"enemies":"Awakened One","floor":50,"turns":3}],"seed_played":"7105391930607527025","potions_obtained":[{"floor":5.0,"key":"BlessingOfTheForge"},{"floor":6.0,"key":"GamblersBrew"},{"floor":13.0,"key":"BlessingOfTheForge"},{"floor":16.0,"key":"EntropicBrew"},{"floor":19.0,"key":"GhostInAJar"},{"floor":28.0,"key":"CunningPotion"},{"floor":33,"key":"Swift Potion"},{"floor":36,"key":"LiquidBronze"},{"floor":38,"key":"SkillPotion"},{"floor":39,"key":"Block Potion"}],"is_trial":false,"path_per_floor":["M","M","?","$","M","E","R","M","T","?","R","M","M","E","R","B",null,"M","M","M","?","?","R","E","$","T","$","M","M","M","M","R","B",null,"M","M","$","M","M","R","E","$","T","M","R","?","M","$","R","B"],"character_chosen":"THE_SILENT","items_purchased":["Tactician","Terror","Footwork","Poisoned Stab","Lee\u0027s Waffle"],"campfire_rested":5,"item_purchase_floors":[4,4,4,4,42],"current_hp_per_floor":[56,50,39,39,34,34,53,47,47,47,47,47,47,47,47,9,52,30,28,13,13,13,32,32,32,32,32,23,19,13,13,32,11,52,52,52,52,52,52,52,40,73,73,11,32,32,32,32,53,0,0],"gold":7,"neow_bonus":"TWO_FIFTY_GOLD","is_daily":false,"chose_seed":false,"campfire_upgraded":3,"win_rate":0.0,"timestamp":1611792976,"path_taken":["M","M","?","$","M","E","R","M","T","?","R","M","M","E","R","BOSS","M","M","M","?","?","R","E","?","T","$","?","M","M","M","R","BOSS","M","?","$","M","?","R","E","?","T","M","R","?","M","$","R","BOSS"],"items_purchased_type":["Card","Card","Card","Card","Relic"],"build_version":"2020-12-22","purchased_purges":4,"victory":false,"max_hp_per_floor":[66,66,66,66,66,66,66,66,66,66,66,66,66,66,66,66,66,66,66,66,66,66,66,66,66,66,66,66,66,66,66,66,66,66,66,66,66,66,66,66,66,73,73,73,73,73,73,73,73,73,73],"card_choices":[{"not_picked":["Dagger Throw","Expertise"],"picked":"Finisher","floor":1.0},{"not_picked":["Distraction","Flying Knee"],"picked":"Dagger Spray","floor":2.0},{"not_picked":["Predator","Dagger Throw"],"picked":"Endless Agony","floor":5.0},{"not_picked":["All Out Attack","Noxious Fumes"],"picked":"Blade Dance","floor":6.0},{"not_picked":["Flying Knee","Dash"],"picked":"Choke","floor":8.0},{"not_picked":["Deflect","PiercingWail"],"picked":"Accuracy","floor":12.0},{"not_picked":["Catalyst","Outmaneuver"],"picked":"Cloak And Dagger","floor":13.0},{"not_picked":["Dodge and Roll","Tools of the Trade"],"picked":"Infinite Blades","floor":14.0},{"not_picked":["Envenom","Storm of Steel"],"picked":"After Image","floor":16.0},{"not_picked":["Flying Knee","Backflip"],"picked":"Deflect","floor":18.0},{"not_picked":["Blade Dance","Caltrops+1"],"picked":"Tactician+1","floor":19.0},{"not_picked":["Bane","Dodge and Roll"],"picked":"Blade Dance","floor":20.0},{"not_picked":["Caltrops","Choke+1"],"picked":"Crippling Poison","floor":24.0},{"not_picked":["Poisoned Stab","Prepared","Predator"],"picked":"SKIP","floor":28.0},{"not_picked":["Concentrate","Slice"],"picked":"Setup","floor":29},{"not_picked":["Underhanded Strike","Noxious Fumes"],"picked":"Blade Dance","floor":30},{"not_picked":["Bouncing Flask","Distraction"],"picked":"Blade Dance+1","floor":31},{"not_picked":["Tools of the Trade","Die Die Die"],"picked":"Night Terror","floor":33},{"not_picked":[],"picked":"Acrobatics","floor":35},{"not_picked":["Flechettes"],"picked":"SKIP","floor":36},{"not_picked":[],"picked":"Caltrops+1","floor":38},{"not_picked":["Quick Slash+1"],"picked":"SKIP","floor":39},{"not_picked":["Flying Knee"],"picked":"SKIP","floor":41},{"not_picked":[],"picked":"Cloak And Dagger+1","floor":44},{"not_picked":[],"picked":"Accuracy","floor":47}],"player_experience":311530,"relics_obtained":[{"floor":6.0,"key":"Vajra"},{"floor":9.0,"key":"Happy Flower"},{"floor":14.0,"key":"Kunai"},{"floor":24.0,"key":"Gremlin Horn"},{"floor":26.0,"key":"Anchor"},{"floor":41,"key":"Bag of Preparation"},{"floor":43,"key":"Blue Candle"}],"event_choices":[{"damage_healed":0.0,"max_hp_gain":0.0,"max_hp_loss":0.0,"gold_gain":0.0,"event_name":"Scrap Ooze","player_choice":"Success","floor":3.0,"gold_loss":0.0,"damage_taken":11.0,"relics_obtained":["Bag of Marbles"]},{"cards_removed":["Terror"],"damage_healed":0.0,"max_hp_gain":0.0,"max_hp_loss":0.0,"gold_gain":0.0,"event_name":"Living Wall","player_choice":"Forget","floor":10.0,"gold_loss":0.0,"damage_taken":0.0},{"damage_healed":0.0,"max_hp_gain":0.0,"max_hp_loss":0.0,"gold_gain":0.0,"event_name":"Drug Dealer","player_choice":"Inject Mutagens","floor":21.0,"gold_loss":0.0,"damage_taken":0.0,"relics_obtained":["MutagenicStrength"]},{"damage_healed":0.0,"max_hp_gain":0.0,"max_hp_loss":0.0,"gold_gain":0.0,"event_name":"Back to Basics","player_choice":"Simplicity","floor":22.0,"gold_loss":0.0,"damage_taken":0.0,"cards_upgraded":["Strike_G","Strike_G","Strike_G","Strike_G","Defend_G","Defend_G","Defend_G","Defend_G"]},{"damage_healed":0,"gold_gain":0,"player_choice":"Ignored","damage_taken":0,"max_hp_gain":0,"max_hp_loss":0,"event_name":"Mysterious Sphere","floor":46,"gold_loss":0}],"is_beta":false,"boss_relics":[{"not_picked":["Runic Dome","SacredBark"],"picked":"Empty Cage"},{"not_picked":["Runic Pyramid","Velvet Choker"],"picked":"Busted Crown"}],"items_purged_floors":[4,25,27,48],"is_endless":false,"potions_floor_spawned":[5,6,13,16,19,28,33,36,38,39],"killed_by":"Awakened One","ascension_level":19}}