{"host":"bw00wb7p5bw58om7","time":1611870961,"event":{"mods":["100% Spire Juice","Act Like it!","BaseMod","Better Third Choice","CapriCore","Chen","Downfall","Gensokyo","KinomotoSakuraMod(????)","Koishi","KomeijiMod","Mari Mod (Legacy)","Mari\u0027s V1 Patch","Marisa????????","Minty Spire (QoL Compilation)","Onozuka Komachi Mod","Permanent Neow","Prisma Mod","Reimu??????","Remilia_Scarlet Moed?????·?????3.3.5","Remilia??????","StSLib","The Administrix","The Immortal","The Senshi","The Servant 0.9.4","TheVelvet","WarShipGirlsR/????R mod","Yakumo Yukari mod","Youmu??????","Yuyuko"],"gold_per_floor":[157,169,177,186,186,186,186],"floor_reached":6,"language":"ENG","playtime":486,"items_purged":[],"score":38,"play_id":"8a5fe3a0-9050-41be-9329-294b79ce2847","local_time":"20210128215601","is_ascension_mode":false,"campfire_choices":[],"circlet_count":0,"master_deck":["MariMod:Mari_Strike","MariMod:Mari_Strike","MariMod:Mari_Strike","MariMod:Mari_Strike","MariMod:Mari_Strike","MariMod:Mari_Defend","MariMod:Mari_Defend","MariMod:Mari_Defend","MariMod:Mari_Defend","MariMod:Mari_Defend","MariMod:Mari_Reminisce","MariMod:Mari_Debut","MariMod:Mari_Defiance","MariMod:Mari_Dolphin_Strike","MariMod:Mari_Reckless_Driving","MariMod:Mari_Awe"],"relics":["MariMod:MariTheSpark","Gensokyo:OccultBall"],"acts_visited":["Gensokyo:Gensokyo"],"potions_floor_usage":[],"damage_taken":[{"damage":4,"enemies":"Gensokyo:2_Kodama","floor":1,"turns":3},{"damage":0,"enemies":"Gensokyo:Gryphon","floor":2,"turns":3},{"damage":3,"enemies":"Gensokyo:Python","floor":3,"turns":3},{"damage":26,"enemies":"Gensokyo:3_Kodama","floor":4,"turns":6},{"damage":40,"enemies":"Gensokyo:Cirno","floor":6,"turns":5}],"seed_played":"7515469556666537954","potions_obtained":[{"floor":3,"key":"SteroidPotion"}],"is_trial":false,"path_per_floor":["M","M","M","M","?","E"],"character_chosen":"MARI","items_purchased":[],"campfire_rested":0,"item_purchase_floors":[],"current_hp_per_floor":[68,68,65,39,39,0,0],"gold":186,"neow_bonus":"ONE_RANDOM_RARE_CARD","is_daily":false,"chose_seed":false,"campfire_upgraded":0,"win_rate":0.0,"timestamp":1611870961,"path_taken":["M","M","M","M","?","E"],"items_purchased_type":[],"build_version":"2020-12-22","purchased_purges":0,"victory":false,"max_hp_per_floor":[72,72,72,72,72,72,72],"card_choices":[{"not_picked":["MariMod:Mari_Lie_In_Wait","MariMod:Mari_Wishing_Fountain"],"picked":"MariMod:Mari_Defiance","floor":1},{"not_picked":["MariMod:Mari_Glimmer","MariMod:Mari_Fragile_Hope"],"picked":"MariMod:Mari_Dolphin_Strike","floor":2},{"not_picked":["MariMod:Mari_Collect_Thoughts","MariMod:Mari_Shining_Tornado"],"picked":"MariMod:Mari_Reckless_Driving","floor":3},{"not_picked":["MariMod:Mari_Golden_Glint","MariMod:Mari_Fragile_Hope"],"picked":"MariMod:Mari_Awe","floor":4}],"player_experience":307009,"relics_obtained":[],"event_choices":[],"is_beta":false,"boss_relics":[],"items_purged_floors":[],"is_endless":false,"potions_floor_spawned":[3],"killed_by":"Gensokyo:Cirno","ascension_level":0}}