{"host":"sc0o2qwpf9j16a4i","time":1611837099,"event":{"mods":["AchievementEnabler","BaseMod","BetterRewards","Block Reminder","Colored Map","Colored Powertips","Custom Start","Highlight Path","Minty Spire (QoL Compilation)","Relic Stats"],"gold_per_floor":[112,132,132,307,307,341,341,362,414,414,452,452,527,545,545,666,666,682,682,682,696,716,716,752,768,768,787,810,810,432,472,472,597,597,652,652,652,214,230,230,230],"floor_reached":40,"language":"ENG","playtime":2073,"items_purged":[],"score":534,"play_id":"e4fdeef4-ae9e-4a8d-8fed-28530e5d68af","local_time":"20210128143139","daily_mods":["Insanity","Blue Cards","Terminal"],"is_ascension_mode":false,"campfire_choices":[{"data":"BattleHymn","floor":7,"key":"SMITH"},{"data":"Go for the Eyes","floor":10,"key":"SMITH"},{"data":"CrushJoints","floor":15,"key":"SMITH"},{"data":"Reprogram","floor":23,"key":"SMITH"},{"data":"Double Energy","floor":29,"key":"SMITH"},{"data":"Wish","floor":32,"key":"SMITH"}],"circlet_count":0,"master_deck":["Hologram","Sunder","InnerPeace","EmptyBody","JustLucky","Rip and Tear","Evaluate","Hologram","Undo","Self Repair","CrushJoints","Heatsinks","JustLucky","Consecrate","Reprogram+1","CutThroughFate","EmptyBody","Stack","Sanctity","Steam Power","Conserve Battery","Crescendo","Consecrate","BattleHymn+1","Doom and Gloom","CrushJoints+1","Prostrate","Crescendo","Lockon","CutThroughFate","FollowUp","EmptyFist","Steam","Capacitor","Steam","Self Repair","Consecrate","ForeignInfluence","Hologram","ClearTheMind","Gash","Beam Cell","Go for the Eyes+1","Pray","Double Energy+1","BowlingBash","Genetic Algorithm","BootSequence","EmptyMind","WreathOfFlame","WindmillStrike","FearNoEvil+1","Vault+1","ConjureBlade+1","Turbo","ThirdEye+1","Reprogram","Prostrate+1","Prostrate","Wallop+1","WheelKick","EmptyFist","CutThroughFate","Protect","Wish+1","MasterReality","Reinforced Body","Chrysalis","Protect","HandOfGreed"],"relics":["PureWater","Golden Idol","Boot","Art of War","Gambling Chip","Strawberry","Astrolabe","Question Card","Centennial Puzzle","StrikeDummy","Membership Card","Akabeko","Anchor","Shuriken","Snecko Eye","Chemical X","Pantograph","Blue Candle"],"acts_visited":["Exordium","TheCity","TheBeyond"],"potions_floor_usage":[16,16,25,33,40],"damage_taken":[{"damage":0,"enemies":"Jaw Worm","floor":1,"turns":2},{"damage":4,"enemies":"Small Slimes","floor":2,"turns":4},{"damage":26,"enemies":"Gremlin Nob","floor":6,"turns":5},{"damage":0,"enemies":"Cultist","floor":8,"turns":3},{"damage":4,"enemies":"Lagavulin","floor":11,"turns":5},{"damage":0,"enemies":"Large Slime","floor":14,"turns":3},{"damage":2,"enemies":"The Guardian","floor":16,"turns":9},{"damage":16,"enemies":"2 Thieves","floor":18,"turns":5},{"damage":13,"enemies":"Spheric Guardian","floor":21,"turns":3},{"damage":12,"enemies":"Snecko","floor":22,"turns":7},{"damage":3,"enemies":"Gremlin Leader","floor":24,"turns":8},{"damage":0,"enemies":"Chosen and Byrds","floor":25,"turns":4},{"damage":0,"enemies":"Sentry and Sphere","floor":27,"turns":5},{"damage":0,"enemies":"Centurion and Healer","floor":28,"turns":5},{"damage":0,"enemies":"Book of Stabbing","floor":31,"turns":5},{"damage":37,"enemies":"Automaton","floor":33,"turns":8},{"damage":7,"enemies":"3 Darklings","floor":35,"turns":7},{"damage":1,"enemies":"Orb Walker","floor":39,"turns":4},{"damage":39,"enemies":"Nemesis","floor":40,"turns":6}],"seed_played":"3228138132471825391","potions_obtained":[{"floor":2,"key":"BlessingOfTheForge"},{"floor":8,"key":"CultistPotion"},{"floor":11,"key":"ColorlessPotion"},{"floor":14,"key":"LiquidMemories"},{"floor":16,"key":"SmokeBomb"},{"floor":24,"key":"Energy Potion"},{"floor":27,"key":"EssenceOfSteel"},{"floor":35,"key":"Block Potion"}],"is_trial":true,"path_per_floor":["M","M","?","?","?","E","R","M","T","R","E","T","?","M","R","B",null,"M","?","?","M","M","R","E","M","T","M","M","R","$","E","R","B",null,"M","?","?","$","M","E"],"character_chosen":"WATCHER","items_purchased":["Membership Card","Akabeko","Anchor","EmptyFist","CutThroughFate","Protect","Chemical X","Pantograph","Blue Candle","Protect","HandOfGreed"],"campfire_rested":0,"item_purchase_floors":[30,30,30,30,30,30,38,38,38,38,38],"current_hp_per_floor":[70,66,66,66,50,31,31,38,38,38,41,48,37,44,44,49,61,52,52,52,46,34,34,38,45,45,45,50,49,48,47,46,16,44,43,33,33,33,39,0,0],"gold":230,"neow_bonus":"","is_daily":false,"chose_seed":false,"campfire_upgraded":6,"win_rate":0.0,"timestamp":1611837099,"path_taken":["M","M","?","?","?","E","R","?","T","R","E","?","?","M","R","BOSS","M","?","?","M","M","R","E","M","T","?","M","R","$","E","R","BOSS","M","?","?","$","?","E"],"items_purchased_type":["Relic","Relic","Relic","Card","Card","Card","Relic","Relic","Relic","Card","Card"],"build_version":"2020-12-22","purchased_purges":0,"victory":false,"max_hp_per_floor":[70,69,68,67,66,65,64,63,62,61,60,66,65,64,63,62,61,60,59,58,57,56,55,54,53,52,51,50,49,48,47,46,45,44,43,42,41,40,39,39,39],"relic_stats":{"counters":[19,98],"Golden Idol":117,"Astrolabe":["FearNoEvil","Vault","ConjureBlade"],"Blue Candle":[0],"Boot":[87],"Question Card":13,"Centennial Puzzle":[12],"Shuriken":[9],"Gambling Chip":[46],"Pantograph":0,"Snecko Eye":[38,37,28,39],"Art of War":[14],"Chemical X":[1],"obtain_stats":[{"Golden Idol":5,"Astrolabe":17,"Blue Candle":38,"Boot":6,"Question Card":19,"Akabeko":30,"Centennial Puzzle":24,"Anchor":30,"Shuriken":31,"Gambling Chip":11,"Strawberry":12,"Pantograph":38,"Snecko Eye":34,"Art of War":9,"Membership Card":30,"Chemical X":38,"PureWater":0,"StrikeDummy":26},{"Golden Idol":2,"Astrolabe":7,"Blue Candle":17,"Boot":3,"Question Card":8,"Akabeko":14,"Centennial Puzzle":11,"Anchor":14,"Shuriken":15,"Gambling Chip":5,"Strawberry":5,"Pantograph":17,"Snecko Eye":16,"Art of War":4,"Membership Card":14,"Chemical X":17,"PureWater":0,"StrikeDummy":12},{"Golden Idol":6,"Astrolabe":31,"Blue Candle":88,"Boot":11,"Question Card":36,"Akabeko":68,"Centennial Puzzle":54,"Anchor":68,"Shuriken":73,"Gambling Chip":19,"Strawberry":19,"Pantograph":88,"Snecko Eye":81,"Art of War":14,"Membership Card":68,"Chemical X":88,"PureWater":0,"StrikeDummy":58}]},"card_choices":[{"not_picked":["FlyingSleeves","Gash"],"picked":"Genetic Algorithm","floor":1},{"not_picked":["Sunder","Steam"],"picked":"BootSequence","floor":2},{"not_picked":["Barrage","Amplify"],"picked":"EmptyMind","floor":6},{"not_picked":["Undo","Tantrum"],"picked":"WreathOfFlame","floor":8},{"not_picked":["Blizzard","Redo","WreathOfFlame"],"picked":"SKIP","floor":11},{"not_picked":["FollowUp","Steam"],"picked":"WindmillStrike","floor":14},{"not_picked":["DeceiveReality","SashWhip+1"],"picked":"Turbo","floor":18},{"not_picked":["Ball Lightning","Barrage","Redo+1"],"picked":"ThirdEye+1","floor":21},{"not_picked":["Tantrum","Fasting2","Recycle"],"picked":"Reprogram","floor":22},{"not_picked":["Coolheaded+1","CutThroughFate","Weave"],"picked":"Prostrate+1","floor":24},{"not_picked":["Beam Cell","Blizzard","Collect"],"picked":"Prostrate","floor":25},{"not_picked":["Wireheading","BootSequence","FearNoEvil"],"picked":"Wallop+1","floor":27},{"not_picked":["Sweeping Beam","FollowUp+1","FlurryOfBlows+1"],"picked":"WheelKick","floor":28},{"not_picked":["Turbo","Tempest","Auto Shields+1"],"picked":"Wish","floor":31},{"not_picked":["ConjureBlade","Judgement","DevaForm"],"picked":"MasterReality","floor":33},{"not_picked":["Beam Cell","BattleHymn+1","Ball Lightning+1"],"picked":"Reinforced Body","floor":35},{"not_picked":["Master of Strategy","Violence","Discovery"],"picked":"Chrysalis","floor":36},{"not_picked":["Compile Driver+1","EmptyFist+1","Perseverance","Halt+1"],"picked":"SKIP","floor":39}],"player_experience":1015595,"relics_obtained":[{"floor":6,"key":"Boot"},{"floor":9,"key":"Art of War"},{"floor":11,"key":"Gambling Chip"},{"floor":12,"key":"Strawberry"},{"floor":24,"key":"Centennial Puzzle"},{"floor":26,"key":"StrikeDummy"},{"floor":31,"key":"Shuriken"}],"event_choices":[{"damage_healed":0,"gold_gain":0,"player_choice":"Leave","damage_taken":0,"max_hp_gain":0,"max_hp_loss":0,"event_name":"The Cleric","floor":3,"gold_loss":0},{"damage_healed":0,"gold_gain":175,"player_choice":"AGREE","damage_taken":0,"max_hp_gain":0,"max_hp_loss":0,"event_name":"Liars Game","floor":4,"gold_loss":0,"cards_obtained":["Doubt"]},{"damage_healed":0,"gold_gain":0,"player_choice":"Take Damage","damage_taken":16,"relics_obtained":["Golden Idol"],"max_hp_gain":0,"max_hp_loss":0,"event_name":"Golden Idol","floor":5,"gold_loss":0},{"damage_healed":0,"gold_gain":75,"player_choice":"Gather Gold","damage_taken":11,"max_hp_gain":0,"max_hp_loss":0,"event_name":"World of Goop","floor":13,"gold_loss":0},{"damage_healed":0,"gold_gain":0,"player_choice":"Opened","damage_taken":0,"relics_obtained":["Question Card"],"max_hp_gain":0,"max_hp_loss":0,"event_name":"The Mausoleum","floor":19,"gold_loss":0,"cards_obtained":["Writhe"]},{"cards_removed":["Writhe","Doubt"],"damage_healed":0,"gold_gain":0,"player_choice":"Removed Curses","damage_taken":0,"max_hp_gain":0,"max_hp_loss":0,"event_name":"Fountain of Cleansing","floor":20,"gold_loss":0},{"damage_healed":0,"gold_gain":0,"player_choice":"Memory 3","damage_taken":10,"max_hp_gain":0,"max_hp_loss":0,"event_name":"SensoryStone","floor":36,"gold_loss":0},{"cards_removed":["JustLucky"],"damage_healed":0,"gold_gain":0,"player_choice":"Card Removal","damage_taken":0,"max_hp_gain":0,"max_hp_loss":0,"event_name":"Wheel of Change","floor":37,"gold_loss":0}],"is_beta":false,"boss_relics":[{"not_picked":["SlaversCollar","Cursed Key"],"picked":"Astrolabe"},{"not_picked":["Runic Pyramid","VioletLotus"],"picked":"Snecko Eye"}],"items_purged_floors":[],"is_endless":false,"potions_floor_spawned":[2,8,11,14,16,24,27,28,31,35],"killed_by":"Nemesis","ascension_level":0}}