{"host":"ewns8ifhbubwkcum","time":1611800887,"event":{"mods":["BaseMod","Block Reminder","Colored Map","Colored Powertips","Downfall","Highlight Path","Minty Spire (QoL Compilation)","Permanent Neow","Quick Restart","Random Character Button","StSLib"],"gold_per_floor":[99,109,109,57,76,90,90,106,106,16,42,59,59,59,75,180,180,180,197,197,208,208,228,282,307,336,352,189,189,89,174,193,291,291,191,208,208,222,222,222,222,257,260,260,260,260],"floor_reached":44,"language":"ENG","playtime":2466,"items_purged":["downfall:Icky"],"score":506,"play_id":"91144bc1-7b50-458f-83a1-175d9f5c7c0b","local_time":"20210127202807","is_ascension_mode":false,"campfire_choices":[{"data":"bronze:BugBarrage","floor":1.0,"key":"SMITH"},{"data":"bronze:MaxOutput","floor":9.0,"key":"SMITH"},{"data":"bronze:Mutator","floor":13.0,"key":"SMITH"},{"floor":18.0,"key":"RECALL"},{"floor":30,"key":"REST"},{"floor":35,"key":"REST"}],"circlet_count":0,"master_deck":["bronze:Defend","bronze:Defend","bronze:Defend","bronze:Defend","bronze:Replicate+1","bronze:Goto+1","bronze:BugBarrage+1","bronze:ForLoop+1","bronze:Shield","bronze:ItsAFeature","bronze:DelayedSlice+1","bronze:MaxOutput+1","bronze:WildBeam+1","bronze:Mutator+1","bronze:FineTuning","bronze:Shield","bronze:ShipIt","bronze:ClassDefault","Slimebound:Tackle+1","Slimebound:Tackle+1","Slimebound:Tackle+1","bronze:Shield","bronze:Allocate","bronze:ClassDefault","bronze:HardenedForm","bronze:Repulsor","bronze:ShipIt","bronze:OilSpill","bronze:Allocate","bronze:Shield+1","bronze:BugBarrage+1"],"relics":["bronze:BronzeCore","Incense Burner","Ancient Tea Set","Bronze Scales","Black Star","sneckomod:BlankCard","Oddly Smooth Stone","Centennial Puzzle","Letter Opener","OrangePellets","Enchiridion","downfall:HeartBlessingGreen","Fusion Hammer","downfall:HeartBlessingRed","Blue Candle","Darkstone Periapt","Pantograph","Molten Egg 2","bronze:CableSpool","Bag of Marbles","bronze:SilverBullet"],"acts_visited":["Exordium","TheCity","TheBeyond"],"potions_floor_usage":[28,28,33,33],"damage_taken":[{"damage":1.0,"enemies":"Jaw Worm","floor":2.0,"turns":3.0},{"damage":0.0,"enemies":"downfall:FleeingMerchant","floor":4.0,"turns":4.0},{"damage":1.0,"enemies":"Cultist","floor":5.0,"turns":4.0},{"damage":0.0,"enemies":"Small Slimes","floor":6.0,"turns":2.0},{"damage":0.0,"enemies":"2 Fungi Beasts","floor":8.0,"turns":3.0},{"damage":0.0,"enemies":"downfall:FleeingMerchant","floor":10.0,"turns":4.0},{"damage":9.0,"enemies":"3 Sentries","floor":11.0,"turns":3.0},{"damage":3.0,"enemies":"3 Louse","floor":12.0,"turns":3.0},{"damage":0.0,"enemies":"Lots of Slimes","floor":15.0,"turns":1.0},{"damage":26.0,"enemies":"DF_ARCHETYPE_STREAMLINE","floor":16.0,"turns":5.0},{"damage":0.0,"enemies":"3 Byrds","floor":19.0,"turns":1.0},{"damage":7,"enemies":"Shell Parasite","floor":21,"turns":3},{"damage":2,"enemies":"3 Cultists","floor":23,"turns":4},{"damage":2,"enemies":"Slavers","floor":26,"turns":2},{"damage":9,"enemies":"Shelled Parasite and Fungi","floor":27,"turns":4},{"damage":0,"enemies":"downfall:FleeingMerchant","floor":28,"turns":4},{"damage":7,"enemies":"Centurion and Healer","floor":32,"turns":5},{"damage":28,"enemies":"IC_MUSHROOM_ARCHETYPE","floor":33,"turns":5},{"damage":7,"enemies":"3 Shapes","floor":36,"turns":3},{"damage":5,"enemies":"3 Darklings","floor":38,"turns":3},{"damage":32,"enemies":"Nemesis","floor":42,"turns":4},{"damage":0,"enemies":"downfall:FleeingMerchant","floor":43,"turns":1},{"damage":21,"enemies":"Transient","floor":44,"turns":3}],"seed_played":"4782868046168571446","potions_obtained":[{"floor":5.0,"key":"ColorlessPotion"},{"floor":6.0,"key":"SkillPotion"},{"floor":11.0,"key":"SkillPotion"},{"floor":12.0,"key":"bronze:BurnAndBuffPotion"},{"floor":15.0,"key":"LiquidMemories"},{"floor":19.0,"key":"Swift Potion"},{"floor":32,"key":"LiquidBronze"},{"floor":36,"key":"SpeedPotion"}],"is_trial":false,"path_per_floor":["R","M","?","$","M","M","T","M","R","$","E","M","R","?","M","B",null,"R","M","?","M","?","M","T","T","E","M","$","?","R","?","M","B",null,"R","M","?","M","?","T","T","E","$","M"],"character_chosen":"THE_AUTOMATON","items_purchased":["bronze:ItsAFeature","OrangePellets","Bag of Marbles","bronze:SilverBullet","bronze:BugBarrage+1"],"campfire_rested":2,"item_purchase_floors":[4,28,43,43,43],"current_hp_per_floor":[70,69,69,69,68,68,68,68,68,68,59,56,56,53,53,27,70,70,70,70,63,63,61,61,61,59,50,50,34,55,41,34,6,70,70,63,58,53,53,53,53,21,21,0,0,0],"gold":260,"neow_bonus":"TRANSFORM_CARD","is_daily":false,"chose_seed":false,"campfire_upgraded":3,"win_rate":0.0,"timestamp":1611800887,"path_taken":["R","M","?","?","M","M","T","?","R","$","E","M","R","?","M","BOSS","R","M","?","M","?","?","T","?","E","M","$","?","R","?","M","BOSS","R","M","?","M","?","?","T","E","$","M"],"items_purchased_type":["Card","Relic","Relic","Relic","Card"],"build_version":"2020-12-22","purchased_purges":1,"victory":false,"max_hp_per_floor":[70,70,70,70,70,70,70,70,70,70,70,70,70,70,70,70,70,70,70,70,70,70,70,70,70,70,70,70,70,70,70,70,70,70,70,70,70,70,70,70,70,70,70,70,70,70],"card_choices":[{"not_picked":["bronze:Overheat","bronze:DelayedGuard"],"picked":"bronze:ForLoop","floor":2.0},{"not_picked":["bronze:BuggyMess","bronze:ThunderWave"],"picked":"bronze:Shield","floor":4.0},{"not_picked":["bronze:Optimize","bronze:FollowUp"],"picked":"bronze:DelayedSlice","floor":5.0},{"not_picked":["bronze:NullPointer","bronze:Overload"],"picked":"bronze:MaxOutput","floor":6.0},{"not_picked":["bronze:BuggyMess","bronze:DelayedSlice"],"picked":"bronze:WildBeam","floor":8.0},{"not_picked":["bronze:FollowUp","bronze:Philosophize","bronze:Overheat"],"picked":"SKIP","floor":10.0},{"not_picked":["bronze:WildBeam","bronze:CloningBeam"],"picked":"bronze:Mutator","floor":11.0},{"not_picked":["bronze:WildBeam","bronze:Invalidate"],"picked":"bronze:FineTuning","floor":12.0},{"not_picked":["bronze:DarkDash","bronze:WhirlingStrike"],"picked":"bronze:Shield","floor":15.0},{"not_picked":["bronze:HardenedForm","bronze:Virus"],"picked":"bronze:ShipIt","floor":16.0},{"not_picked":["bronze:Overload+1","bronze:Philosophize"],"picked":"bronze:ClassDefault","floor":19.0},{"not_picked":["bronze:Return","bronze:WhirlingStrike"],"picked":"bronze:Shield","floor":21},{"not_picked":["bronze:Branch","bronze:NullPointer"],"picked":"bronze:Allocate","floor":23},{"not_picked":["bronze:CutThrough","bronze:WildBeam"],"picked":"bronze:ClassDefault","floor":26},{"not_picked":["bronze:Shield","bronze:OilSpill"],"picked":"bronze:HardenedForm","floor":27},{"not_picked":["bronze:DelayedGuard+1","bronze:BuggyMess"],"picked":"bronze:Repulsor","floor":28},{"not_picked":["bronze:FollowUp","bronze:CutThrough","bronze:DarkDash+1"],"picked":"SKIP","floor":32},{"not_picked":["bronze:RecursiveStrike","bronze:CleanCode"],"picked":"bronze:ShipIt","floor":33},{"not_picked":["bronze:CutThrough","bronze:DelayedGuard+1"],"picked":"bronze:OilSpill","floor":36},{"not_picked":["bronze:CutThrough","bronze:ChosenStrike+1","bronze:DelayedGuard"],"picked":"SKIP","floor":38},{"not_picked":["bronze:Iterate+1","bronze:Frontload+1"],"picked":"bronze:Allocate","floor":42},{"not_picked":["bronze:ChildClass+1","bronze:HardenedForm"],"picked":"bronze:Shield+1","floor":43}],"player_experience":1023210,"relics_obtained":[{"floor":7.0,"key":"Incense Burner"},{"floor":11.0,"key":"Ancient Tea Set"},{"floor":24,"key":"sneckomod:BlankCard"},{"floor":25,"key":"Oddly Smooth Stone"},{"floor":26,"key":"Centennial Puzzle"},{"floor":26,"key":"Letter Opener"},{"floor":29,"key":"Enchiridion"},{"floor":40,"key":"Darkstone Periapt"},{"floor":41,"key":"Pantograph"},{"floor":42,"key":"Molten Egg 2"},{"floor":42,"key":"bronze:CableSpool"}],"event_choices":[{"damage_healed":0.0,"max_hp_gain":0.0,"max_hp_loss":0.0,"gold_gain":0.0,"event_name":"Scrap Ooze","player_choice":"Success","floor":14.0,"gold_loss":0.0,"damage_taken":3.0,"relics_obtained":["Bronze Scales"]}],"is_beta":false,"boss_relics":[{"not_picked":["bronze:PlatinumCore","sneckomod:SneckoTalon"],"picked":"Black Star"},{"not_picked":["Pandora\u0027s Box","Tiny House"],"picked":"Fusion Hammer"}],"items_purged_floors":[10],"is_endless":false,"potions_floor_spawned":[5,6,11,12,15,19,21,27,32,36],"killed_by":"Transient","ascension_level":0}}