{"host":"oc9j5nmpwz4e9fqj","time":1611864501,"event":{"mods":["ATMod(°¢èªMod)","AchievementEnabler","BaseMod","Conspire","KomeijiMod","Lobotomy","Minty Spire (QoL Compilation)","Replay The Spire","StSLib","TestMod","[IsaacMod]ÒÔÈö¼âËþ","¡¾ÒÅÎï¿¨ÅÆ¡¿REMEMod"],"gold_per_floor":[551,1000,261,261,580,621,352,352,352,352,352,352,352,390,390,2175,2175,2610,3101,3137,3137,2246,2246,2607,1875,1875,1875,1210,1721,1721,2208,2208,4136,4136,4607,5123,5499,6148,5422,6237,6237,6114,6114,6254,6839,7013,6396,6581,6581,6945,7222,7222,7222,7222,7499,7632],"floor_reached":57,"language":"ZHS","playtime":3686,"items_purged":["Strike_G","Strike_G","Strike_G","Strike_G"],"score":2721,"play_id":"d35b82c3-197d-4dd4-9f5f-a68da8217a8b","local_time":"20210129050821","is_ascension_mode":true,"campfire_choices":[{"floor":8.0,"key":"RECALL"},{"data":"Poisoned Stab","floor":11.0,"key":"SMITH"},{"data":"Deadly Poison","floor":15.0,"key":"SMITH"},{"floor":23.0,"key":"REST"},{"floor":27.0,"key":"DIG"},{"floor":32.0,"key":"DIG"},{"floor":41.0,"key":"DIG"},{"floor":49,"key":"DIG"},{"floor":53,"key":"DIG"}],"circlet_count":0,"master_deck":["Defend_G+1","Defend_G+1","Survivor+1","Funeral","Poisoned Stab+1","Deadly Poison+1","MHz","Corpse Explosion+1","Poison Darts+1","CherryBlossoms","UniverseFragment","Noxious Fumes+1"],"relics":["Ring of the Snake","testmod-TestBox","HushsDoor","AT_ATBox","REME_ComplimentaryCards","testmod-DeterminationOfClimber","BloodDonationMachine","CogitoBucket","Tough Bandages","testmod-BlackFramedGlasses","testmod-Alchemist","Orichalcum","Replay:Rubber Ducky","AT_GuinsooRageblade","AT_SilvercatRing","Snack Pack","FleshIdol","Red Mask","Medical Kit","testmod-Hope","Shovel","testmod-Register","REME_PuzzleBoxRelic","Darkstone Periapt","Replay:Ringing Soul","Onion Ring","AT_TheCollector","testmod-FatalChain","SkinProphecy","Smiling Mask","Incense Burner","testmod-RealStoneCalender","Mercury Hourglass","testmod-ArcanaOfDestiny","Guide Book","GoodDreamPillow","MawBank","AT_MibuBalloonWealth","Basket Of Snakes","Snake Skull","ReplayTheSpireMod:Lightbulb","Strange Spoon","Whetstone","Ornamental Fan"],"acts_visited":["Exordium","TheCity","TheBeyond","TheEnding"],"potions_floor_usage":[],"damage_taken":[{"damage":0.0,"enemies":"2 Louse","floor":1.0,"turns":3.0},{"damage":1.0,"enemies":"Cultist","floor":2.0,"turns":3.0},{"damage":2.0,"enemies":"conspire:RoseBush","floor":5.0,"turns":2.0},{"damage":26.0,"enemies":"3 Sentries","floor":6.0,"turns":8.0},{"damage":10.0,"enemies":"Replay:BlueRogue","floor":14.0,"turns":4.0},{"damage":8.0,"enemies":"The Guardian","floor":16.0,"turns":7.0},{"damage":27.0,"enemies":"Shell Parasite","floor":18.0,"turns":3.0},{"damage":4.0,"enemies":"3 Byrds","floor":19.0,"turns":2.0},{"damage":15.0,"enemies":"Masked Bandits","floor":20.0,"turns":3.0},{"damage":5.0,"enemies":"conspire:HollyBat","floor":24.0,"turns":3.0},{"damage":2.0,"enemies":"Cultist and Chosen","floor":29.0,"turns":2.0},{"damage":3.0,"enemies":"Snake Plant","floor":31.0,"turns":2.0},{"damage":19.0,"enemies":"Pondfish","floor":33.0,"turns":3.0},{"damage":5.0,"enemies":"3 Shapes","floor":35.0,"turns":2.0},{"damage":33.0,"enemies":"3 Darklings","floor":36.0,"turns":3.0},{"damage":2.0,"enemies":"Writhing Mass","floor":37.0,"turns":3.0},{"damage":2.0,"enemies":"4 Shapes","floor":38.0,"turns":1.0},{"damage":4.0,"enemies":"Transient","floor":40.0,"turns":1.0},{"damage":1.0,"enemies":"Reptomancer","floor":44.0,"turns":2.0},{"damage":4.0,"enemies":"3 Darklings","floor":45.0,"turns":2.0},{"damage":43.0,"enemies":"R_Hoarder","floor":46.0,"turns":5.0},{"damage":4.0,"enemies":"Giant Head","floor":48.0,"turns":2.0},{"damage":4,"enemies":"Donu and Deca","floor":50,"turns":1},{"damage":2,"enemies":"Replay:Hell Engine","floor":51,"turns":3},{"damage":1,"enemies":"Shield and Spear","floor":55,"turns":1},{"damage":41,"enemies":"The Heart","floor":56,"turns":5}],"seed_played":"-8899050234789790120","potions_obtained":[{"floor":1.0,"key":"DistilledChaos"},{"floor":5.0,"key":"ExcitationPotion"},{"floor":16.0,"key":"Languid Potion"},{"floor":45.0,"key":"testmod-SpacePotion"}],"is_trial":false,"path_per_floor":["M","M","$","?","M","E","$","R","T","?","R","?","?","E","R","B",null,"M","M","?","?","$","R","M","$","T","R","$","M","?","M","R","B",null,"M","M","M","M","$","M","R","?","T","E","M","E","$","E","R","B","B",null,"R","$","E","B",null],"character_chosen":"THE_SILENT","items_purchased":["Tough Bandages","testmod-BlackFramedGlasses","Orichalcum","Medical Kit","testmod-Hope","Shovel","testmod-Register","REME_PuzzleBoxRelic","Darkstone Periapt","AT_TheCollector","testmod-FatalChain","Mercury Hourglass","testmod-ArcanaOfDestiny","Guide Book","Snake Skull","Noxious Fumes","ReplayTheSpireMod:Lightbulb","Strange Spoon"],"campfire_rested":1,"item_purchase_floors":[3,3,7,22,22,22,25,25,25,28,28,39,39,39,47,47,47,47],"current_hp_per_floor":[59,62,62,62,66,56,56,56,56,56,56,56,56,61,61,66,66,43,49,45,27,27,48,71,71,71,71,71,74,74,74,74,79,79,73,55,88,92,92,94,94,94,94,95,98,65,68,101,101,107,109,109,109,109,111,85],"gold":7632,"neow_bonus":"","is_daily":false,"chose_seed":false,"campfire_upgraded":2,"win_rate":0.0,"timestamp":1611864501,"path_taken":["M","M","$","?","?","E","$","R","T","?","R","?","?","E","R","BOSS","M","M","?","?","$","R","M","$","T","R","$","M","?","M","R","BOSS","M","M","M","M","$","M","R","?","T","E","M","E","$","E","R","BOSS","BOSS","R","$","E","BOSS"],"items_purchased_type":["Relic","Relic","Relic","Relic","Relic","Relic","Relic","Relic","Relic","Relic","Relic","Relic","Relic","Relic","Relic","Card","Relic","Relic"],"build_version":"2020-12-22","purchased_purges":4,"victory":true,"max_hp_per_floor":[66,66,66,66,66,66,66,66,66,66,66,66,66,66,66,66,66,66,66,66,71,71,71,71,71,71,71,71,74,74,74,74,79,79,81,83,88,92,92,94,94,94,94,96,98,100,103,105,105,107,109,109,109,109,111,113],"card_choices":[{"not_picked":["SingingMachine","ShyLook"],"picked":"Funeral","floor":1.0},{"not_picked":["Acrobatics","Skewer"],"picked":"Poisoned Stab","floor":1.0},{"not_picked":["REME_SpectralBlade","AT_TwilightShroud","Slice"],"picked":"SKIP","floor":1.0},{"not_picked":["WallGazer","GalaxyChild"],"picked":"CrumblingArmor","floor":2.0},{"not_picked":["Predator","Underhanded Strike","Dodge and Roll"],"picked":"SKIP","floor":2.0},{"not_picked":["Flechettes","Blade Dance","Acrobatics"],"picked":"SKIP","floor":2.0},{"not_picked":["GalaxyChild","MeltingLove"],"picked":"WallGazer","floor":5.0},{"not_picked":["Poisoned Stab","Cloak And Dagger"],"picked":"Deadly Poison","floor":5.0},{"not_picked":["Slice","Caltrops","conspire:DoublingDagger"],"picked":"SKIP","floor":5.0},{"not_picked":["MHz","Bloodbath"],"picked":"SilentOrchestra","floor":6.0},{"not_picked":["Deflect","Quick Slash","conspire:PoisonWeapons"],"picked":"SKIP","floor":6.0},{"not_picked":["Scorched","SpiderBud","QueenBee"],"picked":"Singing Bowl","floor":14.0},{"not_picked":["OldLady","GalaxyChild"],"picked":"MHz","floor":14.0},{"not_picked":["ReplayTheSpireMod:Shiv Toss","Quick Slash","Slice"],"picked":"SKIP","floor":14.0},{"not_picked":["OldLady","BigBadWolf"],"picked":"QueenBee","floor":16.0},{"not_picked":["Envenom","AT_EssenceShift"],"picked":"Corpse Explosion","floor":16.0},{"not_picked":["Glass Knife","AT_EssenceShift"],"picked":"Poison Darts","floor":16.0},{"not_picked":["Concentrate","Quick Slash"],"picked":"PiercingWail+1","floor":18.0},{"not_picked":["Variant","FairyFestival"],"picked":"CherryBlossoms","floor":18.0},{"not_picked":["AT_WindFlip","Hidden Blade","Calculated Gamble"],"picked":"SKIP","floor":18.0},{"not_picked":["Bloodbath","OldLady"],"picked":"UniverseFragment","floor":19.0},{"not_picked":["Flying Knee+1","Hidden Blade","Sneak Up+1"],"picked":"SKIP","floor":19.0},{"not_picked":["Sneak Up+1","PiercingWail","Prepared+1"],"picked":"SKIP","floor":19.0},{"not_picked":["OldLady","BeautyBeast"],"picked":"Bloodbath","floor":20.0},{"not_picked":["Rudolta","FairyFestival"],"picked":"SnowQueen","floor":24.0},{"not_picked":["Infinite Blades","Burst","Quick Slash"],"picked":"SKIP","floor":24.0},{"not_picked":["Blur+1","Deflect+1","Cloak And Dagger"],"picked":"SKIP","floor":24.0},{"not_picked":["GreedKing","Scorched","Mercenary"],"picked":"Singing Bowl","floor":29.0},{"not_picked":["WhitesApple","BodiesMountain"],"picked":"Alriune","floor":29.0},{"not_picked":["Masterful Stab","Deadly Poison","Backflip"],"picked":"SKIP","floor":29.0},{"not_picked":["ReplayTheSpireMod:Scrap Shanks","ReplayTheSpireMod:Tripwire","Outmaneuver"],"picked":"SKIP","floor":29.0},{"not_picked":["Masterful Stab","Deadly Poison","Backflip"],"picked":"SKIP","floor":29.0},{"not_picked":["ReplayTheSpireMod:Scrap Shanks","ReplayTheSpireMod:Tripwire","Outmaneuver"],"picked":"SKIP","floor":29.0},{"not_picked":["AT_ArcaneSupremacy","Storm of Steel","Footwork"],"picked":"SKIP","floor":31.0},{"not_picked":["Outmaneuver","Deadly Poison","Predator"],"picked":"SKIP","floor":31.0},{"not_picked":["AT_ArcaneSupremacy","Storm of Steel","Footwork"],"picked":"SKIP","floor":31.0},{"not_picked":["Outmaneuver","Deadly Poison","Predator"],"picked":"SKIP","floor":31.0},{"not_picked":["Bullet Time","REME_ShadowForm"],"picked":"Atom Bomb","floor":33.0},{"not_picked":["Cloak And Dagger","Slice","Sucker Punch+1"],"picked":"SKIP","floor":35.0},{"not_picked":["AT_WindRun+1","Poisoned Stab","Deadly Poison"],"picked":"SKIP","floor":35.0},{"not_picked":["Poisoned Stab","Backflip","Distraction"],"picked":"SKIP","floor":36.0},{"not_picked":["Prepared","Backflip","All Out Attack+1"],"picked":"SKIP","floor":36.0},{"not_picked":["AT_FocusSwordFire+1","Underhanded Strike"],"picked":"Calculated Gamble","floor":37.0},{"not_picked":["Deadly Poison","Sneak Up","Tactician+1"],"picked":"SKIP","floor":37.0},{"not_picked":["Slice+1","Prepared","Poisoned Stab"],"picked":"SKIP","floor":38.0},{"not_picked":["Hidden Blade","AT_TinkerSharpsword","Blade Dance"],"picked":"SKIP","floor":38.0},{"not_picked":["Prepared","Calculated Gamble","Tools of the Trade"],"picked":"SKIP","floor":40.0},{"not_picked":["Bane","PiercingWail","Reflex"],"picked":"SKIP","floor":40.0},{"not_picked":["AT_KneejerkReflex","AT_WomanClash","Blade Dance"],"picked":"SKIP","floor":44.0},{"not_picked":["Caltrops","Flying Knee","Backflip+1"],"picked":"SKIP","floor":45.0},{"not_picked":["Flying Knee","Endless Agony","Quick Slash"],"picked":"SKIP","floor":45.0},{"not_picked":["Bane","Distraction","Malaise"],"picked":"SKIP","floor":46.0},{"not_picked":["Well Laid Plans+1","Backflip","Dagger Throw"],"picked":"SKIP","floor":48.0},{"not_picked":["Predator","Caltrops","Skewer"],"picked":"SKIP","floor":55}],"player_experience":236157,"relics_obtained":[{"floor":6.0,"key":"testmod-Alchemist"},{"floor":14.0,"key":"Replay:Rubber Ducky"},{"floor":16.0,"key":"AT_GuinsooRageblade"},{"floor":16.0,"key":"AT_SilvercatRing"},{"floor":16.0,"key":"Snack Pack"},{"floor":20.0,"key":"Red Mask"},{"floor":26.0,"key":"Replay:Ringing Soul"},{"floor":27.0,"key":"Onion Ring"},{"floor":32.0,"key":"Smiling Mask"},{"floor":33.0,"key":"Incense Burner"},{"floor":33.0,"key":"testmod-RealStoneCalender"},{"floor":43.0,"key":"MawBank"},{"floor":44.0,"key":"AT_MibuBalloonWealth"},{"floor":46.0,"key":"Basket Of Snakes"},{"floor":49,"key":"Whetstone"},{"floor":53,"key":"Ornamental Fan"}],"event_choices":[{"damage_healed":0.0,"max_hp_gain":0.0,"max_hp_loss":0.0,"gold_gain":0.0,"event_name":"Liars Game","player_choice":"Ignored","floor":10.0,"gold_loss":0.0,"damage_taken":0.0},{"damage_healed":0.0,"max_hp_gain":0.0,"max_hp_loss":0.0,"gold_gain":0.0,"event_name":"Masked Bandits","player_choice":"Fought Bandits","floor":20.0,"gold_loss":0.0,"damage_taken":0.0},{"damage_healed":0.0,"max_hp_gain":5.0,"max_hp_loss":0.0,"gold_gain":0.0,"event_name":"Forgotten Altar","player_choice":"Shed Blood","floor":21.0,"gold_loss":0.0,"damage_taken":23.0}],"is_beta":false,"boss_relics":[{"not_picked":["ChewingGum","Ring of Chaos","testmod-KeyOfTheVoid"]},{"not_picked":["Philosopher\u0027s Stone","Cursed Key","Sozu"]}],"items_purged_floors":[3,7,22,25],"is_endless":false,"potions_floor_spawned":[1,5,5,14,16,18,18,19,24,24,29,31,31,35,35,36,37,37,38,45,45,46,48,55],"ascension_level":20}}