{"host":"sav7uxregyirlf69","time":1611839287,"event":{"mods":["AchievementEnabler","BaseMod","Colored Map","DeckTracker","Keyboard Shortcuts","Minty Spire (QoL Compilation)","READ ME - Guardian Mod","StSLib","SuperFastMode"],"gold_per_floor":[366,12,12,28,41,41,60,60,83,99,99,109,109,133,133,133,133],"floor_reached":16,"language":"KOR","playtime":203,"items_purged":["Injury"],"score":184,"play_id":"d1659dca-bd99-44e4-b5f3-47516232a91b","local_time":"20210128220807","is_ascension_mode":true,"campfire_choices":[{"data":"Dagger Spray","floor":6,"key":"SMITH"},{"data":"Blade Dance","floor":8,"key":"SMITH"},{"data":"Finisher","floor":13,"key":"SMITH"},{"data":"Caltrops","floor":15,"key":"SMITH"}],"circlet_count":0,"master_deck":["AscendersBane","Strike_G","Strike_G","Strike_G","Strike_G","Defend_G","Defend_G","Defend_G","Defend_G","Defend_G","Survivor","Neutralize","Blade Dance+1","Dagger Spray+1","Tactician","Finisher+1","Glass Knife","Caltrops+1"],"relics":["Ring of the Snake","Meat on the Bone","Snake Skull","Potion Belt","Odd Mushroom"],"acts_visited":["Exordium"],"potions_floor_usage":[],"damage_taken":[{"damage":10,"enemies":"Jaw Worm","floor":1,"turns":8},{"damage":4,"enemies":"Small Slimes","floor":4,"turns":3},{"damage":4,"enemies":"Cultist","floor":5,"turns":3},{"damage":0,"enemies":"Looter","floor":7,"turns":2},{"damage":3,"enemies":"3 Louse","floor":10,"turns":2},{"damage":0,"enemies":"Blue Slaver","floor":12,"turns":1},{"damage":13,"enemies":"The Mushroom Lair","floor":14,"turns":3},{"damage":42,"enemies":"Hexaghost","floor":16,"turns":9}],"seed_played":"-9003760065085304193","potions_obtained":[{"floor":5,"key":"SmokeBomb"},{"floor":7,"key":"SpeedPotion"}],"is_trial":false,"path_per_floor":["M","$","?","M","M","R","M","R","T","M","?","M","R","?","R","B"],"character_chosen":"THE_SILENT","items_purchased":["Meat on the Bone"],"campfire_rested":0,"item_purchase_floors":[2],"current_hp_per_floor":[49,49,38,34,42,42,42,42,42,39,39,39,39,38,38,0,0],"gold":133,"neow_bonus":"TWO_FIFTY_GOLD","is_daily":false,"chose_seed":false,"campfire_upgraded":4,"win_rate":0.0,"timestamp":1611839287,"path_taken":["M","$","?","M","M","R","M","R","T","M","?","?","R","?","R","BOSS"],"items_purchased_type":["Relic"],"build_version":"2020-12-22","purchased_purges":1,"victory":false,"max_hp_per_floor":[66,66,66,66,66,66,66,66,66,66,66,66,66,66,66,66,66],"card_choices":[{"not_picked":["Finisher","Dodge and Roll"],"picked":"Blade Dance","floor":1},{"not_picked":["Slice","Heel Hook"],"picked":"Dagger Spray","floor":4},{"not_picked":["Sucker Punch","Cloak And Dagger"],"picked":"Tactician","floor":5},{"not_picked":["Underhanded Strike","Outmaneuver"],"picked":"Finisher","floor":7},{"not_picked":["Catalyst","Skewer","Deflect"],"picked":"SKIP","floor":10},{"not_picked":["Caltrops","Slice"],"picked":"Glass Knife","floor":12},{"not_picked":["Distraction","Cloak And Dagger"],"picked":"Caltrops","floor":14}],"player_experience":1422321,"relics_obtained":[{"floor":9,"key":"Potion Belt"},{"floor":14,"key":"Odd Mushroom"}],"event_choices":[{"damage_healed":0,"gold_gain":0,"player_choice":"Success","damage_taken":11,"relics_obtained":["Snake Skull"],"max_hp_gain":0,"max_hp_loss":0,"event_name":"Scrap Ooze","floor":3,"gold_loss":0},{"cards_removed":["Strike_G"],"damage_healed":0,"gold_gain":0,"player_choice":"Purged","damage_taken":0,"max_hp_gain":0,"max_hp_loss":0,"event_name":"Purifier","floor":11,"gold_loss":0},{"damage_healed":0,"gold_gain":0,"player_choice":"Fought Mushrooms","damage_taken":0,"max_hp_gain":0,"max_hp_loss":0,"event_name":"Mushrooms","floor":14,"gold_loss":0}],"is_beta":false,"boss_relics":[],"items_purged_floors":[2],"is_endless":false,"potions_floor_spawned":[5,7],"killed_by":"Hexaghost","ascension_level":20}}