{"host":"zrtolk9726p85qr7","time":1611801068,"event":{"mods":["BaseMod","BetterRewards","Colored Powertips","Minty Spire (QoL Compilation)","Permanent Neow","Quick Restart","Spire Arcade","StSLib","The Animator","The Necromancer","The Wild Card"],"gold_per_floor":[111,127,277,296,307,307,340,340,364,377,377,224,224,235,235,340,340,357,368,155,170,189,189,201,213,213,213,230,230,255,265,265,365,365,375,388,138,0,0,0],"floor_reached":39,"language":"ENG","playtime":2020,"items_purged":[],"score":387,"play_id":"0a4849d9-fd95-41e6-bda2-16b561bf3954","local_time":"20210128033108","is_ascension_mode":false,"campfire_choices":[{"data":"Blood for Blood","floor":6,"key":"SMITH"},{"floor":8,"key":"RECALL"},{"data":"theWildCard:Michael","floor":13,"key":"SMITH"},{"data":"Juggernaut","floor":15,"key":"SMITH"},{"floor":23,"key":"REST"},{"floor":27,"key":"REST"},{"floor":29,"key":"REST"},{"floor":32,"key":"REST"}],"circlet_count":0,"master_deck":["Strike_R","Strike_R","Strike_R","Strike_R","Strike_R","Defend_R","Defend_R","Defend_R","Defend_R","Bash","Iron Wave","Blood for Blood+1","Iron Wave","Clash","Juggernaut+1","theWildCard:Michael+1","Demon Form","Anger","Inflame","Juggernaut+1","Inflame"],"relics":["Burning Blood","Strawberry","PreservedInsect","Orichalcum","SlaversCollar","DollysMirror","Ornamental Fan","Bag of Marbles","Singing Bowl","Red Mask"],"acts_visited":["Exordium","TheCity","TheBeyond"],"potions_floor_usage":[2,7,16,33,33,33],"damage_taken":[{"damage":11,"enemies":"Jaw Worm","floor":1,"turns":5},{"damage":0,"enemies":"Cultist","floor":2,"turns":4},{"damage":2,"enemies":"Small Slimes","floor":4,"turns":4},{"damage":6,"enemies":"Blue Slaver","floor":5,"turns":5},{"damage":17,"enemies":"Gremlin Nob","floor":7,"turns":4},{"damage":5,"enemies":"Looter","floor":10,"turns":2},{"damage":5,"enemies":"Large Slime","floor":14,"turns":4},{"damage":22,"enemies":"Slime Boss","floor":16,"turns":8},{"damage":35,"enemies":"3 Byrds","floor":18,"turns":5},{"damage":18,"enemies":"Chosen","floor":19,"turns":5},{"damage":10,"enemies":"Centurion and Healer","floor":21,"turns":6},{"damage":9,"enemies":"Snecko","floor":22,"turns":4},{"damage":33,"enemies":"Snake Plant","floor":24,"turns":5},{"damage":34,"enemies":"Cultist and Chosen","floor":25,"turns":6},{"damage":28,"enemies":"Centurion and Healer","floor":28,"turns":5},{"damage":34,"enemies":"Snake Plant","floor":31,"turns":4},{"damage":46,"enemies":"Collector","floor":33,"turns":6},{"damage":38,"enemies":"Orb Walker","floor":35,"turns":5},{"damage":6,"enemies":"3 Shapes","floor":36,"turns":4},{"damage":61,"enemies":"3 Darklings","floor":39,"turns":5}],"seed_played":"-5771104652073840150","potions_obtained":[{"floor":0,"key":"SkillPotion"},{"floor":0,"key":"Fruit Juice"},{"floor":0,"key":"Swift Potion"},{"floor":3,"key":"Fire Potion"},{"floor":7,"key":"DuplicationPotion"},{"floor":16,"key":"LiquidMemories"},{"floor":22,"key":"DistilledChaos"}],"is_trial":false,"path_per_floor":["M","M","?","M","M","R","E","R","T","M","?","$","R","M","R","B",null,"M","M","$","M","M","R","M","M","T","R","M","R","T","M","R","B",null,"M","M","$","?","M"],"character_chosen":"IRONCLAD","items_purchased":["Orichalcum","Inflame","DollysMirror","Singing Bowl"],"campfire_rested":4,"item_purchase_floors":[12,20,20,37],"current_hp_per_floor":[75,85,92,92,92,92,81,81,81,82,82,82,82,83,83,67,92,63,51,51,47,44,71,44,16,16,43,21,48,48,20,47,7,92,60,60,60,60,0,0],"gold":0,"neow_bonus":"THREE_SMALL_POTIONS","is_daily":false,"chose_seed":false,"campfire_upgraded":3,"win_rate":0.0,"timestamp":1611801068,"path_taken":["M","M","?","M","M","R","E","R","T","M","?","?","R","M","R","BOSS","M","M","$","M","M","R","M","M","T","R","M","R","?","M","R","BOSS","M","M","$","?","M"],"items_purchased_type":["Relic","Card","Relic","Relic"],"build_version":"2020-12-22","purchased_purges":0,"victory":false,"max_hp_per_floor":[80,85,92,92,92,92,92,92,92,92,92,92,92,92,92,92,92,92,92,92,92,92,92,92,92,92,92,92,92,92,92,92,92,92,92,92,92,92,92,92],"card_choices":[{"not_picked":["Sword Boomerang","Twin Strike"],"picked":"Iron Wave","floor":1},{"not_picked":["Body Slam","Warcry"],"picked":"Blood for Blood","floor":2},{"not_picked":["Thunderclap","Sever Soul"],"picked":"Iron Wave","floor":4},{"not_picked":["Carnage","Sword Boomerang"],"picked":"Clash","floor":5},{"not_picked":["Body Slam","Searing Blow"],"picked":"Juggernaut","floor":7},{"not_picked":["Flex","Shrug It Off","Clothesline"],"picked":"SKIP","floor":10},{"not_picked":["Heavy Blade","Power Through","Shrug It Off"],"picked":"SKIP","floor":14},{"not_picked":["Brutality","Barricade"],"picked":"Demon Form","floor":16},{"not_picked":["Twin Strike+1","Flex+1","Whirlwind"],"picked":"SKIP","floor":18},{"not_picked":["Shrug It Off+1","Perfected Strike+1"],"picked":"Anger","floor":19},{"not_picked":["Flex+1","Reckless Charge+1","True Grit"],"picked":"SKIP","floor":21},{"not_picked":["Havoc","Entrench"],"picked":"Inflame","floor":22},{"not_picked":["Cleave","Anger","Feel No Pain"],"picked":"SKIP","floor":24},{"not_picked":["Dropkick","Sword Boomerang","Metallicize"],"picked":"SKIP","floor":25},{"not_picked":["Havoc","Fiend Fire","Clash"],"picked":"SKIP","floor":28},{"not_picked":["Searing Blow","Infernal Blade","Fire Breathing"],"picked":"SKIP","floor":31},{"not_picked":["Shrug It Off","Rage","Ghostly Armor"],"picked":"SKIP","floor":35},{"not_picked":["Pommel Strike","Thunderclap","Bloodletting"],"picked":"SKIP","floor":36}],"player_experience":119211,"relics_obtained":[{"floor":3,"key":"Strawberry"},{"floor":7,"key":"PreservedInsect"},{"floor":26,"key":"Ornamental Fan"},{"floor":30,"key":"Bag of Marbles"}],"event_choices":[{"damage_healed":0,"gold_gain":0,"player_choice":"Paid","damage_taken":0,"relics_obtained":["Red Mask"],"max_hp_gain":0,"max_hp_loss":0,"event_name":"Tomb of Lord Red Mask","floor":38,"gold_loss":138}],"is_beta":false,"boss_relics":[{"not_picked":["Black Blood","Empty Cage"],"picked":"SlaversCollar"},{"not_picked":["Astrolabe","Philosopher\u0027s Stone","Coffee Dripper"]}],"items_purged_floors":[],"is_endless":false,"potions_floor_spawned":[4,7,16,21,22,25,28],"killed_by":"3 Darklings","ascension_level":0}}