{"host":"ijtzdp8x8o2bpzki","time":1611846273,"event":{"mods":["AchievementEnabler","BaseMod","Colored Map","Colored Powertips","DeckTracker","Minty Spire (QoL Compilation)"],"gold_per_floor":[18,18,18,39,58,58,99,117,189,262,285,285,308,358,358,482,482,495,519,111,130,180,180,180,180],"floor_reached":24,"language":"ENG","playtime":1011,"items_purged":["Strike_B"],"score":220,"play_id":"296e68cc-49ff-41e3-8870-c481c2b0ba9c","local_time":"20210128180433","is_ascension_mode":true,"campfire_choices":[{"floor":6,"key":"REST"},{"floor":12,"key":"REST"},{"floor":15,"key":"REST"},{"floor":23,"key":"REST"}],"circlet_count":0,"master_deck":["Strike_B","Defend_B","Defend_B","Defend_B","Defend_B","Zap","Dualcast","Heatsinks","Cold Snap","Seek","Conserve Battery","Defragment","Ball Lightning","Rainbow+1","Capacitor","Static Discharge","Self Repair"],"relics":["Cracked Core","Golden Idol","SsserpentHead","Gambling Chip","Ancient Tea Set","Nuclear Battery","Question Card"],"acts_visited":["Exordium","TheCity"],"potions_floor_usage":[7,16,19,24,24],"damage_taken":[{"damage":2,"enemies":"Small Slimes","floor":1,"turns":3},{"damage":1,"enemies":"Cultist","floor":4,"turns":3},{"damage":7,"enemies":"Jaw Worm","floor":5,"turns":3},{"damage":24,"enemies":"3 Sentries","floor":7,"turns":10},{"damage":13,"enemies":"2 Fungi Beasts","floor":8,"turns":5},{"damage":11,"enemies":"Gremlin Gang","floor":10,"turns":5},{"damage":14,"enemies":"3 Louse","floor":11,"turns":4},{"damage":0,"enemies":"Large Slime","floor":13,"turns":5},{"damage":28,"enemies":"Hexaghost","floor":16,"turns":11},{"damage":1,"enemies":"Chosen","floor":18,"turns":4},{"damage":3,"enemies":"3 Byrds","floor":19,"turns":4},{"damage":47,"enemies":"Shelled Parasite and Fungi","floor":21,"turns":5},{"damage":48,"enemies":"Slavers","floor":24,"turns":3}],"seed_played":"-3037188877669888139","potions_obtained":[{"floor":1,"key":"Regen Potion"},{"floor":7,"key":"Strength Potion"},{"floor":16,"key":"Fire Potion"},{"floor":19,"key":"Swift Potion"},{"floor":21,"key":"Swift Potion"}],"is_trial":false,"path_per_floor":["M","?","?","M","M","R","E","M","T","M","M","R","M","?","R","B",null,"M","M","$","M","?","R","E"],"character_chosen":"DEFECT","items_purchased":["Static Discharge","Question Card"],"campfire_rested":4,"item_purchase_floors":[20,20],"current_hp_per_floor":[73,55,55,54,47,69,60,47,47,36,22,44,44,37,59,31,75,74,71,71,24,24,46,0,0],"gold":180,"neow_bonus":"REMOVE_TWO","is_daily":false,"chose_seed":false,"campfire_upgraded":0,"win_rate":0.0,"timestamp":1611846273,"path_taken":["M","?","?","M","M","R","E","M","T","?","M","R","M","?","R","BOSS","M","M","$","M","?","R","E"],"items_purchased_type":["Card","Relic"],"build_version":"2020-12-22","purchased_purges":1,"victory":false,"max_hp_per_floor":[75,75,75,75,75,75,75,75,75,75,75,75,75,75,75,75,75,75,75,75,75,75,75,75,75],"card_choices":[{"not_picked":["Hologram","Turbo"],"picked":"Heatsinks","floor":1},{"not_picked":["Redo","Rebound"],"picked":"Cold Snap","floor":4},{"not_picked":["Turbo","Gash","Streamline"],"picked":"SKIP","floor":5},{"not_picked":["Chaos","Chill"],"picked":"Seek","floor":7},{"not_picked":["Compile Driver","Coolheaded"],"picked":"Conserve Battery","floor":8},{"not_picked":["Steam Power","Ball Lightning"],"picked":"Defragment","floor":10},{"not_picked":["Conserve Battery","Sweeping Beam"],"picked":"Ball Lightning","floor":11},{"not_picked":["Steam","Streamline","Reinforced Body"],"picked":"SKIP","floor":13},{"not_picked":["Amplify","Hyperbeam"],"picked":"Rainbow","floor":16},{"not_picked":["Stack+1","White Noise","Heatsinks"],"picked":"SKIP","floor":18},{"not_picked":["Cold Snap","Hologram"],"picked":"Capacitor","floor":19},{"not_picked":["Stack+1","Redo","Compile Driver+1"],"picked":"Self Repair","floor":21}],"player_experience":87773,"relics_obtained":[{"floor":7,"key":"Gambling Chip"}],"event_choices":[{"damage_healed":0,"gold_gain":0,"player_choice":"Take Damage","damage_taken":18,"relics_obtained":["Golden Idol"],"max_hp_gain":0,"max_hp_loss":0,"event_name":"Golden Idol","floor":2,"gold_loss":0},{"damage_healed":0,"gold_gain":0,"player_choice":"Trade","damage_taken":0,"relics_obtained":["SsserpentHead"],"max_hp_gain":0,"max_hp_loss":0,"event_name":"FaceTrader","floor":3,"gold_loss":0},{"damage_healed":0,"gold_gain":0,"player_choice":"Success","damage_taken":7,"relics_obtained":["Ancient Tea Set"],"max_hp_gain":0,"max_hp_loss":0,"event_name":"Scrap Ooze","floor":14,"gold_loss":0},{"damage_healed":0,"gold_gain":0,"player_choice":"Upgraded","damage_taken":0,"max_hp_gain":0,"max_hp_loss":0,"event_name":"Upgrade Shrine","floor":22,"gold_loss":0,"cards_upgraded":["Rainbow"]}],"is_beta":false,"boss_relics":[{"not_picked":["Cursed Key","Inserter"],"picked":"Nuclear Battery"}],"items_purged_floors":[20],"is_endless":false,"potions_floor_spawned":[1,7,16,19,21],"killed_by":"Slavers","ascension_level":2}}