{"host":"ujw6l3a2nhn97ib9","time":1611847131,"event":{"mods":["BaseMod","Hermit","Koishi","Lobotomy","Minty Spire (QoL Compilation)","Replay The Spire","StSLib","The Bug Knight","The Cursed","The Dragon Tamer","The Hierophant","The Jungle","The Poker Player","The Runesmith"],"gold_per_floor":[109,123,123,123,48,80,80,80,80,108,122,139,214,214,214,309,309,319,339,388,42,95,95,95,95,95,113,124,144,163,183,183,183,183],"floor_reached":33,"language":"KOR","playtime":1696,"items_purged":["hermit:Defend_Hermit","hermit:Defend_Hermit"],"score":282,"play_id":"142455f7-956e-4c1e-b109-31764e4c0575","local_time":"20210129001851","is_ascension_mode":false,"campfire_choices":[{"floor":8.0,"key":"REST"},{"data":"hermit:Dive","floor":15.0,"key":"SMITH"},{"data":"hermit:Dive","floor":23,"key":"SMITH"},{"data":"hermit:Glare","floor":25,"key":"SMITH"},{"floor":32,"key":"DIG"}],"circlet_count":0,"master_deck":["hermit:Strike_Hermit","hermit:Strike_Hermit+1","hermit:Strike_Hermit+1","hermit:Strike_Hermit+1","hermit:Defend_Hermit+1","hermit:Snapshot","hermit:Covet","hermit:Glare+1","hermit:Dive+1","hermit:BlackWind","hermit:Dive+1","hermit:Enervate"],"relics":["Painkiller Herb","Matryoshka","Boot","Tiny Chest","Calipers","Question Card","ReplayTheSpireMod:DimensionalGlitch","ReplayTheSpireMod:TigerMarble","Whetstone","Snack Pack","Oddly Smooth Stone","Replay:Ringing Soul","InkBottle"],"acts_visited":["Exordium","Exordium"],"potions_floor_usage":[33],"damage_taken":[{"damage":0.0,"enemies":"Cultist","floor":1.0,"turns":3.0},{"damage":0.0,"enemies":"2 Louse","floor":2.0,"turns":3.0},{"damage":9.0,"enemies":"3 Sentries","floor":6.0,"turns":7.0},{"damage":8.0,"enemies":"Lagavulin","floor":10.0,"turns":3.0},{"damage":0.0,"enemies":"Jaw Worm","floor":11.0,"turns":1.0},{"damage":0.0,"enemies":"3 Louse","floor":12.0,"turns":3.0},{"damage":18,"enemies":"Hexaghost","floor":16,"turns":16},{"damage":7,"enemies":"theJungle:Flameango_and_Byrd","floor":18,"turns":7},{"damage":0,"enemies":"theJungle:GiantWrat","floor":19,"turns":6},{"damage":0,"enemies":"theJungle:JungleHuntersEncounter","floor":27,"turns":6},{"damage":2,"enemies":"theJungle:Lyon","floor":28,"turns":6},{"damage":6,"enemies":"theJungle:2_Flameangoes","floor":29,"turns":5},{"damage":0,"enemies":"theJungle:2_Snecko_Cultists","floor":30,"turns":4},{"damage":0,"enemies":"theJungle:JungleHuntersEncounter","floor":31,"turns":7},{"damage":78,"enemies":"theJungle:FunGuy","floor":33,"turns":17}],"seed_played":"-8356934976152506328","potions_obtained":[{"floor":2.0,"key":"PowerPotion"},{"floor":16,"key":"SteroidPotion"},{"floor":28,"key":"LiquidBronze"},{"floor":30,"key":"FairyPotion"}],"is_trial":false,"path_per_floor":["?","?","?","?","T","E","T","T","T","E","?","?","?","?","T","B",null,"?","?","T","T","T","T","T","T","T","?","?","?","?","?","T","B"],"character_chosen":"HERMIT","items_purchased":["Snack Pack"],"campfire_rested":1,"item_purchase_floors":[21],"current_hp_per_floor":[75,75,57,42,42,33,33,55,55,47,47,47,36,36,36,18,75,68,68,68,68,68,68,68,68,68,71,70,68,70,77,77,8,8],"gold":183,"neow_bonus":"BOSS_RELIC","is_daily":false,"chose_seed":false,"campfire_upgraded":3,"win_rate":0.0,"timestamp":1611847131,"path_taken":["?","?","?","?","T","E","?","T","T","E","?","?","?","?","T","BOSS","?","?","?","T","?","T","T","T","T","?","?","?","?","?","T","BOSS"],"items_purchased_type":["Relic"],"build_version":"2020-12-22","purchased_purges":2,"victory":false,"max_hp_per_floor":[75,75,75,75,75,75,75,75,75,75,75,75,75,75,75,75,75,75,75,75,75,75,75,75,75,75,75,75,75,75,78,78,78,78],"card_choices":[{"not_picked":["hermit:ItchyTrigger","hermit:EyeOfTheStorm","hermit:HoleUp"],"picked":"SKIP","floor":1.0},{"not_picked":["hermit:LuckOfTheDraw","hermit:SprayPray"],"picked":"hermit:Glare","floor":2.0},{"not_picked":["hermit:LowProfile","hermit:HoleUp","hermit:BodyArmor"],"picked":"SKIP","floor":6.0},{"not_picked":["hermit:Snipe","hermit:Vantage","hermit:BodyArmor"],"picked":"SKIP","floor":10.0},{"not_picked":["hermit:Manifest","hermit:PistolWhip","hermit:LoneWolf","hermit:Misfire"],"picked":"SKIP","floor":11.0},{"not_picked":["hermit:Ricochet","hermit:Desperado","hermit:Maintenance"],"picked":"hermit:Dive","floor":12.0},{"not_picked":["hermit:Dissolve","hermit:FinalCanter","hermit:HighNoon"],"picked":"hermit:BlackWind","floor":16},{"not_picked":["hermit:Coalescence+1","hermit:ItchyTrigger+1","hermit:Roulette","hermit:Desperado"],"picked":"SKIP","floor":18},{"not_picked":["hermit:Feint","hermit:Showdown","hermit:Cheat+1"],"picked":"hermit:Dive","floor":19},{"not_picked":["hermit:Coalescence","hermit:DeadOrAlive","hermit:ItchyTrigger","hermit:Manifest+1"],"picked":"SKIP","floor":27},{"not_picked":["hermit:Dive","hermit:Virtue","hermit:Roulette+1","hermit:Glare"],"picked":"SKIP","floor":28},{"not_picked":["hermit:Spite","hermit:Headshot","hermit:TrackingShot","hermit:NoHoldsBarred+1"],"picked":"SKIP","floor":29},{"not_picked":["hermit:Spite","hermit:HighCaliber","hermit:Quickdraw","hermit:BodyArmor"],"picked":"SKIP","floor":30},{"not_picked":["hermit:Quickdraw+1","hermit:FlashPowder","hermit:Combo"],"picked":"hermit:Enervate","floor":31}],"player_experience":492720,"relics_obtained":[{"floor":6.0,"key":"Boot"},{"floor":9.0,"key":"Tiny Chest"},{"floor":9.0,"key":"Calipers"},{"floor":10.0,"key":"Question Card"},{"floor":20,"key":"ReplayTheSpireMod:TigerMarble"},{"floor":20,"key":"Whetstone"},{"floor":22,"key":"Oddly Smooth Stone"},{"floor":26,"key":"Replay:Ringing Soul"},{"floor":32,"key":"InkBottle"}],"event_choices":[{"damage_healed":0.0,"max_hp_gain":0.0,"max_hp_loss":0.0,"gold_gain":0.0,"event_name":"Scrap Ooze","player_choice":"Success","floor":3.0,"gold_loss":0.0,"damage_taken":18.0,"relics_obtained":["Matryoshka"]},{"damage_healed":0.0,"max_hp_gain":0.0,"max_hp_loss":0.0,"gold_gain":0.0,"event_name":"Shining Light","player_choice":"Entered Light","floor":4.0,"gold_loss":0.0,"damage_taken":15.0,"cards_upgraded":["hermit:Strike_Hermit","hermit:Defend_Hermit"]},{"damage_healed":0.0,"max_hp_gain":0.0,"max_hp_loss":0.0,"gold_gain":75.0,"event_name":"World of Goop","player_choice":"Gather Gold","floor":13.0,"gold_loss":0.0,"damage_taken":11.0},{"cards_removed":["hermit:Defend_Hermit"],"damage_healed":0.0,"max_hp_gain":0.0,"max_hp_loss":0.0,"gold_gain":0.0,"event_name":"Purifier","player_choice":"Purged","floor":14.0,"gold_loss":0.0,"damage_taken":0.0}],"is_beta":false,"boss_relics":[{"not_picked":["Calling Bell","Runic Dome"],"picked":"ReplayTheSpireMod:DimensionalGlitch"}],"items_purged_floors":[5,21],"is_endless":false,"potions_floor_spawned":[2,16,28,30,31],"killed_by":"theJungle:FunGuy","ascension_level":0}}