{"host":"sc0o2qwpf9j16a4i","time":1611861510,"event":{"mods":["AchievementEnabler","BaseMod","BetterRewards","Block Reminder","Colored Map","Colored Powertips","Custom Start","Highlight Path","Minty Spire (QoL Compilation)","Relic Stats"],"gold_per_floor":[117,188,188,188,188,214,224,253,277,312,322,353,353,369,369,464,464,482,482,482,501,6,37,47,47,347,358,393,3,35,47,47,142,142,153,207,167,16,26,57,57,83,157,191,209,235,235,12,12,12],"floor_reached":51,"language":"ENG","playtime":1810,"items_purged":[],"score":1574,"play_id":"d80569df-4ce0-454b-ae22-a8e0510239f8","local_time":"20210128211830","daily_mods":["Insanity","Hoarder","Elite Swarm"],"is_ascension_mode":false,"campfire_choices":[{"floor":15,"key":"REST"},{"floor":25,"key":"REST"},{"floor":32,"key":"REST"},{"floor":41,"key":"REST"},{"floor":49,"key":"REST"}],"circlet_count":0,"master_deck":["Beam Cell","Hologram","Turbo","Ball Lightning","FTL","Beam Cell","Leap","Streamline","Force Field+1","Beam Cell","Chaos","Sweeping Beam","Coolheaded","Sweeping Beam","Compile Driver","Redo","Sweeping Beam","Redo","Streamline","Rip and Tear","Redo","Steam","Coolheaded+1","Stack","Coolheaded","Reinforced Body","Turbo","Scrape+1","Beam Cell","Capacitor","Stack","Coolheaded","Scrape","Ball Lightning","Leap","Reprogram","Scrape","Rip and Tear","Stack","Sweeping Beam","Darkness","Gash","Beam Cell","Turbo","Steam Power+1","Chill","Coolheaded","Capacitor","Conserve Battery","Stack","Stack","Stack","Core Surge","Core Surge","Core Surge","Streamline","Streamline","Streamline","Echo Form","Echo Form","Echo Form","Echo Form","Echo Form","Echo Form","Cold Snap","Cold Snap","Cold Snap","Electrodynamics","Electrodynamics","Reprogram","Reprogram","Reprogram","Double Energy","Double Energy","Double Energy","Core Surge","Core Surge","Core Surge","Turbo","Turbo","Turbo","RitualDagger","RitualDagger","RitualDagger","Steam+1","Steam+1","Steam+1","Reinforced Body","Reinforced Body","Reinforced Body","Chill","Chill","Chill","Barrage","Barrage","Barrage","All For One","All For One","All For One","Coolheaded+1","Coolheaded+1","Coolheaded+1","Reinforced Body+1","Reinforced Body+1","Reinforced Body+1","Buffer","Buffer","Buffer","Apotheosis","Apotheosis","Apotheosis","Darkness","Darkness","Darkness","Echo Form","Echo Form","Echo Form","Compile Driver","Compile Driver","Compile Driver","Meteor Strike","Meteor Strike","Meteor Strike","Coolheaded+1","Coolheaded+1","Coolheaded+1","Glacier+1","Glacier+1","Glacier+1","Hologram+1","Hologram+1","Hologram+1","Biased Cognition","Biased Cognition","Biased Cognition","Meteor Strike","Meteor Strike","Meteor Strike","Beam Cell","Beam Cell","Beam Cell","Buffer","Buffer","Buffer","Heatsinks","Heatsinks","Heatsinks"],"relics":["Cracked Core","Anchor","Strawberry","StoneCalendar","Art of War","Turnip","Lantern","Sozu","Chemical X","Tiny Chest","Shuriken","Old Coin","Akabeko","MealTicket","Letter Opener","Fusion Hammer","FossilizedHelix","Sling","Unceasing Top","Eternal Feather","Pantograph","Toxic Egg 2","Thread and Needle","Dead Branch","Medical Kit"],"acts_visited":["Exordium","TheCity","TheBeyond"],"potions_floor_usage":[10,12,16,16,16,18],"damage_taken":[{"damage":0,"enemies":"Small Slimes","floor":1,"turns":2},{"damage":5,"enemies":"Gremlin Nob","floor":6,"turns":3},{"damage":0,"enemies":"Cultist","floor":7,"turns":4},{"damage":0,"enemies":"3 Sentries","floor":8,"turns":4},{"damage":23,"enemies":"Gremlin Nob","floor":10,"turns":4},{"damage":0,"enemies":"Jaw Worm","floor":11,"turns":1},{"damage":1,"enemies":"Lagavulin","floor":12,"turns":6},{"damage":0,"enemies":"Looter","floor":14,"turns":3},{"damage":21,"enemies":"Hexaghost","floor":16,"turns":6},{"damage":12,"enemies":"Shell Parasite","floor":18,"turns":5},{"damage":2,"enemies":"Spheric Guardian","floor":21,"turns":5},{"damage":23,"enemies":"Book of Stabbing","floor":23,"turns":6},{"damage":0,"enemies":"Cultist and Chosen","floor":24,"turns":3},{"damage":20,"enemies":"Snake Plant","floor":27,"turns":5},{"damage":0,"enemies":"Slavers","floor":28,"turns":5},{"damage":0,"enemies":"Book of Stabbing","floor":30,"turns":3},{"damage":0,"enemies":"Centurion and Healer","floor":31,"turns":5},{"damage":35,"enemies":"Automaton","floor":33,"turns":10},{"damage":0,"enemies":"Orb Walker","floor":35,"turns":3},{"damage":16,"enemies":"2 Orb Walkers","floor":36,"turns":5},{"damage":0,"enemies":"3 Darklings","floor":39,"turns":3},{"damage":33,"enemies":"Nemesis","floor":40,"turns":7},{"damage":15,"enemies":"Reptomancer","floor":42,"turns":5},{"damage":0,"enemies":"Nemesis","floor":44,"turns":5},{"damage":0,"enemies":"Spire Growth","floor":45,"turns":5},{"damage":0,"enemies":"Reptomancer","floor":46,"turns":6},{"damage":43,"enemies":"Time Eater","floor":50,"turns":13}],"seed_played":"6923418344152456885","potions_obtained":[{"floor":6,"key":"EssenceOfSteel"},{"floor":8,"key":"Regen Potion"},{"floor":14,"key":"EntropicBrew"}],"is_trial":true,"path_per_floor":["M","?","?","?","?","E","M","E","T","E","M","E","?","M","R","B",null,"M","?","?","M","$","E","M","R","T","M","E","$","E","M","R","B",null,"M","?","?","$","M","E","R","E","T","E","M","E","T","$","R","B",null],"character_chosen":"DEFECT","items_purchased":["Chemical X","Reinforced Body","Tiny Chest","Chill","Barrage","Apotheosis","MealTicket","Darkness","Sling","Medical Kit","Heatsinks"],"campfire_rested":5,"item_purchase_floors":[22,22,22,22,22,29,29,29,38,48,48],"current_hp_per_floor":[75,75,68,68,53,55,55,55,55,41,41,40,40,40,64,43,82,70,64,92,90,90,67,67,92,92,72,72,72,72,72,92,57,92,92,76,76,91,91,58,85,70,70,70,70,70,70,85,92,49],"gold":12,"neow_bonus":"","is_daily":false,"chose_seed":false,"campfire_upgraded":0,"win_rate":0.0,"timestamp":1611861510,"path_taken":["M","?","?","?","?","E","M","E","T","E","?","E","?","M","R","BOSS","M","?","?","?","$","E","M","R","T","M","E","$","E","M","R","BOSS","M","?","?","$","?","E","R","E","T","E","M","E","?","?","R","BOSS"],"items_purchased_type":["Relic","Card","Relic","Card","Card","Card","Relic","Card","Relic","Relic","Card"],"build_version":"2020-12-22","purchased_purges":0,"victory":true,"max_hp_per_floor":[75,75,75,75,75,82,82,82,82,82,82,82,82,82,82,82,82,82,82,92,92,92,92,92,92,92,92,92,92,92,92,92,92,92,92,92,92,92,92,92,92,92,92,92,92,92,92,92,92,92],"relic_stats":{"counters":[27,132],"Dead Branch":[5],"StoneCalendar":[92],"Eternal Feather":7,"Letter Opener":[156],"Medical Kit":[0],"Sozu":8,"Shuriken":[40],"Pantograph":0,"Tiny Chest":1,"MealTicket":30,"Turnip":[13],"Art of War":[23],"Chemical X":[16],"obtain_stats":[{"Lantern":12,"StoneCalendar":8,"Sling":38,"Old Coin":26,"Sozu":17,"Strawberry":6,"Pantograph":43,"Tiny Chest":22,"MealTicket":29,"Fusion Hammer":34,"Chemical X":22,"Toxic Egg 2":44,"Cracked Core":0,"Dead Branch":47,"Eternal Feather":42,"Thread and Needle":46,"Letter Opener":30,"Medical Kit":48,"Akabeko":28,"Anchor":3,"Shuriken":23,"Turnip":10,"Art of War":9,"FossilizedHelix":36,"Unceasing Top":40},{"Lantern":7,"StoneCalendar":4,"Sling":20,"Old Coin":13,"Sozu":9,"Strawberry":2,"Pantograph":23,"Tiny Chest":11,"MealTicket":15,"Fusion Hammer":18,"Chemical X":11,"Toxic Egg 2":24,"Cracked Core":0,"Dead Branch":26,"Eternal Feather":23,"Thread and Needle":26,"Letter Opener":16,"Medical Kit":26,"Akabeko":15,"Anchor":1,"Shuriken":12,"Turnip":5,"Art of War":4,"FossilizedHelix":20,"Unceasing Top":22},{"Lantern":24,"StoneCalendar":13,"Sling":88,"Old Coin":52,"Sozu":33,"Strawberry":5,"Pantograph":103,"Tiny Chest":43,"MealTicket":62,"Fusion Hammer":80,"Chemical X":43,"Toxic Egg 2":108,"Cracked Core":0,"Dead Branch":119,"Eternal Feather":103,"Thread and Needle":119,"Letter Opener":65,"Medical Kit":119,"Akabeko":62,"Anchor":2,"Shuriken":49,"Turnip":17,"Art of War":13,"FossilizedHelix":88,"Unceasing Top":98}],"Unceasing Top":[1]},"card_choices":[{"not_picked":["Ball Lightning","Glacier"],"picked":"Stack","floor":1},{"not_picked":["Multi-Cast","Biased Cognition"],"picked":"Core Surge","floor":6},{"not_picked":["Barrage","Stack"],"picked":"Streamline","floor":7},{"not_picked":["Amplify","Machine Learning"],"picked":"Echo Form","floor":8},{"not_picked":["Creative AI","Buffer"],"picked":"Echo Form","floor":10},{"not_picked":["Heatsinks","Beam Cell"],"picked":"Cold Snap","floor":11},{"not_picked":["Fission","Core Surge"],"picked":"Electrodynamics","floor":12},{"not_picked":["Stack","Coolheaded"],"picked":"Double Energy","floor":14},{"not_picked":["Hyperbeam","Buffer"],"picked":"Core Surge","floor":16},{"not_picked":["Tempest","Aggregate"],"picked":"Turbo","floor":18},{"not_picked":["Blizzard","Beam Cell"],"picked":"Steam+1","floor":21},{"not_picked":["Multi-Cast","Fission"],"picked":"All For One","floor":23},{"not_picked":["Redo","Stack+1"],"picked":"Coolheaded+1","floor":24},{"not_picked":["Undo+1","Gash"],"picked":"Reinforced Body+1","floor":27},{"not_picked":["Creative AI","Reboot"],"picked":"Buffer","floor":28},{"not_picked":["Seek","Meteor Strike"],"picked":"Echo Form","floor":30},{"not_picked":["Hologram","Reinforced Body"],"picked":"Compile Driver","floor":31},{"not_picked":["Echo Form","Creative AI"],"picked":"Meteor Strike","floor":33},{"not_picked":["FTL+1","Barrage+1"],"picked":"Coolheaded+1","floor":35},{"not_picked":["Hologram+1","Ball Lightning"],"picked":"Glacier+1","floor":36},{"not_picked":["Leap+1","Gash+1"],"picked":"Hologram+1","floor":39},{"not_picked":["Multi-Cast","Hyperbeam","Rainbow"],"picked":"SKIP","floor":40},{"not_picked":["All For One","Echo Form"],"picked":"Biased Cognition","floor":42},{"not_picked":["Thunder Strike","Reboot+1"],"picked":"Meteor Strike","floor":44},{"not_picked":["Compile Driver","Melter"],"picked":"Beam Cell","floor":45},{"not_picked":["Rainbow+1","Creative AI"],"picked":"Buffer","floor":46}],"player_experience":1039635,"relics_obtained":[{"floor":6,"key":"Strawberry"},{"floor":8,"key":"StoneCalendar"},{"floor":9,"key":"Art of War"},{"floor":10,"key":"Turnip"},{"floor":12,"key":"Lantern"},{"floor":23,"key":"Shuriken"},{"floor":26,"key":"Old Coin"},{"floor":28,"key":"Akabeko"},{"floor":30,"key":"Letter Opener"},{"floor":36,"key":"FossilizedHelix"},{"floor":40,"key":"Unceasing Top"},{"floor":42,"key":"Eternal Feather"},{"floor":43,"key":"Pantograph"},{"floor":44,"key":"Toxic Egg 2"},{"floor":46,"key":"Thread and Needle"},{"floor":47,"key":"Dead Branch"}],"event_choices":[{"damage_healed":0,"gold_gain":71,"player_choice":"Gained Gold","damage_taken":0,"max_hp_gain":0,"max_hp_loss":0,"event_name":"Golden Wing","floor":2,"gold_loss":0},{"damage_healed":0,"gold_gain":0,"player_choice":"Success","damage_taken":7,"relics_obtained":["Anchor"],"max_hp_gain":0,"max_hp_loss":0,"event_name":"Scrap Ooze","floor":3,"gold_loss":0},{"damage_healed":0,"gold_gain":0,"player_choice":"Grow","damage_taken":0,"max_hp_gain":0,"max_hp_loss":0,"event_name":"Living Wall","floor":4,"gold_loss":0,"cards_upgraded":["Steam Power"]},{"damage_healed":0,"gold_gain":0,"player_choice":"Entered Light","damage_taken":15,"max_hp_gain":0,"max_hp_loss":0,"event_name":"Shining Light","floor":5,"gold_loss":0,"cards_upgraded":["Scrape","Coolheaded"]},{"damage_healed":0,"gold_gain":0,"cards_transformed":["Rebound"],"player_choice":"Transformed","damage_taken":0,"max_hp_gain":0,"max_hp_loss":0,"event_name":"Transmorgrifier","floor":13,"gold_loss":0,"cards_obtained":["Reprogram"]},{"damage_healed":0,"gold_gain":0,"player_choice":"Joined the Cult","damage_taken":6,"max_hp_gain":0,"max_hp_loss":0,"event_name":"Nest","floor":19,"gold_loss":0,"cards_obtained":["RitualDagger"]},{"cards_removed":["Electrodynamics"],"damage_healed":18,"gold_gain":0,"player_choice":"Offered Rare","damage_taken":0,"max_hp_gain":10,"max_hp_loss":0,"event_name":"Bonfire Elementals","floor":20,"gold_loss":0},{"damage_healed":0,"gold_gain":0,"player_choice":"Fight","damage_taken":0,"max_hp_gain":0,"max_hp_loss":0,"event_name":"Mysterious Sphere","floor":36,"gold_loss":0},{"damage_healed":0,"gold_gain":0,"player_choice":"Upgrade","damage_taken":0,"max_hp_gain":0,"max_hp_loss":0,"event_name":"Designer","floor":37,"gold_loss":40,"cards_upgraded":["Force Field"]}],"is_beta":false,"boss_relics":[{"not_picked":["Velvet Choker","Ectoplasm"],"picked":"Sozu"},{"not_picked":["Runic Pyramid","FrozenCore"],"picked":"Fusion Hammer"}],"items_purged_floors":[],"is_endless":false,"potions_floor_spawned":[6,8,14,18,21,30,33,36,42,44,45],"ascension_level":0}}