{"host":"w2kjv12xyhtt0cv2","time":1611849047,"event":{"mods":["Act Like it!","BaseMod","Colored Map","Friendly Minions","Gensokyo","GifTheSpireLib","Highlight Path","Hubris","Kiyohime（清姬）","Marisa（F雨　魔理沙）","Minty Spire (QoL Compilation)","Quick Restart","Reimu（博丽灵梦）","Relic Stats","Replay The Spire","RumiaBox-露米娅的神秘盒子","Shop Mod","Spicy Shops","StSLib","The Cursed","The Servant 0.9.4","UnlockEverythingMod","Waifu the Spire","[功能]功能增强和修复MOD","vexMod","【功能Mod】Neow奖励","【遗物卡牌】REMEMod","没有小屋子和绿帽子啦"],"gold_per_floor":[115,126,126,141,11,40,40,112,112,19,19,44,61,61,61,61,61],"floor_reached":16,"language":"ZHS","playtime":708,"items_purged":[],"score":194,"play_id":"9cf4f638-0f25-4cc6-b148-40a1b3be4cad","local_time":"20210128235047","is_ascension_mode":true,"campfire_choices":[{"data":"A Thousand Cuts","floor":11.0,"key":"SMITH"},{"data":"TheCursedMod:LuckyCharm","floor":15,"key":"SMITH"}],"circlet_count":0,"master_deck":["TheCursedMod:Strike_TheCursed","TheCursedMod:Strike_TheCursed","TheCursedMod:Strike_TheCursed","TheCursedMod:Strike_TheCursed","TheCursedMod:Defend_TheCursed","TheCursedMod:Defend_TheCursed","TheCursedMod:Defend_TheCursed","TheCursedMod:Defend_TheCursed","TheCursedMod:CleanUpWorkshop","TheCursedMod:Dregs","A Thousand Cuts+1","TheCursedMod:LuckyCharm+1","TheCursedMod:SurpriseAttack","hubris:Wrath","TheCursedMod:NeowsMight","TheCursedMod:NeowsMight","TheCursedMod:SurpriseAttack","TheCursedMod:AntiAging"],"relics":["REME_ComplimentaryCards","vexMod:EndlessSickness","Happy Flower","ZombieArmy","hubris:ToyBattleship","ReplayTheSpireMod:Ring of Challenge","Ring of Peace","vexMod:MemoryStick","Orichalcum","Pen Nib","GodSword3"],"acts_visited":["Gensokyo:Gensokyo"],"potions_floor_usage":[12,12,16],"damage_taken":[{"damage":7.0,"enemies":"Gensokyo:2_Kodama","floor":1.0,"turns":4.0},{"damage":0.0,"enemies":"Gensokyo:Python","floor":2.0,"turns":3.0},{"damage":19.0,"enemies":"Gensokyo:3_Fairies","floor":4.0,"turns":5.0},{"damage":14.0,"enemies":"Gensokyo:Cirno","floor":6.0,"turns":5.0},{"damage":15.0,"enemies":"Gensokyo:Mamizou","floor":8.0,"turns":9.0},{"damage":0,"enemies":"Gensokyo:Aya","floor":12,"turns":4},{"damage":0,"enemies":"Gensokyo:3_Kodama","floor":13,"turns":3},{"damage":15,"enemies":"Gensokyo:Yukari","floor":16,"turns":7}],"seed_played":"2362553237864675060","potions_obtained":[{"floor":1.0,"key":"PowerPotion"},{"floor":4.0,"key":"ZuzhouPotion:ReiMu"},{"floor":12,"key":"Block Potion"},{"floor":13,"key":"Cursed Concoction"}],"is_trial":false,"path_per_floor":["M","M","?","M","$","E","?","E","T","$","R","E","M","T","R","B"],"character_chosen":"THE_CURSED","items_purchased":["ZombieArmy","TheCursedMod:LuckyCharm","TheCursedMod:NeowsMight"],"campfire_rested":0,"item_purchase_floors":[5,5,10],"current_hp_per_floor":[61,61,61,42,42,28,28,13,13,13,13,13,13,13,13,0,0],"gold":61,"neow_bonus":"BOSS_RELIC","is_daily":false,"chose_seed":false,"campfire_upgraded":2,"win_rate":0.0,"timestamp":1611849047,"path_taken":["M","?","?","?","$","E","?","E","T","?","R","E","M","?","R","BOSS"],"items_purchased_type":["Relic","Card","Card"],"build_version":"2020-12-22","purchased_purges":0,"victory":false,"max_hp_per_floor":[75,75,75,75,75,75,75,75,75,75,75,75,75,75,75,77,77],"relic_stats":{"Happy Flower":[11],"counters":[8,40],"Pen Nib":[3],"Orichalcum":[0],"obtain_stats":[{"TheCursedMod:BlackMagic101":0,"vexMod:MemoryStick":8,"Happy Flower":3,"vexMod:EndlessSickness":0,"Ring of Peace":7,"Pen Nib":12,"hubris:ToyBattleship":6,"ReplayTheSpireMod:Ring of Challenge":7,"Orichalcum":9,"GodSword3":14,"REME_ComplimentaryCards":0,"ZombieArmy":5},{"TheCursedMod:BlackMagic101":0,"vexMod:MemoryStick":5,"Happy Flower":2,"vexMod:EndlessSickness":0,"Ring of Peace":4,"Pen Nib":6,"hubris:ToyBattleship":4,"ReplayTheSpireMod:Ring of Challenge":4,"Orichalcum":5,"GodSword3":7,"REME_ComplimentaryCards":0,"ZombieArmy":3},{"TheCursedMod:BlackMagic101":0,"vexMod:MemoryStick":26,"Happy Flower":7,"vexMod:EndlessSickness":0,"Ring of Peace":17,"Pen Nib":30,"hubris:ToyBattleship":17,"ReplayTheSpireMod:Ring of Challenge":17,"Orichalcum":26,"GodSword3":33,"REME_ComplimentaryCards":0,"ZombieArmy":12}]},"card_choices":[{"not_picked":["TheCursedMod:CircleOfFlame","TheCursedMod:PrepareRite","TheCursedMod:VitalStrike"],"picked":"SKIP","floor":1.0},{"not_picked":["TheCursedMod:VitalStrike","TheCursedMod:SpreadPlague","TheCursedMod:CircleOfAmplification"],"picked":"SKIP","floor":2.0},{"not_picked":["TheCursedMod:CircleOfFlame","TheCursedMod:Obscuration","TheCursedMod:CircleOfWindfury"],"picked":"SKIP","floor":4.0},{"not_picked":["TheCursedMod:CursedBoomerang","TheCursedMod:CircleOfBlood"],"picked":"TheCursedMod:SurpriseAttack","floor":6.0},{"not_picked":["TheCursedMod:TacticalStrike","TheCursedMod:Obscuration","TheCursedMod:CursedArmor"],"picked":"SKIP","floor":8.0},{"not_picked":["TheCursedMod:EmpowerCircles","TheCursedMod:Obscuration"],"picked":"TheCursedMod:SurpriseAttack","floor":12},{"not_picked":["TheCursedMod:SoulReap","TheCursedMod:CursedAmulet"],"picked":"TheCursedMod:AntiAging","floor":13}],"player_experience":237766,"relics_obtained":[{"floor":6.0,"key":"hubris:ToyBattleship"},{"floor":7.0,"key":"ReplayTheSpireMod:Ring of Challenge"},{"floor":7.0,"key":"Ring of Peace"},{"floor":8.0,"key":"vexMod:MemoryStick"},{"floor":9.0,"key":"Orichalcum"},{"floor":12,"key":"Pen Nib"},{"floor":14,"key":"GodSword3"}],"event_choices":[],"is_beta":false,"boss_relics":[],"items_purged_floors":[],"is_endless":false,"potions_floor_spawned":[1,4,12,13],"killed_by":"Gensokyo:Yukari","ascension_level":9}}