{"host":"irrizrmw64do51k7","time":1611800924,"event":{"mods":["AchievementEnabler","BaseMod","Better Altar","Better Match","Better Note","Better Sensory Stone","Better Skull","Better Third Choice","BetterRewards","Card Forge","Colored Map","Colored Powertips","Curses Come First","DeckTracker","Good Game Mod","Hubris","Infinite Spire","Minty Spire (QoL Compilation)","Quick Restart","Relic Stats","Replay The Spire","Shop Mod","StSLib"],"gold_per_floor":[109,109,121,148,207,222,253,253,276,289,320,320,330,359,359,454,454,472,121,121,61,61],"floor_reached":21,"language":"ENG","playtime":1248,"items_purged":["Languid"],"score":321,"play_id":"080dda4e-fdb9-4cfe-b890-7026dedab5ae","local_time":"20210127182844","is_ascension_mode":true,"campfire_choices":[{"data":"Eruption","floor":8.0,"key":"SMITH"},{"floor":12.0,"key":"REST"},{"floor":15.0,"key":"REST"}],"circlet_count":0,"master_deck":["Defend_P","Defend_P","Defend_P","Defend_P","Eruption+1","Vigilance","Replay:Bag of Tricks","Adaptation","Replay:AtTheReady","Collect","Replay:DivineShield","BattleHymn","ReachHeaven","BowlingBash","EmptyFist","Study","DeusExMachina","CommonCold","ReplayTheSpireMod:Splinters","Replay:AtTheReady+1","hubris:EnhanceAbility","Bite","Bite","Bite","Bite","Bite"],"relics":["PureWater","Hammer of Thor","Seething Fire","Anvil of the Gods","REME:ComplimentaryCards","NeowsBlessing","hubris:ToyBattleship","hubris:SlimyHat","Regal Pillow","Tiny Chest","Pen Nib","Replay:Ancient Bell","Ancient Tea Set","Iron Hammer","Thread and Needle","Membership Card","Gremlin Food"],"acts_visited":["Exordium","TheCity"],"potions_floor_usage":[],"damage_taken":[{"damage":0.0,"enemies":"Small Slimes","floor":1.0,"turns":1.0},{"damage":0.0,"enemies":"infinitespire:Voidling","floor":3.0,"turns":1.0},{"damage":0.0,"enemies":"Cultist","floor":6.0,"turns":1.0},{"damage":11.0,"enemies":"Replay:BlueRogue","floor":7.0,"turns":6.0},{"damage":5.0,"enemies":"Large Slime","floor":10.0,"turns":3.0},{"damage":32.0,"enemies":"Gremlin Nob","floor":11.0,"turns":4.0},{"damage":2.0,"enemies":"2 Fungi Beasts","floor":13.0,"turns":3.0},{"damage":36.0,"enemies":"Replay:BlueRogue","floor":14.0,"turns":6.0},{"damage":0.0,"enemies":"Slime Boss","floor":16.0,"turns":4.0},{"damage":39,"enemies":"3 Byrds","floor":18,"turns":6},{"damage":44,"enemies":"2 Thieves","floor":21,"turns":3}],"seed_played":"-6806815927110635653","potions_obtained":[{"floor":3.0,"key":"Adrenaline Potion"},{"floor":5.0,"key":"DuplicationPotion"},{"floor":5.0,"key":"Milkshake"},{"floor":7.0,"key":"BlessingOfTheForge"},{"floor":14.0,"key":"Weak Potion"},{"floor":18,"key":"Explosive Potion"}],"is_trial":false,"path_per_floor":["M","?","M","T","?","M","E","R","T","M","E","R","M","E","R","B",null,"M","$","?","M"],"character_chosen":"WATCHER","items_purchased":["Membership Card","hubris:EnhanceAbility","Gremlin Food"],"campfire_rested":2,"item_purchase_floors":[19,19,19],"current_hp_per_floor":[72,72,72,72,54,56,47,47,47,44,14,50,50,16,52,54,72,33,33,33,0,0],"gold":61,"neow_bonus":"THREE_ENEMY_KILL","is_daily":false,"chose_seed":false,"campfire_upgraded":1,"win_rate":0.0,"timestamp":1611800924,"path_taken":["M","?","?","?","?","M","E","R","T","M","E","R","M","E","R","BOSS","M","$","?","M"],"items_purchased_type":["Relic","Card","Relic"],"build_version":"2020-12-22","purchased_purges":1,"victory":false,"max_hp_per_floor":[72,72,72,72,72,72,72,72,72,72,72,72,72,72,72,72,72,72,72,72,72,72],"relic_stats":{"Regal Pillow":30,"counters":[323,1041],"Tiny Chest":0,"Pen Nib":[2],"obtain_stats":[{"Golden Egg":22,"infinitespire:BottledMercury":0,"Ginger":0,"Whetstone":148,"Bottled Tornado":158,"Boot":6,"FrozenCore":17,"Old Coin":26,"Replay:Wanted Poster":17,"Blood Vial":88,"infinitespire:ShieldingShard":26,"Sundial":7,"MealTicket":91,"infinitespire:Golems Mask":132,"Necronomicon":24,"Kunai":8,"Replay:Bottled Steam":28,"MerchantsRug":5,"Pear":97,"Blue Candle":102,"Eternal Feather":43,"Pen Nib":27,"Replay:Ancient Bell":17,"infinitespire:Magic Flask":0,"Akabeko":10,"Cables":0,"SlaversCollar":119,"infinitespire:Lychee Nut":0,"Bird Faced Urn":41,"Pandora\u0027s Box":68,"CultistMask":0,"StrikeDummy":159,"Unceasing Top":9,"infinitespire:PuzzleCube":13,"Solar Panel":0,"Lantern":57,"Regal Pillow":158,"Torii":38,"Singing Bowl":0,"animator:TheMissingPiece":0,"Blue Doll":0,"StoneCalendar":165,"Bag of Preparation":27,"Smiling Mask":77,"Ancient Tea Set":158,"Pet Ghost":49,"Matryoshka":9,"Shovel":43,"infinitespire:Bottled Soul":76,"WingedGreaves":102,"Replay:Bottled Eggs":37,"Ring of Panic":22,"infinitespire:Eraser":108,"InkBottle":57,"Potion Belt":23,"Lee\u0027s Waffle":0,"Inserter":136,"NeowsBlessing":0,"Circlet":0,"Thread and Needle":0,"infinitespire:Joker Card":12,"PreservedInsect":9,"The Courier":22,"Geode":0,"Omamori":0,"Seething Fire":0,"infinitespire:CheckeredPen":0,"infinitespire:Lucky Rock":22,"Ring of Greed":22,"Frozen Egg 2":77,"MawBank":129,"Replay:Arrowhead":36,"Nuclear Battery":17,"Busted Crown":34,"Ornamental Fan":161,"betterThird:SlimedRelic":0,"Orrery":0,"animator:LivingPicture":0,"Turnip":0,"Art of War":74,"Bottled Lightning":56,"Toy Ornithopter":128,"infinitespire:Freezer":38,"infinitespire:Midas Blood":9,"Ice Cream":0,"Calipers":0,"Tiny House":17,"Gremlin Horn":28,"CeramicFish":6,"Vajra":47,"Hammer of Thor":0,"Centennial Puzzle":8,"Lizard Tail":0,"infinitespire:SolderingIron":40,"HornCleat":41,"Strawberry":10,"Prayer Wheel":37,"Philosopher\u0027s Stone":0,"Iron Hammer":17,"Toxic Egg 2":30,"Girya":11,"Happy Flower":0,"ReplayTheSpireMod:CursedCoin":0,"Dead Branch":0,"Oddly Smooth Stone":0,"infinitespire:Beetle Shell":10,"Letter Opener":26,"War Paint":142,"Question Card":20,"Du-Vu Doll":27,"OrangePellets":0,"Bottled Flame":43,"Anvil of the Gods":0,"Shuriken":116,"Bronze Scales":43,"Simple Rune":0,"Molten Egg 2":0,"infinitespire:EmpoweringShard":7,"Black Star":34,"hubris:ToyBattleship":4,"Symbiotic Virus":45,"Pocketwatch":27,"Meat on the Bone":91,"Darkstone Periapt":88,"SacredBark":85,"Enchiridion":122,"Mango":0,"Incense Burner":0,"Juzu Bracelet":8,"hubris:SlimyHat":7,"Empty Cage":68,"Dream Catcher":26,"Nunchaku":44,"Emotion Chip":93,"Mummified Hand":88,"Gambling Chip":0,"Pantograph":129,"Tiny Chest":110,"Red Mask":21,"Cracked Core":21,"Gremlin Food":19,"BargainBundle":0,"ReplayTheSpireMod:Ninjato":24,"infinitespire:CursedDice":31,"Quantum Egg":52,"infinitespire:FocusingShard":42,"Odd Mushroom":65,"Orichalcum":27,"White Beast Statue":26,"Mercury Hourglass":107,"Peace Pipe":29,"Calling Bell":102,"Strange Spoon":36,"Cauldron":191,"REME:ComplimentaryCards":0,"CaptainsWheel":0,"DataDisk":48,"Anchor":62,"infinitespire:WardingShard":13,"infinitespire:Satchel":125,"Bag of Marbles":0,"Membership Card":0,"PureWater":0,"FossilizedHelix":27,"TungstenRod":0},{"Golden Egg":105,"infinitespire:BottledMercury":167,"Ginger":70,"Whetstone":252,"Bottled Tornado":257,"Boot":28,"FrozenCore":101,"Old Coin":142,"Replay:Wanted Poster":80,"Blood Vial":217,"infinitespire:ShieldingShard":40,"Sundial":131,"MealTicket":219,"infinitespire:Golems Mask":243,"Necronomicon":105,"Kunai":95,"Replay:Bottled Steam":107,"MerchantsRug":93,"Pear":224,"Blue Candle":226,"Eternal Feather":50,"Pen Nib":85,"Replay:Ancient Bell":321,"infinitespire:Magic Flask":70,"Akabeko":174,"Cables":3,"SlaversCollar":235,"infinitespire:Lychee Nut":91,"Bird Faced Urn":189,"Pandora\u0027s Box":204,"CultistMask":124,"StrikeDummy":258,"Unceasing Top":10,"infinitespire:PuzzleCube":176,"Solar Panel":70,"Lantern":198,"Regal Pillow":257,"Torii":47,"Singing Bowl":124,"animator:TheMissingPiece":0,"Blue Doll":70,"StoneCalendar":261,"Bag of Preparation":19,"Smiling Mask":210,"Ancient Tea Set":257,"Pet Ghost":116,"Matryoshka":29,"Shovel":113,"infinitespire:Bottled Soul":69,"WingedGreaves":226,"Replay:Bottled Eggs":90,"Ring of Panic":105,"infinitespire:Eraser":230,"InkBottle":58,"Potion Belt":181,"Lee\u0027s Waffle":167,"Inserter":245,"NeowsBlessing":0,"Circlet":118,"Thread and Needle":124,"infinitespire:Joker Card":12,"PreservedInsect":76,"The Courier":105,"Geode":70,"Omamori":167,"Seething Fire":0,"infinitespire:CheckeredPen":3,"infinitespire:Lucky Rock":18,"Ring of Greed":105,"Frozen Egg 2":69,"MawBank":240,"Replay:Arrowhead":89,"Nuclear Battery":34,"Busted Crown":45,"Ornamental Fan":259,"betterThird:SlimedRelic":124,"Orrery":70,"animator:LivingPicture":0,"Turnip":3,"Art of War":68,"Bottled Lightning":57,"Toy Ornithopter":239,"infinitespire:Freezer":47,"infinitespire:Midas Blood":76,"Ice Cream":3,"Calipers":3,"Tiny House":15,"Gremlin Horn":182,"CeramicFish":94,"Vajra":191,"Hammer of Thor":0,"Centennial Puzzle":10,"Lizard Tail":153,"infinitespire:SolderingIron":48,"HornCleat":113,"Strawberry":77,"Prayer Wheel":90,"Philosopher\u0027s Stone":124,"Iron Hammer":321,"Toxic Egg 2":145,"Girya":175,"Happy Flower":124,"ReplayTheSpireMod:CursedCoin":91,"Dead Branch":167,"Oddly Smooth Stone":118,"infinitespire:Beetle Shell":30,"Letter Opener":106,"War Paint":249,"Question Card":139,"Du-Vu Doll":41,"OrangePellets":124,"Bottled Flame":189,"Anvil of the Gods":0,"Shuriken":234,"Bronze Scales":50,"Simple Rune":91,"Molten Egg 2":167,"infinitespire:EmpoweringShard":10,"Black Star":146,"hubris:ToyBattleship":314,"Symbiotic Virus":189,"Pocketwatch":143,"Meat on the Bone":219,"Darkstone Periapt":217,"SacredBark":214,"Enchiridion":237,"Mango":167,"Incense Burner":70,"Juzu Bracelet":76,"hubris:SlimyHat":316,"Empty Cage":63,"Dream Catcher":84,"Nunchaku":114,"Emotion Chip":221,"Mummified Hand":217,"Gambling Chip":3,"Pantograph":240,"Tiny Chest":232,"Red Mask":18,"Cracked Core":18,"Gremlin Food":322,"BargainBundle":70,"ReplayTheSpireMod:Ninjato":84,"infinitespire:CursedDice":88,"Quantum Egg":117,"infinitespire:FocusingShard":189,"Odd Mushroom":62,"Orichalcum":106,"White Beast Statue":84,"Mercury Hourglass":229,"Peace Pipe":86,"Calling Bell":226,"Strange Spoon":89,"Cauldron":274,"REME:ComplimentaryCards":0,"CaptainsWheel":3,"DataDisk":52,"Anchor":60,"infinitespire:WardingShard":136,"infinitespire:Satchel":239,"Bag of Marbles":167,"Membership Card":167,"PureWater":0,"FossilizedHelix":106,"TungstenRod":167},{"Golden Egg":397,"infinitespire:BottledMercury":671,"Ginger":242,"Whetstone":861,"Bottled Tornado":874,"Boot":104,"FrozenCore":383,"Old Coin":553,"Replay:Wanted Poster":293,"Blood Vial":807,"infinitespire:ShieldingShard":146,"Sundial":498,"MealTicket":812,"infinitespire:Golems Mask":849,"Necronomicon":397,"Kunai":368,"Replay:Bottled Steam":404,"MerchantsRug":362,"Pear":826,"Blue Candle":829,"Eternal Feather":188,"Pen Nib":313,"Replay:Ancient Bell":1032,"infinitespire:Magic Flask":242,"Akabeko":694,"Cables":5,"SlaversCollar":841,"infinitespire:Lychee Nut":357,"Bird Faced Urn":756,"Pandora\u0027s Box":786,"CultistMask":469,"StrikeDummy":875,"Unceasing Top":25,"infinitespire:PuzzleCube":704,"Solar Panel":242,"Lantern":775,"Regal Pillow":874,"Torii":175,"Singing Bowl":469,"animator:TheMissingPiece":0,"Blue Doll":242,"StoneCalendar":878,"Bag of Preparation":71,"Smiling Mask":794,"Ancient Tea Set":874,"Pet Ghost":440,"Matryoshka":108,"Shovel":426,"infinitespire:Bottled Soul":241,"WingedGreaves":829,"Replay:Bottled Eggs":346,"Ring of Panic":397,"infinitespire:Eraser":833,"InkBottle":210,"Potion Belt":726,"Lee\u0027s Waffle":671,"Inserter":851,"NeowsBlessing":0,"Circlet":444,"Thread and Needle":469,"infinitespire:Joker Card":33,"PreservedInsect":266,"The Courier":397,"Geode":242,"Omamori":671,"Seething Fire":0,"infinitespire:CheckeredPen":5,"infinitespire:Lucky Rock":63,"Ring of Greed":397,"Frozen Egg 2":241,"MawBank":846,"Replay:Arrowhead":335,"Nuclear Battery":125,"Busted Crown":170,"Ornamental Fan":876,"betterThird:SlimedRelic":469,"Orrery":242,"animator:LivingPicture":0,"Turnip":5,"Art of War":236,"Bottled Lightning":208,"Toy Ornithopter":845,"infinitespire:Freezer":175,"infinitespire:Midas Blood":266,"Ice Cream":5,"Calipers":5,"Tiny House":51,"Gremlin Horn":730,"CeramicFish":365,"Vajra":764,"Hammer of Thor":0,"Centennial Puzzle":25,"Lizard Tail":606,"infinitespire:SolderingIron":180,"HornCleat":426,"Strawberry":273,"Prayer Wheel":339,"Philosopher\u0027s Stone":469,"Iron Hammer":1032,"Toxic Egg 2":569,"Girya":697,"Happy Flower":469,"ReplayTheSpireMod:CursedCoin":357,"Dead Branch":671,"Oddly Smooth Stone":444,"infinitespire:Beetle Shell":111,"Letter Opener":401,"War Paint":858,"Question Card":534,"Du-Vu Doll":151,"OrangePellets":469,"Bottled Flame":756,"Anvil of the Gods":0,"Shuriken":839,"Bronze Scales":188,"Simple Rune":357,"Molten Egg 2":671,"infinitespire:EmpoweringShard":25,"Black Star":577,"hubris:ToyBattleship":1005,"Symbiotic Virus":756,"Pocketwatch":556,"Meat on the Bone":812,"Darkstone Periapt":807,"SacredBark":800,"Enchiridion":843,"Mango":671,"Incense Burner":242,"Juzu Bracelet":266,"hubris:SlimyHat":1012,"Empty Cage":222,"Dream Catcher":308,"Nunchaku":431,"Emotion Chip":820,"Mummified Hand":807,"Gambling Chip":5,"Pantograph":846,"Tiny Chest":835,"Red Mask":63,"Cracked Core":63,"Gremlin Food":1038,"BargainBundle":242,"ReplayTheSpireMod:Ninjato":308,"infinitespire:CursedDice":326,"Quantum Egg":441,"infinitespire:FocusingShard":756,"Odd Mushroom":218,"Orichalcum":401,"White Beast Statue":308,"Mercury Hourglass":832,"Peace Pipe":318,"Calling Bell":829,"Strange Spoon":335,"Cauldron":902,"REME:ComplimentaryCards":0,"CaptainsWheel":5,"DataDisk":193,"Anchor":214,"infinitespire:WardingShard":519,"infinitespire:Satchel":845,"Bag of Marbles":671,"Membership Card":671,"PureWater":0,"FossilizedHelix":401,"TungstenRod":671}]},"card_choices":[{"not_picked":["PathToVictory","EmptyBody"],"picked":"Adaptation","floor":1.0},{"not_picked":["ThirdEye","TalkToTheHand"],"picked":"Replay:AtTheReady","floor":3.0},{"not_picked":["WreathOfFlame","Swivel"],"picked":"Collect","floor":5.0},{"not_picked":["FlurryOfBlows","TalkToTheHand"],"picked":"Replay:DivineShield","floor":6.0},{"not_picked":["Crescendo","SashWhip"],"picked":"BattleHymn","floor":7.0},{"not_picked":["CutThroughFate","BowlingBash"],"picked":"ReachHeaven","floor":10.0},{"not_picked":["Pray","Perseverance"],"picked":"BowlingBash","floor":11.0},{"not_picked":["Replay:BluntJabs","Replay:ManipulateFuture"],"picked":"EmptyFist","floor":13.0},{"not_picked":["DeceiveReality","FlurryOfBlows"],"picked":"Study","floor":14.0},{"not_picked":["Establishment","Replay:AllIn"],"picked":"DeusExMachina","floor":16.0},{"not_picked":["Regret","Normality"],"picked":"CommonCold","floor":17},{"not_picked":["hubris:Lust","Hallucinations"],"picked":"Languid","floor":17},{"not_picked":["CurseOfTheBell","ReplayTheSpireMod:Faulty Equipment"],"picked":"ReplayTheSpireMod:Splinters","floor":17},{"not_picked":["EmptyFist","Replay:BluntJabs"],"picked":"Replay:AtTheReady+1","floor":18}],"player_experience":537006,"relics_obtained":[{"floor":4.0,"key":"hubris:ToyBattleship"},{"floor":5.0,"key":"Blood Vial"},{"floor":7.0,"key":"hubris:SlimyHat"},{"floor":9.0,"key":"Regal Pillow"},{"floor":11.0,"key":"Tiny Chest"},{"floor":14.0,"key":"Pen Nib"}],"event_choices":[{"cards_removed":["Strike_P"],"damage_healed":0.0,"max_hp_gain":0.0,"max_hp_loss":0.0,"gold_gain":0.0,"event_name":"Bonfire Elementals","player_choice":"Offered Basic","floor":2.0,"gold_loss":0.0,"damage_taken":0.0},{"damage_healed":0,"gold_gain":0,"player_choice":"Became a vampire (Vial)","damage_taken":0,"max_hp_gain":0,"max_hp_loss":0,"event_name":"Vampires","floor":20,"relics_lost":["Blood Vial"],"gold_loss":0,"cards_obtained":["Bite","Bite","Bite","Bite","Bite"]}],"is_beta":false,"boss_relics":[{"not_picked":["Painkiller Herb","hubris:Stopwatch"],"picked":"Replay:Ancient Bell"},{"not_picked":["Replay:Baseball","Replay:Wax Seal"],"picked":"Ancient Tea Set"},{"not_picked":["hubris:TinFlute","Ornamental Fan"],"picked":"Iron Hammer"},{"not_picked":["WingedGreaves","Peace Pipe"],"picked":"Thread and Needle"}],"items_purged_floors":[19],"is_endless":false,"potions_floor_spawned":[3,7,14,18],"killed_by":"2 Thieves","ascension_level":4}}