{"host":"s5d39dhq0ddhxhke","time":1611874990,"event":{"mods":["AchievementEnabler","BaseMod","Colored Map","Minty Spire (QoL Compilation)","SuperFastMode"],"gold_per_floor":[113,113,5,105,118,153,153,186,257,271,287,311,311,334,334,462,462,485,505,147,171,171,171,204,79,104,137,151,170,196,211,211,211,211],"floor_reached":33,"language":"ENG","playtime":1250,"items_purged":["Strike_B","Strike_B","Defend_B"],"score":524,"play_id":"db1fcbdc-79a4-4be7-83da-dd0d704c0ad6","local_time":"20210129010310","is_ascension_mode":true,"campfire_choices":[{"data":"Loop","floor":7.0,"key":"SMITH"},{"floor":15.0,"key":"REST"},{"floor":23.0,"key":"REST"},{"floor":32,"key":"REST"}],"circlet_count":0,"master_deck":["AscendersBane","Defend_B","Defend_B","Defend_B","Zap","Dualcast","Loop+1","Reinforced Body","Machine Learning","Redo","Doom and Gloom","Core Surge","Amplify","Capacitor+1","Force Field","Force Field+1","Rainbow+1","Conserve Battery+1","Barrage+1"],"relics":["Cracked Core","NeowsBlessing","Golden Idol","Oddly Smooth Stone","Pen Nib","Sundial","SacredBark","Gremlin Horn","Anchor","Happy Flower","Toxic Egg 2","Dream Catcher"],"acts_visited":["Exordium","TheCity"],"potions_floor_usage":[28,33,33],"damage_taken":[{"damage":0.0,"enemies":"Jaw Worm","floor":1.0,"turns":1.0},{"damage":0.0,"enemies":"Cultist","floor":5.0,"turns":1.0},{"damage":0.0,"enemies":"Lagavulin","floor":6.0,"turns":1.0},{"damage":22.0,"enemies":"Gremlin Nob","floor":8.0,"turns":4.0},{"damage":0.0,"enemies":"Small Slimes","floor":10.0,"turns":4.0},{"damage":4.0,"enemies":"Exordium Thugs","floor":11.0,"turns":5.0},{"damage":14.0,"enemies":"Lots of Slimes","floor":12.0,"turns":3.0},{"damage":1.0,"enemies":"Blue Slaver","floor":14.0,"turns":3.0},{"damage":12.0,"enemies":"The Guardian","floor":16.0,"turns":8.0},{"damage":7.0,"enemies":"Chosen","floor":18.0,"turns":6.0},{"damage":16.0,"enemies":"Spheric Guardian","floor":19.0,"turns":8.0},{"damage":18.0,"enemies":"Snake Plant","floor":21.0,"turns":4.0},{"damage":0.0,"enemies":"Slavers","floor":24.0,"turns":1.0},{"damage":18.0,"enemies":"Gremlin Leader","floor":27.0,"turns":7.0},{"damage":0,"enemies":"3 Cultists","floor":28,"turns":5},{"damage":17,"enemies":"Centurion and Healer","floor":29,"turns":8},{"damage":0,"enemies":"Snake Plant","floor":31,"turns":6},{"damage":70,"enemies":"Automaton","floor":33,"turns":6}],"seed_played":"1012170216961663836","potions_obtained":[{"floor":1.0,"key":"PowerPotion"},{"floor":8.0,"key":"AttackPotion"},{"floor":10.0,"key":"Strength Potion"},{"floor":14.0,"key":"Fire Potion"},{"floor":21.0,"key":"Block Potion"},{"floor":24.0,"key":"PotionOfCapacity"}],"is_trial":false,"path_per_floor":["M","?","$","?","M","E","R","E","T","M","M","M","?","M","R","B",null,"M","M","$","M","?","R","E","$","T","E","M","M","T","M","R","B"],"character_chosen":"DEFECT","items_purchased":["Loop","Gremlin Horn"],"campfire_rested":3,"item_purchase_floors":[3,20],"current_hp_per_floor":[68,50,50,50,50,50,50,28,28,28,24,10,10,9,31,19,61,54,38,38,20,20,42,42,42,42,24,24,7,7,7,29,0,0],"gold":211,"neow_bonus":"THREE_ENEMY_KILL","is_daily":false,"chose_seed":false,"campfire_upgraded":1,"win_rate":0.0,"timestamp":1611874990,"path_taken":["M","?","$","?","?","E","R","E","T","M","M","M","?","M","R","BOSS","M","?","$","M","?","R","E","?","T","E","?","M","?","?","R","BOSS"],"items_purchased_type":["Card","Relic"],"build_version":"2020-12-22","purchased_purges":3,"victory":false,"max_hp_per_floor":[75,75,75,75,75,75,75,75,75,75,75,75,75,75,75,75,75,75,75,75,75,75,75,75,75,75,75,75,75,75,75,75,75,75],"card_choices":[{"not_picked":["FTL","Rebound","Go for the Eyes"],"picked":"SKIP","floor":1.0},{"not_picked":["Recycle","Beam Cell"],"picked":"Reinforced Body","floor":5.0},{"not_picked":["Rebound","Defragment"],"picked":"Machine Learning","floor":6.0},{"not_picked":["Hologram","Rebound","Coolheaded"],"picked":"SKIP","floor":8.0},{"not_picked":["Steam Power","Beam Cell"],"picked":"Redo","floor":10.0},{"not_picked":["Beam Cell","Leap"],"picked":"Doom and Gloom","floor":11.0},{"not_picked":["Redo","Go for the Eyes"],"picked":"Core Surge","floor":12.0},{"not_picked":["Hologram","Hello World","Go for the Eyes"],"picked":"SKIP","floor":14.0},{"not_picked":["Hyperbeam","All For One"],"picked":"Amplify","floor":16.0},{"not_picked":["Leap","Steam","Barrage"],"picked":"SKIP","floor":18.0},{"not_picked":["Beam Cell","Cold Snap"],"picked":"Capacitor+1","floor":19.0},{"not_picked":["Compile Driver","Streamline","Beam Cell"],"picked":"SKIP","floor":21.0},{"not_picked":["Cold Snap","Auto Shields"],"picked":"Force Field","floor":24.0},{"not_picked":["Recycle+1","Sweeping Beam"],"picked":"Force Field+1","floor":27.0},{"not_picked":["Capacitor+1","Sunder","Hello World"],"picked":"SKIP","floor":28},{"not_picked":["Stack+1","Go for the Eyes"],"picked":"Rainbow+1","floor":29},{"not_picked":["Go for the Eyes","Steam+1"],"picked":"Conserve Battery+1","floor":31},{"not_picked":["Turbo+1","Leap+1"],"picked":"Barrage+1","floor":32}],"player_experience":470138,"relics_obtained":[{"floor":6.0,"key":"Oddly Smooth Stone"},{"floor":8.0,"key":"Pen Nib"},{"floor":9.0,"key":"Sundial"},{"floor":24.0,"key":"Anchor"},{"floor":26.0,"key":"Happy Flower"},{"floor":27.0,"key":"Toxic Egg 2"},{"floor":30,"key":"Dream Catcher"}],"event_choices":[{"damage_healed":0.0,"max_hp_gain":0.0,"max_hp_loss":0.0,"gold_gain":0.0,"event_name":"Golden Idol","player_choice":"Take Damage","floor":2.0,"gold_loss":0.0,"damage_taken":18.0,"relics_obtained":["Golden Idol"]},{"damage_healed":0.0,"max_hp_gain":0.0,"max_hp_loss":0.0,"gold_gain":100.0,"event_name":"Golden Shrine","player_choice":"Pray","floor":4.0,"gold_loss":0.0,"damage_taken":0.0},{"cards_removed":["Strike_B"],"damage_healed":0.0,"max_hp_gain":0.0,"max_hp_loss":0.0,"gold_gain":0.0,"event_name":"Purifier","player_choice":"Purged","floor":13.0,"gold_loss":0.0,"damage_taken":0.0},{"cards_removed":["Strike_B"],"damage_healed":0.0,"max_hp_gain":0.0,"max_hp_loss":0.0,"gold_gain":0.0,"event_name":"Back to Basics","player_choice":"Elegance","floor":22.0,"gold_loss":0.0,"damage_taken":0.0}],"is_beta":false,"boss_relics":[{"not_picked":["Coffee Dripper","Runic Dome"],"picked":"SacredBark"}],"items_purged_floors":[3,20,25],"is_endless":false,"potions_floor_spawned":[1,8,10,14,21,24,27],"killed_by":"Automaton","ascension_level":10}}