{"host":"5ddwedapke4fsx0r","time":1611851206,"event":{"mods":["BaseMod","Downfall","Hermit","Infinite Spire","Minty Spire (QoL Compilation)","StSLib","The Cursed","The Dragon Tamer"],"gold_per_floor":[99,115,115,142,158,158,158,191,91,191,206,106,134,119,138,242,242,242,261,91,91,106,106,106,124,124,135,135,135,161,177,195,297,297,197,215,230,240,254,254,254],"floor_reached":40,"language":"ENG","playtime":2822,"items_purged":[],"score":418,"play_id":"847b27a6-0199-4305-aaa5-bc31db90cc09","local_time":"20210128172646","is_ascension_mode":false,"campfire_choices":[{"data":"hermit:Snapshot","floor":1,"key":"SMITH"},{"floor":9,"key":"RECALL"},{"data":"hermit:Brawl","floor":12,"key":"SMITH"},{"data":"hermit:GoldenBullet","floor":18,"key":"SMITH"},{"data":"hermit:Dissolve","floor":23,"key":"SMITH"},{"data":"hermit:Coalescence","floor":26,"key":"SMITH"},{"data":"hermit:Magnum","floor":35,"key":"SMITH"}],"circlet_count":0,"master_deck":["hermit:Strike_Hermit","hermit:Strike_Hermit+1","hermit:Strike_Hermit+1","hermit:Strike_Hermit+1","hermit:Defend_Hermit+1","hermit:Defend_Hermit","hermit:Defend_Hermit","hermit:Defend_Hermit","hermit:Snapshot+1","hermit:Covet","hermit:OverwhelmingPower","hermit:BigShot+1","downfall:Malfunctioning","hermit:Brawl+1","hermit:Horror","hermit:TrackingShot","hermit:Coalescence+1","hermit:TakeCover","hermit:GoldenBullet+1","hermit:Dissolve+1","hermit:Coalescence+1","hermit:TakeAim+1","hermit:Magnum+1","downfall:Bewildered","Pain","hermit:Maintenance","hermit:FullyLoaded","hermit:HighNoon","hermit:HighCaliber","hermit:HighCaliber","hermit:Feint+1"],"relics":["hermit:Momento","hermit:CharredGlove","Pantograph","downfall:HeartBlessingBlue","downfall:HeartBlessingRed","Meat on the Bone","Snecko Eye","Happy Flower","downfall:RedIOU","infinitespire:Bottled Soul","sneckomod:BabySnecko","Gambling Chip","infinitespire:CheckeredPen","Busted Crown","downfall:HeartBlessingGreen"],"acts_visited":["Exordium","TheCity","TheBeyond"],"potions_floor_usage":[13,16,22,25,30,30,39,40],"damage_taken":[{"damage":2,"enemies":"Small Slimes","floor":2,"turns":4},{"damage":6,"enemies":"Jaw Worm","floor":5,"turns":2},{"damage":18,"enemies":"Lagavulin","floor":8,"turns":6},{"damage":1,"enemies":"2 Louse","floor":11,"turns":3},{"damage":13,"enemies":"3 Sentries","floor":13,"turns":4},{"damage":10,"enemies":"downfall:FleeingMerchant","floor":14,"turns":4},{"damage":0,"enemies":"Blue Slaver","floor":15,"turns":3},{"damage":70,"enemies":"WA_ARCHETYPE_RETAIN","floor":16,"turns":11},{"damage":20,"enemies":"3 Byrds","floor":19,"turns":5},{"damage":15,"enemies":"downfall:FleeingMerchant","floor":20,"turns":4},{"damage":10,"enemies":"Snake Plant","floor":22,"turns":3},{"damage":12,"enemies":"Snecko","floor":25,"turns":5},{"damage":13,"enemies":"3 Cultists","floor":27,"turns":6},{"damage":47,"enemies":"Nightmare","floor":30,"turns":6},{"damage":0,"enemies":"Cultist and Chosen","floor":31,"turns":4},{"damage":2,"enemies":"Snecko","floor":32,"turns":3},{"damage":57,"enemies":"IC_MUSHROOM_ARCHETYPE","floor":33,"turns":7},{"damage":4,"enemies":"3 Darklings","floor":36,"turns":3},{"damage":2,"enemies":"Orb Walker","floor":37,"turns":3},{"damage":47,"enemies":"Writhing Mass","floor":38,"turns":5},{"damage":0,"enemies":"Sphere and 2 Shapes","floor":39,"turns":4},{"damage":56,"enemies":"Reptomancer","floor":40,"turns":5}],"seed_played":"-6406911876366844538","potions_obtained":[{"floor":5,"key":"AttackPotion"},{"floor":15,"key":"SkillPotion"},{"floor":16,"key":"EssenceOfSteel"},{"floor":22,"key":"PowerPotion"},{"floor":25,"key":"SteroidPotion"},{"floor":27,"key":"DistilledChaos"},{"floor":38,"key":"Regen Potion"},{"floor":39,"key":"Explosive Potion"}],"is_trial":false,"path_per_floor":["R","M","?","T","M","?","T","E","R","?","M","R","E","$","M","B",null,"R","M","$","?","M","R","T","M","R","M","?","?","NM","M","M","B",null,"R","M","M","M","M","E"],"character_chosen":"HERMIT","items_purchased":["Happy Flower"],"campfire_rested":0,"item_purchase_floors":[20],"current_hp_per_floor":[75,73,73,73,67,67,67,49,59,59,58,58,45,47,47,14,85,85,65,50,50,52,52,52,52,52,51,51,51,16,28,38,18,85,85,81,79,44,56,0,0],"gold":254,"neow_bonus":"ONE_RANDOM_RARE_CARD","is_daily":false,"chose_seed":false,"campfire_upgraded":6,"win_rate":0.0,"timestamp":1611851206,"path_taken":["R","M","?","?","M","?","T","E","R","?","M","R","E","$","M","BOSS","R","M","$","?","M","R","T","M","R","M","?","?","NM","M","M","BOSS","R","M","M","M","M","E"],"items_purchased_type":["Relic"],"build_version":"2020-12-22","purchased_purges":0,"victory":false,"max_hp_per_floor":[75,75,75,75,75,75,75,75,85,85,85,85,85,85,85,85,85,85,85,85,85,85,85,85,85,85,85,85,85,85,85,85,85,85,85,85,85,85,85,85,85],"card_choices":[{"not_picked":["hermit:Malice","hermit:ItchyTrigger"],"picked":"hermit:BigShot","floor":2},{"not_picked":["hermit:Roulette","hermit:HoleUp"],"picked":"hermit:Brawl","floor":5},{"not_picked":["hermit:Virtue","hermit:TakeCover"],"picked":"hermit:Horror","floor":8},{"not_picked":["hermit:BodyArmor","hermit:HighCaliber"],"picked":"hermit:TrackingShot","floor":11},{"not_picked":["hermit:Snipe","hermit:Virtue"],"picked":"hermit:Coalescence","floor":13},{"not_picked":["hermit:Gestalt","hermit:Ricochet"],"picked":"hermit:TakeCover","floor":14},{"not_picked":["hermit:Quickdraw","hermit:PistolWhip"],"picked":"hermit:GoldenBullet","floor":15},{"not_picked":["hermit:FinalCanter","hermit:Purgatory"],"picked":"hermit:Dissolve","floor":16},{"not_picked":["hermit:SprayPray","hermit:LowProfile"],"picked":"hermit:Coalescence+1","floor":19},{"not_picked":["hermit:Headshot","hermit:LuckOfTheDraw"],"picked":"hermit:TakeAim+1","floor":20},{"not_picked":["hermit:Virtue","hermit:Coalescence","hermit:Desperado"],"picked":"SKIP","floor":22},{"not_picked":["hermit:SprayPray","hermit:GhostlyPresence","hermit:HighCaliber"],"picked":"SKIP","floor":25},{"not_picked":["hermit:Midnight","hermit:Ricochet"],"picked":"hermit:Magnum","floor":27},{"not_picked":["hermit:SprayPray","hermit:Glare","hermit:Enervate"],"picked":"SKIP","floor":30},{"not_picked":["hermit:Snipe","hermit:Gestalt+1"],"picked":"hermit:Maintenance","floor":31},{"not_picked":["hermit:Enervate","hermit:PistolWhip"],"picked":"hermit:FullyLoaded","floor":32},{"not_picked":["hermit:Dissolve","hermit:Reprieve"],"picked":"hermit:HighNoon","floor":33},{"not_picked":[],"picked":"hermit:HighCaliber","floor":36},{"not_picked":["hermit:Headshot"],"picked":"SKIP","floor":37},{"not_picked":[],"picked":"hermit:HighCaliber","floor":38},{"not_picked":[],"picked":"hermit:Feint+1","floor":39}],"player_experience":471164,"relics_obtained":[{"floor":4,"key":"Whetstone"},{"floor":6,"key":"hermit:CharredGlove"},{"floor":8,"key":"Pantograph"},{"floor":13,"key":"Meat on the Bone"},{"floor":24,"key":"infinitespire:Bottled Soul"},{"floor":30,"key":"infinitespire:CheckeredPen"}],"event_choices":[],"is_beta":false,"boss_relics":[{"not_picked":["Empty Cage","hermit:DentedPlate"],"picked":"Snecko Eye"},{"not_picked":["Velvet Choker","Astrolabe"],"picked":"Busted Crown"}],"items_purged_floors":[],"is_endless":false,"potions_floor_spawned":[5,15,16,22,25,27,38,39],"killed_by":"Reptomancer","ascension_level":0}}