{"host":"bxd97rc2ofc6op20","time":1611800930,"event":{"mods":["BaseMod","Colored Map","Colored Powertips","Googly Eyes","Highlight Path","Minty Spire (QoL Compilation)","Quick Restart","Rare Cards Sparkle"],"gold_per_floor":[117,117,129,141,158,184,184,215,264,264,282,308,308,343,343,343,343],"floor_reached":16,"language":"ENG","playtime":1140,"items_purged":[],"score":163,"play_id":"70ae0db5-c848-4f79-aa8f-c0e47f4ce2b6","local_time":"20210127182850","is_ascension_mode":true,"campfire_choices":[{"data":"Pommel Strike","floor":7,"key":"SMITH"},{"floor":10,"key":"REST"},{"floor":15,"key":"REST"}],"circlet_count":0,"master_deck":["Strike_R","Strike_R","Strike_R","Strike_R","Defend_R","Defend_R","Defend_R","Defend_R","Bash","Infernal Blade","Reaper","Combust","Flex","Clothesline","Pommel Strike+1","Iron Wave","Battle Trance","Impervious","Evolve"],"relics":["Burning Blood","Juzu Bracelet","Ornamental Fan","Akabeko","Bronze Scales","HornCleat"],"acts_visited":["Exordium"],"potions_floor_usage":[5,6],"damage_taken":[{"damage":1,"enemies":"Cultist","floor":1,"turns":4},{"damage":8,"enemies":"Small Slimes","floor":3,"turns":4},{"damage":3,"enemies":"2 Louse","floor":4,"turns":3},{"damage":4,"enemies":"Exordium Wildlife","floor":5,"turns":3},{"damage":26,"enemies":"Lagavulin","floor":6,"turns":7},{"damage":58,"enemies":"3 Sentries","floor":8,"turns":10},{"damage":12,"enemies":"Looter","floor":11,"turns":4},{"damage":25,"enemies":"Lagavulin","floor":12,"turns":5},{"damage":26,"enemies":"Gremlin Nob","floor":14,"turns":5},{"damage":54,"enemies":"Slime Boss","floor":16,"turns":7}],"seed_played":"6755156872593487427","potions_obtained":[{"floor":4,"key":"AttackPotion"},{"floor":5,"key":"DuplicationPotion"},{"floor":8,"key":"SpeedPotion"}],"is_trial":false,"path_per_floor":["M","?","M","M","M","E","R","E","T","R","M","E","?","E","R","B"],"character_chosen":"IRONCLAD","items_purchased":[],"campfire_rested":2,"item_purchase_floors":[],"current_hp_per_floor":[88,88,86,88,88,71,71,19,19,45,45,32,32,16,42,0,0],"gold":343,"neow_bonus":"TEN_PERCENT_HP_BONUS","is_daily":false,"chose_seed":false,"campfire_upgraded":1,"win_rate":0.0,"timestamp":1611800930,"path_taken":["M","?","M","M","M","E","R","E","T","R","M","E","?","E","R","BOSS"],"items_purchased_type":[],"build_version":"2020-12-22","purchased_purges":0,"victory":false,"max_hp_per_floor":[88,88,88,88,88,88,88,88,88,88,88,88,88,88,88,88,88],"card_choices":[{"not_picked":["Heavy Blade","Headbutt"],"picked":"Infernal Blade","floor":1},{"not_picked":["Entrench","Body Slam"],"picked":"Combust","floor":3},{"not_picked":["Clash","Dark Embrace"],"picked":"Flex","floor":4},{"not_picked":["Disarm","Anger"],"picked":"Clothesline","floor":5},{"not_picked":["Reckless Charge","Fiend Fire"],"picked":"Pommel Strike","floor":6},{"not_picked":["Body Slam","Perfected Strike"],"picked":"Iron Wave","floor":8},{"not_picked":["Body Slam","Armaments"],"picked":"Battle Trance","floor":11},{"not_picked":["Seeing Red","Clash"],"picked":"Impervious","floor":12},{"not_picked":["Twin Strike","Sword Boomerang"],"picked":"Evolve","floor":14}],"player_experience":398206,"relics_obtained":[{"floor":6,"key":"Juzu Bracelet"},{"floor":8,"key":"Ornamental Fan"},{"floor":9,"key":"Akabeko"},{"floor":12,"key":"Bronze Scales"},{"floor":14,"key":"HornCleat"}],"event_choices":[{"damage_healed":0,"gold_gain":0,"cards_transformed":["Strike_R"],"player_choice":"Change","damage_taken":0,"max_hp_gain":0,"max_hp_loss":0,"event_name":"Living Wall","floor":2,"gold_loss":0,"cards_obtained":["Reaper"]},{"damage_healed":0,"gold_gain":0,"player_choice":"Ignored","damage_taken":0,"max_hp_gain":0,"max_hp_loss":0,"event_name":"Liars Game","floor":13,"gold_loss":0}],"is_beta":false,"boss_relics":[],"items_purged_floors":[],"is_endless":false,"potions_floor_spawned":[4,5,8],"killed_by":"Slime Boss","ascension_level":5}}