{"host":"niv6bi8ufjzyofbf","time":1611850376,"event":{"mods":["ATMod(∞¢Ë™Mod)","Act Like it!","BaseMod","Colored Powertips","Conspire","Gensokyo","Hermit","Mad Scientist","Marisa£®ÏF”Í°°ƒß¿Ì…≥£©","Minty Spire (QoL Compilation)","Quick Restart","Rare Cards Sparkle","Reimu£®≤©¿ˆ¡È√Œ£©","Relic Filter Mod","Reliquary","Replay The Spire","Shop Mod","Spicy Shops","StSLib","SuperFastMode","The Cursed","The Servant 0.9.4","Youmu£®ªÍ∆«—˝√Œ£©","°æ“≈ŒÔø®≈∆°øREMEMod","≤–¡Ù÷ÆŒÔ"],"gold_per_floor":[23333,21915,21930,21945,20642,20642,20659,20659,20731,20763,20781,20781,19460,19390,19390,19249,19249,19262,19262,19262,19276,23333,23207,22659,21241,21241,19694,19708,18763,18594,18594,18594,18613,18613,18627,16922,16714,16733,16745,16745,16771,16791,16814,15809,15809,15782,13975,13915,13915,13915,13915],"floor_reached":52,"language":"ZHS","playtime":2450,"items_purged":["Normality","Defend_R","Defend_R","Gensokyo:SlitMouthedWoman+1","Defend_R+1","Defend_R+1","Strike_R+1"],"score":2480,"play_id":"e82ce176-2253-40d3-89e0-6c428ebe69c2","local_time":"20210129001256","is_ascension_mode":true,"campfire_choices":[{"data":"REME_ACTH","floor":6.0,"key":"SMITH"},{"data":"Armaments","floor":8.0,"key":"SMITH"},{"data":"Bash","floor":15,"key":"SMITH"},{"data":"Infernal Blade","floor":32,"key":"SMITH"},{"data":"Strike_R+1","floor":40,"key":"SMITH"},{"floor":49,"key":"DIG"}],"circlet_count":0,"master_deck":["AscendersBane","Strike_R+5","Strike_R+4","Strike_R+4","Strike_R+4","Eclipse+1","Gensokyo:LittleGreenMen+1","Clash+1","Exhume+1","REME_ACTH+1","Armaments+1","Inflame+1","Infernal Blade+1","Double Tap+1","Combust+1","Headbutt+1","AT_CaressingTears+1","Gensokyo:LockedMedkit","Headbutt+1","Infernal Blade+1","REME_ACTH+1","Feed+1","Inflame+1","Violence+1","Gensokyo:BlemishedSteel","Heavy Blade+1"],"relics":["Burning Blood","REME_ComplimentaryCards","AT_ATBox","Cauldron","reliquary:Bookmark","Toolbox","PlaceholderMod:FlatBlood","Strange Spoon","reliquary:Knoch","AT_SilvercatRing","ReplayTheSpireMod:ShopPack","ReplayTheSpireMod:Spearhead","Gremlin Food","Chemical X","Torii","MerchantsRug","Sundial","Thread and Needle","Lantern","reliquary:Boomerang","reliquary:PartyBalloon","OrangePellets","Replay:Accelerometer","REME_OnlineShoppingPlatform","reliquary:WeakTea","Toolbox","AT_RabadonDeathcap","Runic Cube","Eternal Feather","Gensokyo:ConquerorOfFear","conspire:TopHat","REME_CardOfGreed","Kunai","Frozen Egg 2","CrazyTorch:ReiMu","Meat on the Bone","Prayer Wheel","reliquary:Tamtam","Quantum Egg","HandDrill","reliquary:Stiletto","Vajra","Brimstone","conspire:TreasureMap","Orrery","Sling","DollysMirror","Turnip","PlaceholderMod:LiveLive","Simple Rune","reliquary:Firecrackers","TheAbacus","Centennial Puzzle","Mercury Hourglass","reliquary:BrokenClock","Replay:Baseball","Paper Frog","Golden Egg","Peace Pipe","reliquary:Buckler","TentaclePot:ReiMu","ClockworkSouvenir","Medical Kit","Frozen Eye","Guide Book","Chameleon Ring","StoneCalendar","conspire:Dentures","ReplayTheSpireMod:Lightbulb","Shovel","Shuriken","Ginger","AT_Kusabimaru","Blood Vial","reliquary:SilkGlove"],"acts_visited":["Gensokyo:Gensokyo","Gensokyo:Gensokyoer","Gensokyo:Gensokyoest"],"potions_floor_usage":[14,14,14,14,14,16,16,16,16,16,16,16,16,16,16,16,23,23,23,23,23,23,23,23,24,24,24,24,24,24,24,24,24,24,24,24,24,24,24,24,24,24,24,24,24,24,24,24,24,24,24,24,30,30,30,30,30,30,30,30,30,33,33,33,33,37,37,37,37,37,37,37,37,37,37,37,37,37,37,37,46,46,48,48,48,48,48,48,48],"damage_taken":[{"damage":23.0,"enemies":"Gensokyo:Gryphon","floor":1.0,"turns":4.0},{"damage":13.0,"enemies":"Gensokyo:Python","floor":3.0,"turns":4.0},{"damage":11.0,"enemies":"Gensokyo:2_Kodama","floor":4.0,"turns":4.0},{"damage":13.0,"enemies":"Gensokyo:Kitsune","floor":7.0,"turns":3.0},{"damage":16,"enemies":"Gensokyo:Mamizou","floor":10,"turns":9},{"damage":0,"enemies":"Gensokyo:2_Rabbits","floor":11,"turns":2},{"damage":0,"enemies":"Gensokyo:Aya","floor":14,"turns":3},{"damage":0,"enemies":"Gensokyo:Kokoro","floor":16,"turns":2},{"damage":1,"enemies":"Gensokyo:2_Gloops","floor":18,"turns":2},{"damage":23,"enemies":"Gensokyo:CosmicMonolith","floor":21,"turns":1},{"damage":4,"enemies":"Gensokyo:Reisen","floor":23,"turns":1},{"damage":0,"enemies":"Gensokyo:Slime_Group","floor":24,"turns":1},{"damage":0,"enemies":"Gensokyo:Monolith_and_Dog","floor":28,"turns":1},{"damage":0,"enemies":"Gensokyo:Chomper_and_Gloop","floor":30,"turns":1},{"damage":0,"enemies":"Gensokyo:Kaguya","floor":33,"turns":1},{"damage":0,"enemies":"Gensokyo:3_Boulders","floor":35,"turns":1},{"damage":0,"enemies":"conspire:MimicChest","floor":37,"turns":2},{"damage":0,"enemies":"Gensokyo:3_Bats","floor":38,"turns":1},{"damage":0,"enemies":"Gensokyo:Sharpion","floor":39,"turns":1},{"damage":0,"enemies":"Gensokyo:Kasen","floor":41,"turns":1},{"damage":0,"enemies":"Gensokyo:Dusk_and_Dawn","floor":42,"turns":1},{"damage":4,"enemies":"Gensokyo:4_Bats","floor":46,"turns":2},{"damage":0,"enemies":"Gensokyo:Doremy","floor":48,"turns":1},{"damage":0,"enemies":"Gensokyo:Yuyuko","floor":50,"turns":1},{"damage":20,"enemies":"Gensokyo:Shinki","floor":51,"turns":4}],"seed_played":"2843923767457436220","potions_obtained":[{"floor":2.0,"key":"Toxic Potion"},{"floor":2.0,"key":"Reflective Coating"},{"floor":10,"key":"PowerPotion"}],"is_trial":false,"path_per_floor":["M","COS","M","M","$","R","M","R","T","E","M","?","$","E","R","B",null,"M","T","?","M","?","E","M","$","T","$","M","COS","M","T","R","B",null,"M","$","?","M","M","R","E","M","T","COS","T","M","$","E","R","B","B",null],"character_chosen":"IRONCLAD","items_purchased":["AT_SilvercatRing","ReplayTheSpireMod:ShopPack","ReplayTheSpireMod:Spearhead","Gremlin Food","Chemical X","Torii","MerchantsRug","Flashbang","reliquary:PartyBalloon","OrangePellets","Replay:Accelerometer","REME_OnlineShoppingPlatform","reliquary:WeakTea","Inflame","Infernal Blade","REME_CardOfGreed","Kunai","Frozen Egg 2","CrazyTorch:ReiMu","Meat on the Bone","reliquary:Tamtam","Quantum Egg","HandDrill","reliquary:Stiletto","Vajra","Combust+1","Headbutt","AT_CaressingTears","Simple Rune","reliquary:Firecrackers","TheAbacus","Centennial Puzzle","Mercury Hourglass","reliquary:BrokenClock","Inflame+1","Violence","StoneCalendar","conspire:Dentures","ReplayTheSpireMod:Lightbulb","Shovel","Shuriken","Ginger","Heavy Blade"],"campfire_rested":0,"item_purchase_floors":[5,5,5,5,5,5,5,5,13,13,13,13,13,13,13,25,25,25,25,25,27,27,27,27,27,27,27,27,36,36,36,36,36,36,36,36,47,47,47,47,47,47,47],"current_hp_per_floor":[51,51,44,39,39,39,32,32,32,75,75,57,57,75,75,75,75,75,75,75,58,58,60,75,75,75,75,75,75,75,75,75,75,75,78,78,78,78,78,78,78,78,78,78,78,78,78,82,82,82,68],"gold":13915,"neow_bonus":"ONE_RANDOM_RARE_CARD","is_daily":false,"chose_seed":false,"campfire_upgraded":5,"win_rate":0.0,"timestamp":1611850376,"path_taken":["M","COS","?","M","$","R","M","R","T","E","M","?","?","E","R","BOSS","M","?","?","?","?","E","M","$","T","?","?","COS","M","?","R","BOSS","M","$","?","M","?","R","E","M","T","COS","?","M","$","E","R","BOSS","BOSS"],"items_purchased_type":["Relic","Relic","Relic","Relic","Relic","Relic","Relic","Potion","Relic","Relic","Relic","Relic","Relic","Card","Card","Relic","Relic","Relic","Relic","Relic","Relic","Relic","Relic","Relic","Relic","Card","Card","Card","Relic","Relic","Relic","Relic","Relic","Relic","Card","Card","Relic","Relic","Relic","Relic","Relic","Relic","Card"],"build_version":"2020-12-22","purchased_purges":7,"victory":true,"max_hp_per_floor":[75,75,75,75,75,75,75,75,75,75,75,75,75,75,75,75,75,75,75,75,75,75,75,75,75,75,75,75,75,75,75,75,75,75,78,78,78,78,78,78,78,78,78,78,78,78,78,82,82,82,82],"card_choices":[{"not_picked":["Replay:Undeath\u0027s Touch","Havoc","Run Through"],"picked":"SKIP","floor":1.0},{"not_picked":["Hemokinesis","Cleave"],"picked":"Clash","floor":3.0},{"not_picked":["REME_Fury","Fiend Fire"],"picked":"Exhume","floor":4.0},{"not_picked":["REME_ACTH","AT_ShrugMaster","Armaments"],"picked":"SKIP","floor":4.0},{"not_picked":["AT_ShrugMaster","Armaments"],"picked":"REME_ACTH","floor":4.0},{"not_picked":["Warcry","Berserk"],"picked":"Armaments","floor":7.0},{"not_picked":["REME_Cut","Run Through","Shrug It Off"],"picked":"SKIP","floor":10},{"not_picked":["Intimidate","Flame Barrier","Ghostly Armor"],"picked":"SKIP","floor":11},{"not_picked":["Ghostly Armor","AT_DiedThrough","Clothesline"],"picked":"SKIP","floor":14},{"not_picked":["Bludgeon","REME_TheLastStrike"],"picked":"Double Tap","floor":16},{"not_picked":["Uppercut","Flex","Sword Boomerang"],"picked":"SKIP","floor":18},{"not_picked":["ReplayTheSpireMod:Strike From Hell","Dual Wield","Heavy Blade"],"picked":"SKIP","floor":21},{"not_picked":["Metallicize","AT_ManFootWork","Cleave"],"picked":"SKIP","floor":23},{"not_picked":["Havoc","Clothesline","Heavy Blade"],"picked":"SKIP","floor":24},{"not_picked":["Rupture+1","Rage","AT_BodySlamDance"],"picked":"SKIP","floor":28},{"not_picked":["Hemogenesis","Sword Boomerang","Headbutt"],"picked":"SKIP","floor":28},{"not_picked":["Warcry","Pommel Strike"],"picked":"Headbutt","floor":29},{"not_picked":["Sentinel","Wild Strike"],"picked":"Infernal Blade","floor":29},{"not_picked":["Infernal Blade","True Grit","Headbutt+1"],"picked":"SKIP","floor":30},{"not_picked":["Brutality+1","Sword Boomerang","Replay:Undeath\u0027s Touch+1"],"picked":"SKIP","floor":30},{"not_picked":["REME_Fury","Exhume"],"picked":"Feed","floor":33},{"not_picked":["AT_DrawKnifeCut","Warcry","Clothesline"],"picked":"SKIP","floor":35},{"not_picked":["Thunderclap+1","Intimidate","Carnage"],"picked":"SKIP","floor":35},{"not_picked":["Power Through","Twin Strike+1","Pommel Strike"],"picked":"SKIP","floor":38},{"not_picked":["ReplayReversal","Hemokinesis","Wild Strike"],"picked":"SKIP","floor":38},{"not_picked":["Headbutt","ReplayTheSpireMod:Strike From Hell","Armaments"],"picked":"SKIP","floor":39},{"not_picked":["True Grit","Clothesline","Brutality+1"],"picked":"SKIP","floor":39},{"not_picked":["Intimidate","Second Wind","Iron Wave"],"picked":"SKIP","floor":41},{"not_picked":["Clash","Rampage+1","Havoc"],"picked":"SKIP","floor":42},{"not_picked":["Clash","Wild Strike","Shrug It Off"],"picked":"SKIP","floor":42},{"not_picked":["Dual Wield","Rampage","Thunderclap"],"picked":"SKIP","floor":46},{"not_picked":["Blood for Blood","Clash+1","Impervious"],"picked":"SKIP","floor":46},{"not_picked":["Warcry","Perfected Strike+1","Body Slam+1"],"picked":"SKIP","floor":48}],"player_experience":592939,"relics_obtained":[{"floor":9.0,"key":"Sundial"},{"floor":10,"key":"Lantern"},{"floor":14,"key":"AT_RabadonDeathcap"},{"floor":19,"key":"Eternal Feather"},{"floor":21,"key":"Gensokyo:ConquerorOfFear"},{"floor":23,"key":"conspire:TopHat"},{"floor":26,"key":"Prayer Wheel"},{"floor":31,"key":"Turnip"},{"floor":37,"key":"Paper Frog"},{"floor":41,"key":"Peace Pipe"},{"floor":43,"key":"reliquary:Buckler"},{"floor":45,"key":"Chameleon Ring"},{"floor":48,"key":"AT_Kusabimaru"},{"floor":49,"key":"Blood Vial"}],"event_choices":[],"is_beta":false,"boss_relics":[{"not_picked":["Coffee Dripper","Fusion Hammer"],"picked":"Runic Cube"},{"not_picked":["conspire:SlowCooker","conspire:SpecialSausage"],"picked":"PlaceholderMod:LiveLive"}],"items_purged_floors":[5,13,13,25,27,27,36],"is_endless":false,"potions_floor_spawned":[3,10,16,18,21,24,35,38,39,48],"ascension_level":20}}