{"host":"3bko8xpjf6jy6wxt","time":1611837024,"event":{"mods":["ATMod(°¢èªMod)","Act Like it!","BaseMod","Minty Spire (QoL Compilation)","MostiFishMod","Reliquary","StSLib","¡¾ÒÅÎï¿¨ÅÆ¡¿REMEMod"],"gold_per_floor":[99,99,99,24,24,24,2,2,2,19,47,47,47,64,64,64,64],"floor_reached":16,"language":"ZHS","playtime":570,"items_purged":["Strike_B"],"score":96,"play_id":"b8a20ba4-0cf0-4585-8b08-62fc1199a269","local_time":"20210128203024","is_ascension_mode":false,"campfire_choices":[{"floor":2,"key":"RECALL"},{"data":"AT_FamilyPortrait","floor":6,"key":"SMITH"},{"data":"MostiFishMod:StarOceanB","floor":8,"key":"SMITH"},{"data":"REME_Whirling","floor":12,"key":"SMITH"},{"floor":15,"key":"REST"}],"circlet_count":0,"master_deck":["Strike_B","Strike_B","Strike_B","Defend_B","Defend_B","Defend_B","Defend_B","Zap","AT_FamilyPortrait+1","MostiFishMod:StarOceanB+1","AT_HeatAcrobatics","REME_Whirling+1","MostiFishMod:FluxCapactior"],"relics":["Cracked Core","AT_ATBox","DaveBox","REME_ComplimentaryCards","HaiYi:Twilight","reliquary:TuningFork","AT_GuinsooRageblade"],"acts_visited":["Exordium"],"potions_floor_usage":[11,16],"damage_taken":[{"damage":5,"enemies":"Small Slimes","floor":1,"turns":2},{"damage":2,"enemies":"2 Louse","floor":10,"turns":4},{"damage":34,"enemies":"Gremlin Nob","floor":11,"turns":4},{"damage":1,"enemies":"Cultist","floor":14,"turns":3},{"damage":55,"enemies":"The Guardian","floor":16,"turns":7}],"seed_played":"1280629305886117874","potions_obtained":[{"floor":10,"key":"Fire Potion"},{"floor":14,"key":"DuplicationPotion"}],"is_trial":false,"path_per_floor":["M","R","?","$","?","R","$","R","T","M","E","R","$","M","R","B"],"character_chosen":"DEFECT","items_purchased":["AT_HeatAcrobatics"],"campfire_rested":1,"item_purchase_floors":[7],"current_hp_per_floor":[77,77,65,65,65,65,65,65,65,69,35,35,35,34,58,3,3],"gold":64,"neow_bonus":"TEN_PERCENT_HP_BONUS","is_daily":false,"chose_seed":false,"campfire_upgraded":3,"win_rate":0.0,"timestamp":1611837024,"path_taken":["M","?","?","$","?","R","$","R","T","?","E","R","?","?","R","BOSS"],"items_purchased_type":["Card"],"build_version":"2020-12-22","purchased_purges":1,"victory":false,"max_hp_per_floor":[82,82,82,82,82,82,82,82,82,82,82,82,82,82,82,82,82],"card_choices":[{"not_picked":["Sweeping Beam","Cold Snap"],"picked":"REME_Whirling","floor":10},{"not_picked":["FTL","Barrage","Beam Cell"],"picked":"SKIP","floor":11},{"not_picked":["MostiFishMod:PushDownKick","Cold Snap"],"picked":"MostiFishMod:FluxCapactior","floor":14}],"player_experience":7150,"relics_obtained":[{"floor":11,"key":"AT_GuinsooRageblade"}],"event_choices":[{"damage_healed":0,"gold_gain":0,"player_choice":"Success","damage_taken":12,"relics_obtained":["reliquary:TuningFork"],"max_hp_gain":0,"max_hp_loss":0,"event_name":"Scrap Ooze","floor":3,"gold_loss":0},{"cards_removed":["Dualcast"],"damage_healed":0,"gold_gain":0,"player_choice":"Offered Basic","damage_taken":0,"max_hp_gain":0,"max_hp_loss":0,"event_name":"Bonfire Elementals","floor":5,"gold_loss":0}],"is_beta":false,"boss_relics":[],"items_purged_floors":[4],"is_endless":false,"potions_floor_spawned":[1,10,14],"killed_by":"The Guardian","ascension_level":0}}