{"host":"8d3fefv2347kqkpz","time":1611808478,"event":{"mods":["AchievementEnabler","Act Like it!","Aspiration","BaseMod","Better Vampires","Colored Map","Colored Powertips","Conspire","GifTheSpireLib","Hermit","Highlight Path","Hubris","Marisa£®ÏF”Í°°ƒß¿Ì…≥£©","Mimic Mod","Minty Spire (QoL Compilation)","Quick Restart","Rare Cards Sparkle","Reimu£®≤©¿ˆ¡È√Œ£©","Relic Stats","Remilia£®¿Ÿ√◊¿Ú—«£©","Replay The Spire","Spicy Shops","StSLib","The Cursed","The Jungle","The Servant 0.9.4","Waifu the Spire","Youmu£®ªÍ∆«—˝√Œ£©"],"gold_per_floor":[115,35,50,50,70,70,70],"floor_reached":6,"language":"ZHS","playtime":243,"items_purged":[],"score":36,"play_id":"00981283-baec-4c6f-a71a-cdec622aaaed","local_time":"20210128123438","is_ascension_mode":false,"campfire_choices":[],"circlet_count":0,"master_deck":["Strike_B","Strike_B","Strike_B","Strike_B","Defend_B","Defend_B","Defend_B","Defend_B","Zap","Dualcast","Chaos","hubris:PowerSurge","ReplayTheSpireMod:Dual Polarity","ReplayTheSpireMod:Calculation Training"],"relics":["Cracked Core","Golden Idol"],"acts_visited":["Exordium"],"potions_floor_usage":[],"damage_taken":[{"damage":5,"enemies":"Small Slimes","floor":1,"turns":3},{"damage":0,"enemies":"Jaw Worm","floor":3,"turns":3},{"damage":0,"enemies":"2 Louse","floor":5,"turns":2},{"damage":29,"enemies":"3 Sentries","floor":6,"turns":6}],"seed_played":"4230753885003821991","potions_obtained":[],"is_trial":false,"path_per_floor":["M","$","M","?","M","E"],"character_chosen":"DEFECT","items_purchased":["ReplayTheSpireMod:Dual Polarity"],"campfire_rested":0,"item_purchase_floors":[2],"current_hp_per_floor":[70,70,70,52,52,23,23],"gold":70,"neow_bonus":"RANDOM_EVENT","is_daily":false,"chose_seed":false,"campfire_upgraded":0,"win_rate":0.0,"timestamp":1611808478,"path_taken":["M","$","M","?","M","E"],"items_purchased_type":["Card"],"build_version":"2020-12-22","purchased_purges":0,"victory":false,"max_hp_per_floor":[75,75,75,75,75,75,75],"relic_stats":{"counters":[4,14],"Golden Idol":4,"obtain_stats":[{"Golden Idol":4,"Cracked Core":0},{"Golden Idol":2,"Cracked Core":0},{"Golden Idol":6,"Cracked Core":0}]},"card_choices":[{"not_picked":["Leap","Cold Snap"],"picked":"hubris:PowerSurge","floor":1},{"not_picked":["Beam Cell","Barrage","Compile Driver"],"picked":"SKIP","floor":3},{"not_picked":["Coolheaded","Go for the Eyes"],"picked":"ReplayTheSpireMod:Calculation Training","floor":5}],"player_experience":228057,"relics_obtained":[],"event_choices":[{"damage_healed":0,"gold_gain":0,"player_choice":"Take Damage","damage_taken":18,"relics_obtained":["Golden Idol"],"max_hp_gain":0,"max_hp_loss":0,"event_name":"Golden Idol","floor":4,"gold_loss":0}],"is_beta":false,"boss_relics":[],"items_purged_floors":[],"is_endless":false,"potions_floor_spawned":[],"killed_by":"3 Sentries","ascension_level":0}}