{"host":"gobyjzz6xbwq9f9i","time":1611797205,"event":{"mods":["AchievementEnabler","BaseMod","Bestiary","Colored Map","Minty Spire (QoL Compilation)"],"gold_per_floor":[111,122,142,152,152,185,185,185,208,55,103,103,136,183,183,183,183],"floor_reached":16,"language":"ENG","playtime":617,"items_purged":[],"score":180,"play_id":"8aca8c7b-a4a1-4333-a1d8-3f9558ce6277","local_time":"20210127172645","is_ascension_mode":true,"campfire_choices":[{"data":"Bash","floor":8.0,"key":"SMITH"},{"floor":12.0,"key":"REST"},{"data":"Flame Barrier","floor":15.0,"key":"SMITH"}],"circlet_count":0,"master_deck":["AscendersBane","Strike_R","Strike_R","Strike_R","Strike_R","Strike_R","Defend_R","Defend_R","Defend_R","Defend_R","Bash+1","Cleave","Thunderclap","Thunderclap","Power Through","Shrug It Off","Flame Barrier+1","Flame Barrier","Shrug It Off"],"relics":["Burning Blood","Bronze Scales","Golden Idol","CeramicFish","HandDrill","Pen Nib","Tiny Chest"],"acts_visited":["Exordium"],"potions_floor_usage":[16,16,16],"damage_taken":[{"damage":5.0,"enemies":"2 Louse","floor":1.0,"turns":3.0},{"damage":7.0,"enemies":"Small Slimes","floor":2.0,"turns":4.0},{"damage":2.0,"enemies":"Jaw Worm","floor":3.0,"turns":3.0},{"damage":20.0,"enemies":"Gremlin Gang","floor":4.0,"turns":3.0},{"damage":16.0,"enemies":"Gremlin Nob","floor":6.0,"turns":4.0},{"damage":32.0,"enemies":"Lagavulin","floor":11.0,"turns":10.0},{"damage":15.0,"enemies":"Exordium Thugs","floor":13.0,"turns":5.0},{"damage":21.0,"enemies":"3 Sentries","floor":14.0,"turns":6.0},{"damage":17,"enemies":"Hexaghost","floor":16,"turns":8}],"seed_played":"-1969515823052865536","potions_obtained":[{"floor":0.0,"key":"SkillPotion"},{"floor":0.0,"key":"EssenceOfSteel"},{"floor":0.0,"key":"LiquidBronze"},{"floor":3.0,"key":"Strength Potion"},{"floor":4.0,"key":"LiquidMemories"},{"floor":11.0,"key":"Energy Potion"},{"floor":14.0,"key":"Swift Potion"}],"is_trial":false,"path_per_floor":["M","M","M","M","?","E","?","R","T","$","E","R","M","E","R","B"],"character_chosen":"IRONCLAD","items_purchased":["HandDrill"],"campfire_rested":1,"item_purchase_floors":[10],"current_hp_per_floor":[73,72,76,62,67,57,36,36,36,36,10,35,26,11,11,0,0],"gold":183,"neow_bonus":"THREE_SMALL_POTIONS","is_daily":false,"chose_seed":false,"campfire_upgraded":2,"win_rate":0.0,"timestamp":1611797205,"path_taken":["M","M","M","M","?","E","?","R","T","?","E","R","?","E","R","BOSS"],"items_purchased_type":["Relic"],"build_version":"2020-12-22","purchased_purges":0,"victory":false,"max_hp_per_floor":[80,80,80,80,85,85,85,85,85,85,85,85,85,85,85,85,85],"card_choices":[{"not_picked":["Havoc","Perfected Strike"],"picked":"Cleave","floor":1.0},{"not_picked":["True Grit","Clash"],"picked":"Thunderclap","floor":2.0},{"not_picked":["Dual Wield","Searing Blow"],"picked":"Thunderclap","floor":3.0},{"not_picked":["Pommel Strike","Intimidate"],"picked":"Power Through","floor":4.0},{"not_picked":["Thunderclap","Body Slam"],"picked":"Shrug It Off","floor":6.0},{"not_picked":["Dual Wield","Burning Pact"],"picked":"Flame Barrier","floor":11.0},{"not_picked":["Headbutt","Twin Strike"],"picked":"Flame Barrier","floor":13.0},{"not_picked":["Cleave","Rage"],"picked":"Shrug It Off","floor":14.0}],"player_experience":1185099,"relics_obtained":[{"floor":6.0,"key":"Bronze Scales"},{"floor":9.0,"key":"CeramicFish"},{"floor":11.0,"key":"Pen Nib"},{"floor":14.0,"key":"Tiny Chest"}],"event_choices":[{"damage_healed":0.0,"max_hp_gain":5.0,"max_hp_loss":0.0,"gold_gain":0.0,"event_name":"Big Fish","player_choice":"Donut","floor":5.0,"gold_loss":0.0,"damage_taken":0.0},{"damage_healed":0.0,"max_hp_gain":0.0,"max_hp_loss":0.0,"gold_gain":0.0,"event_name":"Golden Idol","player_choice":"Take Damage","floor":7.0,"gold_loss":0.0,"damage_taken":21.0,"relics_obtained":["Golden Idol"]}],"is_beta":false,"boss_relics":[],"items_purged_floors":[],"is_endless":false,"potions_floor_spawned":[3,4,11,14],"killed_by":"Hexaghost","ascension_level":10}}