{"host":"zk71suw73lg2r165","time":1611871428,"event":{"mods":["BaseMod","Colored Map","Minty Spire (QoL Compilation)","Permanent Neow","Relic Stats","StSLib"],"gold_per_floor":[119,269,110,110,123,150,150,150,150],"floor_reached":8,"language":"ENG","playtime":214,"items_purged":["Doubt"],"score":108,"play_id":"eadbf607-9325-48c0-b817-75190e65e1ed","local_time":"20210128170348","is_ascension_mode":true,"campfire_choices":[{"data":"Compile Driver","floor":7,"key":"SMITH"}],"circlet_count":0,"master_deck":["AscendersBane","Strike_B","Strike_B","Strike_B","Strike_B","Defend_B","Defend_B","Defend_B","Defend_B","Zap","Dualcast","Compile Driver+1","Self Repair","Glacier","Glacier"],"relics":["Cracked Core","Torii","CaptainsWheel","Bag of Marbles"],"acts_visited":["Exordium"],"potions_floor_usage":[6],"damage_taken":[{"damage":7,"enemies":"Small Slimes","floor":1,"turns":3},{"damage":0,"enemies":"2 Louse","floor":5,"turns":4},{"damage":34,"enemies":"Lagavulin","floor":6,"turns":11},{"damage":45,"enemies":"Gremlin Nob","floor":8,"turns":4}],"seed_played":"3909448060394012930","potions_obtained":[{"floor":5,"key":"Ancient Potion"}],"is_trial":false,"path_per_floor":["M","?","$","?","M","E","R","E"],"character_chosen":"DEFECT","items_purchased":["Self Repair"],"campfire_rested":0,"item_purchase_floors":[3],"current_hp_per_floor":[57,57,57,39,46,19,19,0,0],"gold":150,"neow_bonus":"ONE_RARE_RELIC","is_daily":false,"chose_seed":false,"campfire_upgraded":1,"win_rate":0.0,"timestamp":1611871428,"path_taken":["M","?","$","?","M","E","R","E"],"items_purchased_type":["Card"],"build_version":"2020-12-22","purchased_purges":1,"victory":false,"max_hp_per_floor":[64,64,64,64,64,64,64,64,64],"relic_stats":{"Torii":4,"counters":[4,22],"obtain_stats":[{"CaptainsWheel":4,"Torii":0,"Bag of Marbles":6,"Cracked Core":0},{"CaptainsWheel":1,"Torii":0,"Bag of Marbles":3,"Cracked Core":0},{"CaptainsWheel":3,"Torii":0,"Bag of Marbles":18,"Cracked Core":0}]},"card_choices":[{"not_picked":["Chill","BootSequence"],"picked":"Compile Driver","floor":1},{"not_picked":["Cold Snap","Self Repair"],"picked":"Glacier","floor":5},{"not_picked":["Stack","Force Field"],"picked":"Glacier","floor":6}],"player_experience":1402594,"relics_obtained":[{"floor":6,"key":"Bag of Marbles"}],"event_choices":[{"damage_healed":0,"gold_gain":150,"player_choice":"AGREE","damage_taken":0,"max_hp_gain":0,"max_hp_loss":0,"event_name":"Liars Game","floor":2,"gold_loss":0,"cards_obtained":["Doubt"]},{"damage_healed":0,"gold_gain":0,"player_choice":"Success","damage_taken":18,"relics_obtained":["CaptainsWheel"],"max_hp_gain":0,"max_hp_loss":0,"event_name":"Scrap Ooze","floor":4,"gold_loss":0}],"is_beta":false,"boss_relics":[],"items_purged_floors":[3],"is_endless":false,"potions_floor_spawned":[5],"killed_by":"Gremlin Nob","ascension_level":20}}