{"host":"kh6fvhxn285ncg0o","time":1611852407,"event":{"mods":["Act Like it!","BaseMod","Colored Map","Friendly Minions","Keyboard Shortcuts","Minty Spire (QoL Compilation)","Quick Restart","Relic Stats","StSLib","SuperFastMode","UnlockEverythingMod"],"gold_per_floor":[366,366,346,362,437,437,437,454,454,28,58,83,96,131,131,208,208,218,218,143,162,162,162,188,188,188,103,153,180,195,225,225,299,299,311,323,377,407,407,407],"floor_reached":39,"language":"KOR","playtime":1873,"items_purged":["Strike_R"],"score":1065,"play_id":"95610e38-83ba-4925-91fb-15d06308f1fe","local_time":"20210129014647","is_ascension_mode":true,"campfire_choices":[{"floor":6,"key":"REST"},{"data":"Evolve","floor":15,"key":"SMITH"},{"data":"Feel No Pain","floor":23,"key":"SMITH"},{"data":"Power Through","floor":25,"key":"SMITH"},{"data":"Second Wind","floor":32,"key":"SMITH"}],"circlet_count":0,"master_deck":["AscendersBane","Strike_R","Strike_R","Strike_R","Defend_R+1","Defend_R","Defend_R","Defend_R","Bash+1","Rage","Power Through+1","Feel No Pain+1","Evolve+1","Demon Form","Second Wind+1","Burning Pact","Seeing Red","Barricade","Battle Trance","Shrug It Off","Feed","Body Slam"],"relics":["Burning Blood","Bag of Marbles","Toolbox","Prayer Wheel","Odd Mushroom","Art of War","Velvet Choker","Sundial","Turnip","Omamori","Kunai","Singing Bowl","Calling Bell","Bag of Preparation","InkBottle","Thread and Needle","Champion Belt"],"acts_visited":["Exordium","TheCity","TheBeyond"],"potions_floor_usage":[11,18,24,31,31,38],"damage_taken":[{"damage":7,"enemies":"Cultist","floor":1,"turns":4},{"damage":1,"enemies":"2 Louse","floor":4,"turns":3},{"damage":0,"enemies":"Small Slimes","floor":8,"turns":4},{"damage":2,"enemies":"3 Sentries","floor":11,"turns":8},{"damage":21,"enemies":"The Mushroom Lair","floor":12,"turns":7},{"damage":19,"enemies":"3 Louse","floor":13,"turns":8},{"damage":9,"enemies":"Lagavulin","floor":14,"turns":9},{"damage":0,"enemies":"Hexaghost","floor":16,"turns":10},{"damage":11,"enemies":"Shell Parasite","floor":18,"turns":9},{"damage":0,"enemies":"Chosen","floor":21,"turns":6},{"damage":6,"enemies":"Slavers","floor":24,"turns":7},{"damage":16,"enemies":"Book of Stabbing","floor":29,"turns":8},{"damage":15,"enemies":"3 Cultists","floor":30,"turns":6},{"damage":22,"enemies":"Gremlin Leader","floor":31,"turns":15},{"damage":17,"enemies":"Collector","floor":33,"turns":18},{"damage":17,"enemies":"Orb Walker","floor":35,"turns":7},{"damage":0,"enemies":"3 Shapes","floor":36,"turns":5},{"damage":36,"enemies":"2 Orb Walkers","floor":37,"turns":5},{"damage":22,"enemies":"3 Darklings","floor":38,"turns":8},{"damage":41,"enemies":"Jaw Worm Horde","floor":39,"turns":4}],"seed_played":"-5853656243168697970","potions_obtained":[{"floor":1,"key":"Block Potion"},{"floor":3,"key":"Weak Potion"},{"floor":16,"key":"BlessingOfTheForge"},{"floor":21,"key":"ColorlessPotion"},{"floor":30,"key":"Strength Potion"},{"floor":37,"key":"SteroidPotion"}],"is_trial":false,"path_per_floor":["M","?","?","M","?","R","?","M","T","$","E","?","M","E","R","B",null,"M","?","$","M","?","R","E","R","T","?","?","E","M","E","R","B",null,"M","M","?","M","M"],"character_chosen":"IRONCLAD","items_purchased":["Bag of Marbles","Evolve","Toolbox"],"campfire_rested":1,"item_purchase_floors":[10,10,10],"current_hp_per_floor":[49,26,26,31,20,42,67,73,73,73,75,60,47,44,44,50,69,64,64,64,70,70,70,70,70,70,70,70,60,51,37,37,26,64,58,71,43,31,0,0],"gold":407,"neow_bonus":"TWO_FIFTY_GOLD","is_daily":false,"chose_seed":false,"campfire_upgraded":4,"win_rate":0.0,"timestamp":1611852407,"path_taken":["M","?","?","?","?","R","?","M","T","?","E","?","M","E","R","BOSS","M","?","$","M","?","R","E","R","T","?","?","E","?","E","R","BOSS","M","M","?","M","M"],"items_purchased_type":["Relic","Card","Relic"],"build_version":"2020-12-22","purchased_purges":1,"victory":false,"max_hp_per_floor":[75,75,75,75,75,75,75,75,75,75,75,75,75,75,75,75,75,75,75,75,75,75,75,75,75,75,75,75,75,75,77,77,77,77,82,89,91,95,95,95],"relic_stats":{"Singing Bowl":14,"counters":[20,151],"Sundial":[66],"Prayer Wheel":7,"Turnip":[12],"Art of War":[40],"Bag of Preparation":[10],"Kunai":[14],"Champion Belt":[7],"obtain_stats":[{"Singing Bowl":31,"Velvet Choker":17,"Thread and Needle":34,"Omamori":27,"Bag of Preparation":34,"Odd Mushroom":12,"Burning Blood":0,"Calling Bell":34,"Sundial":24,"Toolbox":10,"Prayer Wheel":11,"Turnip":26,"Bag of Marbles":10,"Art of War":14,"Kunai":29,"Champion Belt":37,"InkBottle":34},{"Singing Bowl":14,"Velvet Choker":8,"Thread and Needle":15,"Omamori":11,"Bag of Preparation":15,"Odd Mushroom":5,"Burning Blood":0,"Calling Bell":15,"Sundial":11,"Toolbox":3,"Prayer Wheel":4,"Turnip":11,"Bag of Marbles":3,"Art of War":7,"Kunai":12,"Champion Belt":18,"InkBottle":15},{"Singing Bowl":104,"Velvet Choker":53,"Thread and Needle":122,"Omamori":75,"Bag of Preparation":122,"Odd Mushroom":26,"Burning Blood":0,"Calling Bell":122,"Sundial":75,"Toolbox":11,"Prayer Wheel":19,"Turnip":75,"Bag of Marbles":11,"Art of War":43,"Kunai":83,"Champion Belt":139,"InkBottle":122}],"Burning Blood":112,"InkBottle":[8]},"card_choices":[{"not_picked":["Entrench","Iron Wave"],"picked":"Rage","floor":1},{"not_picked":["Flex","Heavy Blade"],"picked":"Power Through","floor":4},{"not_picked":["Whirlwind","Heavy Blade"],"picked":"Feel No Pain","floor":8},{"not_picked":["Feel No Pain","Anger"],"picked":"Demon Form","floor":11},{"not_picked":["Heavy Blade","Iron Wave"],"picked":"Second Wind","floor":13},{"not_picked":["True Grit","Sentinel"],"picked":"Burning Pact","floor":13},{"not_picked":["Flex","Twin Strike"],"picked":"Seeing Red","floor":14},{"not_picked":["Exhume","Offering"],"picked":"Barricade","floor":16},{"not_picked":["Sentinel+1","Heavy Blade+1","Pommel Strike"],"picked":"SKIP","floor":18},{"not_picked":["Wild Strike","Warcry","Rampage+1"],"picked":"SKIP","floor":18},{"not_picked":["Cleave","Heavy Blade+1"],"picked":"Shrug It Off","floor":21},{"not_picked":["Uppercut","Clothesline","Searing Blow"],"picked":"SKIP","floor":21},{"not_picked":["Twin Strike","Second Wind","Searing Blow"],"picked":"SKIP","floor":24},{"not_picked":["Iron Wave","Headbutt","Heavy Blade+1"],"picked":"SKIP","floor":29},{"not_picked":["True Grit","Pommel Strike+1","Rupture+1"],"picked":"SKIP","floor":30},{"not_picked":["Wild Strike+1","Heavy Blade","Perfected Strike+1"],"picked":"SKIP","floor":30},{"not_picked":["Shrug It Off","Shockwave","Carnage"],"picked":"Singing Bowl","floor":31},{"not_picked":["Barricade","Exhume"],"picked":"Feed","floor":33},{"not_picked":["Havoc","Whirlwind+1","Cleave+1"],"picked":"Singing Bowl","floor":35},{"not_picked":["Twin Strike","Armaments+1"],"picked":"Body Slam","floor":35},{"not_picked":["Body Slam","Burning Pact","Blood for Blood"],"picked":"Singing Bowl","floor":36},{"not_picked":["Armaments","Clothesline","Metallicize"],"picked":"Singing Bowl","floor":36},{"not_picked":["Perfected Strike","Heavy Blade","Headbutt"],"picked":"Singing Bowl","floor":37},{"not_picked":["Fiend Fire","Whirlwind","Heavy Blade"],"picked":"Singing Bowl","floor":38},{"not_picked":["Blood for Blood+1","Iron Wave+1","Reckless Charge"],"picked":"Singing Bowl","floor":38}],"player_experience":1295933,"relics_obtained":[{"floor":11,"key":"Prayer Wheel"},{"floor":12,"key":"Odd Mushroom"},{"floor":14,"key":"Art of War"},{"floor":24,"key":"Sundial"},{"floor":26,"key":"Turnip"},{"floor":29,"key":"Kunai"},{"floor":31,"key":"Singing Bowl"},{"floor":34,"key":"Bag of Preparation"},{"floor":34,"key":"InkBottle"},{"floor":34,"key":"Thread and Needle"},{"floor":37,"key":"Champion Belt"}],"event_choices":[{"damage_healed":0,"gold_gain":0,"player_choice":"Entered Light","damage_taken":23,"max_hp_gain":0,"max_hp_loss":0,"event_name":"Shining Light","floor":2,"gold_loss":0,"cards_upgraded":["Bash","Defend_R"]},{"damage_healed":0,"gold_gain":0,"player_choice":"Bought 1 Potion","damage_taken":0,"max_hp_gain":0,"max_hp_loss":0,"event_name":"The Woman in Blue","floor":3,"gold_loss":0},{"damage_healed":0,"gold_gain":75,"player_choice":"Gather Gold","damage_taken":11,"max_hp_gain":0,"max_hp_loss":0,"event_name":"World of Goop","floor":5,"gold_loss":0},{"damage_healed":25,"gold_gain":0,"player_choice":"Banana","damage_taken":0,"max_hp_gain":0,"max_hp_loss":0,"event_name":"Big Fish","floor":7,"gold_loss":0},{"damage_healed":0,"gold_gain":0,"player_choice":"Fought Mushrooms","damage_taken":0,"max_hp_gain":0,"max_hp_loss":0,"event_name":"Mushrooms","floor":12,"gold_loss":0},{"damage_healed":0,"gold_gain":0,"player_choice":"Read","damage_taken":0,"max_hp_gain":0,"max_hp_loss":0,"event_name":"The Library","floor":19,"gold_loss":0,"cards_obtained":["Battle Trance"]},{"cards_removed":["Strike_R"],"damage_healed":0,"gold_gain":0,"player_choice":"Elegance","damage_taken":0,"max_hp_gain":0,"max_hp_loss":0,"event_name":"Back to Basics","floor":22,"gold_loss":0},{"damage_healed":0,"gold_gain":0,"player_choice":"Obtained Relic","damage_taken":0,"relics_obtained":["Omamori"],"max_hp_gain":0,"max_hp_loss":0,"event_name":"Addict","floor":27,"gold_loss":85},{"damage_healed":0,"gold_gain":50,"player_choice":"Stole From Cult","damage_taken":0,"max_hp_gain":0,"max_hp_loss":0,"event_name":"Nest","floor":28,"gold_loss":0},{"damage_healed":0,"gold_gain":0,"player_choice":"Fight","damage_taken":0,"max_hp_gain":0,"max_hp_loss":0,"event_name":"Mysterious Sphere","floor":37,"gold_loss":0}],"is_beta":false,"boss_relics":[{"not_picked":["Runic Cube","SacredBark"],"picked":"Velvet Choker"},{"not_picked":["Empty Cage","Philosopher\u0027s Stone"],"picked":"Calling Bell"}],"items_purged_floors":[20],"is_endless":false,"potions_floor_spawned":[1,4,16,21,30,37],"killed_by":"Jaw Worm Horde","ascension_level":20}}