{"host":"5v9rfzf5qju8k9wy","time":1611822689,"event":{"mods":["Act Like it!","Arknights The Spire","BaseMod","Gensokyo","Marisa£®ÏF”Í°°ƒß¿Ì…≥£©","Minty Spire (QoL Compilation)","Reimu£®≤©¿ˆ¡È√Œ£©","Remilia£®¿Ÿ√◊¿Ú—«£©","Replay The Spire","StSLib","The Administrix"],"gold_per_floor":[117,17,31,31,8,8,8,43,96,124,124,135,162,177,177,177,177],"floor_reached":16,"language":"ZHS","playtime":1390,"items_purged":[],"score":143,"play_id":"bf103d79-6d93-497f-891d-9a355ba71661","local_time":"20210128163129","is_ascension_mode":false,"campfire_choices":[{"data":"AdministrixMod:FuneraryRites","floor":6,"key":"SMITH"},{"data":"AdministrixMod:CenturiesAscent","floor":15,"key":"SMITH"}],"circlet_count":0,"master_deck":["AdministrixMod:Strike_Administrix","AdministrixMod:Strike_Administrix","AdministrixMod:Strike_Administrix","AdministrixMod:Strike_Administrix","AdministrixMod:RedCloak","AdministrixMod:Defend_Administrix","AdministrixMod:Defend_Administrix","AdministrixMod:Defend_Administrix","AdministrixMod:Defend_Administrix","AdministrixMod:BlueCloak","AdministrixMod:HarmonicReverence","AdministrixMod:FuneraryRites+1","Clumsy","AdministrixMod:DiversionaryTactic","AdministrixMod:CenturiesAscent+1","AdministrixMod:ShadowPlay+1","AdministrixMod:RegentEdict","AdministrixMod:FeastOfDew","AdministrixMod:ImmortalGrace"],"relics":["AdministrixMod:ConductorRitualBaton","NeowsBlessing","Chameleon Ring","Gensokyo:NagashiBinaDoll","Pear","Lantern","Nunchaku","Blood Vial","Replay:Mystery Machine"],"acts_visited":["Gensokyo:Gensokyo"],"potions_floor_usage":[10,13,16],"damage_taken":[{"damage":0,"enemies":"Gensokyo:2_Kodama","floor":1,"turns":1},{"damage":0,"enemies":"Gensokyo:Python","floor":3,"turns":1},{"damage":0,"enemies":"Gensokyo:Cirno","floor":8,"turns":2},{"damage":21,"enemies":"Gensokyo:Mamizou","floor":10,"turns":11},{"damage":5,"enemies":"Gensokyo:3_Fairies","floor":12,"turns":3},{"damage":18,"enemies":"Gensokyo:Aya","floor":13,"turns":8},{"damage":4,"enemies":"Gensokyo:Gryphon_and_Rabbit","floor":14,"turns":5},{"damage":17,"enemies":"Gensokyo:Yukari","floor":16,"turns":7}],"seed_played":"7872987652205438917","potions_obtained":[{"floor":1,"key":"DistilledChaos"},{"floor":3,"key":"Explosive Potion"},{"floor":12,"key":"BlessingOfTheForge"},{"floor":14,"key":"SteroidPotion"}],"is_trial":false,"path_per_floor":["M","?","M","?","$","R","?","E","T","E","?","M","E","M","R","B"],"character_chosen":"TheAdministrix","items_purchased":["AdministrixMod:DiversionaryTactic"],"campfire_rested":0,"item_purchase_floors":[5],"current_hp_per_floor":[65,65,65,65,65,65,60,60,60,39,39,36,20,18,18,3,3],"gold":177,"neow_bonus":"THREE_ENEMY_KILL","is_daily":false,"chose_seed":false,"campfire_upgraded":2,"win_rate":0.0,"timestamp":1611822689,"path_taken":["M","?","?","?","?","R","?","E","T","E","?","M","E","M","R","BOSS"],"items_purchased_type":["Card"],"build_version":"2020-12-22","purchased_purges":0,"victory":false,"max_hp_per_floor":[65,65,65,65,65,65,75,75,75,75,75,75,75,75,75,75,75],"card_choices":[{"not_picked":["AdministrixMod:ImmortalPurity","AdministrixMod:Katabasis"],"picked":"AdministrixMod:HarmonicReverence","floor":1},{"not_picked":["AdministrixMod:RisingSunPrince","AdministrixMod:Transition"],"picked":"AdministrixMod:FuneraryRites","floor":3},{"not_picked":["AdministrixMod:SeventeenArticleLaser","AdministrixMod:DiversionaryTactic"],"picked":"AdministrixMod:CenturiesAscent","floor":8},{"not_picked":["AdministrixMod:UnstableVigor","AdministrixMod:FiendishCrimson","AdministrixMod:FuneraryRites"],"picked":"SKIP","floor":10},{"not_picked":["AdministrixMod:HopeInTheDark","AdministrixMod:BloodBargain"],"picked":"AdministrixMod:RegentEdict","floor":12},{"not_picked":["AdministrixMod:SealAway","AdministrixMod:LightOfYourLife"],"picked":"AdministrixMod:FeastOfDew","floor":13},{"not_picked":["AdministrixMod:PlateOfAntiquity","AdministrixMod:ExtolVirtue"],"picked":"AdministrixMod:ImmortalGrace","floor":14}],"player_experience":101842,"relics_obtained":[{"floor":8,"key":"Lantern"},{"floor":9,"key":"Nunchaku"},{"floor":10,"key":"Blood Vial"},{"floor":13,"key":"Replay:Mystery Machine"}],"event_choices":[],"is_beta":false,"boss_relics":[],"items_purged_floors":[],"is_endless":false,"potions_floor_spawned":[1,3,12,14],"killed_by":"Gensokyo:Yukari","ascension_level":0}}