{"host":"ual8302hi2966pjx","time":1611850306,"event":{"mods":["BaseMod","ChefMod","Colored Map","Decade(王小明)","Downfall","GifTheSpireLib","LagranYue(拉格朗・月)","Marisa（F雨　魔理沙）","Minty Spire (QoL Compilation)","Quick Restart","READ ME - Guardian Mod","Replay The Spire","StSLib","The Bug Knight","The Cursed","The Gatherer","The Hierophant","The Poker Player","The Runesmith","The Servant 0.9.4","Yuyuko","[功能]功能增强和修复MOD","noobMod","simple"],"gold_per_floor":[100,130,156,218,250,316,370,404,329,279,355,355,393,27,59,261,261,211,255,255,259,259,307,411,411,361,361,393,451,481,481,525,731,731,581,643,693,815,815,84,224,340,183,237,291,369,219,317,353,377],"floor_reached":51,"language":"ZHS","playtime":3648,"items_purged":["Slimebound:Defend_Slimebound"],"score":996,"play_id":"c1d88293-34d3-473f-a80b-51d42132b396","local_time":"20210129001146","is_ascension_mode":false,"campfire_choices":[{"floor":1.0,"key":"DIG"},{"data":"Slimebound:SplitSpecialist","floor":10,"key":"SMITH"},{"data":"Slimebound:SplitLeeching","floor":10,"key":"SMITH"},{"data":"Slimebound:SplitBruiser","floor":10,"key":"SMITH"},{"data":"Slimebound:CorrosiveSpit","floor":10,"key":"SMITH"},{"data":"Slimebound:AcidTongue","floor":10,"key":"SMITH"},{"data":"Slimebound:FlameTackle","floor":10,"key":"SMITH"},{"data":"Slimebound:ComboTackle","floor":10,"key":"SMITH"},{"floor":10,"key":"REST"},{"data":"Slimebound:Chomp","floor":26,"key":"SMITH"},{"data":"Slimebound:SlimeTap","floor":26,"key":"SMITH"},{"data":"Bite","floor":26,"key":"SMITH"},{"data":"Slimebound:RollThrough","floor":26,"key":"SMITH"},{"data":"Slimebound:Defend_Slimebound","floor":26,"key":"SMITH"},{"data":"Slimebound:Split","floor":26,"key":"SMITH"},{"data":"Slimebound:MassRepurpose","floor":26,"key":"SMITH"},{"data":"Finesse","floor":26,"key":"SMITH"},{"data":"Slimebound:GoopSpray","floor":26,"key":"SMITH"},{"data":"Slimebound:ComboTackle","floor":26,"key":"SMITH"},{"data":"Bite","floor":26,"key":"SMITH"},{"data":"ReplayTheSpireMod:Uncanny Aura","floor":26,"key":"SMITH"},{"data":"Bite","floor":26,"key":"SMITH"},{"data":"Slimebound:LeadByExample","floor":26,"key":"SMITH"},{"data":"Slimebound:Defend_Slimebound","floor":26,"key":"SMITH"},{"data":"Apotheosis","floor":26,"key":"SMITH"},{"data":"Slimebound:Darklings","floor":26,"key":"SMITH"},{"data":"Bite","floor":26,"key":"SMITH"},{"data":"Bite","floor":26,"key":"SMITH"},{"data":"Deep Breath","floor":26,"key":"SMITH"},{"data":"Slimebound:Defend_Slimebound","floor":26,"key":"SMITH"},{"data":"Slimebound:Tackle","floor":26,"key":"SMITH"},{"floor":26,"key":"RECALL"},{"data":"Slimebound:SplitLeeching","floor":35,"key":"SMITH"},{"data":"Slimebound:Darklings","floor":35,"key":"SMITH"},{"data":"Slimebound:Grow","floor":35,"key":"SMITH"},{"data":"Slimebound:LevelUp","floor":35,"key":"SMITH"},{"floor":35,"key":"REST"},{"data":"Pot Of Greed","floor":47,"key":"SMITH"},{"data":"Pot Of Greed","floor":47,"key":"SMITH"},{"data":"Pot Of Greed","floor":47,"key":"SMITH"},{"data":"Slimebound:LevelUp","floor":47,"key":"SMITH"},{"data":"expansioncontent:Hexaburn","floor":47,"key":"SMITH"},{"data":"Slimebound:FirmFortitude","floor":47,"key":"SMITH"},{"data":"Slimebound:HungryTackle","floor":47,"key":"SMITH"},{"data":"Slimebound:FirmFortitude","floor":47,"key":"SMITH"},{"data":"Slimebound:FormOfPuddle","floor":47,"key":"SMITH"},{"data":"Pot Of Greed","floor":47,"key":"SMITH"},{"data":"Slimebound:LevelUp","floor":47,"key":"SMITH"},{"data":"Pot Of Greed","floor":47,"key":"SMITH"},{"floor":47,"key":"REST"}],"circlet_count":0,"master_deck":["Slimebound:Tackle+1","Slimebound:Defend_Slimebound+1","Slimebound:Defend_Slimebound+1","Slimebound:Defend_Slimebound+1","Slimebound:Split+1","Slimebound:CorrosiveSpit+1","Slimebound:SplitBruiser+1","Slimebound:ComboTackle+1","Slimebound:FlameTackle+1","Slimebound:SplitLeeching+1","Slimebound:AcidTongue+1","Slimebound:SplitSpecialist+1","Slimebound:GoopSpray+1","Slimebound:MassRepurpose+1","Slimebound:ComboTackle+1","ReplayTheSpireMod:Uncanny Aura+1","Slimebound:LeadByExample+1","Apotheosis+1","Deep Breath+1","Finesse+1","Slimebound:RollThrough+1","Slimebound:Darklings+1","Slimebound:Replication+1","Bite+1","Bite+1","Bite+1","Bite+1","Bite+1","Slimebound:SlimeTap+1","Slimebound:Tackle+1","Slimebound:Tackle+1","Slimebound:Tackle+1","Slimebound:SplitLeeching+1","Slimebound:PressTheAttack+1","Slimebound:LevelUp+1","Slimebound:Grow+1","Slimebound:Darklings+1","Slimebound:GoopTackle+1","Slimebound:SplitMire+1","Slimebound:FormOfPuddle+1","Slimebound:SlimeBarrage+1","Pot Of Greed+1","Pot Of Greed+1","Pot Of Greed+1","Pot Of Greed+1","Slimebound:LevelUp+1","Slimebound:LevelUp+1","Slimebound:Repurpose+1","expansioncontent:Hexaburn+1","Slimebound:FirmFortitude+1","Slimebound:FirmFortitude+1","Slimebound:HungryTackle+1","Pot Of Greed+1","Slimebound:SlimeBrawl+1","Slimebound:Replication+1","Slimebound:PressTheAttack+1"],"relics":["Slimebound:AbsorbEndCombat","ice","LagranYue:RandomDrawCardRelic","Incense Burner","Ornamental Fan","Replay:Bandana","Slimebound:GreedOozeRelic","Happy Flower","ReplayTheSpireMod:ShopPack","ReplayTheSpireMod:Ninjato","Blue Candle","Slimebound:AggressiveSlimeRelic","Ring of Chaos","downfall:HeartBlessingRed","champ:DuelingGlove","Red Mask","downfall:RedIOUUpgrade","bronze:BronzeIdol","Grinning Jar","Medical Kit","Strange Spoon","Slimebound:StickyStick","InkBottle","BargainBundle","Lantern","Gremlin Food","Calipers","ReplayTheSpireMod:Lightbulb","downfall:HeartBlessingBlue","Bag of Marbles"],"acts_visited":["Exordium","TheCity","TheBeyond"],"potions_floor_usage":[16,16,16],"damage_taken":[{"damage":7.0,"enemies":"Cultist","floor":2.0,"turns":3.0},{"damage":3.0,"enemies":"Small Slimes","floor":3.0,"turns":2.0},{"damage":6.0,"enemies":"2 Louse","floor":5.0,"turns":1.0},{"damage":3.0,"enemies":"HollowMod:MossKnight","floor":6.0,"turns":4.0},{"damage":24,"enemies":"Lots of Slimes","floor":8,"turns":4},{"damage":21,"enemies":"3 Sentries","floor":11,"turns":6},{"damage":0,"enemies":"2 Fungi Beasts","floor":13,"turns":2},{"damage":8,"enemies":"downfall:FleeingMerchant","floor":14,"turns":4},{"damage":7,"enemies":"Large Slime","floor":15,"turns":3},{"damage":1,"enemies":"IC_STATUS_ARCHETYPE","floor":16,"turns":4},{"damage":10,"enemies":"Chosen","floor":19,"turns":4},{"damage":3,"enemies":"Spheric Guardian","floor":21,"turns":3},{"damage":25,"enemies":"Chosen and Byrds","floor":23,"turns":4},{"damage":6,"enemies":"Centurion and Healer","floor":28,"turns":4},{"damage":12,"enemies":"Snecko","floor":29,"turns":3},{"damage":11,"enemies":"Shelled Parasite and Fungi","floor":30,"turns":4},{"damage":5,"enemies":"3 Cultists","floor":32,"turns":4},{"damage":32,"enemies":"WA_ARCHETYPE_CALM","floor":33,"turns":7},{"damage":16,"enemies":"3 Darklings","floor":36,"turns":2},{"damage":19,"enemies":"3 Shapes","floor":37,"turns":2},{"damage":0,"enemies":"2 Orb Walkers","floor":38,"turns":4},{"damage":3,"enemies":"downfall:FleeingMerchant","floor":40,"turns":3},{"damage":0,"enemies":"downfall:FleeingMerchant","floor":42,"turns":2},{"damage":3,"enemies":"Spire Growth","floor":44,"turns":2},{"damage":0,"enemies":"Jaw Worm Horde","floor":45,"turns":2},{"damage":20,"enemies":"Reptomancer","floor":46,"turns":4},{"damage":4,"enemies":"Giant Head","floor":48,"turns":3},{"damage":41,"enemies":"4 Shapes","floor":49,"turns":3},{"damage":17,"enemies":"SI_POISON_ARCHETYPE","floor":50,"turns":4}],"seed_played":"3781207772881444428","potions_obtained":[{"floor":0.0,"key":"EssenceOfSteel"},{"floor":0.0,"key":"ColorlessPotion"},{"floor":0.0,"key":"DuplicationPotion"},{"floor":11,"key":"Reflective Coating"},{"floor":19,"key":"Energy Potion"},{"floor":29,"key":"SpeedPotion"},{"floor":30,"key":"Energy Potion"},{"floor":36,"key":"Slimebound:SpawnSlimePotion"},{"floor":42,"key":"bronze:BurnAndBuffPotion"}],"is_trial":false,"path_per_floor":["R_BF","M","M","?","M","E","T","M","?","R","E","?","M","$","M","B",null,"R_BF","M","?","M","?","M","T","?","R","?","M","M","M","?","M","B",null,"R","M","M","?","?","?","T","?","$","M","M","E","R","E","M","B",null],"character_chosen":"SLIMEBOUND","items_purchased":["ReplayTheSpireMod:Uncanny Aura","Slimebound:LeadByExample","ReplayTheSpireMod:ShopPack","ReplayTheSpireMod:Ninjato","bronze:BronzeIdol","Grinning Jar","Medical Kit","Strange Spoon","Slimebound:LevelUp","Slimebound:StickyStick","InkBottle","BargainBundle","Lantern","Gremlin Food","expansioncontent:Hexaburn","Slimebound:FirmFortitude"],"campfire_rested":3,"item_purchase_floors":[14,14,14,14,40,40,40,40,40,40,40,40,40,40,43,43],"current_hp_per_floor":[65,62,59,43,37,38,38,18,18,37,16,16,16,12,7,65,65,60,50,46,43,43,29,29,29,29,29,30,18,14,14,19,70,77,77,61,47,58,58,69,69,72,72,78,81,63,105,108,73,56],"gold":377,"neow_bonus":"THREE_SMALL_POTIONS","is_daily":false,"chose_seed":false,"campfire_upgraded":45,"win_rate":0.0,"timestamp":1611850306,"path_taken":["R_BF","M","M","?","M","E","T","M","?","R","E","?","?","$","M","BOSS","R_BF","M","?","M","?","M","T","?","R","?","M","?","M","?","M","BOSS","R","M","M","?","?","?","T","?","?","M","?","E","R","E","M","BOSS"],"items_purchased_type":["Card","Card","Relic","Relic","Relic","Relic","Relic","Relic","Card","Relic","Relic","Relic","Relic","Relic","Card","Card"],"build_version":"2020-12-22","purchased_purges":1,"victory":true,"max_hp_per_floor":[65,65,65,65,65,65,65,65,65,65,65,65,65,65,65,65,65,65,67,46,47,47,60,60,60,60,60,61,62,68,68,72,77,77,77,79,82,87,87,92,92,92,92,93,95,97,107,108,115,118],"card_choices":[{"not_picked":["Slimebound:ViciousTackle","Slimebound:Gluttony"],"picked":"Slimebound:SplitBruiser","floor":2.0},{"not_picked":["Slimebound:LeechingTouch","Slimebound:SlimeBarrage"],"picked":"Slimebound:ComboTackle","floor":3.0},{"not_picked":["Slimebound:ComboTackle","Slimebound:Schlurp"],"picked":"Slimebound:FlameTackle","floor":4.0},{"not_picked":["Slimebound:Nibble","Slimebound:Recollect"],"picked":"Slimebound:SplitLeeching","floor":5.0},{"not_picked":["Slimebound:HungryTackle","Slimebound:BestDefense"],"picked":"Slimebound:AcidTongue","floor":6.0},{"not_picked":["Slimebound:Schlurp","Slimebound:DivideAndConquer"],"picked":"Slimebound:SplitSpecialist","floor":8},{"not_picked":["Slimebound:RainOfGoop","Slimebound:ItLooksTasty"],"picked":"Slimebound:GoopSpray","floor":11},{"not_picked":["Slimebound:LeadByExample","Slimebound:LivingWall"],"picked":"Slimebound:MassRepurpose","floor":13},{"not_picked":["Slimebound:Prepare","Slimebound:SlimeSpikes"],"picked":"Slimebound:ComboTackle","floor":14},{"not_picked":["ReplayTheSpireMod:Brewmster","Violence"],"picked":"Apotheosis","floor":14},{"not_picked":["Dark Shackles","Thinking Ahead"],"picked":"Deep Breath","floor":14},{"not_picked":["Purity","Replay:Parry"],"picked":"Finesse","floor":14},{"not_picked":["Slimebound:SlimeTap","Slimebound:SlimeSpikes"],"picked":"Slimebound:RollThrough","floor":15},{"not_picked":["Slimebound:MassFeed","Slimebound:OozeBath"],"picked":"Slimebound:Darklings","floor":16},{"not_picked":["Slimebound:HauntingLick","Slimebound:Dissolve"],"picked":"Slimebound:Replication+1","floor":19},{"not_picked":["Slimebound:RollThrough","Slimebound:RejuvenatingLick"],"picked":"Slimebound:SlimeTap","floor":21},{"not_picked":["Slimebound:MegaLick","Slimebound:RollThrough+1"],"picked":"Slimebound:Chomp","floor":23},{"not_picked":["Slimebound:RollThrough","Slimebound:LeechingTouch"],"picked":"Slimebound:SplitLeeching","floor":28},{"not_picked":["Slimebound:SamplingLick","Slimebound:LeechingTouch"],"picked":"Slimebound:PressTheAttack+1","floor":29},{"not_picked":["Slimebound:BestDefense","Slimebound:SplitLeeching"],"picked":"Slimebound:LevelUp","floor":30},{"not_picked":["Slimebound:SplitLeeching","Slimebound:SlimeSpikes"],"picked":"Slimebound:Grow","floor":32},{"not_picked":["Slimebound:TagTeam","Slimebound:DouseInSlime"],"picked":"Slimebound:Darklings","floor":33},{"not_picked":["Slimebound:SamplingLick+1","Slimebound:ItLooksTasty+1"],"picked":"Slimebound:GoopTackle+1","floor":36},{"not_picked":["Slimebound:Dissolve","Slimebound:SlimeSpikes"],"picked":"Slimebound:SplitMire+1","floor":37},{"not_picked":["Slimebound:DivideAndConquer","Slimebound:Dissolve"],"picked":"Slimebound:FormOfPuddle","floor":38},{"not_picked":["Slimebound:HauntingLick+1","Slimebound:GrowthPunch"],"picked":"Slimebound:SlimeBarrage+1","floor":40},{"not_picked":["Slimebound:TongueLash","Slimebound:PressTheAttack+1"],"picked":"Slimebound:Repurpose+1","floor":42},{"not_picked":["Slimebound:Schlurp+1","Slimebound:FinishingTackle"],"picked":"Slimebound:FirmFortitude","floor":44},{"not_picked":["Slimebound:HauntingLick+1","Slimebound:TongueLash+1"],"picked":"Slimebound:HungryTackle","floor":45},{"not_picked":["Slimebound:SpikyOuterGoop+1","Slimebound:Schlurp"],"picked":"Slimebound:SlimeBrawl+1","floor":46},{"not_picked":["Slimebound:FinishingTackle","Slimebound:SplitBruiser+1"],"picked":"Slimebound:Replication+1","floor":48},{"not_picked":["Slimebound:SlimeSpikes","Slimebound:HauntingLick+1"],"picked":"Slimebound:PressTheAttack+1","floor":49}],"player_experience":56423,"relics_obtained":[{"floor":1.0,"key":"Vajra"},{"floor":4.0,"key":"Incense Burner"},{"floor":6.0,"key":"Ornamental Fan"},{"floor":7,"key":"Replay:Bandana"},{"floor":11,"key":"Happy Flower"},{"floor":24,"key":"Slimebound:AggressiveSlimeRelic"},{"floor":38,"key":"champ:DuelingGlove"},{"floor":42,"key":"Calipers"},{"floor":46,"key":"ReplayTheSpireMod:Lightbulb"},{"floor":48,"key":"Bag of Marbles"}],"event_choices":[{"damage_healed":0,"gold_gain":0,"player_choice":"Became a vampire","damage_taken":0,"max_hp_gain":0,"max_hp_loss":21,"event_name":"Vampires","floor":20,"gold_loss":0,"cards_obtained":["Bite","Bite","Bite","Bite","Bite"]},{"damage_healed":0,"gold_gain":0,"player_choice":"Fight","damage_taken":0,"max_hp_gain":0,"max_hp_loss":0,"event_name":"Mysterious Sphere","floor":38,"gold_loss":0}],"is_beta":false,"boss_relics":[{"not_picked":["Philosopher\u0027s Stone","ChewingGum","Kintsugi"]},{"not_picked":["Runic Dome","Replay:Bronze Core"],"picked":"Ring of Chaos"}],"items_purged_floors":[14],"is_endless":false,"potions_floor_spawned":[2,3,5,8,11,15,15,19,29,30,32,36,36,37,42,45,46,48],"ascension_level":0}}