{"host":"89iuq2p5kwriuwfq","time":1611845396,"event":{"mods":["BaseMod","Curses Come First","Minty Spire (QoL Compilation)","Permanent Neow","StSLib"],"gold_per_floor":[112,126,141,141,164,164,202,202,202,222,257,290,306,340,340,461,461,486,90,108,108,128,128,169,169,196,245,245,269,303,29,29,163,163,182,200,227,115,115,164,196,221,230,230,279,279,332,0,0,0],"floor_reached":51,"language":"ENG","playtime":4429,"items_purged":["Defend_G","Defend_G"],"score":1242,"play_id":"d7d729e7-6c68-41bd-821c-777653153819","local_time":"20210128144956","is_ascension_mode":true,"campfire_choices":[{"data":"Glass Knife","floor":6.0,"key":"SMITH"},{"data":"PiercingWail","floor":8.0,"key":"SMITH"},{"data":"PiercingWail","floor":15.0,"key":"SMITH"},{"data":"Footwork","floor":23.0,"key":"SMITH"},{"data":"Envenom","floor":25.0,"key":"SMITH"},{"floor":32,"key":"REST"},{"data":"Noxious Fumes","floor":44,"key":"SMITH"},{"floor":49,"key":"REST"}],"circlet_count":0,"master_deck":["Strike_G+1","Strike_G+1","Strike_G+1","Strike_G+1","Defend_G+1","Defend_G+1","Survivor+1","Neutralize+1","Flying Knee+1","Glass Knife+1","PiercingWail+1","Infinite Blades+1","Dodge and Roll+1","Predator+1","PiercingWail+1","Blade Dance+1","Backstab+1","Quick Slash+1","Blade Dance+1","Envenom+1","Cloak And Dagger+1","Noxious Fumes+1","Quick Slash+1","Footwork+1","Dodge and Roll+1","Blur+1","Dodge and Roll+1","Cloak And Dagger+1","Blur+1","Poisoned Stab+1","Tools of the Trade+1","Leg Sweep+1","Calculated Gamble+1","Backflip+1","Calculated Gamble+1","Cloak And Dagger+1","Clumsy","Well Laid Plans+1","Backflip+1"],"relics":["Ring of the Snake","Golden Idol","Art of War","Whetstone","Odd Mushroom","Letter Opener","StrikeDummy","SlaversCollar","Ninja Scroll","Sundial","CeramicFish","Toy Ornithopter","Membership Card","HornCleat","Cursed Key","Smiling Mask","Pear","Regal Pillow","Mark of the Bloom","Omamori","Red Mask"],"acts_visited":["Exordium","TheCity","TheBeyond"],"potions_floor_usage":[30,33,35,39,40,50,50,50,50,50],"damage_taken":[{"damage":0.0,"enemies":"Jaw Worm","floor":1.0,"turns":3.0},{"damage":0.0,"enemies":"2 Louse","floor":2.0,"turns":3.0},{"damage":0.0,"enemies":"Cultist","floor":3.0,"turns":3.0},{"damage":7.0,"enemies":"Blue Slaver","floor":5.0,"turns":5.0},{"damage":12.0,"enemies":"Gremlin Nob","floor":7.0,"turns":3.0},{"damage":8.0,"enemies":"Looter","floor":10.0,"turns":2.0},{"damage":3.0,"enemies":"The Mushroom Lair","floor":11.0,"turns":6.0},{"damage":12.0,"enemies":"3 Sentries","floor":12.0,"turns":8.0},{"damage":0.0,"enemies":"Exordium Thugs","floor":13.0,"turns":5.0},{"damage":2.0,"enemies":"Lagavulin","floor":14.0,"turns":6.0},{"damage":6.0,"enemies":"Hexaghost","floor":16.0,"turns":10.0},{"damage":12.0,"enemies":"Chosen","floor":18.0,"turns":4.0},{"damage":0.0,"enemies":"Shell Parasite","floor":20.0,"turns":4.0},{"damage":2.0,"enemies":"Chosen and Byrds","floor":22.0,"turns":6.0},{"damage":7.0,"enemies":"Gremlin Leader","floor":24.0,"turns":6.0},{"damage":13.0,"enemies":"Slavers","floor":27.0,"turns":5.0},{"damage":5,"enemies":"3 Cultists","floor":29,"turns":7},{"damage":9,"enemies":"Snake Plant","floor":30,"turns":5},{"damage":10,"enemies":"Champ","floor":33,"turns":12},{"damage":9,"enemies":"3 Darklings","floor":35,"turns":8},{"damage":0,"enemies":"3 Shapes","floor":36,"turns":3},{"damage":9,"enemies":"3 Darklings","floor":37,"turns":8},{"damage":3,"enemies":"Reptomancer","floor":40,"turns":7},{"damage":0,"enemies":"4 Shapes","floor":41,"turns":5},{"damage":5,"enemies":"Jaw Worm Horde","floor":42,"turns":5},{"damage":0,"enemies":"Nemesis","floor":45,"turns":7},{"damage":9,"enemies":"Reptomancer","floor":47,"turns":6},{"damage":0,"enemies":"Awakened One","floor":50,"turns":13}],"seed_played":"8937551297174064426","potions_obtained":[{"floor":2.0,"key":"Regen Potion"},{"floor":5.0,"key":"EssenceOfSteel"},{"floor":10.0,"key":"Explosive Potion"},{"floor":12.0,"key":"BlessingOfTheForge"},{"floor":20.0,"key":"DuplicationPotion"},{"floor":29,"key":"Dexterity Potion"},{"floor":30,"key":"Energy Potion"},{"floor":33,"key":"SpeedPotion"},{"floor":36,"key":"ColorlessPotion"},{"floor":39,"key":"Fruit Juice"},{"floor":39,"key":"EssenceOfSteel"},{"floor":41,"key":"Dexterity Potion"}],"is_trial":false,"path_per_floor":["M","M","M","?","M","R","E","R","T","M","?","E","M","E","R","B",null,"M","$","M","?","M","R","E","R","T","E","?","M","M","$","R","B",null,"M","M","M","$","?","E","M","M","T","R","E","?","E","?","R","B",null],"character_chosen":"THE_SILENT","items_purchased":["Ninja Scroll","Noxious Fumes","Membership Card","HornCleat","Poisoned Stab","EntropicBrew","Calculated Gamble"],"campfire_rested":2,"item_purchase_floors":[19,19,31,31,31,38,38],"current_hp_per_floor":[45,45,45,45,38,38,26,26,26,18,15,18,18,16,16,10,51,39,39,39,39,37,37,30,30,30,17,17,12,8,8,27,22,54,50,50,41,41,51,53,53,48,58,58,58,58,49,49,49,49],"gold":0,"neow_bonus":"TRANSFORM_TWO_CARDS","is_daily":false,"chose_seed":false,"campfire_upgraded":6,"win_rate":0.0,"timestamp":1611845396,"path_taken":["M","M","M","?","M","R","E","R","T","M","?","E","M","E","R","BOSS","M","$","M","?","M","R","E","R","T","E","?","M","M","$","R","BOSS","M","M","M","$","?","E","?","M","T","R","E","?","E","?","R","BOSS"],"items_purchased_type":["Relic","Card","Relic","Relic","Card","Potion","Card"],"build_version":"2020-12-22","purchased_purges":2,"victory":true,"max_hp_per_floor":[70,70,70,65,65,65,65,65,65,65,65,65,65,65,65,65,65,65,65,65,65,65,65,65,65,65,65,65,65,65,65,65,65,65,65,65,65,65,70,70,70,70,80,80,80,80,80,80,80,80],"card_choices":[{"not_picked":["Deflect","Bane"],"picked":"PiercingWail","floor":1.0},{"not_picked":["Dagger Spray","Flechettes"],"picked":"Infinite Blades","floor":2.0},{"not_picked":["Sucker Punch","Deflect"],"picked":"Dodge and Roll","floor":3.0},{"not_picked":["Outmaneuver","Sucker Punch"],"picked":"Predator","floor":5.0},{"not_picked":["Dodge and Roll","Expertise"],"picked":"PiercingWail","floor":7.0},{"not_picked":["Deadly Poison","Poisoned Stab"],"picked":"Blade Dance","floor":10.0},{"not_picked":["Poisoned Stab","Wraith Form v2"],"picked":"Backstab","floor":11.0},{"not_picked":["Underhanded Strike","PiercingWail","Flying Knee"],"picked":"SKIP","floor":12.0},{"not_picked":["All Out Attack","Bane"],"picked":"Quick Slash","floor":13.0},{"not_picked":["Burst","Poisoned Stab"],"picked":"Blade Dance","floor":14.0},{"not_picked":["Malaise","Adrenaline"],"picked":"Envenom","floor":16.0},{"not_picked":["Tactician+1","Bane"],"picked":"Cloak And Dagger","floor":18.0},{"not_picked":["Flying Knee","Distraction+1"],"picked":"Quick Slash+1","floor":20.0},{"not_picked":["Flying Knee","Deadly Poison"],"picked":"Dodge and Roll","floor":22.0},{"not_picked":["Dagger Spray","Bane"],"picked":"Blur","floor":24.0},{"not_picked":["Noxious Fumes+1","Outmaneuver"],"picked":"Dodge and Roll+1","floor":27.0},{"not_picked":["Dagger Throw+1","Blade Dance"],"picked":"Cloak And Dagger","floor":29},{"not_picked":["Noxious Fumes","Outmaneuver"],"picked":"Blur","floor":30},{"not_picked":["Unload","Phantasmal Killer"],"picked":"Tools of the Trade","floor":33},{"not_picked":["Eviscerate","Dagger Spray","Setup"],"picked":"SKIP","floor":35},{"not_picked":["Sucker Punch","Blur","Dash"],"picked":"SKIP","floor":36},{"not_picked":["Setup+1","Poisoned Stab+1"],"picked":"Leg Sweep+1","floor":37},{"not_picked":["Slice","Blur"],"picked":"Backflip+1","floor":40},{"not_picked":["Dagger Throw","Quick Slash+1"],"picked":"Calculated Gamble+1","floor":41},{"not_picked":["Sucker Punch+1","Flying Knee"],"picked":"Cloak And Dagger+1","floor":42},{"not_picked":["Underhanded Strike","Finisher"],"picked":"Well Laid Plans+1","floor":45},{"not_picked":["Slice+1","Concentrate"],"picked":"Backflip+1","floor":47}],"player_experience":588454,"relics_obtained":[{"floor":7.0,"key":"Art of War"},{"floor":9.0,"key":"Whetstone"},{"floor":11.0,"key":"Odd Mushroom"},{"floor":12.0,"key":"Letter Opener"},{"floor":14.0,"key":"StrikeDummy"},{"floor":24.0,"key":"Sundial"},{"floor":26.0,"key":"CeramicFish"},{"floor":27.0,"key":"Toy Ornithopter"},{"floor":40,"key":"Smiling Mask"},{"floor":43,"key":"Pear"},{"floor":45,"key":"Regal Pillow"},{"floor":47,"key":"Omamori"}],"event_choices":[{"damage_healed":0.0,"max_hp_gain":0.0,"max_hp_loss":5.0,"gold_gain":0.0,"event_name":"Golden Idol","player_choice":"Lose Max HP","floor":4.0,"gold_loss":0.0,"damage_taken":0.0,"relics_obtained":["Golden Idol"]},{"damage_healed":0.0,"max_hp_gain":0.0,"max_hp_loss":0.0,"gold_gain":0.0,"event_name":"Mushrooms","player_choice":"Fought Mushrooms","floor":11.0,"gold_loss":0.0,"damage_taken":0.0},{"damage_healed":0.0,"max_hp_gain":0.0,"max_hp_loss":0.0,"gold_gain":0.0,"event_name":"The Library","player_choice":"Read","floor":21.0,"gold_loss":0.0,"damage_taken":0.0,"cards_obtained":["Footwork"]},{"damage_healed":0.0,"max_hp_gain":0.0,"max_hp_loss":0.0,"gold_gain":0.0,"event_name":"Vampires","player_choice":"Ignored","floor":28.0,"gold_loss":0.0,"damage_taken":0.0},{"damage_healed":0,"gold_gain":0,"player_choice":"Got Potions","damage_taken":0,"max_hp_gain":0,"max_hp_loss":0,"event_name":"Lab","floor":39,"gold_loss":0},{"damage_healed":0,"gold_gain":0,"player_choice":"Upgrade","damage_taken":0,"relics_obtained":["Mark of the Bloom"],"max_hp_gain":0,"max_hp_loss":0,"event_name":"MindBloom","floor":46,"gold_loss":0,"cards_upgraded":["Strike_G","Strike_G","Defend_G","Defend_G","Survivor","Neutralize","Flying Knee","Infinite Blades","Dodge and Roll","Predator","Blade Dance","Backstab","Quick Slash","Blade Dance","Cloak And Dagger","Dodge and Roll","Blur","Cloak And Dagger","Blur","Poisoned Stab","Tools of the Trade","Calculated Gamble"]},{"damage_healed":0,"gold_gain":0,"player_choice":"Paid","damage_taken":0,"relics_obtained":["Red Mask"],"max_hp_gain":0,"max_hp_loss":0,"event_name":"Tomb of Lord Red Mask","floor":48,"gold_loss":332}],"is_beta":false,"boss_relics":[{"not_picked":["Sozu","SacredBark"],"picked":"SlaversCollar"},{"not_picked":["Velvet Choker","Astrolabe"],"picked":"Cursed Key"}],"items_purged_floors":[19,38],"is_endless":false,"potions_floor_spawned":[2,5,10,12,20,29,30,33,36,41,47],"ascension_level":9}}