{"host":"0xtpc43j5kblke7u","time":1611805449,"event":{"mods":["AchievementEnabler","BaseMod","Colored Map","Highlight Path","Minty Spire (QoL Compilation)"],"gold_per_floor":[112,128,30,47,47,47,67,98,167,167,202,217,231,245,245,245,245],"floor_reached":16,"language":"ENG","playtime":1008,"items_purged":["Strike_P"],"score":137,"play_id":"4fdb1300-3117-42e1-a252-e9b528dd90a9","local_time":"20210127224409","is_ascension_mode":true,"campfire_choices":[{"data":"Eruption","floor":6,"key":"SMITH"},{"data":"Devotion","floor":15,"key":"SMITH"}],"circlet_count":0,"master_deck":["Strike_P","Strike_P","Strike_P","Defend_P","Defend_P","Defend_P","Defend_P","Eruption+1","Vigilance","Good Instincts","EmptyFist","CutThroughFate","FlyingSleeves","Evaluate","EmptyBody","Devotion+1","Prostrate","ClearTheMind"],"relics":["PureWater","Golden Idol","Unceasing Top","Matryoshka","Oddly Smooth Stone"],"acts_visited":["Exordium"],"potions_floor_usage":[12,16],"damage_taken":[{"damage":0,"enemies":"Cultist","floor":1,"turns":3},{"damage":14,"enemies":"2 Louse","floor":2,"turns":2},{"damage":2,"enemies":"Small Slimes","floor":4,"turns":3},{"damage":0,"enemies":"Looter","floor":7,"turns":2},{"damage":28,"enemies":"Lagavulin","floor":8,"turns":6},{"damage":16,"enemies":"Gremlin Nob","floor":11,"turns":4},{"damage":0,"enemies":"Gremlin Gang","floor":12,"turns":5},{"damage":8,"enemies":"Large Slime","floor":13,"turns":5},{"damage":0,"enemies":"Red Slaver","floor":14,"turns":5},{"damage":45,"enemies":"Hexaghost","floor":16,"turns":9}],"seed_played":"-3969718854941603477","potions_obtained":[{"floor":1,"key":"SneckoOil"},{"floor":4,"key":"Dexterity Potion"},{"floor":8,"key":"PowerPotion"},{"floor":14,"key":"Dexterity Potion"}],"is_trial":false,"path_per_floor":["M","M","$","M","?","R","M","E","T","?","E","M","M","M","R","B"],"character_chosen":"WATCHER","items_purchased":["FlyingSleeves"],"campfire_rested":0,"item_purchase_floors":[3],"current_hp_per_floor":[72,58,58,56,56,56,56,28,28,67,51,51,43,43,43,0,0],"gold":245,"neow_bonus":"RANDOM_COLORLESS","is_daily":false,"chose_seed":false,"campfire_upgraded":2,"win_rate":0.0,"timestamp":1611805449,"path_taken":["M","M","$","M","?","R","M","E","T","?","E","?","M","M","R","BOSS"],"items_purchased_type":["Card"],"build_version":"2020-12-22","purchased_purges":1,"victory":false,"max_hp_per_floor":[72,72,72,72,67,67,67,67,67,67,67,67,67,67,67,67,67],"card_choices":[{"not_picked":["Deep Breath","Impatience"],"picked":"Good Instincts","floor":0},{"not_picked":["Prostrate","Weave"],"picked":"EmptyFist","floor":1},{"not_picked":["ForeignInfluence","CrushJoints"],"picked":"CutThroughFate","floor":2},{"not_picked":["Consecrate","BattleHymn"],"picked":"Evaluate","floor":4},{"not_picked":["Collect","CutThroughFate","Evaluate"],"picked":"SKIP","floor":7},{"not_picked":["Consecrate","Study"],"picked":"EmptyBody","floor":8},{"not_picked":["Crescendo","SashWhip"],"picked":"Devotion","floor":11},{"not_picked":["EmptyBody","Wireheading"],"picked":"Prostrate","floor":12},{"not_picked":["JustLucky","Consecrate"],"picked":"ClearTheMind","floor":13},{"not_picked":["Worship","FlurryOfBlows","PathToVictory"],"picked":"SKIP","floor":14}],"player_experience":648442,"relics_obtained":[{"floor":8,"key":"Unceasing Top"},{"floor":9,"key":"Matryoshka"},{"floor":11,"key":"Oddly Smooth Stone"}],"event_choices":[{"damage_healed":0,"gold_gain":0,"player_choice":"Lose Max HP","damage_taken":0,"relics_obtained":["Golden Idol"],"max_hp_gain":0,"max_hp_loss":5,"event_name":"Golden Idol","floor":5,"gold_loss":0},{"damage_healed":39,"gold_gain":0,"player_choice":"Full Heal","damage_taken":0,"max_hp_gain":0,"max_hp_loss":0,"event_name":"Wheel of Change","floor":10,"gold_loss":0}],"is_beta":false,"boss_relics":[],"items_purged_floors":[3],"is_endless":false,"potions_floor_spawned":[1,4,8,14],"killed_by":"Hexaghost","ascension_level":4}}