{"host":"8kd0mw0b4mjhs7vl","time":1611868162,"event":{"mods":["BaseMod","Colored Map","Downfall","Friendly Minions","Minty Spire (QoL Compilation)","StSLib","SuperFastMode"],"gold_per_floor":[0,20,20,33,46,71,71,71,87,87,100,126,72,72,90,194,194,194,213,233,249,249,260,260,271,296,296,137,165,175,202,212,317,317,317,327,327,340,351,385,385,408,431,443,204,217,217,248,262,262],"floor_reached":51,"language":"ENG","playtime":2787,"items_purged":["Slimebound:CorrosiveSpit","Slimebound:Strike_Slimebound"],"score":874,"play_id":"60510f25-7ca5-4176-99c7-ab37921a1771","local_time":"20210128210922","is_ascension_mode":true,"campfire_choices":[{"data":"Slimebound:Split","floor":1.0,"key":"SMITH"},{"data":"Slimebound:GrowthPunch","floor":10.0,"key":"SMITH"},{"data":"Slimebound:SplitSpecialist","floor":18.0,"key":"SMITH"},{"data":"Slimebound:LeechEnergy","floor":27.0,"key":"SMITH"},{"floor":35.0,"key":"RECALL"},{"floor":44,"key":"REST"},{"data":"Slimebound:Repurpose","floor":47,"key":"SMITH"}],"circlet_count":0,"master_deck":["Slimebound:Strike_Slimebound+1","Slimebound:Defend_Slimebound","Slimebound:Defend_Slimebound","Slimebound:Defend_Slimebound","Slimebound:Split+1","Slimebound:SplitLeeching","Slimebound:MegaLick","Slimebound:ItLooksTasty","Slimebound:GrowthPunch+1","Slimebound:RejuvenatingLick","Slimebound:Prepare","Slimebound:SplitSpecialist+1","Slimebound:AcidTongue","Slimebound:Repurpose+1","Slimebound:LeechLife+1","Slimebound:Schlurp","Slimebound:LeechEnergy+1","RitualDagger+1","Slimebound:Recycling+1","Slimebound:LevelUp+1","Slimebound:LevelUp+1","Slimebound:Schlurp+1","Slimebound:OneTwoCombo+1","Slimebound:GoopSpray+1","Slimebound:HauntingLick+1","Slimebound:LevelUp+1","expansioncontent:StudyTheSpire+1","Parasite","Slimebound:LeechEnergy+1","Slimebound:ProtectTheBoss+1"],"relics":["Slimebound:AbsorbEndCombatUpgraded","FossilizedHelix","StoneCalendar","Dream Catcher","Pantograph","SlaversCollar","Frozen Egg 2","Boot","Bottled Lightning","InkBottle","Matryoshka","MawBank","Lantern","Whetstone"],"acts_visited":["Exordium","TheCity","TheBeyond"],"potions_floor_usage":[43,46,50,50],"damage_taken":[{"damage":6.0,"enemies":"Cultist","floor":2.0,"turns":3.0},{"damage":0.0,"enemies":"Small Slimes","floor":4.0,"turns":3.0},{"damage":0.0,"enemies":"2 Louse","floor":5.0,"turns":3.0},{"damage":31.0,"enemies":"3 Sentries","floor":6.0,"turns":9.0},{"damage":0.0,"enemies":"Exordium Wildlife","floor":9.0,"turns":4.0},{"damage":0.0,"enemies":"Large Slime","floor":11.0,"turns":5.0},{"damage":29.0,"enemies":"Gremlin Nob","floor":12.0,"turns":5.0},{"damage":0.0,"enemies":"downfall:FleeingMerchant","floor":13.0,"turns":4.0},{"damage":2.0,"enemies":"Exordium Thugs","floor":15.0,"turns":4.0},{"damage":11.0,"enemies":"IC_STATUS_ARCHETYPE","floor":16.0,"turns":7.0},{"damage":1.0,"enemies":"Spheric Guardian","floor":19.0,"turns":6.0},{"damage":15.0,"enemies":"Snecko","floor":20.0,"turns":6.0},{"damage":22.0,"enemies":"Snake Plant","floor":21.0,"turns":5.0},{"damage":0.0,"enemies":"Shelled Parasite and Fungi","floor":23.0,"turns":6.0},{"damage":0.0,"enemies":"Centurion and Healer","floor":25.0,"turns":5.0},{"damage":16.0,"enemies":"Book of Stabbing","floor":26.0,"turns":4.0},{"damage":0.0,"enemies":"downfall:FleeingMerchant","floor":28.0,"turns":4.0},{"damage":28.0,"enemies":"Slavers","floor":29.0,"turns":6.0},{"damage":19.0,"enemies":"Snake Plant","floor":30.0,"turns":4.0},{"damage":10.0,"enemies":"Book of Stabbing","floor":31.0,"turns":4.0},{"damage":0.0,"enemies":"Chosen and Byrds","floor":32.0,"turns":4.0},{"damage":18.0,"enemies":"WA_ARCHETYPE_CALM","floor":33.0,"turns":7.0},{"damage":2.0,"enemies":"3 Shapes","floor":36.0,"turns":4.0},{"damage":0.0,"enemies":"Orb Walker","floor":38.0,"turns":3.0},{"damage":26.0,"enemies":"Sphere and 2 Shapes","floor":39.0,"turns":5.0},{"damage":47.0,"enemies":"Nemesis","floor":40.0,"turns":6.0},{"damage":18.0,"enemies":"4 Shapes","floor":42.0,"turns":4.0},{"damage":18,"enemies":"Jaw Worm Horde","floor":43,"turns":4},{"damage":3,"enemies":"downfall:FleeingMerchant","floor":45,"turns":4},{"damage":15,"enemies":"Writhing Mass","floor":46,"turns":6},{"damage":29,"enemies":"Reptomancer","floor":48,"turns":5},{"damage":32,"enemies":"3 Darklings","floor":49,"turns":4},{"damage":3,"enemies":"SI_POISON_ARCHETYPE","floor":50,"turns":7}],"seed_played":"1769620966341656735","potions_obtained":[{"floor":4.0,"key":"sneckomod:MuddlingPotion"},{"floor":8.0,"key":"Slimebound:ThreeZeroPotion"},{"floor":8.0,"key":"Explosive Potion"},{"floor":12.0,"key":"Energy Potion"},{"floor":16.0,"key":"Ancient Potion"},{"floor":20.0,"key":"Fire Potion"},{"floor":22.0,"key":"CultistPotion"},{"floor":33.0,"key":"SpeedPotion"},{"floor":38.0,"key":"Explosive Potion"},{"floor":39.0,"key":"SteroidPotion"},{"floor":42.0,"key":"ColorlessPotion"},{"floor":46,"key":"DuplicationPotion"}],"is_trial":false,"path_per_floor":["R","M","?","M","M","E","T","?","M","R","M","E","$","T","M","B",null,"R","M","M","M","?","M","T","M","E","R","$","E","M","E","M","B",null,"R","M","?","M","M","E","T","M","M","R","$","M","R","E","M","B",null],"character_chosen":"SLIMEBOUND","items_purchased":["Slimebound:AcidTongue","Slimebound:LevelUp+1","Slimebound:LevelUp+1","expansioncontent:StudyTheSpire","Lantern","Slimebound:SlimedPotion"],"campfire_rested":1,"item_purchase_floors":[13,28,45,45,45,45],"current_hp_per_floor":[65,63,63,65,65,40,40,40,44,44,52,27,35,35,41,56,65,65,65,62,56,56,65,65,65,65,65,65,65,65,57,65,55,65,65,65,65,65,46,20,20,17,27,46,58,58,58,52,35,65],"gold":262,"neow_bonus":"REMOVE_TWO","is_daily":false,"chose_seed":false,"campfire_upgraded":5,"win_rate":0.0,"timestamp":1611868162,"path_taken":["R","M","?","M","?","E","T","?","M","R","?","E","$","?","M","BOSS","R","M","M","M","?","M","T","M","E","R","$","E","M","E","M","BOSS","R","M","?","M","M","E","T","?","M","R","$","?","R","E","M","BOSS"],"items_purchased_type":["Card","Card","Card","Card","Relic","Potion"],"build_version":"2020-12-22","purchased_purges":2,"victory":true,"max_hp_per_floor":[65,65,65,65,65,65,65,65,65,65,65,65,65,65,65,65,65,65,65,65,65,65,65,65,65,65,65,65,65,65,65,65,65,65,65,65,65,65,65,65,65,65,65,65,65,65,65,65,65,65],"card_choices":[{"not_picked":["Slimebound:Recollect","Slimebound:Prepare"],"picked":"Slimebound:SplitLeeching","floor":2.0},{"not_picked":["Slimebound:SplitAcid","Slimebound:ProtectTheBoss"],"picked":"Slimebound:MegaLick","floor":4.0},{"not_picked":["Slimebound:SamplingLick","Slimebound:HauntingLick"],"picked":"Slimebound:ItLooksTasty","floor":5.0},{"not_picked":["Slimebound:SlimeSpikes","Slimebound:LeechEnergy"],"picked":"Slimebound:GrowthPunch","floor":6.0},{"not_picked":["Slimebound:HauntingLick","Slimebound:RollThrough"],"picked":"Slimebound:RejuvenatingLick","floor":9.0},{"not_picked":["Slimebound:ComboTackle","Slimebound:LeechingTouch"],"picked":"Slimebound:Prepare","floor":11.0},{"not_picked":["Slimebound:Recollect","Slimebound:HungryTackle","Slimebound:ItLooksTasty"],"picked":"SKIP","floor":12.0},{"not_picked":["Slimebound:GoopSpray","Slimebound:Recycling"],"picked":"Slimebound:SplitSpecialist","floor":13.0},{"not_picked":["Slimebound:ItLooksTasty","Slimebound:FinishingTackle"],"picked":"Slimebound:Repurpose","floor":15.0},{"not_picked":["Slimebound:OneTwoCombo","Slimebound:PrepareCrush"],"picked":"Slimebound:LeechLife","floor":16.0},{"not_picked":["Slimebound:HauntingLick","Slimebound:SplitBruiser","Slimebound:ItLooksTasty"],"picked":"SKIP","floor":19.0},{"not_picked":["Slimebound:SamplingLick","Slimebound:SpikyOuterGoop"],"picked":"Slimebound:Schlurp","floor":20.0},{"not_picked":["Slimebound:ProtectTheBoss","Slimebound:RejuvenatingLick"],"picked":"Slimebound:LeechEnergy","floor":21.0},{"not_picked":["Slimebound:SamplingLick","Slimebound:FinishingTackle","Slimebound:RejuvenatingLick"],"picked":"SKIP","floor":23.0},{"not_picked":["Slimebound:HungryTackle","Slimebound:GoopSpray"],"picked":"Slimebound:Recycling+1","floor":25.0},{"not_picked":["Slimebound:GoopTackle","Slimebound:SlimeSpikes","Slimebound:GoopSpray"],"picked":"SKIP","floor":26.0},{"not_picked":["Slimebound:ProtectTheBoss+1","Slimebound:GoopTackle","Slimebound:RejuvenatingLick"],"picked":"SKIP","floor":28.0},{"not_picked":["Slimebound:SplitSpecialist","Slimebound:Grow+1"],"picked":"Slimebound:LevelUp+1","floor":29.0},{"not_picked":["Slimebound:SlimeSpikes+1","Slimebound:DisruptingSlam"],"picked":"Slimebound:Schlurp+1","floor":30.0},{"not_picked":["Slimebound:SplitSpecialist+1","Slimebound:SpikyOuterGoop+1","Slimebound:Chomp"],"picked":"SKIP","floor":31.0},{"not_picked":["Slimebound:PrepareCrush","Slimebound:FormOfPuddle","Slimebound:ViciousTackle"],"picked":"SKIP","floor":32.0},{"not_picked":["Slimebound:CheckThePlaybook","Slimebound:Darklings"],"picked":"Slimebound:OneTwoCombo","floor":33.0},{"not_picked":["Slimebound:FlameTackle","Slimebound:Dissolve","Slimebound:FinishingTackle+1"],"picked":"SKIP","floor":36.0},{"not_picked":["Slimebound:ComboTackle","Slimebound:Schlurp","Slimebound:ProtectTheBoss+1"],"picked":"SKIP","floor":38.0},{"not_picked":["Slimebound:SlimeTap","Slimebound:SplitLeeching","Slimebound:LivingWall"],"picked":"SKIP","floor":39.0},{"not_picked":["Slimebound:Chomp","Slimebound:HungryTackle+1","Slimebound:LivingWall+1"],"picked":"SKIP","floor":40.0},{"not_picked":["Slimebound:FinishingTackle+1","Slimebound:MegaLick+1"],"picked":"Slimebound:GoopSpray+1","floor":42.0},{"not_picked":["Slimebound:SlimeSpikes","Slimebound:SpikyOuterGoop+1","Slimebound:GoopSpray"],"picked":"SKIP","floor":43},{"not_picked":["Slimebound:LeechEnergy","Slimebound:Schlurp"],"picked":"Slimebound:HauntingLick+1","floor":44},{"not_picked":["Slimebound:Recycling+1","Slimebound:SplitBruiser+1","Slimebound:GoopSpray"],"picked":"SKIP","floor":45},{"not_picked":["Slimebound:LeechEnergy+1","Slimebound:MegaLick","Slimebound:LeechingTouch"],"picked":"SKIP","floor":46},{"not_picked":["Slimebound:SplitBruiser+1","Slimebound:SlimeSpikes+1"],"picked":"Slimebound:LeechEnergy+1","floor":48},{"not_picked":["Slimebound:SpikyOuterGoop+1","Slimebound:LeechingTouch+1"],"picked":"Slimebound:ProtectTheBoss+1","floor":49}],"player_experience":293223,"relics_obtained":[{"floor":6.0,"key":"FossilizedHelix"},{"floor":7.0,"key":"StoneCalendar"},{"floor":12.0,"key":"Dream Catcher"},{"floor":14.0,"key":"Pantograph"},{"floor":24.0,"key":"Frozen Egg 2"},{"floor":26.0,"key":"Boot"},{"floor":29.0,"key":"Bottled Lightning"},{"floor":31.0,"key":"InkBottle"},{"floor":40.0,"key":"Matryoshka"},{"floor":41.0,"key":"MawBank"},{"floor":48,"key":"Whetstone"}],"event_choices":[{"cards_removed":["Slimebound:Tackle"],"damage_healed":0.0,"max_hp_gain":0.0,"max_hp_loss":0.0,"gold_gain":0.0,"event_name":"Bonfire Elementals","player_choice":"Offered Basic","floor":3.0,"gold_loss":0.0,"damage_taken":0.0},{"damage_healed":0.0,"max_hp_gain":0.0,"max_hp_loss":0.0,"gold_gain":0.0,"event_name":"Lab","player_choice":"Got Potions","floor":8.0,"gold_loss":0.0,"damage_taken":0.0},{"damage_healed":0.0,"max_hp_gain":0.0,"max_hp_loss":0.0,"gold_gain":0.0,"event_name":"Accursed Blacksmith","player_choice":"Forge","floor":37.0,"gold_loss":0.0,"damage_taken":0.0,"cards_upgraded":["Slimebound:OneTwoCombo"]}],"is_beta":false,"boss_relics":[{"not_picked":["SacredBark","Cursed Key"],"picked":"SlaversCollar"},{"not_picked":["Tiny House","Empty Cage"],"picked":"Slimebound:AbsorbEndCombatUpgraded"}],"items_purged_floors":[28,45],"is_endless":false,"potions_floor_spawned":[4,12,16,20,26,30,31,32,33,38,39,42,46,48],"ascension_level":1}}