{"host":"ooe12lh8pgcirntb","time":1611793392,"event":{"mods":["AchievementEnabler","Act Like it!","BaseMod","Beaked The Cultist","Better Note","ChefMod","Colored Map","Colored Powertips","Downfall","Hallownest","Minty Spire (QoL Compilation)","StSLib","The Animator","The Bug Knight","The Disciple","The Hierophant","The Problem Sleuth"],"gold_per_floor":[218,235,235,250,174,191,5,5,5,32,32,51,51,61,61,61,61],"floor_reached":16,"language":"ENG","playtime":2405,"items_purged":[],"score":102,"play_id":"92356297-02db-4981-9764-d6dc97cf4dad","local_time":"20210127192312","is_ascension_mode":false,"campfire_choices":[{"data":"HollowMod:MawleksShell","floor":11,"key":"SMITH"},{"floor":15,"key":"REST"}],"circlet_count":0,"master_deck":["HollowMod:NailStrikeStart","HollowMod:NailStrikeStart","HollowMod:NailStrikeStart","HollowMod:NailStrikeStart","HollowMod:QuickDashStart","HollowMod:QuickDashStart","HollowMod:QuickDashStart","HollowMod:QuickDashStart","HollowMod:FocusHealStart","HollowMod:PogoStrike","HollowMod:MawleksShell+1","HollowMod:SoulSplash","HollowMod:SoulEater","HollowMod:MantisMark","HollowMod:DashSlash","HollowMod:QuirrelsAssistance","HollowMod:HuntersJournal","HollowMod:ChannelNail","Hallownest:curseDreamersLament","HollowMod:CycloneSlash"],"relics":["HollowMod:VesselMask","Hallownest:DreamNailRelic","hexamod:BolsterEngine","Hallownest:SalubrasBlessingRelic","Question Card","Ornamental Fan","Hallownest:TeacherSealRelic"],"acts_visited":["Exordium"],"potions_floor_usage":[16,16,16],"damage_taken":[{"damage":0,"enemies":"2_ Uuma","floor":1,"turns":4},{"damage":8,"enemies":"Hallownest:monsterHuskWarrior","floor":2,"turns":6},{"damage":14,"enemies":"Hallownest:monsterHuskGuard","floor":4,"turns":5},{"damage":5,"enemies":"Hallownest:MossCreep_and_Mosskin","floor":6,"turns":5},{"damage":7,"enemies":"Hallownest:eliteVengeflyKing","floor":10,"turns":6},{"damage":0,"enemies":"Hallownest:monsterFoolEater","floor":12,"turns":3},{"damage":39,"enemies":"Hallownest:2_Tiktiks_1_Baldur_1_Crawlid","floor":14,"turns":8},{"damage":50,"enemies":"Hallownest:BossFalseKnight","floor":16,"turns":6}],"seed_played":"6758198762197228378","potions_obtained":[{"floor":1,"key":"CultistPotion"},{"floor":4,"key":"Dexterity Potion"},{"floor":6,"key":"SneckoOil"}],"is_trial":false,"path_per_floor":["M","M","?","M","$","M","$","?","T","E","R","M","?","M","R","B"],"character_chosen":"THE_BUGKNIGHT","items_purchased":["HollowMod:MantisMark","hexamod:BolsterEngine","HollowMod:QuirrelsAssistance"],"campfire_rested":1,"item_purchase_floors":[5,7,7],"current_hp_per_floor":[75,73,73,59,59,60,60,60,60,53,53,53,53,20,44,0,0],"gold":61,"neow_bonus":"HUNDRED_GOLD","is_daily":false,"chose_seed":false,"campfire_upgraded":1,"win_rate":0.0,"timestamp":1611793392,"path_taken":["M","M","?","?","?","M","$","?","T","E","R","?","?","M","R","BOSS"],"items_purchased_type":["Card","Relic","Card"],"build_version":"2020-12-22","purchased_purges":0,"victory":false,"max_hp_per_floor":[75,75,75,75,75,75,75,75,75,75,75,75,75,75,77,77,77],"card_choices":[{"not_picked":["HollowMod:DreamGate","HollowMod:SiblingsSouls"],"picked":"HollowMod:MawleksShell","floor":1},{"not_picked":["HollowMod:MawleksShell","HollowMod:LuriensSpire"],"picked":"HollowMod:SoulSplash","floor":2},{"not_picked":["HollowMod:SharpenedShadows","HollowMod:BaldurShell"],"picked":"HollowMod:SoulEater","floor":4},{"not_picked":["HollowMod:InfectedCysts","HollowMod:ChannelNail"],"picked":"HollowMod:DashSlash","floor":6},{"not_picked":["HollowMod:BaldurShell","HollowMod:MothsMistake","HollowMod:NewLittleFool"],"picked":"HollowMod:HuntersJournal","floor":10},{"not_picked":["HollowMod:SiblingsSouls","HollowMod:VengefulVoid","HollowMod:FallenFury"],"picked":"HollowMod:ChannelNail","floor":12},{"not_picked":["HollowMod:InfectedAttack","HollowMod:Grubsong","HollowMod:PureNailStrike"],"picked":"HollowMod:CycloneSlash","floor":14}],"player_experience":783991,"relics_obtained":[{"floor":9,"key":"Question Card"},{"floor":10,"key":"Ornamental Fan"}],"event_choices":[],"is_beta":false,"boss_relics":[],"items_purged_floors":[],"is_endless":false,"potions_floor_spawned":[1,4,6],"killed_by":"Hallownest:BossFalseKnight","ascension_level":0}}