{"host":"drjz7zl15rqtgg20","time":1611866424,"event":{"mods":["BaseMod","Downfall","Minty Spire (QoL Compilation)","StSLib"],"gold_per_floor":[99,112,128,42,217,217,217,235,35,35,60,71,100,100,116,116,116,116],"floor_reached":16,"language":"ENG","playtime":891,"items_purged":[],"score":127,"play_id":"56ec1005-9343-4fff-a9f3-ad5d7b2bbd6a","local_time":"20210128154024","is_ascension_mode":true,"campfire_choices":[{"floor":1,"key":"RECALL"},{"data":"Guardian:TwinSlam","floor":9,"key":"SMITH"}],"circlet_count":0,"master_deck":["Guardian:Strike_Guardian","Guardian:Strike_Guardian","Guardian:Strike_Guardian","Guardian:Defend_Guardian","Guardian:Defend_Guardian","Guardian:Defend_Guardian","Guardian:Defend_Guardian","Guardian:CurlUp","Guardian:TwinSlam+1","Guardian:Recover","Guardian:Gem_Synthetic","Doubt","Guardian:TemporalShield","Guardian:Suspension"],"relics":["Guardian:ModeShifter","Lantern","downfall:HeartBlessingRed","downfall:HeartBlessingBlue","Pen Nib","Dream Catcher","Sundial"],"acts_visited":["Exordium"],"potions_floor_usage":[],"damage_taken":[{"damage":2,"enemies":"2 Louse","floor":2,"turns":4},{"damage":0,"enemies":"Small Slimes","floor":3,"turns":5},{"damage":0,"enemies":"downfall:FleeingMerchant","floor":4,"turns":4},{"damage":1,"enemies":"Cultist","floor":8,"turns":4},{"damage":20,"enemies":"3 Sentries","floor":11,"turns":11},{"damage":0,"enemies":"Exordium Wildlife","floor":12,"turns":5},{"damage":7,"enemies":"Lagavulin","floor":13,"turns":8},{"damage":14,"enemies":"3 Louse","floor":15,"turns":3},{"damage":24,"enemies":"IC_STATUS_ARCHETYPE","floor":16,"turns":9}],"seed_played":"6670962122353509469","potions_obtained":[{"floor":2,"key":"BlessingOfTheForge"},{"floor":11,"key":"LiquidBronze"},{"floor":13,"key":"Ancient Potion"}],"is_trial":false,"path_per_floor":["R","M","M","$","?","?","T","M","R","?","E","M","E","?","M","B"],"character_chosen":"GUARDIAN","items_purchased":["Guardian:Gem_Crimson"],"campfire_rested":0,"item_purchase_floors":[4],"current_hp_per_floor":[80,78,78,78,78,80,80,79,89,89,69,69,62,62,48,24,24,24],"gold":116,"neow_bonus":"RANDOM_COMMON_RELIC","is_daily":false,"chose_seed":false,"campfire_upgraded":1,"win_rate":0.0,"timestamp":1611866424,"path_taken":["R","M","M","$","?","?","T","?","R","?","E","M","E","?","M","BOSS"],"items_purchased_type":["Card"],"build_version":"2020-12-22","purchased_purges":0,"victory":false,"max_hp_per_floor":[80,80,80,80,80,80,80,80,90,90,90,90,90,90,90,90,90,90],"card_choices":[{"not_picked":["Guardian:EvasiveProtocol","Guardian:VentSteam","Guardian:Gem_Yellow"],"picked":"SKIP","floor":2},{"not_picked":["Guardian:MultiBeam","Guardian:Reroute"],"picked":"Guardian:Recover","floor":3},{"not_picked":["Guardian:BronzeOrb","Guardian:Planning"],"picked":"Guardian:Gem_Synthetic","floor":4},{"not_picked":["Guardian:VentSteam","Guardian:BodySlam"],"picked":"Guardian:TemporalShield","floor":8},{"not_picked":["Guardian:PolyBeam","Guardian:Repulse","Guardian:Gem_Synthetic"],"picked":"SKIP","floor":11},{"not_picked":["Guardian:ShieldCharger","Guardian:Emergency"],"picked":"Guardian:Suspension","floor":12},{"not_picked":["Guardian:Clone","Guardian:Repulse","Guardian:GuardianWhirl"],"picked":"SKIP","floor":13},{"not_picked":["Guardian:DecasProtection","Guardian:TimeCapacitor","Guardian:Suspension"],"picked":"SKIP","floor":15}],"player_experience":605983,"relics_obtained":[{"floor":11,"key":"Pen Nib"},{"floor":13,"key":"Dream Catcher"}],"event_choices":[{"damage_healed":2,"gold_gain":0,"player_choice":"Full Heal","damage_taken":0,"max_hp_gain":0,"max_hp_loss":0,"event_name":"Wheel of Change","floor":6,"gold_loss":0}],"is_beta":false,"boss_relics":[],"items_purged_floors":[],"is_endless":false,"potions_floor_spawned":[2,11,13,15],"killed_by":"IC_STATUS_ARCHETYPE","ascension_level":3}}