{"host":"jfbo3eu2ui08ej1u","time":1611797322,"event":{"mods":["2.2 Compatiblity","AchievementEnabler","Act Like it!","Aspiration","BaseMod","Better Altar","Better Match","Better Note","Better Sensory Stone","Better Skull","Better Third Choice","Block Reminder","Colored Map","Colored Powertips","Conspire","DeckTracker","Displayed Cursed Tome","Energized Spire","Fox Events","GifTheSpireLib","Hubris","Infinite Spire","Marked Mod","Minty Spire (QoL Compilation)","Pale of the Ancients","Poor People Problems","Quick Restart","Relic Filter","Reliquary","Reorder Act Four","Replay The Spire","Shop Mod","Spicy Shops","Spire Arcade","StSLib","Stuff the Spire","The Blue Laboratory","The Disciple","The Forsaken","The Hierophant","The Marked","Uncapped","Unceasing Turn Reminder","Wandering Minibosses"],"gold_per_floor":[109,159,174,185,204,233,233,250,250,284,18,18,18,18,18,97,97,114,126,136,136,152,186,186,221,221,221,233,263,278,278,278,355,355,374,374,374],"floor_reached":36,"language":"ENG","playtime":1531,"items_purged":["Strike_R"],"score":868,"play_id":"2e6bab50-0b7b-4096-a6e6-001c9ec305f1","local_time":"20210127202842","is_ascension_mode":true,"campfire_choices":[{"floor":7.0,"key":"REST"},{"data":"Anger","floor":13.0,"key":"SMITH"},{"data":"Disarm","floor":15.0,"key":"SMITH"},{"data":"StuffTheSpire:Slingshot","floor":24.0,"key":"SMITH"},{"floor":27.0,"key":"REST"},{"data":"Bash","floor":32.0,"key":"SMITH"}],"circlet_count":0,"master_deck":["AscendersBane","Strike_R","Strike_R","Strike_R","Strike_R","Defend_R","Defend_R","Defend_R","Defend_R","Bash+1","Anger+1","StuffTheSpire:Slingshot+1","Carnage","infinitespire:OneForAll","Feel No Pain","Disarm+1","Headbutt","Shrug It Off","Armaments","Offering","Body Slam+1","Inflame","ReplayTheSpireMod:LeadingStrike+1","ReplayTheSpireMod:Corrosion Curse","Evolve","hubris:StunningStrike"],"relics":["Burning Blood","Ancient Tea Set","Letter Opener","hubris:Zylophone","Snack Pack","Replay:Mystery Machine","aspiration:SecretTechniqueScroll","reliquary:WeakTea","StrikeDummy","Peace Pipe","conspire:Boomerang","infinitespire:Cupcake"],"acts_visited":["Exordium","TheCity","TheBeyond"],"potions_floor_usage":[36],"damage_taken":[{"damage":15.0,"enemies":"Small Slimes","floor":1.0,"turns":4.0},{"damage":2.0,"enemies":"Cultist","floor":3.0,"turns":4.0},{"damage":7.0,"enemies":"Jaw Worm","floor":4.0,"turns":3.0},{"damage":9.0,"enemies":"2 Fungi Beasts","floor":5.0,"turns":3.0},{"damage":27.0,"enemies":"Gremlin Nob","floor":6.0,"turns":4.0},{"damage":10.0,"enemies":"3 Louse","floor":8.0,"turns":3.0},{"damage":19.0,"enemies":"Replay:BlueRogue","floor":10.0,"turns":6.0},{"damage":35.0,"enemies":"Hexaghost","floor":16.0,"turns":12.0},{"damage":6.0,"enemies":"Chosen","floor":18.0,"turns":6.0},{"damage":23.0,"enemies":"Shell Parasite","floor":19.0,"turns":5.0},{"damage":14.0,"enemies":"Centurion and Healer","floor":20.0,"turns":4.0},{"damage":6.0,"enemies":"Snake Plant","floor":22.0,"turns":4.0},{"damage":14.0,"enemies":"Book of Stabbing","floor":23.0,"turns":6.0},{"damage":42.0,"enemies":"Gremlin Leader","floor":25.0,"turns":12.0},{"damage":3.0,"enemies":"Snecko","floor":28.0,"turns":8.0},{"damage":18.0,"enemies":"conspire:SneckoGhost","floor":29.0,"turns":6.0},{"damage":28.0,"enemies":"Sentry and Sphere","floor":30.0,"turns":4.0},{"damage":58.0,"enemies":"Champ","floor":33.0,"turns":12.0},{"damage":33,"enemies":"3 Darklings","floor":35,"turns":7}],"seed_played":"5598887363566416743","potions_obtained":[{"floor":3.0,"key":"blueLaboratory:BubblePotion"},{"floor":8.0,"key":"FearPotion"},{"floor":16.0,"key":"Block Potion"},{"floor":22.0,"key":"blueLaboratory:LouseDecoction"},{"floor":29.0,"key":"blueLaboratory:NullPotion"},{"floor":35,"key":"Block Potion"}],"is_trial":false,"path_per_floor":["M","?","M","M","M","E","R","M","T","E","$","?","R","$","R","B",null,"M","M","M","?","M","E","R","E","T","R","M","E","M","?","R","B",null,"M","M"],"character_chosen":"IRONCLAD","items_purchased":["Replay:Mystery Machine","Shrug It Off","Armaments"],"campfire_rested":2,"item_purchase_floors":[11,11,11],"current_hp_per_floor":[59,59,63,62,59,38,60,56,56,43,43,43,43,43,43,26,63,69,58,56,56,60,56,56,36,36,58,61,55,35,50,50,14,60,43,0,0],"gold":374,"neow_bonus":"RANDOM_COMMON_RELIC","is_daily":false,"chose_seed":false,"campfire_upgraded":4,"win_rate":0.0,"timestamp":1611797322,"path_taken":["M","?","M","M","M","E","R","M","T","E","?","?","R","$","R","BOSS","M","M","M","?","M","E","R","E","T","R","?","E","M","?","R","BOSS","M","M"],"items_purchased_type":["Relic","Card","Card"],"build_version":"2020-12-22","purchased_purges":1,"victory":false,"max_hp_per_floor":[75,75,75,75,75,75,75,75,75,75,75,75,75,75,75,75,75,75,75,75,75,75,75,75,75,75,75,75,75,75,75,75,75,75,75,75,75],"card_choices":[{"not_picked":["Blood for Blood","Dark Embrace"],"picked":"Anger","floor":1.0},{"not_picked":["Warcry","Thunderclap"],"picked":"StuffTheSpire:Slingshot","floor":3.0},{"not_picked":["Pommel Strike","Bloodletting"],"picked":"Carnage","floor":4.0},{"not_picked":["Pommel Strike","Infernal Blade"],"picked":"infinitespire:OneForAll","floor":5.0},{"not_picked":["Clothesline","Hemogenesis"],"picked":"Feel No Pain","floor":6.0},{"not_picked":["Entrench","Rage"],"picked":"Disarm","floor":8.0},{"not_picked":["Cleave","Battle Trance"],"picked":"Headbutt","floor":10.0},{"not_picked":["Berserk","Feed"],"picked":"Offering","floor":16.0},{"not_picked":["Anger","Clothesline"],"picked":"Body Slam+1","floor":18.0},{"not_picked":["Rupture+1","ReplayTheSpireMod:LeadingStrike"],"picked":"Inflame","floor":19.0},{"not_picked":["Sword Boomerang+1","Searing Blow","Armaments"],"picked":"SKIP","floor":20.0},{"not_picked":["ReplayTheSpireMod:Strike From Hell","Wild Strike"],"picked":"ReplayTheSpireMod:LeadingStrike+1","floor":22.0},{"not_picked":["StuffTheSpire:BloodClot","StuffTheSpire:Incineration+1"],"picked":"ReplayTheSpireMod:Corrosion Curse","floor":23.0},{"not_picked":["ReplayReversal","Feed","conspire:ExplosiveBarrier"],"picked":"SKIP","floor":25.0},{"not_picked":["Pommel Strike","StuffTheSpire:Incineration","Headbutt"],"picked":"SKIP","floor":28.0},{"not_picked":["Run Through","Burning Pact"],"picked":"Evolve","floor":29.0},{"not_picked":["Run Through","hubris:SharpeningStone","ReplayTheSpireMod:Strike From Hell+1"],"picked":"SKIP","floor":30.0},{"not_picked":["Berserk","StuffTheSpire:TitanForm"],"picked":"hubris:StunningStrike","floor":33.0},{"not_picked":["True Grit","ReplayTheSpireMod:Stacked","Perfected Strike"],"picked":"SKIP","floor":35}],"player_experience":1233486,"relics_obtained":[{"floor":6.0,"key":"Letter Opener"},{"floor":9.0,"key":"hubris:Zylophone"},{"floor":10.0,"key":"Snack Pack"},{"floor":23.0,"key":"reliquary:WeakTea"},{"floor":25.0,"key":"StrikeDummy"},{"floor":26.0,"key":"Peace Pipe"},{"floor":29.0,"key":"conspire:Boomerang"}],"event_choices":[{"damage_healed":0.0,"max_hp_gain":0.0,"max_hp_loss":0.0,"gold_gain":50.0,"event_name":"Golden Shrine","player_choice":"Pray","floor":2.0,"gold_loss":0.0,"damage_taken":0.0},{"damage_healed":0.0,"max_hp_gain":0.0,"max_hp_loss":0.0,"gold_gain":0.0,"event_name":"N\u0027loth","player_choice":"Ignored","floor":21.0,"gold_loss":0.0,"damage_taken":0.0},{"damage_healed":15.0,"max_hp_gain":0.0,"max_hp_loss":0.0,"gold_gain":0.0,"event_name":"The Library","player_choice":"Heal","floor":31.0,"gold_loss":0.0,"damage_taken":0.0}],"is_beta":false,"boss_relics":[{"not_picked":["Fusion Hammer","energizedSpire:MagnifyingGlass"],"picked":"aspiration:SecretTechniqueScroll"},{"not_picked":["reliquary:KinkedSpring","energizedSpire:EnergizedDie"],"picked":"infinitespire:Cupcake"}],"items_purged_floors":[11],"is_endless":false,"potions_floor_spawned":[3,8,16,20,22,29,35],"killed_by":"3 Shapes","ascension_level":20}}