{"host":"3a1ypf1irl30q4k8","time":1611841496,"event":{"mods":["AchievementEnabler","BaseMod","Bestiary","Colored Map","Minty Spire (QoL Compilation)","Relic Stats"],"gold_per_floor":[113,132,132,142,142,170,180,180,180,191,202,214,214,225,225,328,328,342,342,133,153,163,194,194,206,278,288,288,301,301,320,320,415,415,431,90,107,119,137,137,137],"floor_reached":40,"language":"ENG","playtime":1926,"items_purged":["Strike_R","Strike_R"],"score":532,"play_id":"06eb0c33-35f9-476c-a826-f900db10e702","local_time":"20210128134456","is_ascension_mode":true,"campfire_choices":[{"data":"Rupture","floor":8,"key":"SMITH"},{"data":"Brutality","floor":13,"key":"SMITH"},{"floor":15,"key":"REST"},{"floor":24,"key":"REST"},{"data":"Limit Break","floor":28,"key":"SMITH"},{"floor":32,"key":"REST"}],"circlet_count":0,"master_deck":["Strike_R","Strike_R","Strike_R","Defend_R","Defend_R","Defend_R","Bash","Cleave","Clothesline","Brutality+1","Pommel Strike","Rupture+1","Spot Weakness","Corruption","Uppercut","Limit Break+1","Blood for Blood","Seeing Red","Shrug It Off+1","Combust","Shrug It Off+1","Disarm","Dual Wield","Shrug It Off+1","Spot Weakness","Double Tap","Feel No Pain","Shockwave","Ghostly Armor","Limit Break+1","Dark Embrace+1","Whirlwind","Fire Breathing+1"],"relics":["Burning Blood","Red Skull","Letter Opener","Snecko Eye","The Courier","Pen Nib","Oddly Smooth Stone","Matryoshka","Cursed Key","DollysMirror"],"acts_visited":["Exordium","TheCity","TheBeyond"],"potions_floor_usage":[12,12,22,27,29,33,38],"damage_taken":[{"damage":15,"enemies":"Small Slimes","floor":1,"turns":4},{"damage":12,"enemies":"2 Louse","floor":2,"turns":3},{"damage":1,"enemies":"Cultist","floor":4,"turns":3},{"damage":50,"enemies":"3 Sentries","floor":6,"turns":6},{"damage":3,"enemies":"Exordium Thugs","floor":7,"turns":4},{"damage":15,"enemies":"Red Slaver","floor":10,"turns":2},{"damage":1,"enemies":"Large Slime","floor":11,"turns":3},{"damage":11,"enemies":"Looter","floor":12,"turns":2},{"damage":15,"enemies":"Red Slaver","floor":14,"turns":2},{"damage":40,"enemies":"Slime Boss","floor":16,"turns":8},{"damage":35,"enemies":"2 Thieves","floor":18,"turns":3},{"damage":12,"enemies":"Chosen","floor":21,"turns":4},{"damage":8,"enemies":"Snake Plant","floor":22,"turns":2},{"damage":21,"enemies":"Gremlin Leader","floor":23,"turns":3},{"damage":2,"enemies":"3 Cultists","floor":25,"turns":3},{"damage":1,"enemies":"Shelled Parasite and Fungi","floor":27,"turns":2},{"damage":2,"enemies":"Sentry and Sphere","floor":29,"turns":3},{"damage":21,"enemies":"3 Cultists","floor":31,"turns":4},{"damage":10,"enemies":"Automaton","floor":33,"turns":5},{"damage":5,"enemies":"Orb Walker","floor":35,"turns":2},{"damage":26,"enemies":"3 Shapes","floor":37,"turns":4},{"damage":27,"enemies":"Jaw Worm Horde","floor":38,"turns":4},{"damage":25,"enemies":"3 Darklings","floor":39,"turns":5},{"damage":44,"enemies":"Reptomancer","floor":40,"turns":2}],"seed_played":"8117772693260814966","potions_obtained":[{"floor":1,"key":"FearPotion"},{"floor":7,"key":"AttackPotion"},{"floor":11,"key":"BloodPotion"},{"floor":14,"key":"GamblersBrew"},{"floor":18,"key":"Fire Potion"},{"floor":21,"key":"Dexterity Potion"},{"floor":27,"key":"SkillPotion"},{"floor":31,"key":"Fire Potion"},{"floor":37,"key":"ColorlessPotion"},{"floor":39,"key":"Strength Potion"}],"is_trial":false,"path_per_floor":["M","M","?","M","?","E","M","R","T","M","M","M","R","M","R","B",null,"M","?","$","M","M","E","R","M","T","M","R","M","?","M","R","B",null,"M","$","M","M","M","E"],"character_chosen":"IRONCLAD","items_purchased":["Seeing Red","Pen Nib","Feel No Pain","Shockwave","Ghostly Armor","DollysMirror"],"campfire_rested":3,"item_purchase_floors":[20,20,36,36,36,36],"current_hp_per_floor":[71,65,65,70,70,26,29,29,29,20,25,36,36,27,51,17,80,51,51,51,45,43,28,52,56,56,61,61,65,50,35,60,56,85,85,85,65,44,25,0,0],"gold":137,"neow_bonus":"RANDOM_COMMON_RELIC","is_daily":false,"chose_seed":false,"campfire_upgraded":3,"win_rate":0.0,"timestamp":1611841496,"path_taken":["M","M","?","M","?","E","?","R","T","M","M","M","R","M","R","BOSS","M","?","$","M","?","E","R","M","T","M","R","M","?","M","R","BOSS","M","$","M","M","M","E"],"items_purchased_type":["Card","Relic","Card","Card","Card","Relic"],"build_version":"2020-12-22","purchased_purges":2,"victory":false,"max_hp_per_floor":[80,80,80,80,80,80,80,80,80,80,80,80,80,80,80,80,80,80,80,80,80,80,80,80,80,80,80,80,80,85,85,85,85,85,85,85,85,85,85,85,85],"relic_stats":{"counters":[24,83],"Snecko Eye":[102,87,97,81],"Pen Nib":[8],"Letter Opener":[153],"Cursed Key":0,"obtain_stats":[{"Matryoshka":26,"DollysMirror":36,"Snecko Eye":17,"Oddly Smooth Stone":23,"The Courier":19,"Pen Nib":20,"Letter Opener":6,"Cursed Key":34,"Burning Blood":0,"Red Skull":0},{"Matryoshka":15,"DollysMirror":20,"Snecko Eye":10,"Oddly Smooth Stone":14,"The Courier":11,"Pen Nib":11,"Letter Opener":4,"Cursed Key":19,"Burning Blood":0,"Red Skull":0},{"Matryoshka":52,"DollysMirror":68,"Snecko Eye":37,"Oddly Smooth Stone":49,"The Courier":40,"Pen Nib":40,"Letter Opener":16,"Cursed Key":66,"Burning Blood":0,"Red Skull":0}],"Burning Blood":137},"card_choices":[{"not_picked":["Cleave","Iron Wave"],"picked":"Perfected Strike","floor":1},{"not_picked":["Bloodletting","Battle Trance"],"picked":"Cleave","floor":2},{"not_picked":["Wild Strike","Rage"],"picked":"Clothesline","floor":4},{"not_picked":["Clothesline","Reckless Charge"],"picked":"Pommel Strike","floor":6},{"not_picked":["Clash","True Grit"],"picked":"Rupture","floor":7},{"not_picked":["Perfected Strike","Shrug It Off"],"picked":"Spot Weakness","floor":10},{"not_picked":["Wild Strike","Heavy Blade"],"picked":"Corruption","floor":11},{"not_picked":["Flex","Cleave","Havoc"],"picked":"SKIP","floor":12},{"not_picked":["Dropkick","Clothesline"],"picked":"Uppercut","floor":14},{"not_picked":["Brutality","Juggernaut"],"picked":"Limit Break","floor":16},{"not_picked":["Heavy Blade","Clash"],"picked":"Blood for Blood","floor":18},{"not_picked":["Wild Strike","Thunderclap"],"picked":"Shrug It Off+1","floor":21},{"not_picked":["Pummel+1","Pommel Strike"],"picked":"Combust","floor":22},{"not_picked":["Evolve+1","Metallicize"],"picked":"Shrug It Off+1","floor":23},{"not_picked":["Thunderclap","Heavy Blade+1"],"picked":"Disarm","floor":25},{"not_picked":["Fire Breathing","Clash"],"picked":"Dual Wield","floor":27},{"not_picked":["Flex","Headbutt"],"picked":"Shrug It Off+1","floor":29},{"not_picked":["Brutality","Headbutt"],"picked":"Spot Weakness","floor":31},{"not_picked":["Corruption","Limit Break"],"picked":"Double Tap","floor":33},{"not_picked":["Wild Strike","Sword Boomerang","Armaments+1"],"picked":"SKIP","floor":35},{"not_picked":["Second Wind+1","Rage+1"],"picked":"Dark Embrace+1","floor":37},{"not_picked":["Shockwave+1","Headbutt"],"picked":"Whirlwind","floor":38},{"not_picked":["Searing Blow+1","Headbutt"],"picked":"Fire Breathing+1","floor":39}],"player_experience":1236800,"relics_obtained":[{"floor":6,"key":"Letter Opener"},{"floor":23,"key":"Oddly Smooth Stone"},{"floor":26,"key":"Matryoshka"}],"event_choices":[{"damage_healed":0,"gold_gain":0,"player_choice":"Ignored","damage_taken":0,"max_hp_gain":0,"max_hp_loss":0,"event_name":"Shining Light","floor":3,"gold_loss":0},{"cards_removed":["Defend_R"],"damage_healed":0,"gold_gain":0,"player_choice":"Took Card","damage_taken":0,"max_hp_gain":0,"max_hp_loss":0,"event_name":"NoteForYourself","floor":5,"gold_loss":0,"cards_obtained":["Brutality"]},{"cards_removed":["Perfected Strike"],"damage_healed":0,"gold_gain":0,"player_choice":"Gave Card","damage_taken":0,"relics_obtained":["The Courier"],"max_hp_gain":0,"max_hp_loss":0,"event_name":"WeMeetAgain","floor":19,"gold_loss":0},{"damage_healed":0,"gold_gain":0,"player_choice":"Shed Blood","damage_taken":20,"max_hp_gain":5,"max_hp_loss":0,"event_name":"Forgotten Altar","floor":30,"gold_loss":0}],"is_beta":false,"boss_relics":[{"not_picked":["Coffee Dripper","Runic Pyramid"],"picked":"Snecko Eye"},{"not_picked":["Sozu","Mark of Pain"],"picked":"Cursed Key"}],"items_purged_floors":[20,36],"is_endless":false,"potions_floor_spawned":[1,7,11,14,18,21,27,31,37,39],"killed_by":"Reptomancer","ascension_level":4}}