{"host":"na09lpbrez4gbfiz","time":1611852050,"event":{"mods":["Act Like it!","BaseMod","BetterRewards","Colored Map","Colored Powertips","DeckTracker","Googly Eyes","Highlight Path","Minty Spire (QoL Compilation)","Quick Restart","Spicy Shops","StSLib","SuperFastMode","Synergy Search"],"gold_per_floor":[118,133,308,383,177,177,192,226,226,245,245,93,93,120,120,120,120],"floor_reached":16,"language":"ENG","playtime":311,"items_purged":["Doubt"],"score":206,"play_id":"f5588a72-dcf4-4e78-ab6c-f2c8e2c84f51","local_time":"20210128174050","is_ascension_mode":true,"campfire_choices":[{"data":"Carnage","floor":6,"key":"SMITH"},{"data":"True Grit","floor":11,"key":"SMITH"},{"data":"Bash","floor":13,"key":"SMITH"},{"data":"Shrug It Off","floor":15,"key":"SMITH"}],"circlet_count":0,"master_deck":["AscendersBane","Strike_R","Strike_R","Strike_R","Strike_R","Strike_R","Defend_R","Defend_R","Defend_R","Defend_R","Bash+1","Carnage+1","Shrug It Off+1","True Grit+1","Brutality"],"relics":["Burning Blood","NeowsBlessing","Blood Vial","Meat on the Bone","Sling","Art of War"],"acts_visited":["Exordium"],"potions_floor_usage":[14],"damage_taken":[{"damage":0,"enemies":"Small Slimes","floor":1,"turns":1},{"damage":0,"enemies":"2 Louse","floor":2,"turns":1},{"damage":0,"enemies":"Jaw Worm","floor":7,"turns":1},{"damage":30,"enemies":"3 Sentries","floor":8,"turns":7},{"damage":12,"enemies":"3 Louse","floor":10,"turns":4},{"damage":0,"enemies":"Gremlin Nob","floor":14,"turns":2},{"damage":57,"enemies":"The Guardian","floor":16,"turns":10}],"seed_played":"-3771864069264482662","potions_obtained":[{"floor":2,"key":"Swift Potion"},{"floor":7,"key":"DuplicationPotion"}],"is_trial":false,"path_per_floor":["M","M","?","?","$","R","M","E","T","M","R","$","R","E","R","B"],"character_chosen":"IRONCLAD","items_purchased":["Carnage","Shrug It Off","Sling"],"campfire_rested":0,"item_purchase_floors":[5,5,12],"current_hp_per_floor":[78,80,80,69,69,69,75,51,51,47,47,47,47,55,55,0,0],"gold":120,"neow_bonus":"THREE_ENEMY_KILL","is_daily":false,"chose_seed":false,"campfire_upgraded":4,"win_rate":0.0,"timestamp":1611852050,"path_taken":["M","M","?","?","?","R","M","E","T","M","R","$","R","E","R","BOSS"],"items_purchased_type":["Card","Card","Relic"],"build_version":"2020-12-22","purchased_purges":1,"victory":false,"max_hp_per_floor":[80,80,80,80,80,80,80,80,80,80,80,80,80,80,80,80,80],"card_choices":[{"not_picked":["Twin Strike","Spot Weakness","Anger"],"picked":"SKIP","floor":1},{"not_picked":["Sword Boomerang","Thunderclap","Warcry"],"picked":"SKIP","floor":2},{"not_picked":["Havoc","Perfected Strike"],"picked":"True Grit","floor":7},{"not_picked":["Body Slam","Armaments"],"picked":"Brutality","floor":8},{"not_picked":["Pommel Strike","Clash","Sword Boomerang"],"picked":"SKIP","floor":10},{"not_picked":["True Grit","Burning Pact","Armaments"],"picked":"SKIP","floor":14}],"player_experience":184007,"relics_obtained":[{"floor":8,"key":"Blood Vial"},{"floor":9,"key":"Meat on the Bone"},{"floor":14,"key":"Art of War"}],"event_choices":[{"damage_healed":0,"gold_gain":175,"player_choice":"AGREE","damage_taken":0,"max_hp_gain":0,"max_hp_loss":0,"event_name":"Liars Game","floor":3,"gold_loss":0,"cards_obtained":["Doubt"]},{"damage_healed":0,"gold_gain":75,"player_choice":"Gather Gold","damage_taken":11,"max_hp_gain":0,"max_hp_loss":0,"event_name":"World of Goop","floor":4,"gold_loss":0}],"is_beta":false,"boss_relics":[],"items_purged_floors":[5],"is_endless":false,"potions_floor_spawned":[2,7,10],"killed_by":"The Guardian","ascension_level":11}}