{"host":"laht7omblfcukqgz","time":1611847834,"event":{"mods":["BaseMod","Beaked The Cultist","Colored Map","Colored Powertips","GifTheSpireLib","HololiveMod","Minty Spire (QoL Compilation)","StSLib"],"gold_per_floor":[86,86,161,51,66,66,76,76,76,93,110,1,1,19,19,124,124,140,160,160,34,34,34,34,52,79,94,61,61,80,107,107,202,202,217,217,217,217,237,237,265,277,304,304,304,356,3,3,3,5,5],"floor_reached":50,"language":"JPN","playtime":3765,"items_purged":[],"score":630,"play_id":"f81f7078-63cc-4d3b-8923-f9b21db56b41","local_time":"20210129003034","is_ascension_mode":false,"campfire_choices":[{"data":"Hololive_CallDoris","floor":6,"key":"SMITH"},{"floor":8,"key":"REST"},{"data":"Hololive_CallUruhaRushia","floor":15,"key":"SMITH"},{"floor":23,"key":"REST"},{"floor":29,"key":"REST"},{"data":"Hololive_CallTokoyamiTowa","floor":32,"key":"SMITH"},{"data":"Hololive_CallUsadaPekora","floor":40,"key":"SMITH"},{"data":"Hololive_CallHoshimachiSuisei","floor":45,"key":"SMITH"},{"data":"Hololive_CallHimemoriLuna","floor":49,"key":"SMITH"}],"circlet_count":0,"master_deck":["Hololive_Strike","Hololive_Defend","Hololive_OvertimeWork","Hololive_CallShiranuiFlare","Hololive_CallTokoyamiTowa+1","Hololive_CallShiroganeNoel","Hololive_CallAkaiHaato","Hololive_CallHoshimachiSuisei+1","Hololive_CallTsunomakiWatame","Hololive_CallDoris+1","Hololive_Yoholoon","Hololive_StarCraft","Hololive_CallUruhaRushia+1","Hololive_Psychosis","Hololive_CallAkaiHaato","Hololive_CallOkamiMio","Hololive_CandyCastle","Hololive_FlyingPonyTail","Hololive_DDD","Hololive_Breathe","Hololive_CallUsadaPekora+1","Hololive_CallAkiRosenthal","Hololive_LuckPotion","Hololive_CocoNews+1","Hololive_CallFriendA+1","Hololive_Spy","Hololive_CallOmaruPolka+1","Hololive_CallCivia","Hololive_Recruit","CurseOfTheBell","Hololive_FlyingPonyTail","Hololive_DevilCharm+1","Hololive_CallMoonaHoshinova+1","Hololive_CallMurasakiShion+1","Master of Strategy","Hololive_FlyingPonyTail","Hololive_CallHimemoriLuna+1","Hololive_Spy","Hololive_StrengthChampion"],"relics":["Hololive_TheStar","NeowsBlessing","Bronze Scales","SlaversCollar","Nilry\u0027s Codex","Hololive_FriedShrimpLion","Pocketwatch","Calling Bell","Potion Belt","InkBottle","Bird Faced Urn","Centennial Puzzle","Smiling Mask","CaptainsWheel"],"acts_visited":["Exordium","TheCity","TheBeyond"],"potions_floor_usage":[46,46,46,48,50,50,50,50],"damage_taken":[{"damage":0,"enemies":"2 Louse","floor":1,"turns":2},{"damage":0,"enemies":"Small Slimes","floor":5,"turns":1},{"damage":0,"enemies":"Jaw Worm","floor":7,"turns":1},{"damage":0,"enemies":"Blue Slaver","floor":10,"turns":3},{"damage":0,"enemies":"Exordium Wildlife","floor":11,"turns":4},{"damage":0,"enemies":"Lots of Slimes","floor":14,"turns":4},{"damage":0,"enemies":"The Guardian","floor":16,"turns":7},{"damage":0,"enemies":"3 Byrds","floor":18,"turns":3},{"damage":0,"enemies":"Spheric Guardian","floor":19,"turns":4},{"damage":0,"enemies":"Chosen and Byrds","floor":25,"turns":5},{"damage":0,"enemies":"Centurion and Healer","floor":27,"turns":6},{"damage":0,"enemies":"Cultist and Chosen","floor":30,"turns":6},{"damage":0,"enemies":"Book of Stabbing","floor":31,"turns":4},{"damage":0,"enemies":"Automaton","floor":33,"turns":7},{"damage":0,"enemies":"3 Darklings","floor":35,"turns":5},{"damage":0,"enemies":"3 Shapes","floor":39,"turns":4},{"damage":12,"enemies":"Reptomancer","floor":41,"turns":8},{"damage":0,"enemies":"Maw","floor":42,"turns":8},{"damage":11,"enemies":"2 Orb Walkers","floor":46,"turns":4},{"damage":0,"enemies":"Jaw Worm Horde","floor":48,"turns":1},{"damage":59,"enemies":"Awakened One","floor":50,"turns":12}],"seed_played":"2708735909569488738","potions_obtained":[{"floor":5,"key":"Explosive Potion"},{"floor":10,"key":"Block Potion"},{"floor":11,"key":"Fire Potion"},{"floor":35,"key":"BlessingOfTheForge"},{"floor":46,"key":"Explosive Potion"}],"is_trial":false,"path_per_floor":["M","?","?","$","M","R","M","R","T","M","M","$","?","M","R","B",null,"M","M","?","$","?","R","$","M","T","M","$","R","M","E","R","B",null,"M","?","?","?","M","R","E","M","T","?","R","?","$","M","R","B"],"character_chosen":"Hololive_HololiveCharacter","items_purchased":["Hololive_CallDoris","Hololive_Yoholoon","Hololive_CallOkamiMio","Hololive_CandyCastle","Hololive_CallAkiRosenthal","Hololive_LuckPotion","Hololive_Spy","Hololive_CallHimemoriLuna","Hololive_Spy","Hololive_StrengthChampion","Dexterity Potion","SmokeBomb","Energy Potion"],"campfire_rested":3,"item_purchase_floors":[4,4,12,12,21,21,28,47,47,47,47,47,47],"current_hp_per_floor":[35,32,21,21,21,21,21,31,31,31,31,31,24,24,24,24,35,35,35,31,31,15,27,27,27,27,27,27,39,39,39,39,39,40,40,40,40,38,38,38,38,38,38,38,38,38,38,38,38,0,0],"gold":5,"neow_bonus":"THREE_ENEMY_KILL","is_daily":false,"chose_seed":false,"campfire_upgraded":6,"win_rate":0.0,"timestamp":1611847834,"path_taken":["M","?","?","$","M","R","M","R","T","M","M","$","?","M","R","BOSS","M","M","?","$","?","R","?","?","T","M","$","R","M","E","R","BOSS","M","?","?","?","?","R","E","?","T","?","R","?","$","M","R","BOSS"],"items_purchased_type":["Card","Card","Card","Card","Card","Card","Card","Card","Card","Card","Potion","Potion","Potion"],"build_version":"2020-12-22","purchased_purges":0,"victory":false,"max_hp_per_floor":[35,35,35,35,35,35,35,35,35,35,35,35,35,35,35,35,35,35,35,40,40,40,40,40,40,40,40,40,40,40,40,40,40,40,40,40,40,38,38,38,38,38,38,38,38,38,38,38,38,38,38],"card_choices":[{"not_picked":["Hololive_LuckPotion","Hololive_Trident","Hololive_StrengthChampion"],"picked":"Hololive_CallTsunomakiWatame","floor":1},{"not_picked":["Hololive_Breathe","Hololive_Rebound","Hololive_CallMurasakiShion"],"picked":"Hololive_StarCraft","floor":5},{"not_picked":["Hololive_LuckPotion","Hololive_Yoholoon","Hololive_Sequa"],"picked":"Hololive_CallUruhaRushia","floor":7},{"not_picked":["Hololive_CallSakuraMiko","Hololive_HuntDinosaur","Hololive_CallAkaiHaato"],"picked":"Hololive_Psychosis","floor":10},{"not_picked":["Hololive_Psychosis","Hololive_CallShiranuiFlare","Hololive_OvertimeWork"],"picked":"Hololive_CallAkaiHaato","floor":11},{"not_picked":["Hololive_Psychosis","Hololive_CallOmaruPolka","Hololive_CallCivia"],"picked":"Hololive_FlyingPonyTail","floor":14},{"not_picked":["Hololive_Thief","Hololive_MaximGun","Hololive_WolfAndLamb"],"picked":"Hololive_DDD","floor":16},{"not_picked":["Hololive_OvertimeWork+1","Hololive_HuntDinosaur","Hololive_Trident"],"picked":"Hololive_Breathe","floor":18},{"not_picked":["Hololive_CallShiroganeNoel","Hololive_CallFriendA+1","Hololive_CocoNews+1"],"picked":"Hololive_CallUsadaPekora","floor":19},{"not_picked":["Hololive_SoulCatcher","Hololive_OvertimeWork","Hololive_Rebound+1"],"picked":"Hololive_CocoNews+1","floor":25},{"not_picked":["Hololive_LuckPotion+1","Hololive_Psychosis","Hololive_StrengthChampion"],"picked":"Hololive_CallFriendA+1","floor":27},{"not_picked":["Hololive_CallHoushouMarine","Hololive_CallUsadaPekora","Hololive_OvertimeWork"],"picked":"Hololive_CallOmaruPolka+1","floor":30},{"not_picked":["Hololive_CallNekomataOkayu","Hololive_CallShishiroBotan","Hololive_StrengthChampion+1"],"picked":"Hololive_CallCivia","floor":31},{"not_picked":["Hololive_DiamondStrike","Hololive_AWSL","Hololive_Nanodesu"],"picked":"Hololive_Recruit","floor":33},{"not_picked":["Hololive_Rebound+1","Hololive_CallShiranuiFlare+1","Hololive_Breathe+1"],"picked":"Hololive_FlyingPonyTail","floor":35},{"not_picked":["Hololive_Drill","Hololive_Rebound","Hololive_CallOkamiMio+1"],"picked":"Hololive_DevilCharm+1","floor":39},{"not_picked":["Hololive_CallYogiri","Hololive_Drill","Hololive_OvertimeWork+1"],"picked":"Hololive_CallMoonaHoshinova+1","floor":41},{"not_picked":["Hololive_CallAyundaRisu+1","Hololive_CallYogiri","Hololive_OpenUp"],"picked":"Hololive_CallMurasakiShion+1","floor":42},{"not_picked":["HandOfGreed","Good Instincts","Secret Weapon"],"picked":"Master of Strategy","floor":44},{"not_picked":["Hololive_CallSakuraMiko","Hololive_LuckPotion","Hololive_StrengthChampion"],"picked":"Hololive_FlyingPonyTail","floor":46}],"player_experience":88442,"relics_obtained":[{"floor":22,"key":"Nilry\u0027s Codex"},{"floor":26,"key":"Hololive_FriedShrimpLion"},{"floor":31,"key":"Pocketwatch"},{"floor":34,"key":"Potion Belt"},{"floor":34,"key":"InkBottle"},{"floor":34,"key":"Bird Faced Urn"},{"floor":41,"key":"Centennial Puzzle"},{"floor":43,"key":"Smiling Mask"},{"floor":46,"key":"CaptainsWheel"}],"event_choices":[{"damage_healed":0,"gold_gain":0,"player_choice":"Success","damage_taken":3,"relics_obtained":["Bronze Scales"],"max_hp_gain":0,"max_hp_loss":0,"event_name":"Scrap Ooze","floor":2,"gold_loss":0},{"damage_healed":0,"gold_gain":75,"player_choice":"Gather Gold","damage_taken":11,"max_hp_gain":0,"max_hp_loss":0,"event_name":"World of Goop","floor":3,"gold_loss":0},{"cards_removed":["Hololive_Strike"],"damage_healed":0,"gold_gain":0,"player_choice":"Card Removal","damage_taken":7,"max_hp_gain":0,"max_hp_loss":0,"event_name":"Golden Wing","floor":13,"gold_loss":0},{"damage_healed":0,"gold_gain":0,"player_choice":"Shed Blood","damage_taken":9,"max_hp_gain":5,"max_hp_loss":0,"event_name":"Forgotten Altar","floor":20,"gold_loss":0},{"damage_healed":0,"gold_gain":0,"player_choice":"Obtained Book","damage_taken":16,"max_hp_gain":0,"max_hp_loss":0,"event_name":"Cursed Tome","floor":22,"gold_loss":0},{"damage_healed":0,"gold_gain":0,"player_choice":"Ignored","damage_taken":0,"max_hp_gain":0,"max_hp_loss":0,"event_name":"Tomb of Lord Red Mask","floor":36,"gold_loss":0},{"cards_removed":["Hololive_Defend"],"damage_healed":0,"gold_gain":0,"player_choice":"Removed Skill","damage_taken":0,"max_hp_gain":0,"max_hp_loss":0,"event_name":"Falling","floor":37,"gold_loss":0},{"damage_healed":0,"gold_gain":0,"player_choice":"Max HP","damage_taken":0,"max_hp_gain":0,"max_hp_loss":2,"event_name":"Winding Halls","floor":38,"gold_loss":0},{"damage_healed":0,"gold_gain":0,"player_choice":"Memory 1","damage_taken":0,"max_hp_gain":0,"max_hp_loss":0,"event_name":"SensoryStone","floor":44,"gold_loss":0},{"damage_healed":0,"gold_gain":0,"player_choice":"Fight","damage_taken":0,"max_hp_gain":0,"max_hp_loss":0,"event_name":"Mysterious Sphere","floor":46,"gold_loss":0}],"is_beta":false,"boss_relics":[{"not_picked":["SacredBark","Tiny House"],"picked":"SlaversCollar"},{"not_picked":["Hololive_Finger","Coffee Dripper"],"picked":"Calling Bell"}],"items_purged_floors":[],"is_endless":false,"potions_floor_spawned":[5,10,11,16,19,25,33,35,46],"killed_by":"Awakened One","ascension_level":0}}