{"host":"dxb4eoww080epc4n","time":1611859123,"event":{"mods":["AchievementEnabler","BaseMod","Better Note","BetterRewards","Colored Powertips","Conspire","Energized Spire","GifTheSpireLib","Gremlin Skip","Hubris","KinomotoSakuraMod(????)","Minty Spire (QoL Compilation)","Permanent Neow","Quick Restart","Rare Cards Sparkle","Relic Sorter","Replay The Spire","Shop Mod","Spikes Relics","StSLib","The Animator"],"gold_per_floor":[119,143,159,74,249,231,231,243,270,270,270,15,31,44,44,44,44],"floor_reached":16,"language":"ENG","playtime":1078,"items_purged":[],"score":92,"play_id":"007a71ff-8834-49e1-9db1-1a9a8ae539a2","local_time":"20210128193843","is_ascension_mode":false,"campfire_choices":[{"floor":7,"key":"RECALL"},{"data":"animator:Caster","floor":10,"key":"SMITH"},{"data":"animator:Defend_Fate","floor":15,"key":"SMITH"}],"circlet_count":0,"master_deck":["animator:Strike_Fate","animator:Defend_Fate+1","animator:Alexander","animator:Rider","animator:Tyuule","animator:Caster+1","animator:Assassin","animator:Strike_MadokaMagica","animator:Strike_AccelWorld","animator:Strike_TenSura","animator:Defend_OnePunchMan","animator:Defend_GATE+1","animator:Defend_OwariNoSeraph","Doubt","animator:Berserker","animator:Rider","animator:Gilgamesh","animator:ShinjiMatou"],"relics":["animator:LivingPicture","animator:TheMissingPiece","NeowsBlessing","MerchantsRug"],"acts_visited":["Exordium"],"potions_floor_usage":[],"damage_taken":[{"damage":0,"enemies":"Small Slimes","floor":1,"turns":1},{"damage":0,"enemies":"Jaw Worm","floor":2,"turns":1},{"damage":0,"enemies":"2 Louse","floor":3,"turns":1},{"damage":5,"enemies":"Looter","floor":6,"turns":4},{"damage":6,"enemies":"2 Fungi Beasts","floor":8,"turns":5},{"damage":4,"enemies":"Blue Slaver","floor":13,"turns":6},{"damage":2,"enemies":"Looter","floor":14,"turns":4},{"damage":77,"enemies":"Fading Forest","floor":16,"turns":7}],"seed_played":"3283661385671321540","potions_obtained":[{"floor":1,"key":"Block Potion"},{"floor":3,"key":"BlessingOfTheForge"},{"floor":8,"key":"FearPotion"}],"is_trial":false,"path_per_floor":["M","M","M","?","?","M","R","M","T","R","?","$","M","M","R","B"],"character_chosen":"THE_ANIMATOR","items_purchased":["MerchantsRug","animator:Gilgamesh"],"campfire_rested":0,"item_purchase_floors":[12,12],"current_hp_per_floor":[66,66,67,67,67,62,62,56,56,56,56,56,53,51,51,0,0],"gold":44,"neow_bonus":"THREE_ENEMY_KILL","is_daily":false,"chose_seed":false,"campfire_upgraded":2,"win_rate":0.0,"timestamp":1611859123,"path_taken":["M","M","M","?","?","M","R","M","T","R","?","$","M","M","R","BOSS"],"items_purchased_type":["Relic","Card"],"build_version":"2020-12-22","purchased_purges":0,"victory":false,"max_hp_per_floor":[66,66,67,67,67,67,67,67,67,67,67,67,68,68,68,68,68],"card_choices":[{"not_picked":["animator:HiiragiShinya","animator:CrowleyEusford"],"picked":"animator:Tyuule","floor":1},{"not_picked":["animator:Shinoa","animator:Kazuma"],"picked":"animator:Caster","floor":2},{"not_picked":["animator:Yuuichirou","animator:Vanir"],"picked":"animator:Assassin","floor":3},{"not_picked":["animator:Alexander","animator:Rider"],"picked":"animator:Berserker","floor":6},{"not_picked":["animator:RoyMustang","animator:Hakurou"],"picked":"animator:Rider","floor":8},{"not_picked":["animator:Yuuichirou","animator:Aqua"],"picked":"animator:ShinjiMatou","floor":13},{"not_picked":["animator:Vanir","animator:Shion","animator:Berserker"],"picked":"SKIP","floor":14}],"player_experience":167717,"relics_obtained":[],"event_choices":[{"damage_healed":0,"gold_gain":175,"player_choice":"AGREE","damage_taken":0,"max_hp_gain":0,"max_hp_loss":0,"event_name":"Liars Game","floor":5,"gold_loss":0,"cards_obtained":["Doubt"]}],"is_beta":false,"boss_relics":[],"items_purged_floors":[],"is_endless":false,"potions_floor_spawned":[1,3,8],"killed_by":"Fading Forest","ascension_level":0}}