{"host":"npubv26u89aif4fa","time":1611819683,"event":{"mods":["Astrologer","BaseMod","Better Vampires","Better-Laid Plans","Colored Powertips","GifTheSpireLib","GungeonMod","HornydragonMod","Hubris","Jedi Mod","Minty Spire (QoL Compilation)","Quick Restart","Remilia（蕾米莉亚）","Replay The Spire","StSLib","Td1madao Mod","The Administrix","The Alterego","The Bug Knight","The Cursed","The Runesmith","Yuri Mod","残留之物"],"gold_per_floor":[117,117,117,129,149,183,202,214,214,241,260,293,9,84,84,84,84],"floor_reached":16,"language":"ZHS","playtime":752,"items_purged":["yuri:yuriStrike"],"score":154,"play_id":"ba9fb30a-535f-4b5e-ab58-9333e765c77d","local_time":"20210128154123","is_ascension_mode":true,"campfire_choices":[{"floor":15.0,"key":"DIG"}],"circlet_count":0,"master_deck":["yuri:yuriStrike","yuri:yuriStrike","yuri:yuriStrike+1","yuri:yuriStrike","yuri:yuriDefend","yuri:yuriDefend","yuri:yuriDefend","yuri:yuriDefend+1","yuri:yuriDefend","yuri:Oolong","yuri:yuriStab+1","yuri:HeavierStrike","yuri:InsanityDefense","yuri:Parry","yuri:RecklessStrike","yuri:WickedSlash","yuri:TeaSet","yuri:InsanityDefense","yuri:GrowingInsanity"],"relics":["PlaceholderMod:LiveLive","DemoMod:PoisonVial","Meat on the Bone","Ginger","Membership Card","DemoMod:GnawedKey","Girya"],"acts_visited":["Exordium"],"potions_floor_usage":[16,16],"damage_taken":[{"damage":2.0,"enemies":"2 Louse","floor":1.0,"turns":2.0},{"damage":2.0,"enemies":"Jaw Worm","floor":4.0,"turns":3.0},{"damage":2.0,"enemies":"Cultist","floor":5.0,"turns":3.0},{"damage":8.0,"enemies":"Lagavulin","floor":6.0,"turns":4.0},{"damage":4.0,"enemies":"Large Slime","floor":7.0,"turns":5.0},{"damage":8.0,"enemies":"Exordium Thugs","floor":8.0,"turns":3.0},{"damage":15.0,"enemies":"Gremlin Nob","floor":10.0,"turns":3.0},{"damage":12.0,"enemies":"Blue Slaver","floor":11.0,"turns":3.0},{"damage":29.0,"enemies":"Lagavulin","floor":12.0,"turns":5.0},{"damage":30,"enemies":"Hexaghost","floor":16,"turns":6}],"seed_played":"-8375914636964103708","potions_obtained":[{"floor":1.0,"key":"Fire Potion"},{"floor":4.0,"key":"PowerPotion"},{"floor":6.0,"key":"LiquidMemories"},{"floor":12.0,"key":"GamblersBrew"}],"is_trial":false,"path_per_floor":["M","?","?","M","M","E","M","M","T","E","M","E","$","?","R","B"],"character_chosen":"YURI","items_purchased":["Membership Card","DemoMod:GnawedKey","yuri:GrowingInsanity"],"campfire_rested":0,"item_purchase_floors":[13,13,13],"current_hp_per_floor":[80,64,64,66,68,64,64,60,60,45,49,36,36,25,25,0,0],"gold":84,"neow_bonus":"BOSS_RELIC","is_daily":false,"chose_seed":false,"campfire_upgraded":0,"win_rate":0.0,"timestamp":1611819683,"path_taken":["M","?","?","?","M","E","M","M","T","E","M","E","$","?","R","BOSS"],"items_purchased_type":["Relic","Relic","Card"],"build_version":"2020-12-22","purchased_purges":1,"victory":false,"max_hp_per_floor":[80,80,80,80,80,80,80,80,80,80,80,80,80,80,80,80,80],"card_choices":[{"not_picked":["yuri:HeavierStrike","yuri:TPose","yuri:GlitchedStrike"],"picked":"SKIP","floor":1.0},{"not_picked":["yuri:yuriQuickStrike","yuri:ConsumeGlitch"],"picked":"yuri:HeavierStrike","floor":4.0},{"not_picked":["yuri:Skip","yuri:StealPen"],"picked":"yuri:InsanityDefense","floor":5.0},{"not_picked":["yuri:Parry","yuri:DebugCard","yuri:BookPurple"],"picked":"SKIP","floor":6.0},{"not_picked":["yuri:DebugCard","yuri:BookPurple"],"picked":"yuri:Parry","floor":6.0},{"not_picked":["yuri:TPose","yuri:ChibiInvasion"],"picked":"yuri:RecklessStrike","floor":7.0},{"not_picked":["yuri:CorruptHitbox","yuri:ThrowingKnives"],"picked":"yuri:WickedSlash","floor":8.0},{"not_picked":["yuri:Stalk","yuri:ThornRemove"],"picked":"yuri:TeaSet","floor":10.0},{"not_picked":["yuri:ExploitStrike","yuri:ReactiveMadness","yuri:WickedSlash"],"picked":"SKIP","floor":11.0},{"not_picked":["yuri:Skip","yuri:MPose"],"picked":"yuri:InsanityDefense","floor":12.0}],"player_experience":363408,"relics_obtained":[{"floor":6.0,"key":"DemoMod:PoisonVial"},{"floor":10.0,"key":"Meat on the Bone"},{"floor":12.0,"key":"Ginger"},{"floor":15.0,"key":"Girya"}],"event_choices":[{"damage_healed":0.0,"max_hp_gain":0.0,"max_hp_loss":0.0,"gold_gain":0.0,"event_name":"Shining Light","player_choice":"Entered Light","floor":2.0,"gold_loss":0.0,"damage_taken":16.0,"cards_upgraded":["yuri:yuriDefend","yuri:yuriStrike"]},{"damage_healed":0.0,"max_hp_gain":0.0,"max_hp_loss":0.0,"gold_gain":0.0,"event_name":"Accursed Blacksmith","player_choice":"Forge","floor":3.0,"gold_loss":0.0,"damage_taken":0.0,"cards_upgraded":["yuri:yuriStab"]},{"damage_healed":0.0,"max_hp_gain":0.0,"max_hp_loss":0.0,"gold_gain":75.0,"event_name":"World of Goop","player_choice":"Gather Gold","floor":14.0,"gold_loss":0.0,"damage_taken":11.0}],"is_beta":false,"boss_relics":[],"items_purged_floors":[13],"is_endless":false,"potions_floor_spawned":[1,4,6,12],"killed_by":"Hexaghost","ascension_level":1}}