{"host":"v3oldak69fx1zt0p","time":1611811658,"event":{"mods":["BaseMod","Downfall","Hermit","Minty Spire (QoL Compilation)","Quick Restart","StSLib","Waifu the Spire","noobMod"],"gold_per_floor":[117,117,129,129,154,180,195,213,238,268,292,308,308,343,343,453,453,475,501,513,542,74,74,108,108,155,194,209,69,69,69,69,175,175,198,216,70,70,120,120,152,152,178,189,204,241,252,284,284,284,284,284,130,166,166],"floor_reached":56,"language":"ENG","playtime":2993,"items_purged":["hermit:RoundhouseKick"],"score":1557,"play_id":"b24650f1-b098-4fdb-bfe2-df46c8865594","local_time":"20210127232738","is_ascension_mode":true,"campfire_choices":[{"data":"hermit:TakeCover","floor":13,"key":"SMITH"},{"data":"hermit:Roulette","floor":15,"key":"SMITH"},{"floor":23,"key":"REST"},{"floor":30,"key":"REST"},{"floor":32,"key":"REST"},{"floor":40,"key":"REST"},{"floor":42,"key":"RECALL"},{"floor":49,"key":"REST"},{"data":"hermit:Maintenance","floor":52,"key":"SMITH"}],"circlet_count":0,"master_deck":["hermit:Strike_Hermit+1","hermit:Strike_Hermit+1","hermit:Strike_Hermit+1","hermit:Defend_Hermit+1","hermit:Defend_Hermit+1","hermit:Defend_Hermit+1","hermit:Defend_Hermit+1","hermit:Snapshot+1","hermit:Covet","hermit:HighCaliber+1","hermit:Headshot","hermit:TakeCover+1","hermit:Scavenge","hermit:TakeAim","hermit:GoldenBullet","hermit:GoldenBullet","hermit:Roulette+1","hermit:BlackWind","CurseOfTheBell","hermit:GhostlyPresence","hermit:Manifest","hermit:LoneWolf+1","hermit:Maintenance+1","hermit:Determination","hermit:HoleUp","hermit:FromBeyond","hermit:ShadowCloak","hermit:CalledShot","hermit:HighNoon","hermit:Ricochet+1","hermit:Ricochet","Dramatic Entrance","Panache","Panacea","hermit:Brawl","hermit:SprayPray","hermit:Gestalt","hermit:Shortfuse","hermit:Snipe+1","hermit:Shortfuse+1","hermit:Determination"],"relics":["hermit:Momento","ice","Art of War","Strawberry","Potion Belt","Letter Opener","Calling Bell","MawBank","Darkstone Periapt","Pocketwatch","Bronze Scales","Sling","Centennial Puzzle","Omamori","hermit:BartenderGlass","PreservedInsect","StoneCalendar","Pen Nib","Toy Ornithopter","Incense Burner","Juzu Bracelet","Pear"],"acts_visited":["Exordium","TheCity","TheBeyond","TheEnding"],"potions_floor_usage":[6,7,8,12,24,24,27,27,33,39,44,44,44,45,45,46,48,50,50,50,50,54,54,54,54],"damage_taken":[{"damage":12,"enemies":"Jaw Worm","floor":1,"turns":2},{"damage":0,"enemies":"Cultist","floor":3,"turns":3},{"damage":30,"enemies":"3 Sentries","floor":6,"turns":5},{"damage":8,"enemies":"Small Slimes","floor":7,"turns":3},{"damage":6,"enemies":"Exordium Thugs","floor":8,"turns":3},{"damage":10,"enemies":"Exordium Wildlife","floor":11,"turns":3},{"damage":0,"enemies":"2 Fungi Beasts","floor":12,"turns":2},{"damage":24,"enemies":"Gremlin Nob","floor":14,"turns":4},{"damage":13,"enemies":"Hexaghost","floor":16,"turns":10},{"damage":22,"enemies":"Shell Parasite","floor":18,"turns":4},{"damage":48,"enemies":"3 Byrds","floor":19,"turns":6},{"damage":10,"enemies":"Snake Plant","floor":21,"turns":2},{"damage":30,"enemies":"Gremlin Leader","floor":24,"turns":8},{"damage":22,"enemies":"Book of Stabbing","floor":27,"turns":5},{"damage":7,"enemies":"Centurion and Healer","floor":28,"turns":4},{"damage":21,"enemies":"Champ","floor":33,"turns":9},{"damage":47,"enemies":"3 Darklings","floor":35,"turns":7},{"damage":12,"enemies":"3 Shapes","floor":36,"turns":3},{"damage":65,"enemies":"2 Orb Walkers","floor":39,"turns":4},{"damage":17,"enemies":"Nemesis","floor":41,"turns":3},{"damage":39,"enemies":"Maw","floor":44,"turns":5},{"damage":26,"enemies":"3 Darklings","floor":45,"turns":4},{"damage":14,"enemies":"Giant Head","floor":46,"turns":5},{"damage":16,"enemies":"Writhing Mass","floor":47,"turns":2},{"damage":1,"enemies":"Nemesis","floor":48,"turns":5},{"damage":117,"enemies":"Donu and Deca","floor":50,"turns":8},{"damage":59,"enemies":"Shield and Spear","floor":54,"turns":6},{"damage":202,"enemies":"The Heart","floor":55,"turns":8}],"seed_played":"6221628925537403672","potions_obtained":[{"floor":3,"key":"PowerPotion"},{"floor":6,"key":"DistilledChaos"},{"floor":7,"key":"Regen Potion"},{"floor":11,"key":"FearPotion"},{"floor":18,"key":"sneckomod:MuddlingPotion"},{"floor":19,"key":"champ:CounterPotion"},{"floor":20,"key":"Slimebound:ThreeZeroPotion"},{"floor":20,"key":"FairyPotion"},{"floor":20,"key":"SkillPotion"},{"floor":28,"key":"SkillPotion"},{"floor":35,"key":"champ:CounterPotion"},{"floor":39,"key":"hermit:Eclipse"},{"floor":45,"key":"EntropicBrew"},{"floor":46,"key":"SkillPotion"}],"is_trial":false,"path_per_floor":["M","?","M","?","T","E","M","M","T","?","M","M","R","E","R","B",null,"M","M","?","M","$","R","E","?","T","E","M","$","R","?","R","B",null,"M","M","$","?","?","R","E","R","T","M","M","E","M","E","R","B",null,"R","$","E","B",null],"character_chosen":"HERMIT","items_purchased":["hermit:Maintenance","hermit:Determination","Bronze Scales","Sling","hermit:HoleUp","hermit:HighNoon","PreservedInsect","hermit:Determination"],"campfire_rested":5,"item_purchase_floors":[22,22,22,22,22,29,37,53],"current_hp_per_floor":[63,63,63,48,48,25,17,20,20,20,82,82,82,58,58,45,103,81,33,33,23,23,67,37,37,37,15,8,8,62,62,116,95,185,138,126,126,116,51,112,95,95,95,71,55,46,30,34,100,8,241,241,241,197,307],"gold":166,"neow_bonus":"REMOVE_CARD","is_daily":false,"chose_seed":false,"campfire_upgraded":3,"win_rate":0.0,"timestamp":1611811658,"path_taken":["M","?","?","?","?","E","M","M","T","?","M","M","R","E","R","BOSS","M","M","?","?","$","R","E","?","T","E","M","$","R","?","R","BOSS","M","M","$","?","?","R","E","R","T","M","M","E","M","E","R","BOSS","R","$","E","BOSS"],"items_purchased_type":["Card","Card","Relic","Relic","Card","Card","Relic","Card"],"build_version":"2020-12-22","purchased_purges":1,"victory":true,"max_hp_per_floor":[75,75,75,75,75,82,82,82,82,82,82,82,82,84,84,103,103,108,144,144,147,147,147,164,164,164,174,180,180,180,180,180,185,185,195,198,198,198,204,204,207,207,207,210,215,217,218,222,222,241,241,241,241,260,329],"card_choices":[{"not_picked":["hermit:ItchyTrigger","hermit:Horror"],"picked":"hermit:HighCaliber","floor":1},{"not_picked":["hermit:GhostlyPresence","hermit:Manifest"],"picked":"hermit:Headshot","floor":3},{"not_picked":["hermit:WideOpen","hermit:Quickdraw"],"picked":"hermit:TakeCover","floor":6},{"not_picked":["hermit:Manifest","hermit:Misfire"],"picked":"hermit:Scavenge","floor":7},{"not_picked":["hermit:SprayPray","hermit:Malice"],"picked":"hermit:TakeAim","floor":8},{"not_picked":["hermit:Coalescence","hermit:Malice"],"picked":"hermit:GoldenBullet","floor":11},{"not_picked":["hermit:TakeAim","hermit:HeroicBravado"],"picked":"hermit:GoldenBullet","floor":12},{"not_picked":["hermit:EyeOfTheStorm","hermit:NoHoldsBarred"],"picked":"hermit:Roulette","floor":14},{"not_picked":["hermit:FinalCanter","hermit:FatalDesire"],"picked":"hermit:BlackWind","floor":16},{"not_picked":["hermit:Desperado+1","hermit:Snipe"],"picked":"hermit:GhostlyPresence","floor":18},{"not_picked":["hermit:Headshot+1","hermit:Dive"],"picked":"hermit:Manifest","floor":19},{"not_picked":["hermit:LowProfile+1","hermit:Coalescence"],"picked":"hermit:LoneWolf+1","floor":21},{"not_picked":["hermit:GhostlyPresence","hermit:Spite+1"],"picked":"hermit:FromBeyond","floor":24},{"not_picked":["hermit:Glare","hermit:HoleUp"],"picked":"hermit:ShadowCloak","floor":27},{"not_picked":["hermit:TrackingShot","hermit:TakeAim"],"picked":"hermit:CalledShot","floor":28},{"not_picked":["hermit:Purgatory","hermit:Gambit"],"picked":"hermit:RoundhouseKick","floor":33},{"not_picked":["hermit:Headshot","hermit:Glare"],"picked":"hermit:Ricochet+1","floor":35},{"not_picked":["hermit:Vantage+1","hermit:Coalescence+1"],"picked":"hermit:Ricochet","floor":36},{"not_picked":["Discovery","Madness"],"picked":"Dramatic Entrance","floor":38},{"not_picked":["Enlightenment","Panacea"],"picked":"Panache","floor":38},{"not_picked":["Metamorphosis","Good Instincts"],"picked":"Panacea","floor":38},{"not_picked":["hermit:Deadeye","hermit:Showdown+1"],"picked":"hermit:Brawl","floor":39},{"not_picked":["hermit:Midnight","hermit:Desperado+1"],"picked":"hermit:SprayPray","floor":41},{"not_picked":["hermit:Misfire+1","hermit:WideOpen+1"],"picked":"hermit:Gestalt","floor":44},{"not_picked":["hermit:SprayPray+1","hermit:ShadowCloak+1"],"picked":"hermit:Shortfuse","floor":45},{"not_picked":["hermit:Virtue","hermit:Coalescence+1"],"picked":"hermit:Snipe+1","floor":46},{"not_picked":["hermit:Purgatory","hermit:Midnight","hermit:Grudge"],"picked":"SKIP","floor":47},{"not_picked":["hermit:Malice","hermit:Ricochet"],"picked":"hermit:Shortfuse+1","floor":48},{"not_picked":["hermit:Grudge+1","hermit:Headshot","hermit:Glare+1"],"picked":"SKIP","floor":54}],"player_experience":160020,"relics_obtained":[{"floor":5,"key":"Art of War"},{"floor":6,"key":"Strawberry"},{"floor":9,"key":"Potion Belt"},{"floor":14,"key":"Letter Opener"},{"floor":17,"key":"MawBank"},{"floor":17,"key":"Darkstone Periapt"},{"floor":17,"key":"Pocketwatch"},{"floor":24,"key":"Centennial Puzzle"},{"floor":27,"key":"Omamori"},{"floor":39,"key":"StoneCalendar"},{"floor":41,"key":"Pen Nib"},{"floor":43,"key":"Toy Ornithopter"},{"floor":46,"key":"Incense Burner"},{"floor":48,"key":"Juzu Bracelet"},{"floor":54,"key":"Pear"}],"event_choices":[{"damage_healed":0,"gold_gain":0,"player_choice":"Upgraded","damage_taken":0,"max_hp_gain":0,"max_hp_loss":0,"event_name":"Upgrade Shrine","floor":2,"gold_loss":0,"cards_upgraded":["hermit:HighCaliber"]},{"damage_healed":0,"gold_gain":0,"player_choice":"Entered Light","damage_taken":15,"max_hp_gain":0,"max_hp_loss":0,"event_name":"Shining Light","floor":4,"gold_loss":0,"cards_upgraded":["hermit:Defend_Hermit","hermit:Snapshot"]},{"damage_healed":0,"gold_gain":30,"player_choice":"Searched \u00271\u0027 times","damage_taken":0,"max_hp_gain":0,"max_hp_loss":0,"event_name":"Dead Adventurer","floor":10,"gold_loss":0},{"damage_healed":0,"gold_gain":0,"player_choice":"Got Potions","damage_taken":0,"max_hp_gain":0,"max_hp_loss":0,"event_name":"Lab","floor":20,"gold_loss":0},{"damage_healed":0,"gold_gain":0,"player_choice":"Simplicity","damage_taken":0,"max_hp_gain":0,"max_hp_loss":0,"event_name":"Back to Basics","floor":25,"gold_loss":0,"cards_upgraded":["hermit:Strike_Hermit","hermit:Strike_Hermit","hermit:Strike_Hermit","hermit:Defend_Hermit","hermit:Defend_Hermit","hermit:Defend_Hermit"]},{"damage_healed":0,"gold_gain":0,"player_choice":"Memory 3","damage_taken":10,"max_hp_gain":0,"max_hp_loss":0,"event_name":"SensoryStone","floor":38,"gold_loss":0},{"damage_healed":0,"gold_gain":0,"player_choice":"Fight","damage_taken":0,"max_hp_gain":0,"max_hp_loss":0,"event_name":"Mysterious Sphere","floor":39,"gold_loss":0}],"is_beta":false,"boss_relics":[{"not_picked":["Pandora\u0027s Box","Fusion Hammer"],"picked":"Calling Bell"},{"not_picked":["hermit:DentedPlate","Busted Crown"],"picked":"hermit:BartenderGlass"}],"items_purged_floors":[53],"is_endless":false,"potions_floor_spawned":[3,6,7,11,18,19,21,28,35,39,45,46],"ascension_level":4}}