{"host":"3y33rrrkia6pkpow","time":1611857654,"event":{"mods":["2.2 Compatiblity","AchievementEnabler","Act Like it!","BaseMod","BetterRewards","Block Reminder","Colored Map","Colored Powertips","DeckTracker","Faster Ascension Climbing","Gensokyo","Highlight Path","Infinite Spire","Minty Spire (QoL Compilation)","Quick Restart","Rare Cards Sparkle","Replay The Spire","Shop Mod","Spicy Shops","StSLib","Synergy Search","The Animator","The Blue Laboratory","Unknown Chances"],"gold_per_floor":[113,128,128,147,147,182,96,96,123,123,14,14,14,14,14,87,87,100,100,212,404,404,429,429,448,471,517,477,515,181,196,196,291,291,315,315,315,315,315,346,346,2,55,83,83,100,100,100,100,106,106,106,106,0,41,75,75],"floor_reached":56,"language":"ENG","playtime":7532,"items_purged":["animator:Strike","animator:Defend","animator:Shuna"],"score":2006,"play_id":"a921115f-4047-4e2c-9521-3d654cb16ce8","local_time":"20210128121414","is_ascension_mode":true,"campfire_choices":[{"floor":10.0,"key":"REST"},{"data":"animator:Hitei","floor":12.0,"key":"SMITH"},{"data":"animator:Strike","floor":15.0,"key":"PURGE"},{"floor":24.0,"key":"REST"},{"floor":32.0,"key":"DIG"},{"floor":41.0,"key":"REST"},{"data":"Gensokyo:PrivateSquare","floor":45.0,"key":"SMITH"},{"floor":49.0,"key":"RECALL"},{"data":"animator:Hitei","floor":53.0,"key":"SMITH"}],"circlet_count":0,"master_deck":["AscendersBane","animator:Strike_AccelWorld","animator:Defend_AccelWorld+1","animator:Kuroyukihime","animator:LimeBell","animator:Shuna","animator:Shuna","animator:Hakurou","animator:HighElfArcher","animator:Vesta","animator:TsurugaMeisai","animator:YamaiSisters","infinitespire:DeathsTouch+1","animator:SanaeKochiya","animator:YamaiSisters","animator:Hitei+1","Injury","animator:MadokaKaname","animator:HighElfArcher","animator:Emonzaemon","animator:Yusa","animator:HinaKagiyama+1","animator:Curse_Dizziness","animator:Shichika","animator:Hitei+1","animator:Hakurou","animator:GoblinSlayer","animator:UneriGinkaku","animator:CrowleyEusford","animator:Hakurou","animator:Shion","animator:Kaijin","animator:Yuuichirou","animator:RoryMercury","animator:FeridBathory","animator:Shinoa","animator:Yuuichirou","Gensokyo:PrivateSquare+1","animator:Rimuru","animator:Emonzaemon+1","animator:UneriGinkaku","animator:Yuuichirou"],"relics":["animator:LivingPicture","animator:TheMissingPiece","animator:PurgingStone","Nunchaku","Juzu Bracelet","Regal Pillow","Red Skull","ReplayTheSpireMod:Ring of Exchange","Ring of Misfortune","ReplayFunnel","infinitespire:BottledMercury","animator:CursedBlade","Prayer Wheel","animator:HallowedScabbard","HornCleat","Lantern","animator:ShionDessert","animator:RacePiece","infinitespire:Midas Blood","ReplayTheSpireMod:DimensionalGlitch","Replay:Ringing Soul","Happy Flower","Ice Cream","Smiling Mask","Gensokyo:DualWield","Replay:Rubber Ducky"],"acts_visited":["Gensokyo:Gensokyo","Gensokyo:Gensokyoer","Gensokyo:Gensokyoest","TheEnding"],"potions_floor_usage":[],"damage_taken":[{"damage":2.0,"enemies":"Gensokyo:Python","floor":1.0,"turns":5.0},{"damage":2.0,"enemies":"Gensokyo:3_Fairies","floor":2.0,"turns":4.0},{"damage":0.0,"enemies":"Gensokyo:2_Kodama","floor":4.0,"turns":4.0},{"damage":9.0,"enemies":"Gensokyo:Aya","floor":6.0,"turns":4.0},{"damage":2.0,"enemies":"Gensokyo:Yukari","floor":16.0,"turns":4.0},{"damage":0.0,"enemies":"Gensokyo:AngelMirror","floor":18.0,"turns":3.0},{"damage":2.0,"enemies":"Gensokyo:AngelMirror","floor":20.0,"turns":9.0},{"damage":43.0,"enemies":"Gensokyo:Tenshi","floor":23.0,"turns":6.0},{"damage":0.0,"enemies":"Gensokyo:Chomper","floor":25.0,"turns":4.0},{"damage":1.0,"enemies":"Gensokyo:Reisen","floor":27.0,"turns":5.0},{"damage":7.0,"enemies":"Gensokyo:Monolith_and_Dog","floor":29.0,"turns":4.0},{"damage":1.0,"enemies":"Gensokyo:Wraith","floor":31.0,"turns":3.0},{"damage":40.0,"enemies":"Gensokyo:Kaguya","floor":33.0,"turns":6.0},{"damage":14.0,"enemies":"Gensokyo:AncientGuardian","floor":35.0,"turns":5.0},{"damage":0.0,"enemies":"Gensokyo:Kasen","floor":40.0,"turns":7.0},{"damage":9.0,"enemies":"Gensokyo:Doremy","floor":44.0,"turns":6.0},{"damage":6.0,"enemies":"Gensokyo:3_Bats","floor":46.0,"turns":3.0},{"damage":14.0,"enemies":"Gensokyo:Shinki","floor":50.0,"turns":13.0},{"damage":0.0,"enemies":"Gensokyo:Yuyuko","floor":51.0,"turns":7.0},{"damage":31,"enemies":"Shield and Spear","floor":55,"turns":4},{"damage":57,"enemies":"The Heart","floor":56,"turns":5}],"seed_played":"302596862169086910","potions_obtained":[{"floor":2.0,"key":"animator:FalseLifePotion"},{"floor":4.0,"key":"BlessingOfTheForge"},{"floor":6.0,"key":"Energy Potion"},{"floor":25.0,"key":"SneckoOil"},{"floor":27.0,"key":"animator:GrowthPotion"},{"floor":37.0,"key":"BlessingOfTheForge"},{"floor":37.0,"key":"CultistPotion"},{"floor":40.0,"key":"blueLaboratory:BottleOfRum"}],"is_trial":false,"path_per_floor":["M","M","?","M","?","E","$","?","T","R","$","R","?","$","R_BF","B",null,"M","?","?","?","?","E","R","M","T","E","?","M","COS","M","R_BF","B",null,"M","T","?","?","?","E","R","$","T","E","R","M","?","?","R","B","B",null,"R","$","E","B"],"character_chosen":"THE_ANIMATOR","items_purchased":["animator:Shuna","animator:Hakurou","animator:HighElfArcher","animator:Vesta","Nunchaku","animator:TsurugaMeisai","Juzu Bracelet","Regal Pillow","animator:YamaiSisters","animator:TukaLunaMarceau","animator:Hitei","Ice Cream","blueLaboratory:FrostheartPotion"],"campfire_rested":3,"item_purchase_floors":[0,0,0,0,0,0,0,0,7,11,11,42,54],"current_hp_per_floor":[46,44,28,28,28,19,19,19,19,52,52,52,52,52,52,50,58,60,60,58,58,58,26,59,59,59,58,58,51,51,51,51,21,52,39,39,39,39,42,47,69,69,69,63,63,60,60,60,60,52,52,69,69,69,49,0,0],"gold":75,"neow_bonus":"","is_daily":false,"chose_seed":true,"campfire_upgraded":3,"win_rate":0.0,"timestamp":1611857654,"path_taken":["M","M","?","M","?","E","?","?","T","R","$","R","?","?","R_BF","BOSS","M","?","?","?","?","E","R","M","T","E","?","M","COS","M","R_BF","BOSS","M","?","?","?","?","E","R","$","T","E","R","M","?","?","R","BOSS","BOSS","R","$","E","BOSS"],"items_purchased_type":["Card","Card","Card","Card","Relic","Card","Relic","Relic","Card","Card","Card","Relic","Potion"],"build_version":"2020-12-22","purchased_purges":3,"victory":false,"max_hp_per_floor":[60,60,60,60,60,60,60,60,60,60,60,60,60,60,60,60,60,60,60,60,60,60,61,61,61,61,61,61,61,61,62,62,62,62,63,63,63,63,66,69,69,69,69,72,72,75,75,75,75,75,75,75,75,75,78,78,78],"card_choices":[{"not_picked":["animator:Arpeggio","animator:YaoHaDucy"],"picked":"animator:TukaLunaMarceau","floor":1.0},{"not_picked":["animator:Shigure","animator:ReimuHakurei"],"picked":"animator:YamaiSisters","floor":2.0},{"not_picked":["infinitespire:Gouge","ReplayTheSpireMod:??????????????????????"],"picked":"infinitespire:DeathsTouch","floor":3.0},{"not_picked":["animator:Clownpiece","animator:AliceMargatroid"],"picked":"animator:SanaeKochiya","floor":4.0},{"not_picked":["animator:Souei","animator:GazelDwargon"],"picked":"animator:Shuna","floor":6.0},{"not_picked":["animator:ItamiYouji","animator:KoishiKomeiji"],"picked":"animator:MadokaKaname","floor":16.0},{"not_picked":["animator:Souei","animator:ReineMurasame"],"picked":"animator:HighElfArcher","floor":18.0},{"not_picked":["animator:NiaHonjou","animator:Mitsuba"],"picked":"animator:Emonzaemon","floor":20.0},{"not_picked":["animator:YuzuruOtonashi","animator:KyokoSakura"],"picked":"animator:Yusa","floor":21.0},{"not_picked":["animator:GuildGirl","animator:YachiyoNanami"],"picked":"animator:Shichika","floor":23.0},{"not_picked":["animator:Benimaru","animator:ZankiKiguchi"],"picked":"animator:Hitei","floor":25.0},{"not_picked":["animator:Shuna","animator:GazelDwargon"],"picked":"animator:Hakurou","floor":25.0},{"not_picked":["animator:Shion","animator:KrulTepes"],"picked":"animator:GoblinSlayer","floor":27.0},{"not_picked":["animator:Arpeggio+1","animator:HiiragiShinya"],"picked":"animator:UneriGinkaku","floor":29.0},{"not_picked":["animator:EriShiina","animator:Shigure"],"picked":"animator:CrowleyEusford","floor":29.0},{"not_picked":["animator:SuikaIbuki+1","animator:NagisaMomoe"],"picked":"animator:Yuuichirou","floor":31.0},{"not_picked":["animator:Emonzaemon","animator:GazelDwargon"],"picked":"animator:RoryMercury","floor":31.0},{"not_picked":["animator:YuriNakamura","animator:KurumiTokisaki"],"picked":"animator:FeridBathory","floor":33.0},{"not_picked":["animator:Mikaela","animator:Shigure"],"picked":"animator:Shinoa","floor":35.0},{"not_picked":["animator:Shuna","animator:SanaeKochiya"],"picked":"animator:Yuuichirou","floor":35.0},{"not_picked":["animator:Godan+1","animator:CrowleyEusford+1"],"picked":"animator:Rimuru","floor":40.0},{"not_picked":["animator:KyokoSakura","animator:MarisaKirisame+1"],"picked":"animator:Emonzaemon+1","floor":44.0},{"not_picked":["animator:Natsumi","animator:Shinoa+1"],"picked":"animator:UneriGinkaku","floor":46.0},{"not_picked":["animator:TukaLunaMarceau","animator:YaoHaDucy+1","animator:Shuna"],"picked":"SKIP","floor":46.0},{"not_picked":["animator:Shinoa","animator:KrulTepes"],"picked":"animator:Yuuichirou","floor":55}],"player_experience":923874,"relics_obtained":[{"floor":6.0,"key":"Red Skull"},{"floor":8.0,"key":"ReplayTheSpireMod:Ring of Exchange"},{"floor":8.0,"key":"Ring of Misfortune"},{"floor":9.0,"key":"ReplayFunnel"},{"floor":20.0,"key":"Prayer Wheel"},{"floor":20.0,"key":"animator:HallowedScabbard"},{"floor":23.0,"key":"HornCleat"},{"floor":26.0,"key":"Lantern"},{"floor":27.0,"key":"animator:ShionDessert"},{"floor":32.0,"key":"infinitespire:Midas Blood"},{"floor":36.0,"key":"Replay:Ringing Soul"},{"floor":40.0,"key":"Happy Flower"},{"floor":44.0,"key":"Smiling Mask"},{"floor":55,"key":"Replay:Rubber Ducky"}],"event_choices":[],"is_beta":false,"boss_relics":[{"not_picked":["ReplayTheSpireMod:CursedCoin","animator:ColorlessFragment"],"picked":"animator:CursedBlade"},{"not_picked":["infinitespire:Chaos","Toolbox"],"picked":"ReplayTheSpireMod:DimensionalGlitch"}],"items_purged_floors":[0,0,54],"is_endless":false,"potions_floor_spawned":[2,4,6,20,25,27,40,46],"killed_by":"The Heart","ascension_level":20}}