{"host":"ojezjkpqju62j8xy","time":1611837279,"event":{"mods":["ATMod(°¢èªMod)","Act Like it!","Aspiration","BaseMod","Conspire","Minty Spire (QoL Compilation)","Pale of the Ancients","Replay The Spire","Spicy Shops","StSLib","[GremlinLeader]The Maniac","¡¾ÒÅÎï¿¨ÅÆ¡¿REMEMod"],"gold_per_floor":[112,112,137,155,165,340,340,368,447,489,489,489,532,559,559,673,673,704,733,733,648,648,689,29,53,53,79,125,125,172,232,232,148,148],"floor_reached":33,"language":"ZHS","playtime":1121,"items_purged":["Doubt","Doubt"],"score":510,"play_id":"3caa596f-3aaa-4126-af2e-7ecefeaca80d","local_time":"20210128203439","is_ascension_mode":true,"campfire_choices":[{"data":"Regret","floor":7.0,"key":"PURGE"},{"floor":12.0,"key":"REST"},{"floor":15,"key":"RECALL"},{"floor":29,"key":"REST"},{"floor":32,"key":"REST"}],"circlet_count":0,"master_deck":["AscendersBane","Strike_B","Strike_B","Strike_B","Strike_B","Defend_B","Defend_B","Defend_B","Defend_B","Zap","AT_OneInchPunch","REME_MawOfCthun","REME_DataAnalysis","Conserve Battery","Ball Lightning","REME_DataAnalysis","Meteor Strike","FTL","Bash","Cold Snap","WeaponsOverheat","Seek","AT_ThunderBolt","Cold Snap","Spreading Infection","Seek","Static Discharge","ReplayTheSpireMod:IOU","Specialist","Turbo","Cold Snap+1","Steam","Core Surge","Stack"],"relics":["AT_ATBox","REME_ComplimentaryCards","NeowsBlessing","Peace Pipe","Replay:Antivirus Software","Replay:Bandana","Pet Ghost","Iron Core","AT_SunfireAegis","REME_DuelDisc","aspiration:Stabinomicon","Replay:Wax Seal","Ring of Shattering","Ring of Hypnosis","conspire:TopHat","Strawberry","PreservedInsect","Pantograph","Garlic","Potion Belt","Darkstone Periapt"],"acts_visited":["Exordium","TheCity"],"potions_floor_usage":[31,31],"damage_taken":[{"damage":0.0,"enemies":"Small Slimes","floor":1.0,"turns":1.0},{"damage":0.0,"enemies":"conspire:MimicChest","floor":3.0,"turns":1.0},{"damage":0.0,"enemies":"Jaw Worm","floor":4.0,"turns":1.0},{"damage":2.0,"enemies":"Cultist","floor":5.0,"turns":3.0},{"damage":11.0,"enemies":"Gremlin Nob","floor":8.0,"turns":3.0},{"damage":19.0,"enemies":"3 Sentries","floor":10.0,"turns":7.0},{"damage":3.0,"enemies":"Gremlin Nob","floor":13.0,"turns":3.0},{"damage":4,"enemies":"2 Fungi Beasts","floor":14,"turns":3},{"damage":6,"enemies":"Slime Boss","floor":16,"turns":7},{"damage":4,"enemies":"conspire:FuzzyDice","floor":18,"turns":4},{"damage":6,"enemies":"2 Thieves","floor":19,"turns":4},{"damage":15,"enemies":"Book of Stabbing","floor":23,"turns":5},{"damage":3,"enemies":"Snake Plant","floor":25,"turns":3},{"damage":1,"enemies":"Chosen and Byrds","floor":27,"turns":4},{"damage":6,"enemies":"Gremlin Leader","floor":30,"turns":2},{"damage":22,"enemies":"Shelled Parasite and Fungi","floor":31,"turns":3},{"damage":56,"enemies":"conspire:MysteriousRune","floor":33,"turns":5}],"seed_played":"-6484813863533232684","potions_obtained":[{"floor":1.0,"key":"Strength Potion"},{"floor":4.0,"key":"SmokeBomb"},{"floor":5.0,"key":"FocusPotion"},{"floor":19,"key":"Languid Potion"},{"floor":30,"key":"REME_GoldPotion"}],"is_trial":false,"path_per_floor":["M","?","?","M","M","?","R","E","T","E","?","R","E","M","R","B",null,"M","M","?","?","?","E","$","M","T","M","T","R","E","M","R","B"],"character_chosen":"DEFECT","items_purchased":["Strawberry","PreservedInsect","Pantograph","Static Discharge","Specialist","Turbo"],"campfire_rested":3,"item_purchase_floors":[24,24,24,24,24,24],"current_hp_per_floor":[68,68,68,68,66,66,66,55,55,36,36,58,55,51,51,45,68,64,58,42,42,42,27,34,31,31,30,30,54,48,26,50,0,0],"gold":148,"neow_bonus":"THREE_ENEMY_KILL","is_daily":false,"chose_seed":false,"campfire_upgraded":0,"win_rate":0.0,"timestamp":1611837279,"path_taken":["M","?","?","M","?","?","R","E","T","E","?","R","E","M","R","BOSS","M","M","?","?","?","E","$","M","T","M","?","R","E","M","R","BOSS"],"items_purchased_type":["Relic","Relic","Relic","Card","Card","Card"],"build_version":"2020-12-22","purchased_purges":2,"victory":false,"max_hp_per_floor":[75,75,75,75,75,75,75,75,75,75,75,75,75,75,75,75,75,75,75,75,75,75,75,82,82,82,82,82,82,82,82,82,82,82],"card_choices":[{"not_picked":["Double Energy","Beam Cell"],"picked":"REME_DataAnalysis","floor":1.0},{"not_picked":["BasicCrystalCard","Force Field"],"picked":"Conserve Battery","floor":3.0},{"not_picked":["Panic Button","Chill"],"picked":"Ball Lightning","floor":4.0},{"not_picked":["Rebound","AT_ThreeBodyProblem"],"picked":"REME_DataAnalysis","floor":5.0},{"not_picked":["Compile Driver","conspire:Rain"],"picked":"Meteor Strike","floor":8.0},{"not_picked":["AT_HeatAcrobatics","Leap"],"picked":"FTL","floor":10.0},{"not_picked":["Creative AI","Steam Power"],"picked":"Cold Snap","floor":13},{"not_picked":["Turbo","Go for the Eyes"],"picked":"WeaponsOverheat","floor":14},{"not_picked":["Machine Learning","Core Surge"],"picked":"Seek","floor":16},{"not_picked":["Scrape","Panic Button"],"picked":"AT_ThunderBolt","floor":18},{"not_picked":["BasicCrystalCard","Turbo"],"picked":"Cold Snap","floor":19},{"not_picked":["AT_RobotInSpace","Gash"],"picked":"Seek","floor":23},{"not_picked":["Panic Button","Conserve Battery"],"picked":"Cold Snap+1","floor":25},{"not_picked":["Cold Snap+1","Leap+1"],"picked":"Steam","floor":27},{"not_picked":["BasicCrystalCard+1","Cold Snap"],"picked":"Core Surge","floor":30},{"not_picked":["ReplayTheSpireMod:System Scan","Streamline"],"picked":"Stack","floor":31}],"player_experience":1411743,"relics_obtained":[{"floor":3.0,"key":"Replay:Antivirus Software"},{"floor":8.0,"key":"Replay:Bandana"},{"floor":10.0,"key":"Pet Ghost"},{"floor":13,"key":"AT_SunfireAegis"},{"floor":20,"key":"aspiration:Stabinomicon"},{"floor":22,"key":"Ring of Shattering"},{"floor":22,"key":"Ring of Hypnosis"},{"floor":23,"key":"conspire:TopHat"},{"floor":26,"key":"Garlic"},{"floor":28,"key":"Potion Belt"},{"floor":30,"key":"Darkstone Periapt"}],"event_choices":[{"damage_healed":0.0,"max_hp_gain":0.0,"max_hp_loss":0.0,"gold_gain":0.0,"event_name":"Big Fish","player_choice":"Box","floor":2.0,"gold_loss":0.0,"damage_taken":0.0,"relics_obtained":["Peace Pipe"],"cards_obtained":["Regret"]},{"damage_healed":0.0,"max_hp_gain":0.0,"max_hp_loss":0.0,"gold_gain":175.0,"event_name":"Liars Game","player_choice":"AGREE","floor":6.0,"gold_loss":0.0,"damage_taken":0.0,"cards_obtained":["Doubt"]},{"damage_healed":0,"gold_gain":0,"player_choice":"Obtained Book","damage_taken":16,"max_hp_gain":0,"max_hp_loss":0,"event_name":"Cursed Tome","floor":20,"gold_loss":0},{"damage_healed":0,"gold_gain":0,"player_choice":"Obtained Relic","damage_taken":0,"relics_obtained":["Replay:Wax Seal"],"max_hp_gain":0,"max_hp_loss":0,"event_name":"Addict","floor":21,"gold_loss":85}],"is_beta":false,"boss_relics":[{"not_picked":["Replay:Bronze Core","SacredBark"],"picked":"REME_DuelDisc"}],"items_purged_floors":[24,24],"is_endless":false,"potions_floor_spawned":[1,4,5,8,19,23,30],"killed_by":"conspire:MysteriousRune","ascension_level":12}}