{"host":"0awa854l6bexpjrv","time":1611797763,"event":{"mods":["BaseMod","Block Reminder","Colored Map","Colored Powertips","Downfall","Highlight Path","Minty Spire (QoL Compilation)","Quick Restart","Rare Cards Sparkle","StSLib","SuperFastMode"],"gold_per_floor":[118,138,138,156,34,68,83,94,94,112,112,137,137,164,164,267,267,278,0,0,16,16,16,16,16,43,61,61,78,90,103,103,103,103],"floor_reached":33,"language":"ENG","playtime":1999,"items_purged":["Strike_G"],"score":478,"play_id":"ee414106-8e7d-4748-bf3e-06646e8d5819","local_time":"20210127173603","is_ascension_mode":true,"campfire_choices":[{"floor":11.0,"key":"REST"},{"floor":13.0,"key":"REST"},{"floor":15.0,"key":"RECALL"},{"floor":23.0,"key":"REST"},{"floor":28.0,"key":"REST"},{"floor":32,"key":"REST"}],"circlet_count":0,"master_deck":["Strike_G","Strike_G","Strike_G","Strike_G","Defend_G","Defend_G","Defend_G","Defend_G","Defend_G","Survivor","Neutralize","Dagger Spray","Cloak And Dagger","Blade Dance","Blade Dance","A Thousand Cuts","All Out Attack","Crippling Poison","Dagger Throw","Leg Sweep","Caltrops","Burst","Sucker Punch+1","Crippling Poison+1","Swift Strike","Caltrops","Leg Sweep+1","Deadly Poison"],"relics":["Fusion Hammer","Pear","PreservedInsect","Blue Candle","The Specimen","Nunchaku","Runic Pyramid","Ginger","Toy Ornithopter"],"acts_visited":["Exordium","TheCity"],"potions_floor_usage":[33,33],"damage_taken":[{"damage":0.0,"enemies":"Cultist","floor":1.0,"turns":6.0},{"damage":2.0,"enemies":"2 Louse","floor":2.0,"turns":3.0},{"damage":4.0,"enemies":"Jaw Worm","floor":4.0,"turns":7.0},{"damage":10.0,"enemies":"3 Sentries","floor":6.0,"turns":6.0},{"damage":7.0,"enemies":"Exordium Thugs","floor":7.0,"turns":4.0},{"damage":0.0,"enemies":"2 Fungi Beasts","floor":8.0,"turns":3.0},{"damage":4.0,"enemies":"Lots of Slimes","floor":10.0,"turns":2.0},{"damage":0.0,"enemies":"Gremlin Nob","floor":12.0,"turns":2.0},{"damage":5.0,"enemies":"3 Sentries","floor":14.0,"turns":4.0},{"damage":4.0,"enemies":"Hexaghost","floor":16.0,"turns":9.0},{"damage":2.0,"enemies":"Chosen","floor":18.0,"turns":4.0},{"damage":11.0,"enemies":"Shell Parasite","floor":21.0,"turns":5.0},{"damage":2.0,"enemies":"Centurion and Healer","floor":27.0,"turns":7.0},{"damage":41,"enemies":"Sentry and Sphere","floor":29,"turns":5},{"damage":3,"enemies":"Cultist and Chosen","floor":30,"turns":5},{"damage":25,"enemies":"Snake Plant","floor":31,"turns":4},{"damage":54,"enemies":"Collector","floor":33,"turns":7}],"seed_played":"5441627591707798421","potions_obtained":[{"floor":2.0,"key":"bronze:BurnAndBuffPotion"},{"floor":4.0,"key":"Fire Potion"},{"floor":7.0,"key":"Swift Potion"},{"floor":8.0,"key":"LiquidBronze"},{"floor":12.0,"key":"Guardian:BlockOnCardUsePotion"},{"floor":16.0,"key":"LiquidMemories"},{"floor":18.0,"key":"LiquidMemories"},{"floor":21.0,"key":"LiquidBronze"},{"floor":30,"key":"bronze:BurnAndBuffPotion"}],"is_trial":false,"path_per_floor":["M","M","?","M","$","E","M","M","T","M","R","E","R","E","R","B",null,"M","?","?","M","?","R","$","?","T","M","R","M","M","M","R","B"],"character_chosen":"THE_SILENT","items_purchased":["Blade Dance"],"campfire_rested":5,"item_purchase_floors":[5],"current_hp_per_floor":[70,68,60,56,56,46,39,39,39,35,59,59,80,75,75,71,80,78,78,63,52,40,65,65,65,65,63,85,44,41,16,41,0,0],"gold":103,"neow_bonus":"BOSS_RELIC","is_daily":false,"chose_seed":false,"campfire_upgraded":0,"win_rate":0.0,"timestamp":1611797763,"path_taken":["M","M","?","M","$","E","M","M","T","M","R","E","R","E","R","BOSS","M","?","?","?","?","R","?","?","T","M","R","M","M","M","R","BOSS"],"items_purchased_type":["Card"],"build_version":"2020-12-22","purchased_purges":1,"victory":false,"max_hp_per_floor":[70,70,80,80,80,80,80,80,80,80,80,80,80,80,80,80,80,80,80,85,85,85,85,85,85,85,85,85,85,85,85,85,85,85],"card_choices":[{"not_picked":["Slice","Dagger Throw"],"picked":"Dagger Spray","floor":1.0},{"not_picked":["Tactician","Setup"],"picked":"Cloak And Dagger","floor":2.0},{"not_picked":["Concentrate","Dodge and Roll"],"picked":"Blade Dance","floor":4.0},{"not_picked":["Dagger Spray","Deflect"],"picked":"A Thousand Cuts","floor":6.0},{"not_picked":["Poisoned Stab","Bane"],"picked":"All Out Attack","floor":7.0},{"not_picked":["Dodge and Roll","Quick Slash"],"picked":"Crippling Poison","floor":8.0},{"not_picked":["Bane","Dagger Spray"],"picked":"Dagger Throw","floor":10.0},{"not_picked":["Blade Dance","Dagger Spray"],"picked":"Leg Sweep","floor":12.0},{"not_picked":["Outmaneuver","Poisoned Stab"],"picked":"Caltrops","floor":14.0},{"not_picked":["Glass Knife","Grand Finale"],"picked":"Burst","floor":16.0},{"not_picked":["Underhanded Strike","Dodge and Roll"],"picked":"Sucker Punch+1","floor":18.0},{"not_picked":["Quick Slash+1","Distraction"],"picked":"Crippling Poison+1","floor":21.0},{"not_picked":["Prepared","Flechettes+1","Quick Slash"],"picked":"SKIP","floor":27.0},{"not_picked":["Outmaneuver","Well Laid Plans"],"picked":"Caltrops","floor":29},{"not_picked":["Backflip","Heel Hook+1"],"picked":"Leg Sweep+1","floor":30},{"not_picked":["Dagger Spray","Bane"],"picked":"Deadly Poison","floor":31}],"player_experience":649225,"relics_obtained":[{"floor":6.0,"key":"PreservedInsect"},{"floor":9.0,"key":"Blue Candle"},{"floor":12.0,"key":"The Specimen"},{"floor":14.0,"key":"Nunchaku"},{"floor":26.0,"key":"Toy Ornithopter"}],"event_choices":[{"damage_healed":0.0,"max_hp_gain":0.0,"max_hp_loss":0.0,"gold_gain":0.0,"event_name":"Scrap Ooze","player_choice":"Success","floor":3.0,"gold_loss":0.0,"damage_taken":18.0,"relics_obtained":["Pear"]},{"damage_healed":0.0,"max_hp_gain":0.0,"max_hp_loss":0.0,"gold_gain":0.0,"event_name":"Masked Bandits","player_choice":"Paid Fearfully","floor":19.0,"gold_loss":278.0,"damage_taken":0.0},{"damage_healed":0.0,"max_hp_gain":5.0,"max_hp_loss":0.0,"gold_gain":0.0,"event_name":"Forgotten Altar","player_choice":"Shed Blood","floor":20.0,"gold_loss":0.0,"damage_taken":20.0},{"damage_healed":0.0,"max_hp_gain":0.0,"max_hp_loss":0.0,"gold_gain":0.0,"event_name":"Knowing Skull","player_choice":"CARD ","floor":22.0,"potions_obtained":[],"gold_loss":0.0,"damage_taken":12.0,"cards_obtained":["Swift Strike"]},{"damage_healed":0.0,"max_hp_gain":0.0,"max_hp_loss":0.0,"gold_gain":0.0,"event_name":"WeMeetAgain","player_choice":"Gave Potion","floor":25.0,"gold_loss":0.0,"damage_taken":0.0,"relics_obtained":["Ginger"]}],"is_beta":false,"boss_relics":[{"not_picked":["Black Star","Velvet Choker"],"picked":"Runic Pyramid"}],"items_purged_floors":[5],"is_endless":false,"potions_floor_spawned":[2,4,7,8,12,16,18,21,30],"killed_by":"Collector","ascension_level":3}}