{"host":"drjz7zl15rqtgg20","time":1611848398,"event":{"mods":["BaseMod","Downfall","Minty Spire (QoL Compilation)","StSLib"],"gold_per_floor":[99,114,127,73,92,125,125,125,156,166,185,210,10,10,28,130,130,130,140,140,154,167,200,200,230,247,260,287,287,300,58,68,166,216,216,236,121,135,135,170,217,233,262,315,344,354,374,408,308,308,308,343,75,75,75,75],"floor_reached":57,"language":"ENG","playtime":4135,"items_purged":["Slimebound:Strike_Slimebound","Slimebound:Strike_Slimebound","Slimebound:Tackle"],"score":1560,"play_id":"79f79f47-1f61-4610-8778-011694dcb7c2","local_time":"20210128103958","is_ascension_mode":true,"campfire_choices":[{"floor":1,"key":"RECALL"},{"data":"Dramatic Entrance","floor":13,"key":"SMITH"},{"data":"Slimebound:Repurpose","floor":18,"key":"SMITH"},{"data":"Slimebound:GoopTackle","floor":29,"key":"SMITH"},{"data":"Slimebound:RollThrough","floor":35,"key":"SMITH"},{"data":"Slimebound:SelfFormingGoo","floor":49,"key":"SMITH"},{"floor":54,"key":"REST"}],"circlet_count":0,"master_deck":["Slimebound:Strike_Slimebound+1","Slimebound:Defend_Slimebound","Slimebound:Defend_Slimebound","Slimebound:Defend_Slimebound","Slimebound:Defend_Slimebound","Slimebound:Split","Slimebound:CorrosiveSpit","Dramatic Entrance+1","Slimebound:RollThrough+1","Slimebound:Recollect","Slimebound:GoopTackle+1","Slimebound:Recollect","Slimebound:SplitLeeching","Slimebound:SplitLeeching","Slimebound:GoopSpray","Slimebound:Split","Slimebound:LeechLife","Slimebound:Repurpose+1","Slimebound:GrowthPunch+1","Slimebound:SplitAcid+1","Slimebound:SplitBruiser+1","Slimebound:SplitMire+1","Slimebound:LeadByExample+1","Slimebound:GoopSpray+1","Slimebound:FirmFortitude+1","Slimebound:LevelUp+1","Slimebound:LevelUp+1","Slimebound:Prepare+1","Slimebound:MassRepurpose+1","Slimebound:Prepare+1","Slimebound:RallyTheTroops","Slimebound:GoopSpray+1","Slimebound:LivingWall+1","Slimebound:SelfFormingGoo+1","Slimebound:Recollect+1","Slimebound:LevelUp+1","Slimebound:RainOfGoop+1"],"relics":["Slimebound:AbsorbEndCombat","Gambling Chip","Pocketwatch","Prayer Wheel","Odd Mushroom","downfall:HeartBlessingRed","downfall:HeartBlessingBlue","Philosopher\u0027s Stone","Toxic Egg 2","Lantern","HornCleat","Boot","DollysMirror","Tiny House","Oddly Smooth Stone","Bronze Scales","Unceasing Top","Slimebound:AggressiveSlimeRelic","Art of War","Blood Vial","downfall:HeartBlessingGreen","Bag of Preparation","Happy Flower"],"acts_visited":["Exordium","TheCity","TheBeyond","TheEnding"],"potions_floor_usage":[23,28,38,42,52,56,56],"damage_taken":[{"damage":0,"enemies":"2 Louse","floor":2,"turns":1},{"damage":0,"enemies":"Small Slimes","floor":3,"turns":2},{"damage":2,"enemies":"downfall:FleeingMerchant","floor":4,"turns":4},{"damage":0,"enemies":"Cultist","floor":5,"turns":2},{"damage":1,"enemies":"3 Sentries","floor":6,"turns":4},{"damage":4,"enemies":"Lagavulin","floor":9,"turns":6},{"damage":0,"enemies":"Exordium Wildlife","floor":10,"turns":2},{"damage":0,"enemies":"Blue Slaver","floor":11,"turns":3},{"damage":4,"enemies":"The Mushroom Lair","floor":12,"turns":2},{"damage":0,"enemies":"Gremlin Gang","floor":15,"turns":1},{"damage":14,"enemies":"SI_SHIV_ARCHETYPE","floor":16,"turns":7},{"damage":0,"enemies":"3 Byrds","floor":19,"turns":2},{"damage":0,"enemies":"Chosen","floor":21,"turns":4},{"damage":19,"enemies":"Snake Plant","floor":22,"turns":4},{"damage":35,"enemies":"Book of Stabbing","floor":23,"turns":5},{"damage":0,"enemies":"Gremlin Leader","floor":25,"turns":5},{"damage":0,"enemies":"Snecko","floor":26,"turns":4},{"damage":0,"enemies":"3 Cultists","floor":27,"turns":3},{"damage":0,"enemies":"Slavers","floor":28,"turns":2},{"damage":0,"enemies":"Snake Plant","floor":30,"turns":3},{"damage":0,"enemies":"downfall:FleeingMerchant","floor":31,"turns":4},{"damage":0,"enemies":"Snecko","floor":32,"turns":3},{"damage":34,"enemies":"IC_MUSHROOM_ARCHETYPE","floor":33,"turns":5},{"damage":2,"enemies":"Orb Walker","floor":36,"turns":2},{"damage":6,"enemies":"downfall:FleeingMerchant","floor":37,"turns":4},{"damage":0,"enemies":"3 Darklings","floor":38,"turns":4},{"damage":13,"enemies":"Reptomancer","floor":40,"turns":4},{"damage":28,"enemies":"Jaw Worm Horde","floor":42,"turns":3},{"damage":14,"enemies":"Giant Head","floor":43,"turns":8},{"damage":0,"enemies":"Reptomancer","floor":45,"turns":4},{"damage":0,"enemies":"Sphere and 2 Shapes","floor":46,"turns":3},{"damage":9,"enemies":"Spire Growth","floor":47,"turns":4},{"damage":7,"enemies":"Nemesis","floor":48,"turns":5},{"damage":19,"enemies":"DF_ARCHETYPE_ORBS","floor":50,"turns":6},{"damage":56,"enemies":"downfall:CharBossMerchant","floor":52,"turns":7},{"damage":31,"enemies":"downfall:NeowBoss","floor":55,"turns":12},{"damage":65,"enemies":"downfall:NeowBossFinal","floor":56,"turns":10}],"seed_played":"8990717189057078572","potions_obtained":[{"floor":2,"key":"Guardian:BlockOnCardUsePotion"},{"floor":5,"key":"Strength Potion"},{"floor":9,"key":"Energy Potion"},{"floor":10,"key":"Explosive Potion"},{"floor":23,"key":"Energy Potion"},{"floor":30,"key":"Weak Potion"},{"floor":38,"key":"sneckomod:MuddlingPotion"},{"floor":40,"key":"SkillPotion"},{"floor":43,"key":"Weak Potion"},{"floor":45,"key":"Explosive Potion"}],"is_trial":false,"path_per_floor":["R","M","M","$","M","E","T","?","E","M","M","?","R","?","M","B",null,"R","M","T","M","M","E","T","E","M","M","E","R","M","$","M","B",null,"R","M","$","M","?","E","T","M","E","T","E","M","M","E","R","B",null,"E","$","R","B","B",null],"character_chosen":"SLIMEBOUND","items_purchased":["Slimebound:Recollect","DollysMirror","Happy Flower"],"campfire_rested":1,"item_purchase_floors":[4,31,53],"current_hp_per_floor":[65,65,65,65,65,64,64,39,39,41,43,43,53,53,53,45,75,75,75,75,75,68,42,42,48,60,64,70,70,74,75,75,49,80,80,80,76,80,80,67,67,45,39,39,47,51,44,45,45,44,80,26,26,50,31,6],"gold":75,"neow_bonus":"RANDOM_COLORLESS","is_daily":false,"chose_seed":false,"campfire_upgraded":5,"win_rate":0.0,"timestamp":1611848398,"path_taken":["R","M","M","$","M","E","T","?","E","M","M","?","R","?","M","BOSS","R","M","?","M","M","E","T","E","M","M","E","R","M","$","M","BOSS","R","M","$","M","?","E","T","M","E","?","E","M","M","E","R","BOSS","E","$","R","BOSS","BOSS"],"items_purchased_type":["Card","Relic","Relic"],"build_version":"2020-12-22","purchased_purges":3,"victory":true,"max_hp_per_floor":[65,65,65,65,65,65,65,65,65,65,65,65,75,75,75,75,75,75,75,75,75,75,75,75,75,75,75,75,75,75,75,75,75,80,80,80,80,80,80,80,80,80,80,80,80,80,80,80,80,80,80,80,80,80,80,80],"card_choices":[{"not_picked":["Forethought","Blind"],"picked":"Dramatic Entrance","floor":0},{"not_picked":["Slimebound:HungryTackle","Slimebound:LeechingTouch"],"picked":"Slimebound:RollThrough","floor":2},{"not_picked":["Slimebound:FinishingTackle","Slimebound:Schlurp"],"picked":"Slimebound:Recollect","floor":3},{"not_picked":["Slimebound:OneTwoCombo","Slimebound:DivideAndConquer"],"picked":"Slimebound:GoopTackle","floor":4},{"not_picked":["Slimebound:TongueLash","Slimebound:FlameTackle"],"picked":"Slimebound:SplitLeeching","floor":5},{"not_picked":["Slimebound:PressTheAttack","Slimebound:LivingWall","Slimebound:Recollect"],"picked":"SKIP","floor":6},{"not_picked":["Slimebound:Schlurp","Slimebound:Dissolve","Slimebound:DisruptingSlam"],"picked":"SKIP","floor":9},{"not_picked":["Slimebound:Gluttony","Slimebound:Chomp"],"picked":"Slimebound:SplitLeeching","floor":10},{"not_picked":["Slimebound:ServeAndProtect","Slimebound:SpikyOuterGoop","Slimebound:FormOfPuddle"],"picked":"SKIP","floor":10},{"not_picked":["Slimebound:HauntingLick","Slimebound:TongueLash"],"picked":"Slimebound:GoopSpray","floor":11},{"not_picked":["Slimebound:DuplicatedForm","Slimebound:Gluttony","Slimebound:SamplingLick"],"picked":"SKIP","floor":11},{"not_picked":["Slimebound:ServeAndProtect","Slimebound:Schlurp"],"picked":"Slimebound:Repurpose","floor":15},{"not_picked":["Slimebound:GoopSpray","Slimebound:ComboTackle","Slimebound:LeechEnergy"],"picked":"SKIP","floor":15},{"not_picked":["Slimebound:GoopSpray","Slimebound:Schlurp","Slimebound:SplitLeeching"],"picked":"SKIP","floor":19},{"not_picked":["Slimebound:ComboTackle","Slimebound:PressTheAttack","Slimebound:Dissolve"],"picked":"SKIP","floor":19},{"not_picked":["Slimebound:MassFeed","Slimebound:ItLooksTasty+1"],"picked":"Slimebound:GrowthPunch+1","floor":21},{"not_picked":["Slimebound:DisruptingSlam","Slimebound:ItLooksTasty","Slimebound:HauntingLick+1"],"picked":"SKIP","floor":21},{"not_picked":["Slimebound:PressTheAttack","Slimebound:ProtectTheBoss+1"],"picked":"Slimebound:SplitAcid+1","floor":22},{"not_picked":["Slimebound:Schlurp+1","Slimebound:GoopSpray+1","Slimebound:ItLooksTasty+1"],"picked":"SKIP","floor":22},{"not_picked":["Slimebound:HauntingLick+1","Slimebound:SamplingLick+1"],"picked":"Slimebound:SplitBruiser+1","floor":23},{"not_picked":["Slimebound:FlameTackle","Slimebound:SplitBruiser+1"],"picked":"Slimebound:SplitMire+1","floor":25},{"not_picked":["Slimebound:DivideAndConquer","Slimebound:SamplingLick+1"],"picked":"Slimebound:LeadByExample+1","floor":26},{"not_picked":["Slimebound:Replication+1","Slimebound:DisruptingSlam+1","Slimebound:SplitAcid+1"],"picked":"SKIP","floor":26},{"not_picked":["Slimebound:ItLooksTasty","Slimebound:ProtectTheBoss"],"picked":"Slimebound:GoopSpray+1","floor":27},{"not_picked":["Slimebound:LeechingTouch","Slimebound:DivideAndConquer+1","Slimebound:DisruptingSlam"],"picked":"SKIP","floor":27},{"not_picked":["Slimebound:ItLooksTasty","Slimebound:GoopTackle"],"picked":"Slimebound:FirmFortitude+1","floor":28},{"not_picked":["Slimebound:RainOfGoop+1","Slimebound:Nibble"],"picked":"Slimebound:LevelUp+1","floor":30},{"not_picked":["Slimebound:FlameTackle","Slimebound:Replication+1","Slimebound:FinishingTackle"],"picked":"SKIP","floor":30},{"not_picked":["Slimebound:ViciousTackle","Slimebound:PressTheAttack","Slimebound:HauntingLick+1"],"picked":"SKIP","floor":31},{"not_picked":["Slimebound:Equalize","Slimebound:Dissolve+1"],"picked":"Slimebound:Prepare+1","floor":32},{"not_picked":["Slimebound:GoopTackle","Slimebound:FinishingTackle","Slimebound:Nibble+1"],"picked":"SKIP","floor":32},{"not_picked":["Slimebound:DouseInSlime+1","Slimebound:MassFeed"],"picked":"Slimebound:MassRepurpose+1","floor":33},{"not_picked":["Slimebound:MegaLick+1","Slimebound:AcidTongue"],"picked":"Slimebound:Prepare+1","floor":36},{"not_picked":["Slimebound:SlimeBrawl+1","Slimebound:GrowthPunch","Slimebound:HauntingLick+1"],"picked":"SKIP","floor":36},{"not_picked":["Slimebound:PressTheAttack+1","Slimebound:ComboTackle"],"picked":"Slimebound:RallyTheTroops","floor":37},{"not_picked":["Slimebound:ItLooksTasty","Slimebound:Nibble"],"picked":"Slimebound:GoopSpray+1","floor":38},{"not_picked":["Slimebound:RejuvenatingLick+1","Slimebound:FinishingTackle","Slimebound:SplitMire+1"],"picked":"SKIP","floor":38},{"not_picked":["Slimebound:RejuvenatingLick+1","Slimebound:AcidTongue","Slimebound:DisruptingSlam"],"picked":"SKIP","floor":40},{"not_picked":["Slimebound:SlimeSpikes+1","Slimebound:SplitLeeching+1"],"picked":"Slimebound:LivingWall+1","floor":42},{"not_picked":["Slimebound:SlimeSpikes+1","Slimebound:HauntingLick+1"],"picked":"Slimebound:SelfFormingGoo","floor":42},{"not_picked":["Slimebound:SlimeSpikes+1","Slimebound:HauntingLick+1"],"picked":"Slimebound:Recollect+1","floor":43},{"not_picked":["Slimebound:ItLooksTasty+1","Slimebound:FinishingTackle","Slimebound:RollThrough+1"],"picked":"SKIP","floor":45},{"not_picked":["Slimebound:SplitBruiser+1","Slimebound:ComboTackle+1"],"picked":"Slimebound:LevelUp+1","floor":46},{"not_picked":["Slimebound:Schlurp+1","Slimebound:Prepare+1","Slimebound:ViciousTackle+1"],"picked":"SKIP","floor":46},{"not_picked":["Slimebound:SplitMire+1","Slimebound:ItLooksTasty+1","Slimebound:Schlurp+1"],"picked":"SKIP","floor":47},{"not_picked":["Slimebound:ViciousTackle+1","Slimebound:LeechingTouch+1","Slimebound:LeechEnergy"],"picked":"SKIP","floor":47},{"not_picked":["Slimebound:SlimeSpikes+1","Slimebound:Equalize","Slimebound:SelfFormingGoo"],"picked":"SKIP","floor":48},{"not_picked":["Slimebound:PressTheAttack","Slimebound:Teamwork+1"],"picked":"Slimebound:RainOfGoop+1","floor":52}],"player_experience":585544,"relics_obtained":[{"floor":6,"key":"Gambling Chip"},{"floor":9,"key":"Prayer Wheel"},{"floor":12,"key":"Odd Mushroom"},{"floor":20,"key":"Toxic Egg 2"},{"floor":23,"key":"Lantern"},{"floor":24,"key":"HornCleat"},{"floor":28,"key":"Boot"},{"floor":40,"key":"Oddly Smooth Stone"},{"floor":41,"key":"Bronze Scales"},{"floor":43,"key":"Unceasing Top"},{"floor":44,"key":"Slimebound:AggressiveSlimeRelic"},{"floor":45,"key":"Art of War"},{"floor":48,"key":"Blood Vial"},{"floor":52,"key":"Bag of Preparation"}],"event_choices":[{"damage_healed":0,"gold_gain":0,"player_choice":"Success","damage_taken":25,"relics_obtained":["Pocketwatch"],"max_hp_gain":0,"max_hp_loss":0,"event_name":"Scrap Ooze","floor":8,"gold_loss":0},{"damage_healed":0,"gold_gain":0,"player_choice":"Fought Mushrooms","damage_taken":0,"max_hp_gain":0,"max_hp_loss":0,"event_name":"Mushrooms","floor":12,"gold_loss":0}],"is_beta":false,"boss_relics":[{"not_picked":["Snecko Eye","Runic Dome"],"picked":"Philosopher\u0027s Stone"},{"not_picked":["Cursed Key","Pandora\u0027s Box"],"picked":"Tiny House"}],"items_purged_floors":[31,37,53],"is_endless":false,"potions_floor_spawned":[2,5,9,10,12,16,19,21,23,27,30,33,38,40,43,45,48],"ascension_level":3}}