{"host":"ij3j0fuown3hzn6y","time":1611837137,"event":{"mods":["AchievementEnabler","BaseMod","Colored Map","Googly Eyes","Minty Spire (QoL Compilation)","StSLib"],"gold_per_floor":[116,133,5,5,5,5,5,5,305,305,326,342,357,367,367,463,463,477,493,493,493,503,503,520,520,546,562,562,187,102,117,117,217,217,229,229,160,210,230,230,230,244,244,244,254,254,254,268,268,268,268],"floor_reached":50,"language":"ENG","playtime":4178,"items_purged":["Flying Knee"],"score":457,"play_id":"27c8d6db-41d7-4c6f-99b5-33747269f0a8","local_time":"20210128233217","is_ascension_mode":false,"campfire_choices":[{"floor":6,"key":"RECALL"},{"data":"Infinite Blades","floor":8,"key":"SMITH"},{"data":"Poisoned Stab","floor":10,"key":"SMITH"},{"floor":15,"key":"REST"},{"floor":23,"key":"REST"},{"floor":25,"key":"REST"},{"data":"Adrenaline","floor":28,"key":"SMITH"},{"floor":32,"key":"REST"},{"floor":40,"key":"REST"},{"floor":44,"key":"REST"},{"data":"Endless Agony","floor":47,"key":"SMITH"},{"data":"Distraction","floor":49,"key":"SMITH"}],"circlet_count":0,"master_deck":["Strike_G","Strike_G+1","Strike_G","Strike_G","Strike_G","Defend_G","Defend_G","Defend_G+1","Defend_G","Defend_G","Survivor","Neutralize","Backflip","Crippling Poison","Infinite Blades+1","Poisoned Stab+1","Endless Agony+1","Distraction+1","Flying Knee+1","Expertise+1","Adrenaline+1","Ghostly","Ghostly","Ghostly","Ghostly","Ghostly","Deadly Poison","Noxious Fumes+1","Die Die Die","Poisoned Stab+1","Parasite"],"relics":["Ring of the Snake","NeowsBlessing","Old Coin","Odd Mushroom","Philosopher\u0027s Stone","Lantern","Lee\u0027s Waffle","Whetstone","War Paint","SlaversCollar","CaptainsWheel","Strawberry"],"acts_visited":["Exordium","TheCity","TheBeyond"],"potions_floor_usage":[13,13,27,42,45,50],"damage_taken":[{"damage":0,"enemies":"Cultist","floor":1,"turns":1},{"damage":0,"enemies":"Small Slimes","floor":2,"turns":1},{"damage":0,"enemies":"The Mushroom Lair","floor":11,"turns":1},{"damage":1,"enemies":"Jaw Worm","floor":12,"turns":3},{"damage":11,"enemies":"Exordium Thugs","floor":13,"turns":5},{"damage":10,"enemies":"3 Louse","floor":14,"turns":2},{"damage":47,"enemies":"Slime Boss","floor":16,"turns":13},{"damage":15,"enemies":"3 Byrds","floor":18,"turns":4},{"damage":17,"enemies":"Chosen","floor":19,"turns":5},{"damage":12,"enemies":"Snecko","floor":22,"turns":6},{"damage":10,"enemies":"Centurion and Healer","floor":24,"turns":8},{"damage":2,"enemies":"Sentry and Sphere","floor":27,"turns":7},{"damage":7,"enemies":"Chosen and Byrds","floor":31,"turns":8},{"damage":37,"enemies":"Collector","floor":33,"turns":8},{"damage":4,"enemies":"Orb Walker","floor":35,"turns":4},{"damage":8,"enemies":"Mind Bloom Boss Battle","floor":38,"turns":6},{"damage":6,"enemies":"3 Shapes","floor":39,"turns":5},{"damage":1,"enemies":"Writhing Mass","floor":42,"turns":7},{"damage":5,"enemies":"Sphere and 2 Shapes","floor":45,"turns":6},{"damage":1,"enemies":"Transient","floor":48,"turns":5},{"damage":50,"enemies":"Awakened One","floor":50,"turns":11}],"seed_played":"5387590088838672363","potions_obtained":[{"floor":2,"key":"LiquidMemories"},{"floor":12,"key":"Poison Potion"},{"floor":19,"key":"Strength Potion"},{"floor":24,"key":"SneckoOil"},{"floor":33,"key":"EssenceOfSteel"},{"floor":42,"key":"Energy Potion"}],"is_trial":false,"path_per_floor":["M","M","$","?","?","R","?","R","T","R","?","M","M","M","R","B",null,"M","M","?","?","M","R","M","R","T","M","R","$","?","M","R","B",null,"M","?","$","?","M","R","?","M","T","R","M","?","R","M","R","B"],"character_chosen":"THE_SILENT","items_purchased":["Infinite Blades","Poisoned Stab","Lee\u0027s Waffle","Whetstone","Caltrops"],"campfire_rested":6,"item_purchase_floors":[3,3,29,29,37],"current_hp_per_floor":[70,70,70,70,70,70,70,70,70,70,70,69,58,48,69,22,70,55,38,38,35,23,33,23,33,33,31,31,42,42,35,42,5,42,38,38,38,30,24,36,36,35,42,49,44,44,44,43,43,0,0],"gold":268,"neow_bonus":"THREE_ENEMY_KILL","is_daily":false,"chose_seed":false,"campfire_upgraded":5,"win_rate":0.0,"timestamp":1611837137,"path_taken":["M","M","$","?","?","R","?","R","T","R","?","M","M","?","R","BOSS","M","M","?","?","M","R","M","R","T","M","R","$","?","M","R","BOSS","M","?","$","?","M","R","?","?","T","R","M","?","R","M","R","BOSS"],"items_purchased_type":["Card","Card","Relic","Relic","Card"],"build_version":"2020-12-22","purchased_purges":1,"victory":false,"max_hp_per_floor":[70,70,70,70,70,70,70,70,70,70,70,70,70,70,70,70,70,70,70,70,35,35,35,35,35,35,35,35,42,42,42,42,42,42,42,42,42,42,42,42,42,42,49,49,49,49,49,49,49,49,49],"card_choices":[{"not_picked":["Dodge and Roll","Acrobatics"],"picked":"Backflip","floor":1},{"not_picked":["Dash","Dodge and Roll"],"picked":"Crippling Poison","floor":2},{"not_picked":["Bouncing Flask","Dodge and Roll"],"picked":"Endless Agony","floor":11},{"not_picked":["Dagger Spray","Sucker Punch"],"picked":"Distraction","floor":12},{"not_picked":["Acrobatics","Backflip"],"picked":"Flying Knee","floor":13},{"not_picked":["PiercingWail","Predator"],"picked":"Expertise","floor":14},{"not_picked":["Night Terror","Venomology"],"picked":"Adrenaline","floor":16},{"not_picked":["Dagger Throw","Dodge and Roll+1","Acrobatics"],"picked":"SKIP","floor":18},{"not_picked":["Dagger Spray+1","Outmaneuver"],"picked":"Flying Knee","floor":19},{"not_picked":["Outmaneuver","Underhanded Strike"],"picked":"Deadly Poison","floor":22},{"not_picked":["Masterful Stab","Sucker Punch"],"picked":"Poisoned Stab","floor":24},{"not_picked":["Tactician+1","Outmaneuver"],"picked":"Noxious Fumes+1","floor":27},{"not_picked":["Deflect","Dagger Spray","Blade Dance"],"picked":"SKIP","floor":31},{"not_picked":["Burst","Bullet Time"],"picked":"Die Die Die","floor":33},{"not_picked":["Backflip+1","Quick Slash+1"],"picked":"Poisoned Stab+1","floor":35},{"not_picked":["PiercingWail+1","Deflect","Quick Slash+1"],"picked":"SKIP","floor":39},{"not_picked":["Masterful Stab+1","Expertise","Deadly Poison"],"picked":"SKIP","floor":42},{"not_picked":["Flying Knee","Eviscerate+1","Prepared"],"picked":"SKIP","floor":45},{"not_picked":["Malaise","Terror+1","Dodge and Roll"],"picked":"SKIP","floor":48}],"player_experience":0,"relics_obtained":[{"floor":9,"key":"Old Coin"},{"floor":11,"key":"Odd Mushroom"},{"floor":26,"key":"Lantern"},{"floor":38,"key":"CaptainsWheel"},{"floor":43,"key":"Strawberry"}],"event_choices":[{"damage_healed":0,"gold_gain":0,"player_choice":"Ignored","damage_taken":0,"max_hp_gain":0,"max_hp_loss":0,"event_name":"Golden Idol","floor":4,"gold_loss":0},{"damage_healed":0,"gold_gain":0,"player_choice":"Ignored","damage_taken":0,"max_hp_gain":0,"max_hp_loss":0,"event_name":"Liars Game","floor":5,"gold_loss":0},{"damage_healed":23,"gold_gain":0,"player_choice":"Banana","damage_taken":0,"max_hp_gain":0,"max_hp_loss":0,"event_name":"Big Fish","floor":7,"gold_loss":0},{"damage_healed":0,"gold_gain":0,"player_choice":"Fought Mushrooms","damage_taken":0,"max_hp_gain":0,"max_hp_loss":0,"event_name":"Mushrooms","floor":11,"gold_loss":0},{"damage_healed":0,"gold_gain":0,"player_choice":"Ignored","damage_taken":0,"max_hp_gain":0,"max_hp_loss":0,"event_name":"Vampires","floor":20,"gold_loss":0},{"damage_healed":0,"gold_gain":0,"player_choice":"Became a Ghost","damage_taken":0,"max_hp_gain":0,"max_hp_loss":35,"event_name":"Ghosts","floor":21,"gold_loss":0,"cards_obtained":["Ghostly","Ghostly","Ghostly","Ghostly","Ghostly"]},{"damage_healed":0,"gold_gain":0,"player_choice":"Obtained Relic","damage_taken":0,"relics_obtained":["War Paint"],"max_hp_gain":0,"max_hp_loss":0,"event_name":"Addict","floor":30,"gold_loss":85},{"damage_healed":0,"gold_gain":0,"player_choice":"Ignored","damage_taken":0,"max_hp_gain":0,"max_hp_loss":0,"event_name":"Mysterious Sphere","floor":36,"gold_loss":0},{"damage_healed":0,"gold_gain":0,"player_choice":"Fight","damage_taken":0,"max_hp_gain":0,"max_hp_loss":0,"event_name":"MindBloom","floor":38,"gold_loss":0},{"cards_removed":["Poisoned Stab"],"damage_healed":0,"gold_gain":0,"player_choice":"Purged","damage_taken":0,"max_hp_gain":0,"max_hp_loss":0,"event_name":"Purifier","floor":41,"gold_loss":0},{"cards_removed":["Caltrops"],"damage_healed":0,"gold_gain":0,"player_choice":"Removed Power","damage_taken":0,"max_hp_gain":0,"max_hp_loss":0,"event_name":"Falling","floor":46,"gold_loss":0}],"is_beta":false,"boss_relics":[{"not_picked":["Coffee Dripper","Runic Pyramid"],"picked":"Philosopher\u0027s Stone"},{"not_picked":["WristBlade","Calling Bell"],"picked":"SlaversCollar"}],"items_purged_floors":[29],"is_endless":false,"potions_floor_spawned":[2,12,19,24,33,42],"killed_by":"Awakened One","ascension_level":0}}