{"host":"jhy70w0yh8dayqay","time":1611831269,"event":{"mods":["AchievementEnabler","BaseMod","Colored Map","Colored Powertips","DeckTracker","Minty Spire (QoL Compilation)","Permanent Neow","SuperFastMode"],"gold_per_floor":[112,127,127,145,74,74,108,108,178,188,204,204,204,56,56,152,152,170,170,70,84,14,14,14,14],"floor_reached":24,"language":"KOR","playtime":790,"items_purged":["Strike_R","Strike_R"],"score":301,"play_id":"5992e262-fecc-4dc9-9a8f-e8b27af81377","local_time":"20210128195429","is_ascension_mode":true,"campfire_choices":[{"data":"Searing Blow","floor":6,"key":"SMITH"},{"data":"Searing Blow+1","floor":8,"key":"SMITH"},{"data":"Dark Embrace","floor":13,"key":"SMITH"},{"data":"Searing Blow+2","floor":15,"key":"SMITH"},{"data":"Searing Blow+3","floor":23,"key":"SMITH"}],"circlet_count":0,"master_deck":["AscendersBane","Defend_R","Defend_R","Bash","Flex","Shrug It Off","Shrug It Off","Burning Pact","Searing Blow+4","Inflame","Battle Trance","Twin Strike","Dark Embrace+1","Fire Breathing","Limit Break","Berserk+1","Warcry+1","Sword Boomerang","Heavy Blade+1","Disarm"],"relics":["Burning Blood","Bronze Scales","Ornamental Fan","Blue Candle","Astrolabe"],"acts_visited":["Exordium","TheCity"],"potions_floor_usage":[7,16,18],"damage_taken":[{"damage":1,"enemies":"Cultist","floor":1,"turns":3},{"damage":6,"enemies":"2 Louse","floor":2,"turns":3},{"damage":10,"enemies":"Jaw Worm","floor":4,"turns":5},{"damage":45,"enemies":"Lagavulin","floor":7,"turns":9},{"damage":9,"enemies":"2 Fungi Beasts","floor":10,"turns":3},{"damage":3,"enemies":"Blue Slaver","floor":11,"turns":4},{"damage":32,"enemies":"Hexaghost","floor":16,"turns":9},{"damage":34,"enemies":"2 Thieves","floor":18,"turns":4},{"damage":23,"enemies":"3 Byrds","floor":21,"turns":3},{"damage":68,"enemies":"Slavers","floor":24,"turns":3}],"seed_played":"-1828447650438091840","potions_obtained":[{"floor":1,"key":"Strength Potion"},{"floor":10,"key":"LiquidMemories"},{"floor":16,"key":"AttackPotion"}],"is_trial":false,"path_per_floor":["M","M","?","M","$","R","E","R","T","M","M","T","R","$","R","B",null,"M","?","$","M","$","R","E"],"character_chosen":"IRONCLAD","items_purchased":["Inflame","Fire Breathing","Disarm"],"campfire_rested":0,"item_purchase_floors":[5,14,22],"current_hp_per_floor":[77,77,77,73,73,73,34,34,34,31,34,34,34,34,34,8,62,34,80,80,63,63,63,0,0],"gold":14,"neow_bonus":"TRANSFORM_CARD","is_daily":false,"chose_seed":false,"campfire_upgraded":5,"win_rate":0.0,"timestamp":1611831269,"path_taken":["M","M","?","M","?","R","E","R","T","?","M","?","R","?","R","BOSS","M","?","$","M","$","R","E"],"items_purchased_type":["Card","Card","Card"],"build_version":"2020-12-22","purchased_purges":2,"victory":false,"max_hp_per_floor":[80,80,80,80,80,80,80,80,80,80,80,80,80,80,80,80,80,80,80,80,80,80,80,80,80],"card_choices":[{"not_picked":["Dropkick","True Grit"],"picked":"Shrug It Off","floor":1},{"not_picked":["True Grit","Intimidate"],"picked":"Shrug It Off","floor":2},{"not_picked":["Body Slam","Shockwave"],"picked":"Searing Blow","floor":4},{"not_picked":["Berserk","Body Slam"],"picked":"Battle Trance","floor":7},{"not_picked":["Wild Strike","Reckless Charge"],"picked":"Twin Strike","floor":10},{"not_picked":["Body Slam","Thunderclap"],"picked":"Dark Embrace","floor":11},{"not_picked":["Feed","Impervious"],"picked":"Limit Break","floor":16},{"not_picked":["Rampage","Flex+1"],"picked":"Sword Boomerang","floor":18},{"not_picked":["Wild Strike","Bloodletting+1"],"picked":"Heavy Blade+1","floor":21}],"player_experience":433251,"relics_obtained":[{"floor":7,"key":"Bronze Scales"},{"floor":9,"key":"Ornamental Fan"},{"floor":12,"key":"Blue Candle"}],"event_choices":[{"damage_healed":0,"gold_gain":0,"cards_transformed":["Defend_R"],"player_choice":"Transformed","damage_taken":0,"max_hp_gain":0,"max_hp_loss":0,"event_name":"Transmorgrifier","floor":3,"gold_loss":0,"cards_obtained":["Burning Pact"]},{"cards_removed":["Dark Embrace"],"damage_healed":46,"gold_gain":0,"player_choice":"Offered Uncommon","damage_taken":0,"max_hp_gain":0,"max_hp_loss":0,"event_name":"Bonfire Elementals","floor":19,"gold_loss":0}],"is_beta":false,"boss_relics":[{"not_picked":["SacredBark","Sozu"],"picked":"Astrolabe"}],"items_purged_floors":[14,20],"is_endless":false,"potions_floor_spawned":[1,10,16],"killed_by":"Slavers","ascension_level":11}}