{"host":"jfbo3eu2ui08ej1u","time":1611856512,"event":{"mods":["2.2 Compatiblity","AchievementEnabler","Act Like it!","Aspiration","BaseMod","Better Altar","Better Match","Better Note","Better Sensory Stone","Better Skull","Better Third Choice","Block Reminder","Colored Map","Colored Powertips","Conspire","DeckTracker","Displayed Cursed Tome","Energized Spire","Fox Events","GifTheSpireLib","Hubris","Infinite Spire","Marked Mod","Minty Spire (QoL Compilation)","Pale of the Ancients","Poor People Problems","Quick Restart","Relic Filter","Reliquary","Reorder Act Four","Replay The Spire","Shop Mod","Spicy Shops","Spire Arcade","StSLib","Stuff the Spire","The Blue Laboratory","The Disciple","The Forsaken","The Hierophant","The Marked","Uncapped","Unceasing Turn Reminder","Wandering Minibosses"],"gold_per_floor":[117,132,145,162,162,192,206,206,232,232,287,317,65,82,82,158,158,173,173,236,246,87,87,31,31,31,56,56,74,105,221,221,292,292,308,123,123,123,50,50,79,358,382,434,434,434,444,444,444,520,597,597,555,559,563,111,114,85,85,91,146,183,183,183,229,250,250,293,370,398,398,419,433,459,498,536,616,761,797,638,638,638,655,655,725,802,828,828,870,891,654,654,654,654,756,762,790,790,790,786,786,818,878,955,968,978,978,254,90,90,119,119,196,205,225,245,264,264,264,159,236,248,248,262,407,418,418,472,495,572,594,611,611,611,616,616,0,0],"floor_reached":137,"language":"ENG","playtime":6494,"items_purged":["Strike_R","Strike_R","Strike_R","Pain","hubris:Despair"],"score":6197,"play_id":"62e9e4e7-2ffa-451c-94e6-7ff053d6a0af","local_time":"20210128125512","is_ascension_mode":true,"campfire_choices":[{"data":"Uppercut","floor":8.0,"key":"SMITH"},{"data":"StuffTheSpire:Slingshot","floor":10.0,"key":"SMITH"},{"floor":15.0,"key":"REST"},{"floor":23.0,"key":"REST"},{"data":"StuffTheSpire:Resist","floor":25.0,"key":"SMITH"},{"data":"hubris:StunningStrike","floor":32.0,"key":"SMITH"},{"floor":40.0,"key":"REST"},{"data":"Armaments","floor":49.0,"key":"SMITH"},{"data":"Replay:Many Hands","floor":59.0,"key":"SMITH"},{"data":"Inflame","floor":63.0,"key":"SMITH"},{"data":"Pummel","floor":67.0,"key":"SMITH"},{"data":"Barricade","floor":81.0,"key":"SMITH"},{"data":"Pot Of Greed","floor":84.0,"key":"SMITH"},{"floor":92,"key":"REST"},{"floor":94,"key":"REST"},{"floor":98,"key":"REST"},{"data":"Pot Of Greed","floor":101,"key":"SMITH"},{"data":"Limit Break","floor":110,"key":"SMITH"},{"data":"Pot Of Greed","floor":112,"key":"SMITH"},{"data":"Pot Of Greed","floor":119,"key":"SMITH"},{"data":"Madness","floor":127,"key":"SMITH"},{"data":"True Grit","floor":133,"key":"SMITH"},{"data":"Inflame","floor":136,"key":"SMITH"}],"circlet_count":0,"master_deck":["AscendersBane","Defend_R+1","Defend_R","Bash+1","Uppercut+1","Wild Strike","Pommel Strike","StuffTheSpire:Slingshot+1","ReplayTheSpireMod:Limb From Limb+1","Dropkick","hubris:StunningStrike+1","Inflame+1","Inflame+1","Immolate","Armaments+1","Shrug It Off","Evolve","StuffTheSpire:Resist+1","Shrug It Off","Limit Break+1","Pummel+1","Thunderclap","Headbutt","Replay:Many Hands+1","Dropkick","Dropkick","Pot Of Greed+1","Pot Of Greed+1","Pot Of Greed+1","Reaper","StuffTheSpire:Pyroclast","StuffTheSpire:Incineration","Barricade+1","Madness+1","Madness","Shockwave+1","Pot Of Greed+1","ReplayTheSpireMod:Stacked+1","Shrug It Off","Exhume","Limit Break+1","Shrug It Off","Decay","Headbutt","True Grit+1","Injury"],"relics":["Burning Blood","Oddly Smooth Stone","Centennial Puzzle","Calipers","reliquary:Bookmark","conspire:SpecialSausage","Singing Bowl","infinitespire:Satchel","ChewingGum","reliquary:HotPoker","reliquary:TatteredRug","reliquary:IridiumChain","wanderingMiniBosses:LockLocket","Replay:Rubber Ducky","reliquary:RoseTintedGlasses","hubris:Icosahedron","Empty Cage","reliquary:BallBearing","Bag of Marbles","infinitespire:ShieldingShard","Replay:Bandana","foxEvents:LuckyCharm","Grinning Jar","StuffTheSpire:Barrel","StuffTheSpire:BottledHeartBeat","reliquary:Firecrackers","ReplayTheSpireMod:CursedCoin","reliquary:PartyBalloon","Enchiridion","StoneCalendar","infinitespire:Lucky Rock","MealTicket","conspire:SlowCooker","StuffTheSpire:ForceGauntlet","StuffTheSpire:BottledEssence","StuffTheSpire:Gunfinga","Tiny Chest","Lantern","Replay:Ringing Soul","aspiration:HatOfInfinitePower","Potion Belt","Odd Mushroom","Black Star","Snack Pack","StuffTheSpire:EmeraldSignet","theForsaken:Gavel","hubris:TenFootPole","Happy Flower","theForsaken:Lifeblossom","Golden Idol"],"acts_visited":["Exordium","TheCity","TheBeyond","Exordium","TheCity","TheBeyond","Exordium","Exordium"],"potions_floor_usage":[120,120,120,137,137,137],"damage_taken":[{"damage":18.0,"enemies":"Jaw Worm","floor":1.0,"turns":8.0},{"damage":7.0,"enemies":"Small Slimes","floor":2.0,"turns":3.0},{"damage":1.0,"enemies":"Cultist","floor":3.0,"turns":3.0},{"damage":9.0,"enemies":"3 Louse","floor":4.0,"turns":4.0},{"damage":0.0,"enemies":"Gremlin Nob","floor":6.0,"turns":3.0},{"damage":2.0,"enemies":"Exordium Wildlife","floor":7.0,"turns":3.0},{"damage":18.0,"enemies":"2 Fungi Beasts","floor":11.0,"turns":5.0},{"damage":14.0,"enemies":"Lagavulin","floor":12.0,"turns":5.0},{"damage":11.0,"enemies":"Lots of Slimes","floor":14.0,"turns":4.0},{"damage":26.0,"enemies":"Hexaghost","floor":16.0,"turns":7.0},{"damage":36.0,"enemies":"conspire:FuzzyDice","floor":18.0,"turns":7.0},{"damage":13.0,"enemies":"Shell Parasite","floor":20.0,"turns":5.0},{"damage":5.0,"enemies":"Snake Plant","floor":21.0,"turns":2.0},{"damage":26.0,"enemies":"conspire:Head Lice","floor":27.0,"turns":6.0},{"damage":9.0,"enemies":"Shelled Parasite and Fungi","floor":29.0,"turns":2.0},{"damage":6.0,"enemies":"Replay:Snechameleon","floor":30.0,"turns":3.0},{"damage":0.0,"enemies":"conspire:HollyBat","floor":31.0,"turns":8.0},{"damage":43.0,"enemies":"Champ","floor":33.0,"turns":9.0},{"damage":17.0,"enemies":"3 Darklings","floor":35.0,"turns":4.0},{"damage":6.0,"enemies":"Nightmare","floor":41.0,"turns":9.0},{"damage":59.0,"enemies":"3 Shapes","floor":42.0,"turns":7.0},{"damage":12.0,"enemies":"Jaw Worm Horde","floor":47.0,"turns":3.0},{"damage":69.0,"enemies":"Donu and Deca","floor":50.0,"turns":7.0},{"damage":60.0,"enemies":"infinitespire:MassOfShapes","floor":51.0,"turns":13.0},{"damage":0.0,"enemies":"2 Louse","floor":53.0,"turns":2.0},{"damage":29.0,"enemies":"Small Slimes","floor":54.0,"turns":3.0},{"damage":0.0,"enemies":"Cultist","floor":55.0,"turns":2.0},{"damage":0.0,"enemies":"2 Fungi Beasts","floor":57.0,"turns":2.0},{"damage":0.0,"enemies":"Gremlin Nob","floor":58.0,"turns":3.0},{"damage":0.0,"enemies":"Looter","floor":60.0,"turns":2.0},{"damage":25.0,"enemies":"Colosseum Slavers","floor":62.0,"turns":2.0},{"damage":0.0,"enemies":"3 Sentries","floor":65.0,"turns":2.0},{"damage":0.0,"enemies":"3 Louse","floor":66.0,"turns":2.0},{"damage":0.0,"enemies":"Fading Forest","floor":68.0,"turns":10.0},{"damage":29.0,"enemies":"3 Byrds","floor":70.0,"turns":3.0},{"damage":10.0,"enemies":"2 Thieves","floor":72.0,"turns":3.0},{"damage":0.0,"enemies":"Centurion and Healer","floor":73.0,"turns":4.0},{"damage":32.0,"enemies":"Snake Plant","floor":74.0,"turns":3.0},{"damage":85.0,"enemies":"Slavers","floor":75.0,"turns":4.0},{"damage":0.0,"enemies":"Chosen and Byrds","floor":76.0,"turns":3.0},{"damage":21.0,"enemies":"Gremlin Leader","floor":77.0,"turns":3.0},{"damage":0.0,"enemies":"Snecko","floor":79.0,"turns":2.0},{"damage":0.0,"enemies":"Cultist and Chosen","floor":83.0,"turns":3.0},{"damage":33.0,"enemies":"Champ","floor":85.0,"turns":7.0},{"damage":7.0,"enemies":"Orb Walker","floor":87.0,"turns":2.0},{"damage":86.0,"enemies":"2 Orb Walkers","floor":89.0,"turns":5.0},{"damage":76,"enemies":"3 Darklings","floor":90,"turns":2},{"damage":35,"enemies":"Spire Growth","floor":96,"turns":5},{"damage":0,"enemies":"Sphere and 2 Shapes","floor":97,"turns":3},{"damage":23,"enemies":"Transient","floor":100,"turns":6},{"damage":26,"enemies":"hubris:GrandSnecko","floor":102,"turns":9},{"damage":17,"enemies":"conspire:OrnateMirror","floor":103,"turns":4},{"damage":0,"enemies":"Jaw Worm","floor":105,"turns":3},{"damage":0,"enemies":"conspire:RoseBush","floor":106,"turns":3},{"damage":3,"enemies":"Replay:BlueRogue","floor":111,"turns":3},{"damage":0,"enemies":"2 Louse","floor":114,"turns":2},{"damage":0,"enemies":"Gremlin Nob","floor":115,"turns":3},{"damage":0,"enemies":"The Mushroom Lair","floor":116,"turns":2},{"damage":0,"enemies":"Red Slaver","floor":117,"turns":1},{"damage":181,"enemies":"infinitespire:LordOfFortification","floor":120,"turns":10},{"damage":0,"enemies":"2 Louse","floor":122,"turns":2},{"damage":0,"enemies":"Jaw Worm","floor":124,"turns":2},{"damage":0,"enemies":"Small Slimes","floor":126,"turns":2},{"damage":2,"enemies":"3 Sentries","floor":128,"turns":3},{"damage":0,"enemies":"Exordium Wildlife","floor":129,"turns":3},{"damage":1,"enemies":"Replay:BlueRogue","floor":131,"turns":3},{"damage":0,"enemies":"Large Slime","floor":132,"turns":3},{"damage":0,"enemies":"Red Slaver","floor":135,"turns":4},{"damage":401,"enemies":"infinitespire:LordOfFortification","floor":137,"turns":13}],"seed_played":"-275163025987379188","potions_obtained":[{"floor":3.0,"key":"Energy Potion"},{"floor":4.0,"key":"blueLaboratory:LouseDecoction"},{"floor":7.0,"key":"Reflective Coating"},{"floor":11.0,"key":"FearPotion"},{"floor":18.0,"key":"Adrenaline Potion"},{"floor":30.0,"key":"Elixir"},{"floor":33.0,"key":"blueLaboratory:CorrosionFlask"},{"floor":42.0,"key":"blueLaboratory:BubblePotion"},{"floor":51.0,"key":"Elixir"},{"floor":58.0,"key":"blueLaboratory:SavagePotion"},{"floor":66.0,"key":"SpeedPotion"},{"floor":68.0,"key":"DistilledChaos"},{"floor":74.0,"key":"Elixir"},{"floor":77.0,"key":"EssenceOfSteel"},{"floor":79.0,"key":"Adrenaline Potion"},{"floor":89.0,"key":"blueLaboratory:CorrosionFlask"},{"floor":115,"key":"Swift Potion"},{"floor":116,"key":"ColorlessPotion"},{"floor":124,"key":"EssenceOfSteel"},{"floor":129,"key":"Energy Potion"},{"floor":132,"key":"Weak Potion"}],"is_trial":false,"path_per_floor":["M","M","M","M","?","E","M","R","T","R","M","E","$","M","R","B",null,"M","?","M","M","$","R","$","R","T","E","AVR","M","E","M","R","B",null,"M","$","?","?","$","R","NM","M","T","T","?","?","M","?","R","B","B",null,"M","M","M","$","M","E","R","M","T","?","R","?","E","M","R","B",null,"M","?","M","M","M","E","M","E","T","M","$","R","?","M","R","B",null,"M","?","?","M","$","R","?","R","T","M","M","R","?","M","R","B","B",null,"M","M","?","$","$","R","E","R","T","M","E","?","M","?","R","B",null,"M","?","M","T","M","R","E","M","T","E","M","R","?","M","R","B"],"character_chosen":"IRONCLAD","items_purchased":["Inflame","reliquary:Bookmark","StuffTheSpire:Resist","blueLaboratory:FruitPunch","Pummel","Thunderclap","reliquary:BallBearing","Bag of Marbles","ReplayTheSpireMod:CursedCoin","reliquary:PartyBalloon","Barricade","infinitespire:Lucky Rock","Shrug It Off","Shrug It Off","StuffTheSpire:ForceGauntlet","StuffTheSpire:BottledEssence","StuffTheSpire:Gunfinga","Tiny Chest","Lantern"],"campfire_rested":6,"item_purchase_floors":[13,13,22,24,36,39,56,56,80,80,80,91,91,108,108,108,108,108,109],"current_hp_per_floor":[63,62,67,64,39,45,49,49,49,49,37,29,29,24,48,28,69,39,39,32,33,33,57,57,57,57,41,41,40,42,48,48,11,70,61,61,61,61,61,88,90,39,39,39,39,39,90,90,90,29,44,85,93,79,85,85,93,99,99,106,106,89,89,89,97,105,105,111,112,111,111,114,118,107,59,93,104,104,112,112,112,91,99,99,103,126,127,103,44,13,13,53,53,93,93,84,92,134,140,142,142,122,142,142,144,146,139,146,146,146,150,150,150,154,158,162,166,166,166,142,163,166,166,169,169,170,170,170,170,170,170,170,170,170,170,170,0,0],"gold":0,"neow_bonus":"TEN_PERCENT_HP_BONUS","is_daily":false,"chose_seed":false,"campfire_upgraded":17,"win_rate":0.0,"timestamp":1611856512,"path_taken":["M","M","M","M","?","E","M","R","T","R","M","E","$","M","R","BOSS","M","?","M","M","$","R","$","R","T","E","AVR","M","E","M","R","BOSS","M","$","?","?","?","R","NM","?","T","?","?","?","M","?","R","BOSS","BOSS","M","M","M","$","M","E","R","M","T","?","R","?","E","M","R","BOSS","M","?","?","?","M","E","M","E","T","M","$","R","?","M","R","BOSS","M","?","?","M","$","R","?","R","T","?","M","R","?","?","R","BOSS","BOSS","M","?","?","?","$","R","E","R","T","M","E","?","M","?","R","BOSS","M","?","M","?","M","R","E","M","T","E","M","R","?","M","R","BOSS"],"items_purchased_type":["Card","Relic","Card","Potion","Card","Card","Relic","Relic","Relic","Relic","Card","Relic","Card","Card","Relic","Relic","Relic","Relic","Relic"],"build_version":"2020-12-22","purchased_purges":5,"victory":false,"max_hp_per_floor":[82,82,82,82,82,82,82,82,82,82,82,82,82,82,82,82,82,82,82,82,82,82,82,82,82,82,86,86,88,90,90,90,90,90,92,92,92,92,92,92,94,96,96,96,96,96,96,96,96,98,98,98,100,102,102,102,104,104,104,106,106,108,108,108,110,112,112,112,112,114,114,114,118,120,122,124,126,126,128,128,128,128,130,130,134,134,136,136,136,136,136,136,136,136,136,138,140,140,140,142,142,142,142,142,144,146,146,146,146,146,150,150,150,154,158,162,166,166,166,170,170,170,170,170,170,170,170,170,170,170,170,170,170,170,170,170,170,170],"card_choices":[{"not_picked":["Bloodletting","Evolve"],"picked":"Uppercut","floor":1.0},{"not_picked":["Anger","Massacre"],"picked":"Wild Strike","floor":2.0},{"not_picked":["Intimidate","Run Through"],"picked":"Pommel Strike","floor":3.0},{"not_picked":["True Grit","Run Through"],"picked":"StuffTheSpire:Slingshot","floor":4.0},{"not_picked":["StuffTheSpire:RockThrow","Heavy Blade"],"picked":"ReplayTheSpireMod:Limb From Limb","floor":6.0},{"not_picked":["Reckless Charge","Pommel Strike","Sever Soul"],"picked":"SKIP","floor":7.0},{"not_picked":["Shrug It Off","Havoc"],"picked":"Dropkick","floor":11.0},{"not_picked":["Body Slam","StuffTheSpire:Slingshot"],"picked":"hubris:StunningStrike","floor":12.0},{"not_picked":["Iron Wave","Wild Strike","StuffTheSpire:RockThrow"],"picked":"SKIP","floor":14.0},{"not_picked":["StuffTheSpire:TitanForm","Hemogenesis"],"picked":"Immolate","floor":16.0},{"not_picked":["StuffTheSpire:RockThrow","Havoc"],"picked":"Armaments","floor":18.0},{"not_picked":["ReplayReversal+1","ReplayTheSpireMod:Stacked"],"picked":"Shrug It Off","floor":20.0},{"not_picked":["Perfected Strike","Replay:Undeath\u0027s Touch"],"picked":"Evolve","floor":21.0},{"not_picked":["ReplayTheSpireMod:Corrosion Curse","Run Through","Sever Soul"],"picked":"Singing Bowl","floor":27.0},{"not_picked":["Burning Pact","Dropkick+1","Iron Wave+1"],"picked":"Singing Bowl","floor":29.0},{"not_picked":["Clash","Clothesline","Impervious"],"picked":"Singing Bowl","floor":30.0},{"not_picked":["Disarm+1","Run Through"],"picked":"Shrug It Off","floor":31.0},{"not_picked":["Barricade","Feed"],"picked":"Limit Break","floor":33.0},{"not_picked":["StuffTheSpire:Slingshot","Flex","True Grit"],"picked":"Singing Bowl","floor":35.0},{"not_picked":["Sever Soul+1","Perfected Strike","ReplayReversal"],"picked":"Singing Bowl","floor":41.0},{"not_picked":["Clash+1","Havoc","StuffTheSpire:RockThrow"],"picked":"Singing Bowl","floor":42.0},{"not_picked":["Cleave","Run Through"],"picked":"Headbutt","floor":47.0},{"not_picked":["Berserk","Feed","Offering"],"picked":"Singing Bowl","floor":50.0},{"not_picked":["Berserk","conspire:Purge"],"picked":"Replay:Many Hands","floor":51.0},{"not_picked":["Searing Blow","Twin Strike","Massacre"],"picked":"Singing Bowl","floor":53.0},{"not_picked":["StuffTheSpire:Slingshot","True Grit","Searing Blow"],"picked":"Singing Bowl","floor":54.0},{"not_picked":["Pommel Strike","Thunderclap"],"picked":"Dropkick","floor":55.0},{"not_picked":["Headbutt","ReplayTheSpireMod:Muscle Training","Heavy Blade"],"picked":"Singing Bowl","floor":57.0},{"not_picked":["Uppercut","Rampage"],"picked":"Dropkick","floor":58.0},{"not_picked":["Warcry","Demon Form","Wild Strike"],"picked":"Singing Bowl","floor":60.0},{"not_picked":["Rampage","Havoc","Run Through"],"picked":"Singing Bowl","floor":62.0},{"not_picked":["Heavy Blade","Fiend Fire","StuffTheSpire:Slingshot"],"picked":"Singing Bowl","floor":65.0},{"not_picked":["Iron Wave","StuffTheSpire:Slingshot","Combust"],"picked":"Singing Bowl","floor":66.0},{"not_picked":["StuffTheSpire:TitanForm","Brutality"],"picked":"Reaper","floor":68.0},{"not_picked":["Cleave","Seeing Red","Twin Strike"],"picked":"Singing Bowl","floor":70.0},{"not_picked":["Massacre","hubris:SharpeningStone"],"picked":"StuffTheSpire:Incineration","floor":72.0},{"not_picked":["ReplayTheSpireMod:??????????????????????","infinitespire:FinalStrike","infinitespire:Starlight"],"picked":"Singing Bowl","floor":73.0},{"not_picked":["Clothesline","Thunderclap","Dark Embrace+1"],"picked":"Singing Bowl","floor":73.0},{"not_picked":["conspire:Purge","Cleave","Flex"],"picked":"Singing Bowl","floor":74.0},{"not_picked":["Bludgeon","Abandon+1","Dark Embrace+1"],"picked":"Singing Bowl","floor":75.0},{"not_picked":["hubris:SharpeningStone","True Grit","Warcry"],"picked":"Singing Bowl","floor":76.0},{"not_picked":["ReplayTheSpireMod:Strike From Hell","Anger","Flex"],"picked":"Singing Bowl","floor":77.0},{"not_picked":["Sever Soul+1","Pommel Strike","Pummel"],"picked":"Singing Bowl","floor":79.0},{"not_picked":["Flex","conspire:Purge","StuffTheSpire:Resist"],"picked":"Singing Bowl","floor":83.0},{"not_picked":["Demonic Infusion","Demon Form","Eclipse"],"picked":"Singing Bowl","floor":85.0},{"not_picked":["Searing Blow","Twin Strike","Thunderclap+1"],"picked":"Singing Bowl","floor":87.0},{"not_picked":["Perfected Strike","Second Wind"],"picked":"Shockwave+1","floor":89.0},{"not_picked":["ReplayTheSpireMod:Strike From Hell","Blood for Blood"],"picked":"ReplayTheSpireMod:Stacked+1","floor":90},{"not_picked":["Flex","Infernal Blade+1","Evolve"],"picked":"Singing Bowl","floor":96},{"not_picked":["Anger+1","Headbutt","conspire:Charge"],"picked":"Singing Bowl","floor":97},{"not_picked":["Anger+1","True Grit","ReplayTheSpireMod:Muscle Training"],"picked":"Singing Bowl","floor":100},{"not_picked":["conspire:Purge","Bludgeon"],"picked":"Exhume","floor":102},{"not_picked":["Brutality","Corruption"],"picked":"Limit Break","floor":103},{"not_picked":["Hemokinesis","Rampage","Pommel Strike"],"picked":"Singing Bowl","floor":105},{"not_picked":["Pummel","Sword Boomerang","StuffTheSpire:Incineration"],"picked":"Singing Bowl","floor":106},{"not_picked":["Havoc","Iron Wave","hubris:SharpeningStone"],"picked":"Singing Bowl","floor":111},{"not_picked":["Twin Strike","Iron Wave","Havoc"],"picked":"Singing Bowl","floor":114},{"not_picked":["Pommel Strike","ReplayReversal","Ghostly Armor"],"picked":"Singing Bowl","floor":115},{"not_picked":["Body Slam","Replay:Undeath\u0027s Touch","Thunderclap"],"picked":"Singing Bowl","floor":116},{"not_picked":["Armaments","StuffTheSpire:Incineration","ReplayTheSpireMod:Strike From Hell"],"picked":"Singing Bowl","floor":117},{"not_picked":["Demonic Infusion","Barricade","Brutality"],"picked":"Singing Bowl","floor":120},{"not_picked":["Sword Boomerang","Second Wind","Pommel Strike"],"picked":"Singing Bowl","floor":122},{"not_picked":["Wild Strike","ReplayTheSpireMod:Strike From Hell","Anger"],"picked":"Singing Bowl","floor":124},{"not_picked":["Clothesline","Dark Embrace"],"picked":"Headbutt","floor":126},{"not_picked":["Flame Barrier","Replay:Undeath\u0027s Touch"],"picked":"True Grit","floor":128},{"not_picked":["StuffTheSpire:RockThrow","Twin Strike","StuffTheSpire:Incineration"],"picked":"Singing Bowl","floor":129},{"not_picked":["Life Link","Sentinel","Carnage"],"picked":"Singing Bowl","floor":131},{"not_picked":["True Grit","Intimidate","StuffTheSpire:Slingshot"],"picked":"Singing Bowl","floor":132},{"not_picked":["Abandon","Warcry","Heavy Blade"],"picked":"Singing Bowl","floor":135}],"player_experience":1235184,"relics_obtained":[{"floor":6.0,"key":"Oddly Smooth Stone"},{"floor":9.0,"key":"Centennial Puzzle"},{"floor":12.0,"key":"Calipers"},{"floor":26.0,"key":"Singing Bowl"},{"floor":27.0,"key":"infinitespire:Satchel"},{"floor":30.0,"key":"reliquary:TatteredRug"},{"floor":41.0,"key":"reliquary:IridiumChain"},{"floor":42.0,"key":"wanderingMiniBosses:LockLocket"},{"floor":43.0,"key":"Replay:Rubber Ducky"},{"floor":44.0,"key":"reliquary:RoseTintedGlasses"},{"floor":58.0,"key":"infinitespire:ShieldingShard"},{"floor":61.0,"key":"Replay:Bandana"},{"floor":62.0,"key":"foxEvents:LuckyCharm"},{"floor":65.0,"key":"Grinning Jar"},{"floor":75.0,"key":"StuffTheSpire:Barrel"},{"floor":77.0,"key":"StuffTheSpire:BottledHeartBeat"},{"floor":78.0,"key":"reliquary:Firecrackers"},{"floor":89.0,"key":"StoneCalendar"},{"floor":95,"key":"MealTicket"},{"floor":111,"key":"Replay:Ringing Soul"},{"floor":113,"key":"aspiration:HatOfInfinitePower"},{"floor":115,"key":"Potion Belt"},{"floor":116,"key":"Odd Mushroom"},{"floor":125,"key":"Snack Pack"},{"floor":128,"key":"StuffTheSpire:EmeraldSignet"},{"floor":128,"key":"theForsaken:Gavel"},{"floor":130,"key":"hubris:TenFootPole"},{"floor":131,"key":"Happy Flower"},{"floor":131,"key":"theForsaken:Lifeblossom"}],"event_choices":[{"damage_healed":64.0,"max_hp_gain":0.0,"max_hp_loss":82.0,"gold_gain":0.0,"event_name":"betterThird:BetterShining","player_choice":"Upgrade","floor":5.0,"gold_loss":0.0,"damage_taken":25.0,"cards_upgraded":["Bash","Defend_R"]},{"damage_healed":0.0,"max_hp_gain":0.0,"max_hp_loss":0.0,"gold_gain":0.0,"event_name":"Accursed Blacksmith","player_choice":"Forge","floor":19.0,"gold_loss":0.0,"damage_taken":0.0,"cards_upgraded":["ReplayTheSpireMod:Limb From Limb"]},{"damage_healed":0.0,"max_hp_gain":0.0,"max_hp_loss":0.0,"gold_gain":0.0,"event_name":"Tomb of Lord Red Mask","player_choice":"Ignored","floor":48.0,"gold_loss":0.0,"damage_taken":0.0},{"damage_healed":0.0,"max_hp_gain":0.0,"max_hp_loss":0.0,"gold_gain":0.0,"event_name":"The Library","player_choice":"Read","floor":71.0,"gold_loss":0.0,"damage_taken":0.0,"cards_obtained":["StuffTheSpire:Pyroclast"]},{"damage_healed":0.0,"max_hp_gain":0.0,"max_hp_loss":0.0,"gold_gain":0.0,"event_name":"Cursed Tome","player_choice":"Obtained Book","floor":82.0,"gold_loss":0.0,"damage_taken":21.0},{"damage_healed":0.0,"max_hp_gain":0.0,"max_hp_loss":0.0,"gold_gain":0.0,"event_name":"Winding Halls","player_choice":"Embrace Madness","floor":88.0,"gold_loss":0.0,"damage_taken":24.0,"cards_obtained":["Madness","Madness"]},{"damage_healed":0.0,"max_hp_gain":0.0,"max_hp_loss":0.0,"gold_gain":0.0,"event_name":"Mysterious Sphere","player_choice":"Fight","floor":89.0,"gold_loss":0.0,"damage_taken":0.0},{"damage_healed":0,"gold_gain":0,"player_choice":"Ignored","damage_taken":0,"max_hp_gain":0,"max_hp_loss":0,"event_name":"Transmorgrifier","floor":93,"gold_loss":0},{"cards_removed":["Strike_R"],"damage_healed":0,"gold_gain":0,"player_choice":"Card Removal","damage_taken":7,"max_hp_gain":0,"max_hp_loss":0,"event_name":"Golden Wing","floor":107,"gold_loss":0},{"damage_healed":0,"gold_gain":0,"player_choice":"Fought Mushrooms","damage_taken":0,"max_hp_gain":0,"max_hp_loss":0,"event_name":"Mushrooms","floor":116,"gold_loss":0},{"cards_removed":["Defend_R"],"damage_healed":0,"gold_gain":0,"player_choice":"Offered Basic","damage_taken":0,"max_hp_gain":0,"max_hp_loss":0,"event_name":"Bonfire Elementals","floor":118,"gold_loss":0},{"damage_healed":0,"gold_gain":0,"player_choice":"Cursed","damage_taken":0,"max_hp_gain":0,"max_hp_loss":0,"event_name":"Wheel of Change","floor":123,"gold_loss":0,"cards_obtained":["Decay"]},{"damage_healed":0,"gold_gain":0,"player_choice":"Take Wound","damage_taken":0,"relics_obtained":["Golden Idol"],"max_hp_gain":0,"max_hp_loss":0,"event_name":"Golden Idol","floor":134,"gold_loss":0,"cards_obtained":["Injury"]}],"is_beta":false,"boss_relics":[{"not_picked":["hubris:CrackedHourglass","aspiration:DefectSkillbook"],"picked":"conspire:SpecialSausage"},{"not_picked":["energizedSpire:HugeHouse","hubris:GrandSneckoEye","StuffTheSpire:Kangaroo"]},{"not_picked":["energizedSpire:NeverEndingSparkler","StuffTheSpire:RunicConfusion"],"picked":"Empty Cage"},{"not_picked":["energizedSpire:SpiderWeb","conspire:SeveredTorchhead","Snecko Eye"]},{"not_picked":["ReplayTheSpireMod:DimensionalGlitch","Runic Dome","aspiration:SilentSkillbook"]},{"not_picked":["conspire:RoyalGoblet","reliquary:RedPaperclip"],"picked":"conspire:SlowCooker"},{"not_picked":["Snecko Eye","conspire:SeveredTorchhead"],"picked":"Black Star"}],"items_purged_floors":[22,28,36,56,80],"is_endless":true,"potions_floor_spawned":[3,4,7,11,12,18,30,31,33,42,51,58,60,66,68,74,75,77,79,83,85,87,89,100,103,114,115,116,117,124,129,132],"killed_by":"infinitespire:LordOfFortification","ascension_level":20}}