{"host":"nwz9s93nkn2ush8t","time":1611805792,"event":{"mods":["AchievementEnabler","Act Like it!","BaseMod","Block Reminder","Colored Powertips","Googly Eyes","Minty Spire (QoL Compilation)","Quick Restart","Rare Cards Sparkle","StSLib","everything is the same but u backflip on backflip","slay the spire mod where everything is the same but ironclad has a cowboy hat"],"gold_per_floor":[111,75,75,92,167,199,226,252,252,266,292,304,318,329,329,431,431,448,448,448,474,484,510,510,523,523,554,564,583,583,595,595,692,692,703,753,629,640,658,658,671,697,697,697,697,697,298,311,311,311],"floor_reached":51,"language":"ENG","playtime":3471,"items_purged":["Writhe"],"score":1099,"play_id":"b4e668b0-adad-4d76-a24a-3c79b44311d2","local_time":"20210127224952","is_ascension_mode":true,"campfire_choices":[{"floor":15,"key":"REST"},{"floor":24,"key":"REST"},{"floor":30,"key":"REST"},{"data":"TalkToTheHand","floor":32,"key":"SMITH"},{"data":"ForeignInfluence","floor":40,"key":"SMITH"},{"data":"Dramatic Entrance","floor":45,"key":"SMITH"},{"data":"Trip","floor":49,"key":"SMITH"}],"circlet_count":0,"master_deck":["Strike_P","Strike_P","Strike_P","Defend_P","Defend_P","Defend_P","Eruption+1","Vigilance","Dramatic Entrance+1","ForeignInfluence+1","ReachHeaven","BowlingBash","Study","JustLucky","TalkToTheHand+1","CutThroughFate","Meditate","EmptyBody","LessonLearned","CurseOfTheBell","LikeWater+1","CarveReality+1","Consecrate+1","BowlingBash+1","FlyingSleeves+1","CutThroughFate+1","SashWhip+1","ThirdEye+1","Tantrum+1","Wallop+1","ConjureBlade","Halt+1","Vault+1","InnerPeace+1","Adaptation","FollowUp+1","SashWhip+1","CrushJoints+1","EmptyFist+1","WheelKick+1","SashWhip+1","Dark Shackles","Thinking Ahead","Trip+1","FearNoEvil+1","CutThroughFate+1"],"relics":["PureWater","HornCleat","Odd Mushroom","InkBottle","Gremlin Horn","Sundial","Calling Bell","Dream Catcher","TeardropLocket","Lizard Tail","Molten Egg 2","Anchor","Bag of Marbles","Regal Pillow","Strawberry","Astrolabe","Ice Cream","Letter Opener","The Courier","Turnip"],"acts_visited":["Exordium","TheCity","TheBeyond"],"potions_floor_usage":[6,8,16,27,33,33,37,42,42,47,48,50,50,50,50],"damage_taken":[{"damage":13,"enemies":"Jaw Worm","floor":1,"turns":4},{"damage":0,"enemies":"Cultist","floor":4,"turns":2},{"damage":0,"enemies":"3 Sentries","floor":6,"turns":5},{"damage":13,"enemies":"The Mushroom Lair","floor":7,"turns":3},{"damage":0,"enemies":"Lagavulin","floor":8,"turns":3},{"damage":0,"enemies":"2 Louse","floor":10,"turns":1},{"damage":2,"enemies":"Gremlin Nob","floor":11,"turns":3},{"damage":0,"enemies":"Blue Slaver","floor":12,"turns":3},{"damage":0,"enemies":"3 Louse","floor":13,"turns":1},{"damage":0,"enemies":"Lots of Slimes","floor":14,"turns":1},{"damage":0,"enemies":"Slime Boss","floor":16,"turns":3},{"damage":0,"enemies":"2 Thieves","floor":18,"turns":1},{"damage":0,"enemies":"Spheric Guardian","floor":22,"turns":3},{"damage":20,"enemies":"Gremlin Leader","floor":23,"turns":5},{"damage":19,"enemies":"Chosen and Byrds","floor":25,"turns":5},{"damage":0,"enemies":"Book of Stabbing","floor":27,"turns":3},{"damage":14,"enemies":"Snecko","floor":28,"turns":4},{"damage":0,"enemies":"3 Cultists","floor":29,"turns":3},{"damage":14,"enemies":"Cultist and Chosen","floor":31,"turns":2},{"damage":8,"enemies":"Collector","floor":33,"turns":4},{"damage":22,"enemies":"3 Shapes","floor":35,"turns":2},{"damage":0,"enemies":"Mind Bloom Boss Battle","floor":36,"turns":4},{"damage":0,"enemies":"Orb Walker","floor":38,"turns":2},{"damage":0,"enemies":"Jaw Worm Horde","floor":39,"turns":3},{"damage":0,"enemies":"Sphere and 2 Shapes","floor":41,"turns":3},{"damage":0,"enemies":"Giant Head","floor":42,"turns":5},{"damage":9,"enemies":"Maw","floor":48,"turns":5},{"damage":88,"enemies":"Donu and Deca","floor":50,"turns":9}],"seed_played":"5420861863330536116","potions_obtained":[{"floor":3,"key":"Dexterity Potion"},{"floor":3,"key":"StancePotion"},{"floor":3,"key":"SneckoOil"},{"floor":4,"key":"BottledMiracle"},{"floor":6,"key":"PowerPotion"},{"floor":10,"key":"AttackPotion"},{"floor":12,"key":"EntropicBrew"},{"floor":22,"key":"BottledMiracle"},{"floor":25,"key":"StancePotion"},{"floor":31,"key":"BottledMiracle"},{"floor":33,"key":"FearPotion"},{"floor":38,"key":"FearPotion"},{"floor":41,"key":"Strength Potion"}],"is_trial":false,"path_per_floor":["M","$","?","M","?","E","?","E","T","M","E","M","M","M","R","B",null,"M","?","?","T","M","E","R","M","T","E","M","M","R","M","R","B",null,"M","?","$","M","M","R","M","E","T","?","R","?","$","M","R","B",null],"character_chosen":"WATCHER","items_purchased":["ReachHeaven","Fruit Juice","SashWhip+1","Turnip","CultistPotion","FearNoEvil+1"],"campfire_rested":3,"item_purchase_floors":[2,37,37,47,47,47],"current_hp_per_floor":[59,59,59,59,48,48,35,35,35,35,33,33,33,33,54,54,68,68,68,68,68,68,48,69,50,50,57,43,43,79,65,65,57,74,52,52,57,57,57,57,57,57,57,78,78,68,68,59,59,42],"gold":311,"neow_bonus":"RANDOM_COLORLESS","is_daily":false,"chose_seed":false,"campfire_upgraded":4,"win_rate":0.0,"timestamp":1611805792,"path_taken":["M","$","?","?","?","E","?","E","T","M","E","M","M","M","R","BOSS","M","?","?","?","M","E","R","M","T","E","?","M","R","M","R","BOSS","M","?","$","M","M","R","M","E","T","?","R","?","$","M","R","BOSS"],"items_purchased_type":["Card","Potion","Card","Relic","Potion","Card"],"build_version":"2020-12-22","purchased_purges":1,"victory":true,"max_hp_per_floor":[72,72,72,72,72,72,72,72,72,72,72,72,72,72,72,72,72,72,72,72,72,72,72,72,72,72,79,79,79,79,79,79,79,79,79,79,84,84,84,84,84,84,84,84,84,84,84,84,84,84],"card_choices":[{"not_picked":["Jack Of All Trades","Purity"],"picked":"Dramatic Entrance","floor":0},{"not_picked":["FollowUp","JustLucky"],"picked":"ForeignInfluence","floor":1},{"not_picked":["DevaForm","Pray"],"picked":"BowlingBash","floor":4},{"not_picked":["ThirdEye","Protect"],"picked":"Study","floor":6},{"not_picked":["Swivel","Consecrate"],"picked":"JustLucky","floor":7},{"not_picked":["BowlingBash","Pray"],"picked":"CarveReality","floor":8},{"not_picked":["Indignation","BattleHymn","PathToVictory"],"picked":"SKIP","floor":10},{"not_picked":["SashWhip","DeceiveReality"],"picked":"TalkToTheHand","floor":11},{"not_picked":["Vengeance","FollowUp"],"picked":"CutThroughFate","floor":12},{"not_picked":["Prostrate","Halt"],"picked":"Meditate","floor":13},{"not_picked":["SignatureMove","Pray"],"picked":"EmptyBody","floor":14},{"not_picked":["DeusExMachina","Devotion"],"picked":"LessonLearned","floor":16},{"not_picked":["WreathOfFlame","ClearTheMind"],"picked":"LikeWater","floor":18},{"not_picked":["CrushJoints+1","Evaluate+1"],"picked":"CarveReality+1","floor":22},{"not_picked":["Omniscience","EmptyFist+1"],"picked":"Consecrate+1","floor":23},{"not_picked":["Meditate+1","EmptyBody"],"picked":"BowlingBash+1","floor":24},{"not_picked":["LikeWater+1","BowlingBash+1"],"picked":"FlyingSleeves+1","floor":25},{"not_picked":["WaveOfTheHand","ClearTheMind"],"picked":"CutThroughFate+1","floor":27},{"not_picked":["Crescendo","Consecrate+1"],"picked":"SashWhip+1","floor":28},{"not_picked":["SignatureMove+1","Meditate"],"picked":"ThirdEye+1","floor":29},{"not_picked":["Study","BattleHymn"],"picked":"Tantrum+1","floor":30},{"not_picked":["Study+1","Nirvana"],"picked":"Wallop+1","floor":31},{"not_picked":["Ragnarok+1","Alpha"],"picked":"ConjureBlade","floor":33},{"not_picked":["EmptyBody","Pray"],"picked":"Adaptation","floor":35},{"not_picked":["SashWhip+1","PathToVictory"],"picked":"FollowUp+1","floor":36},{"not_picked":["Consecrate+1","Halt+1"],"picked":"CrushJoints+1","floor":38},{"not_picked":["BowlingBash+1","Wireheading"],"picked":"EmptyFist+1","floor":39},{"not_picked":["SashWhip+1","Prostrate+1"],"picked":"WheelKick+1","floor":41},{"not_picked":["ForeignInfluence","Consecrate+1"],"picked":"SashWhip+1","floor":42},{"not_picked":["Dramatic Entrance+1","Finesse"],"picked":"Dark Shackles","floor":46},{"not_picked":["Metamorphosis","Jack Of All Trades"],"picked":"Thinking Ahead","floor":46},{"not_picked":["Magnetism","Bandage Up"],"picked":"Trip","floor":46},{"not_picked":["JustLucky+1","Wallop+1"],"picked":"CutThroughFate+1","floor":48}],"player_experience":394077,"relics_obtained":[{"floor":6,"key":"HornCleat"},{"floor":7,"key":"Odd Mushroom"},{"floor":8,"key":"InkBottle"},{"floor":9,"key":"Gremlin Horn"},{"floor":11,"key":"Sundial"},{"floor":17,"key":"Dream Catcher"},{"floor":17,"key":"TeardropLocket"},{"floor":17,"key":"Lizard Tail"},{"floor":21,"key":"Anchor"},{"floor":23,"key":"Bag of Marbles"},{"floor":26,"key":"Regal Pillow"},{"floor":27,"key":"Strawberry"},{"floor":36,"key":"Ice Cream"},{"floor":42,"key":"Letter Opener"},{"floor":43,"key":"The Courier"}],"event_choices":[{"damage_healed":0,"gold_gain":0,"player_choice":"Got Potions","damage_taken":0,"max_hp_gain":0,"max_hp_loss":0,"event_name":"Lab","floor":3,"gold_loss":0},{"damage_healed":0,"gold_gain":75,"player_choice":"Gather Gold","damage_taken":11,"max_hp_gain":0,"max_hp_loss":0,"event_name":"World of Goop","floor":5,"gold_loss":0},{"damage_healed":0,"gold_gain":0,"player_choice":"Fought Mushrooms","damage_taken":0,"max_hp_gain":0,"max_hp_loss":0,"event_name":"Mushrooms","floor":7,"gold_loss":0},{"damage_healed":0,"gold_gain":0,"player_choice":"Opened","damage_taken":0,"relics_obtained":["Molten Egg 2"],"max_hp_gain":0,"max_hp_loss":0,"event_name":"The Mausoleum","floor":19,"gold_loss":0,"cards_obtained":["Writhe"]},{"cards_removed":["Writhe"],"damage_healed":0,"gold_gain":0,"player_choice":"Elegance","damage_taken":0,"max_hp_gain":0,"max_hp_loss":0,"event_name":"Back to Basics","floor":20,"gold_loss":0},{"damage_healed":0,"gold_gain":0,"player_choice":"Fight","damage_taken":0,"max_hp_gain":0,"max_hp_loss":0,"event_name":"MindBloom","floor":36,"gold_loss":0},{"damage_healed":21,"gold_gain":0,"player_choice":"Writhe","damage_taken":0,"max_hp_gain":0,"max_hp_loss":0,"event_name":"Winding Halls","floor":44,"gold_loss":0,"cards_obtained":["Writhe"]},{"damage_healed":0,"gold_gain":0,"player_choice":"Memory 3","damage_taken":10,"max_hp_gain":0,"max_hp_loss":0,"event_name":"SensoryStone","floor":46,"gold_loss":0}],"is_beta":false,"boss_relics":[{"not_picked":["Coffee Dripper","Ectoplasm"],"picked":"Calling Bell"},{"not_picked":["Velvet Choker","Philosopher\u0027s Stone"],"picked":"Astrolabe"}],"items_purged_floors":[47],"is_endless":false,"potions_floor_spawned":[4,6,10,11,12,13,22,23,25,31,33,38,41],"ascension_level":5}}