{"host":"0wg06g56pkevom5o","time":1611845762,"event":{"mods":["BaseMod","Bestiary","Minty Spire (QoL Compilation)","Relic Stats"],"gold_per_floor":[112,112,132,152,172,172,152,185,185,205,205,205,225,258,258,355,355,367,381,398,422,451,463,475,487,499,543,574,596,17,30,30,30,30],"floor_reached":33,"language":"ENG","playtime":2144,"items_purged":["Writhe"],"score":308,"play_id":"1c33ceb3-23c8-49e5-96ff-6a46aa2b89b5","local_time":"20210128095602","is_ascension_mode":false,"campfire_choices":[{"data":"Armaments","floor":6.0,"key":"SMITH"},{"data":"Flame Barrier","floor":12.0,"key":"SMITH"},{"floor":15.0,"key":"REST"},{"floor":24.0,"key":"REST"},{"data":"Demon Form","floor":32.0,"key":"SMITH"}],"circlet_count":0,"master_deck":["Defend_R","Defend_R","Defend_R","Defend_R","Bash","Thunderclap","Clothesline","Cleave","Armaments+1","Flame Barrier+1","Burning Pact","Rage","Reaper","Disarm","Headbutt","Demon Form+1","Bite","Bite","Bite","Bite","Bite","Twin Strike+1","True Grit","Ghostly Armor","Fiend Fire+1","Second Wind","Dropkick+1","Metallicize"],"relics":["Burning Blood","Regal Pillow","InkBottle","Vajra","Charon\u0027s Ashes","Runic Cube","MawBank","StoneCalendar","Molten Egg 2","Anchor","Incense Burner"],"acts_visited":["Exordium","TheCity"],"potions_floor_usage":[33,33],"damage_taken":[{"damage":11.0,"enemies":"Jaw Worm","floor":1.0,"turns":3.0},{"damage":1.0,"enemies":"Cultist","floor":3.0,"turns":3.0},{"damage":2.0,"enemies":"2 Louse","floor":4.0,"turns":3.0},{"damage":16.0,"enemies":"2 Fungi Beasts","floor":5.0,"turns":4.0},{"damage":13.0,"enemies":"Exordium Thugs","floor":7.0,"turns":5.0},{"damage":23.0,"enemies":"3 Sentries","floor":8.0,"turns":7.0},{"damage":5.0,"enemies":"Looter","floor":10.0,"turns":4.0},{"damage":3.0,"enemies":"Large Slime","floor":13.0,"turns":6.0},{"damage":24.0,"enemies":"Gremlin Nob","floor":14.0,"turns":4.0},{"damage":54.0,"enemies":"The Guardian","floor":16.0,"turns":14.0},{"damage":9.0,"enemies":"3 Byrds","floor":18.0,"turns":5.0},{"damage":19.0,"enemies":"Chosen","floor":19.0,"turns":7.0},{"damage":34.0,"enemies":"Shelled Parasite and Fungi","floor":20.0,"turns":17.0},{"damage":33.0,"enemies":"3 Cultists","floor":22.0,"turns":6.0},{"damage":46.0,"enemies":"Book of Stabbing","floor":27.0,"turns":7.0},{"damage":16.0,"enemies":"Centurion and Healer","floor":28.0,"turns":7.0},{"damage":0.0,"enemies":"Cultist and Chosen","floor":29.0,"turns":6.0},{"damage":32.0,"enemies":"Sentry and Sphere","floor":31.0,"turns":7.0},{"damage":76,"enemies":"Champ","floor":33,"turns":10}],"seed_played":"-2997328392677447214","potions_obtained":[{"floor":4.0,"key":"FearPotion"},{"floor":5.0,"key":"Dexterity Potion"},{"floor":8.0,"key":"SteroidPotion"},{"floor":13.0,"key":"GamblersBrew"},{"floor":18.0,"key":"Energy Potion"},{"floor":20.0,"key":"DuplicationPotion"},{"floor":22.0,"key":"Weak Potion"},{"floor":28.0,"key":"Strength Potion"}],"is_trial":false,"path_per_floor":["M","?","M","M","M","R","M","E","T","M","?","R","M","E","R","B",null,"M","M","M","T","M","?","R","?","T","E","M","M","$","M","R","B"],"character_chosen":"IRONCLAD","items_purchased":["Fiend Fire+1","Second Wind","Incense Burner","Dropkick+1"],"campfire_rested":2,"item_purchase_floors":[30,30,30,30],"current_hp_per_floor":[75,75,80,80,70,70,63,46,46,47,47,47,50,32,71,23,80,80,67,39,39,22,22,53,53,53,32,52,56,56,40,40,0,0],"gold":30,"neow_bonus":"","is_daily":false,"chose_seed":false,"campfire_upgraded":3,"win_rate":0.0,"timestamp":1611845762,"path_taken":["M","?","M","M","M","R","M","E","T","M","?","R","?","E","R","BOSS","M","?","M","?","?","?","R","?","T","E","M","?","$","M","R","BOSS"],"items_purchased_type":["Card","Card","Relic","Card"],"build_version":"2020-12-22","purchased_purges":1,"victory":false,"max_hp_per_floor":[80,80,80,80,80,80,80,80,80,80,80,80,80,80,80,80,80,80,80,80,80,80,56,56,56,56,56,56,56,56,56,56,56,56],"relic_stats":{"Regal Pillow":30,"counters":[19,125],"StoneCalendar":[120],"Charon\u0027s Ashes":[60],"MawBank":108,"obtain_stats":[{"Regal Pillow":8,"Anchor":27,"Vajra":11,"StoneCalendar":25,"Molten Egg 2":26,"Charon\u0027s Ashes":14,"Incense Burner":30,"MawBank":21,"Burning Blood":0,"InkBottle":9,"Runic Cube":17},{"Regal Pillow":6,"Anchor":15,"Vajra":7,"StoneCalendar":14,"Molten Egg 2":14,"Charon\u0027s Ashes":9,"Incense Burner":17,"MawBank":13,"Burning Blood":0,"InkBottle":6,"Runic Cube":10},{"Regal Pillow":25,"Anchor":95,"Vajra":29,"StoneCalendar":88,"Molten Egg 2":88,"Charon\u0027s Ashes":39,"Incense Burner":108,"MawBank":82,"Burning Blood":0,"InkBottle":25,"Runic Cube":53}],"Burning Blood":96,"InkBottle":[24],"Runic Cube":[34]},"card_choices":[{"not_picked":["Body Slam","Disarm"],"picked":"Thunderclap","floor":1.0},{"not_picked":["Reckless Charge","Combust"],"picked":"Clothesline","floor":3.0},{"not_picked":["Sever Soul","Body Slam"],"picked":"Cleave","floor":4.0},{"not_picked":["Twin Strike","Second Wind"],"picked":"Armaments","floor":5.0},{"not_picked":["Rampage","Intimidate"],"picked":"Flame Barrier","floor":7.0},{"not_picked":["Whirlwind","Anger","Perfected Strike"],"picked":"SKIP","floor":8.0},{"not_picked":["Infernal Blade","Brutality"],"picked":"Burning Pact","floor":10.0},{"not_picked":["Seeing Red","Flex","Sever Soul"],"picked":"SKIP","floor":13.0},{"not_picked":["Iron Wave","Blood for Blood"],"picked":"Rage","floor":14.0},{"not_picked":["Brutality","Fiend Fire"],"picked":"Reaper","floor":16.0},{"not_picked":["Twin Strike+1","Body Slam","Clothesline"],"picked":"SKIP","floor":18.0},{"not_picked":["Twin Strike+1","Pummel"],"picked":"Disarm","floor":19.0},{"not_picked":["Warcry","Twin Strike"],"picked":"Headbutt","floor":20.0},{"not_picked":["Twin Strike","Headbutt+1"],"picked":"Demon Form","floor":22.0},{"not_picked":["Anger+1","Flex"],"picked":"Twin Strike+1","floor":27.0},{"not_picked":["Warcry+1","Anger+1"],"picked":"True Grit","floor":28.0},{"not_picked":["Twin Strike+1","Anger+1"],"picked":"Ghostly Armor","floor":29.0},{"not_picked":["True Grit","Carnage+1"],"picked":"Metallicize","floor":31.0}],"player_experience":0,"relics_obtained":[{"floor":8.0,"key":"Regal Pillow"},{"floor":9.0,"key":"InkBottle"},{"floor":14.0,"key":"Charon\u0027s Ashes"},{"floor":21.0,"key":"MawBank"},{"floor":26.0,"key":"Molten Egg 2"},{"floor":27.0,"key":"Anchor"}],"event_choices":[{"damage_healed":0.0,"max_hp_gain":0.0,"max_hp_loss":0.0,"gold_gain":0.0,"event_name":"Liars Game","player_choice":"Ignored","floor":2.0,"gold_loss":0.0,"damage_taken":0.0},{"damage_healed":0.0,"max_hp_gain":0.0,"max_hp_loss":0.0,"gold_gain":0.0,"event_name":"WeMeetAgain","player_choice":"Gave Potion","floor":11.0,"gold_loss":0.0,"damage_taken":0.0,"relics_obtained":["Vajra"]},{"damage_healed":0.0,"max_hp_gain":0.0,"max_hp_loss":24.0,"gold_gain":0.0,"event_name":"Vampires","player_choice":"Became a vampire","floor":23.0,"gold_loss":0.0,"damage_taken":0.0,"cards_obtained":["Bite","Bite","Bite","Bite","Bite"]},{"damage_healed":0.0,"max_hp_gain":0.0,"max_hp_loss":0.0,"gold_gain":0.0,"event_name":"The Mausoleum","player_choice":"Opened","floor":25.0,"gold_loss":0.0,"damage_taken":0.0,"relics_obtained":["StoneCalendar"],"cards_obtained":["Writhe"]}],"is_beta":false,"boss_relics":[{"not_picked":["SacredBark","Sozu"],"picked":"Runic Cube"}],"items_purged_floors":[30],"is_endless":false,"potions_floor_spawned":[4,5,8,13,18,20,22,28],"killed_by":"Champ","ascension_level":0}}