{"host":"8fuipfsvjht9cgcs","time":1611798356,"event":{"mods":["AchievementEnabler","BaseMod","Colored Map","Colored Powertips","DeckTracker","Friendly Minions","Kiyohime£¨?ýï£©","Marisa£¨Ùöéë¡¡Øª×âÞÞ£©","Minty Spire (QoL Compilation)","Prisma Mod","StSLib","SuperFastMode","The Cursed","The Gatherer"],"gold_per_floor":[113,15,30,30,30,30,42,42,42,42,67,85,85,85,85,183,183,198,297,597,597,616,616,649,649,675,700,700,700],"floor_reached":28,"language":"KOR","playtime":1425,"items_purged":["Strike_R"],"score":403,"play_id":"6a3040aa-0d27-4358-ba14-a6968a430080","local_time":"20210128144556","is_ascension_mode":true,"campfire_choices":[{"data":"Armaments","floor":6.0,"key":"SMITH"},{"data":"True Grit","floor":8.0,"key":"SMITH"},{"data":"Pommel Strike","floor":10.0,"key":"SMITH"},{"data":"Bloodletting","floor":13,"key":"SMITH"},{"data":"Spot Weakness","floor":15,"key":"SMITH"},{"data":"Berserk","floor":23,"key":"SMITH"},{"data":"Rupture","floor":25,"key":"SMITH"}],"circlet_count":0,"master_deck":["AscendersBane","Strike_R","Strike_R","Strike_R","Defend_R+1","Defend_R+1","Bash","Pommel Strike+1","Warcry","Armaments+1","True Grit+1","Spot Weakness+1","Bloodletting+1","Berserk+1","Rupture+1","Sword Boomerang+1"],"relics":["Burning Blood","The Courier","Bottled Lightning","Runic Cube","Old Coin","Strawberry","Anchor","Tiny Chest","WingedGreaves"],"acts_visited":["Exordium","TheCity"],"potions_floor_usage":[16,24],"damage_taken":[{"damage":4.0,"enemies":"2 Louse","floor":1.0,"turns":3.0},{"damage":12.0,"enemies":"Small Slimes","floor":3.0,"turns":3.0},{"damage":1.0,"enemies":"Cultist","floor":7.0,"turns":3.0},{"damage":26.0,"enemies":"Gremlin Nob","floor":11.0,"turns":4.0},{"damage":2,"enemies":"2 Fungi Beasts","floor":12,"turns":3},{"damage":39,"enemies":"Hexaghost","floor":16,"turns":8},{"damage":7,"enemies":"Shell Parasite","floor":18,"turns":7},{"damage":21,"enemies":"Spheric Guardian","floor":22,"turns":5},{"damage":49,"enemies":"Gremlin Leader","floor":24,"turns":3},{"damage":18,"enemies":"Book of Stabbing","floor":27,"turns":4},{"damage":13,"enemies":"Snake Plant","floor":28,"turns":3}],"seed_played":"2239858668864567323","potions_obtained":[{"floor":3.0,"key":"Fruit Juice"},{"floor":11,"key":"Swift Potion"},{"floor":16,"key":"Block Potion"},{"floor":24,"key":"Fruit Juice"},{"floor":27,"key":"Explosive Potion"}],"is_trial":false,"path_per_floor":["M","$","M","?","?","R","M","R","T","R","E","M","R","?","R","B",null,"M","?","T","?","M","R","E","R","T","E","M"],"character_chosen":"IRONCLAD","items_purchased":["Warcry"],"campfire_rested":0,"item_purchase_floors":[2],"current_hp_per_floor":[72,72,71,76,76,76,81,81,81,81,61,65,65,49,49,16,66,65,65,65,72,57,57,19,19,19,7,0,0],"gold":700,"neow_bonus":"REMOVE_TWO","is_daily":false,"chose_seed":false,"campfire_upgraded":7,"win_rate":0.0,"timestamp":1611798356,"path_taken":["M","$","M","?","?","R","?","R","T","R","E","M","R","?","R","BOSS","M","?","?","?","M","R","E","R","T","E","M"],"items_purchased_type":["Card"],"build_version":"2020-12-22","purchased_purges":1,"victory":false,"max_hp_per_floor":[72,72,77,82,82,82,82,82,82,82,82,82,82,82,82,82,82,82,82,82,89,89,89,94,94,94,94,94,94],"card_choices":[{"not_picked":["Cleave","Flex"],"picked":"Pommel Strike","floor":1.0},{"not_picked":["Wild Strike","Sword Boomerang"],"picked":"Armaments","floor":3.0},{"not_picked":["Cleave","Pommel Strike"],"picked":"True Grit","floor":7.0},{"not_picked":["Havoc","Rampage"],"picked":"Spot Weakness","floor":11},{"not_picked":["Infernal Blade","Fire Breathing"],"picked":"Bloodletting","floor":12},{"not_picked":["Feed","Exhume"],"picked":"Berserk","floor":16},{"not_picked":["Heavy Blade","Thunderclap"],"picked":"Rupture","floor":18},{"not_picked":["Cleave","Rage"],"picked":"Sword Boomerang+1","floor":22},{"not_picked":["Flex","Havoc","Pummel"],"picked":"SKIP","floor":24},{"not_picked":["Pommel Strike","Evolve","Perfected Strike"],"picked":"SKIP","floor":27}],"player_experience":455158,"relics_obtained":[{"floor":9.0,"key":"The Courier"},{"floor":11,"key":"Bottled Lightning"},{"floor":20,"key":"Old Coin"},{"floor":24,"key":"Anchor"},{"floor":26,"key":"Tiny Chest"},{"floor":27,"key":"WingedGreaves"}],"event_choices":[{"damage_healed":0.0,"max_hp_gain":5.0,"max_hp_loss":0.0,"gold_gain":0.0,"event_name":"Big Fish","player_choice":"Donut","floor":4.0,"gold_loss":0.0,"damage_taken":0.0},{"cards_removed":["Defend_R"],"damage_healed":0.0,"max_hp_gain":0.0,"max_hp_loss":0.0,"gold_gain":0.0,"event_name":"Wheel of Change","player_choice":"Card Removal","floor":5.0,"gold_loss":0.0,"damage_taken":0.0},{"damage_healed":0,"gold_gain":0,"player_choice":"Entered Light","damage_taken":16,"max_hp_gain":0,"max_hp_loss":0,"event_name":"Shining Light","floor":14,"gold_loss":0,"cards_upgraded":["Defend_R","Defend_R"]},{"damage_healed":0,"gold_gain":99,"player_choice":"Stole From Cult","damage_taken":0,"max_hp_gain":0,"max_hp_loss":0,"event_name":"Nest","floor":19,"gold_loss":0},{"damage_healed":0,"gold_gain":0,"player_choice":"Gave Potion","damage_taken":0,"relics_obtained":["Strawberry"],"max_hp_gain":0,"max_hp_loss":0,"event_name":"WeMeetAgain","floor":21,"gold_loss":0}],"is_beta":false,"boss_relics":[{"not_picked":["Runic Dome","Fusion Hammer"],"picked":"Runic Cube"}],"items_purged_floors":[2],"is_endless":false,"potions_floor_spawned":[3,11,16,24,27],"killed_by":"Snake Plant","ascension_level":12}}