{"host":"zk71suw73lg2r165","time":1611849339,"event":{"mods":["BaseMod","Colored Map","Minty Spire (QoL Compilation)","Permanent Neow","Relic Stats","StSLib"],"gold_per_floor":[115,126,144,155,171,171,189,221,301,330,330,357,357,357,357,430,430,447,464,481,59,72,72,107,107,107,30,48,48,58,92,92,164,164,179,196,196,196],"floor_reached":37,"language":"ENG","playtime":1385,"items_purged":[],"score":866,"play_id":"0d225a03-7b40-45a9-b7cc-d93592ec98a6","local_time":"20210128105539","is_ascension_mode":true,"campfire_choices":[{"data":"Static Discharge","floor":6,"key":"SMITH"},{"floor":11,"key":"REST"},{"floor":13,"key":"REST"},{"floor":15,"key":"REST"},{"floor":23,"key":"REST"},{"data":"Defragment","floor":25,"key":"SMITH"},{"floor":29,"key":"REST"},{"floor":32,"key":"REST"}],"circlet_count":0,"master_deck":["AscendersBane","Strike_B","Strike_B","Strike_B","Defend_B","Defend_B","Defend_B","Defend_B","Zap","Dualcast","Go for the Eyes","Compile Driver","Conserve Battery","Static Discharge+1","Loop","Machine Learning","Capacitor","Storm","Hello World","White Noise","Electrodynamics","Double Energy","White Noise+1","Fusion","Buffer","Defragment+1","Coolheaded","Capacitor","Barrage","Reinforced Body","Machine Learning","Chaos+1","Tempest"],"relics":["Cracked Core","Lizard Tail","Calipers","InkBottle","HornCleat","Gambling Chip","Snecko Eye","Orrery","DataDisk","Centennial Puzzle","Pantograph","Turnip","Philosopher\u0027s Stone"],"acts_visited":["Exordium","TheCity","TheBeyond"],"potions_floor_usage":[16,31,37],"damage_taken":[{"damage":1.0,"enemies":"Cultist","floor":1.0,"turns":3.0},{"damage":2.0,"enemies":"Jaw Worm","floor":2.0,"turns":3.0},{"damage":2.0,"enemies":"Small Slimes","floor":3.0,"turns":3.0},{"damage":1.0,"enemies":"Looter","floor":4.0,"turns":3.0},{"damage":17.0,"enemies":"Exordium Wildlife","floor":5.0,"turns":3.0},{"damage":5,"enemies":"Red Slaver","floor":7,"turns":3},{"damage":37,"enemies":"3 Sentries","floor":8,"turns":7},{"damage":22,"enemies":"Gremlin Nob","floor":10,"turns":4},{"damage":23,"enemies":"3 Sentries","floor":12,"turns":6},{"damage":41,"enemies":"The Guardian","floor":16,"turns":7},{"damage":11,"enemies":"Chosen","floor":18,"turns":4},{"damage":25,"enemies":"Spheric Guardian","floor":19,"turns":5},{"damage":0,"enemies":"3 Cultists","floor":20,"turns":3},{"damage":14,"enemies":"Centurion and Healer","floor":22,"turns":3},{"damage":16,"enemies":"Book of Stabbing","floor":24,"turns":3},{"damage":0,"enemies":"Snecko","floor":28,"turns":3},{"damage":7,"enemies":"Shelled Parasite and Fungi","floor":30,"turns":3},{"damage":25,"enemies":"Gremlin Leader","floor":31,"turns":4},{"damage":13,"enemies":"Champ","floor":33,"turns":8},{"damage":8,"enemies":"3 Shapes","floor":35,"turns":3},{"damage":0,"enemies":"3 Darklings","floor":36,"turns":3},{"damage":59,"enemies":"Writhing Mass","floor":37,"turns":3}],"seed_played":"4400942489800325960","potions_obtained":[{"floor":1.0,"key":"Strength Potion"},{"floor":8,"key":"SneckoOil"},{"floor":10,"key":"GamblersBrew"},{"floor":16,"key":"Ancient Potion"},{"floor":20,"key":"FairyPotion"},{"floor":24,"key":"SkillPotion"},{"floor":31,"key":"Weak Potion"},{"floor":36,"key":"LiquidBronze"}],"is_trial":false,"path_per_floor":["M","M","M","M","M","R","M","E","T","E","R","E","R","?","R","B",null,"M","M","M","$","M","R","E","R","T","$","M","R","M","E","R","B",null,"M","M","M"],"character_chosen":"DEFECT","items_purchased":["Orrery","DataDisk","Defragment","Capacitor"],"campfire_rested":6,"item_purchase_floors":[21,21,21,27],"current_hp_per_floor":[63,61,59,58,41,41,36,32,32,10,29,6,25,25,44,3,49,38,13,13,13,19,38,22,22,22,22,22,41,34,9,28,40,58,50,50,0,0],"gold":196,"neow_bonus":"ONE_RARE_RELIC","is_daily":false,"chose_seed":false,"campfire_upgraded":2,"win_rate":0.0,"timestamp":1611849339,"path_taken":["M","M","M","M","?","R","M","E","T","E","R","E","R","?","R","BOSS","M","M","?","$","M","R","E","R","T","$","M","R","M","E","R","BOSS","M","M","M"],"items_purchased_type":["Relic","Relic","Card","Card"],"build_version":"2020-12-22","purchased_purges":0,"victory":false,"max_hp_per_floor":[64,64,64,64,64,64,64,64,64,64,64,64,64,64,64,64,64,64,64,64,64,64,64,64,64,64,64,64,64,64,64,64,64,64,64,64,64,64],"relic_stats":{"Lizard Tail":32,"Centennial Puzzle":[15],"counters":[22,87],"Gambling Chip":[50],"Pantograph":25,"Snecko Eye":[102,112,104,92],"Turnip":[4],"obtain_stats":[{"Calipers":8,"Lizard Tail":0,"DataDisk":21,"Centennial Puzzle":24,"HornCleat":10,"Gambling Chip":12,"Pantograph":26,"Snecko Eye":17,"Orrery":21,"Philosopher\u0027s Stone":34,"Turnip":31,"Cracked Core":0,"InkBottle":9},{"Calipers":7,"Lizard Tail":0,"DataDisk":13,"Centennial Puzzle":15,"HornCleat":8,"Gambling Chip":9,"Pantograph":15,"Snecko Eye":10,"Orrery":13,"Philosopher\u0027s Stone":19,"Turnip":18,"Cracked Core":0,"InkBottle":7},{"Calipers":25,"Lizard Tail":0,"DataDisk":54,"Centennial Puzzle":60,"HornCleat":29,"Gambling Chip":35,"Pantograph":60,"Snecko Eye":42,"Orrery":54,"Philosopher\u0027s Stone":78,"Turnip":70,"Cracked Core":0,"InkBottle":25}],"InkBottle":[23]},"card_choices":[{"not_picked":["Skim","Gash"],"picked":"Go for the Eyes","floor":1.0},{"not_picked":["Redo","Stack"],"picked":"Compile Driver","floor":2.0},{"not_picked":["Streamline","Ball Lightning"],"picked":"Conserve Battery","floor":3.0},{"not_picked":["Stack","Ball Lightning"],"picked":"Static Discharge","floor":4.0},{"not_picked":["Streamline","Go for the Eyes"],"picked":"Loop","floor":5},{"not_picked":["White Noise","FTL"],"picked":"Machine Learning","floor":7},{"not_picked":["Streamline","Coolheaded"],"picked":"Capacitor","floor":8},{"not_picked":["Hologram","Rip and Tear"],"picked":"Storm","floor":10},{"not_picked":["Cold Snap","Go for the Eyes"],"picked":"Hello World","floor":12},{"not_picked":["All For One","Rainbow"],"picked":"Electrodynamics","floor":16},{"not_picked":["Storm","Go for the Eyes+1"],"picked":"Double Energy","floor":18},{"not_picked":["Ball Lightning","Streamline"],"picked":"White Noise+1","floor":19},{"not_picked":["Compile Driver","Hologram","Conserve Battery"],"picked":"SKIP","floor":20},{"not_picked":["Reboot","Force Field"],"picked":"Fusion","floor":21},{"not_picked":["Compile Driver","Storm"],"picked":"Buffer","floor":21},{"not_picked":["Conserve Battery","Sweeping Beam"],"picked":"Coolheaded","floor":22},{"not_picked":["Darkness","Ball Lightning","Gash"],"picked":"SKIP","floor":24},{"not_picked":["Double Energy","Conserve Battery"],"picked":"Barrage","floor":28},{"not_picked":["Sweeping Beam","Cold Snap","Conserve Battery"],"picked":"SKIP","floor":30},{"not_picked":["Force Field","Lockon+1"],"picked":"Reinforced Body","floor":31},{"not_picked":["Multi-Cast","Rainbow"],"picked":"Machine Learning","floor":33},{"not_picked":["Chill","BootSequence"],"picked":"Chaos+1","floor":35},{"not_picked":["Genetic Algorithm","Streamline+1"],"picked":"Tempest","floor":36}],"player_experience":1393953,"relics_obtained":[{"floor":8,"key":"Calipers"},{"floor":9,"key":"InkBottle"},{"floor":10,"key":"HornCleat"},{"floor":12,"key":"Gambling Chip"},{"floor":24,"key":"Centennial Puzzle"},{"floor":26,"key":"Pantograph"},{"floor":31,"key":"Turnip"}],"event_choices":[{"damage_healed":0,"gold_gain":0,"cards_transformed":["Strike_B"],"player_choice":"Transformed","damage_taken":0,"max_hp_gain":0,"max_hp_loss":0,"event_name":"Transmorgrifier","floor":14,"gold_loss":0,"cards_obtained":["White Noise"]}],"is_beta":false,"boss_relics":[{"not_picked":["Nuclear Battery","Tiny House"],"picked":"Snecko Eye"},{"not_picked":["Calling Bell","Empty Cage"],"picked":"Philosopher\u0027s Stone"}],"items_purged_floors":[],"is_endless":false,"potions_floor_spawned":[1,8,10,16,20,24,30,31,36],"killed_by":"Writhing Mass","ascension_level":20}}