{"host":"qdfumeom6htv8yxl","time":1611866616,"event":{"mods":["AchievementEnabler","BaseMod","Bestiary","Block Reminder","Minty Spire (QoL Compilation)","Quick Restart","Relic Stats"],"gold_per_floor":[112,112,16,16,16,16,60,60,60,101,117,117,152,176,176,275,275,288,291,0,50,50,50],"floor_reached":22,"language":"ENG","playtime":1280,"items_purged":["Strike_B"],"score":500,"play_id":"5eb0d9f7-b6e3-47c7-b63f-e5bb7580a2a0","local_time":"20210128144336","is_ascension_mode":true,"campfire_choices":[{"data":"Reprogram","floor":6.0,"key":"SMITH"},{"data":"Gash","floor":8.0,"key":"SMITH"},{"data":"Hologram","floor":12.0,"key":"SMITH"},{"data":"Conserve Battery","floor":15.0,"key":"SMITH"}],"circlet_count":0,"master_deck":["AscendersBane","Strike_B","Strike_B","Strike_B","Defend_B","Defend_B","Defend_B+1","Defend_B","Zap","Reprogram+1","Finesse","Gash+1","Sweeping Beam","Hologram+1","Steam+1","Conserve Battery+1","Machine Learning","Hologram","Writhe"],"relics":["Cracked Core","NeowsBlessing","Golden Idol","SsserpentHead","Lizard Tail","Symbiotic Virus","Blue Candle","Unceasing Top","Busted Crown","Eternal Feather","War Paint"],"acts_visited":["Exordium","TheCity"],"potions_floor_usage":[],"damage_taken":[{"damage":0.0,"enemies":"Small Slimes","floor":1.0,"turns":1.0},{"damage":0.0,"enemies":"Lagavulin","floor":7.0,"turns":1.0},{"damage":0.0,"enemies":"Gremlin Nob","floor":10.0,"turns":1.0},{"damage":1.0,"enemies":"2 Louse","floor":11.0,"turns":2.0},{"damage":22.0,"enemies":"3 Sentries","floor":13.0,"turns":8.0},{"damage":0.0,"enemies":"Cultist","floor":14.0,"turns":4.0},{"damage":46.0,"enemies":"Hexaghost","floor":16.0,"turns":14.0},{"damage":21,"enemies":"Spheric Guardian","floor":18,"turns":6},{"damage":19,"enemies":"2 Thieves","floor":19,"turns":5},{"damage":4,"enemies":"Centurion and Healer","floor":22,"turns":2}],"seed_played":"-3818976658844193888","potions_obtained":[{"floor":11.0,"key":"ColorlessPotion"},{"floor":13.0,"key":"SteroidPotion"},{"floor":14.0,"key":"SteroidPotion"},{"floor":18,"key":"Ancient Potion"}],"is_trial":false,"path_per_floor":["M","?","$","?","?","R","E","R","T","E","M","R","E","M","R","B",null,"M","M","$","?","M"],"character_chosen":"DEFECT","items_purchased":["Finesse","Eternal Feather"],"campfire_rested":0,"item_purchase_floors":[3,20],"current_hp_per_floor":[64,57,57,57,57,57,57,57,57,57,56,56,34,34,34,23,54,33,14,14,14,10,10],"gold":50,"neow_bonus":"THREE_ENEMY_KILL","is_daily":false,"chose_seed":false,"campfire_upgraded":4,"win_rate":0.0,"timestamp":1611866616,"path_taken":["M","?","$","?","?","R","E","R","T","E","M","R","E","M","R","BOSS","M","?","?","?","M"],"items_purchased_type":["Card","Relic"],"build_version":"2020-12-22","purchased_purges":1,"victory":false,"max_hp_per_floor":[71,71,71,64,64,64,64,64,64,64,64,64,64,64,64,64,64,64,64,64,64,64,64],"relic_stats":{"SsserpentHead":150,"Lizard Tail":32,"Busted Crown":4,"counters":[10,44],"Golden Idol":58,"Blue Candle":[1],"Eternal Feather":0,"War Paint":["Defend_B","Steam"],"obtain_stats":[{"SsserpentHead":5,"Lizard Tail":7,"Busted Crown":17,"NeowsBlessing":0,"Golden Idol":4,"Blue Candle":10,"Eternal Feather":20,"War Paint":21,"Cracked Core":0,"Symbiotic Virus":9,"Unceasing Top":13},{"SsserpentHead":1,"Lizard Tail":2,"Busted Crown":7,"NeowsBlessing":0,"Golden Idol":1,"Blue Candle":3,"Eternal Feather":9,"War Paint":9,"Cracked Core":0,"Symbiotic Virus":2,"Unceasing Top":5},{"SsserpentHead":1,"Lizard Tail":2,"Busted Crown":31,"NeowsBlessing":0,"Golden Idol":1,"Blue Candle":3,"Eternal Feather":42,"War Paint":42,"Cracked Core":0,"Symbiotic Virus":2,"Unceasing Top":13}],"Unceasing Top":[2]},"card_choices":[{"not_picked":["Steam","Redo"],"picked":"Reprogram","floor":1.0},{"not_picked":["Beam Cell","Barrage"],"picked":"Gash","floor":7.0},{"not_picked":["Compile Driver","Undo"],"picked":"Sweeping Beam","floor":10.0},{"not_picked":["Rebound","Ball Lightning"],"picked":"Hologram","floor":11.0},{"not_picked":["Core Surge","Leap"],"picked":"Steam","floor":13.0},{"not_picked":["Electrodynamics","Hello World"],"picked":"Conserve Battery","floor":14.0},{"not_picked":["Amplify","Multi-Cast"],"picked":"Machine Learning","floor":16.0},{"not_picked":["Ball Lightning"],"picked":"SKIP","floor":18},{"not_picked":[],"picked":"Hologram","floor":19}],"player_experience":1957781,"relics_obtained":[{"floor":7.0,"key":"Lizard Tail"},{"floor":9.0,"key":"Symbiotic Virus"},{"floor":10.0,"key":"Blue Candle"},{"floor":13.0,"key":"Unceasing Top"}],"event_choices":[{"cards_removed":["Dualcast"],"damage_healed":0.0,"max_hp_gain":0.0,"max_hp_loss":0.0,"gold_gain":0.0,"event_name":"Golden Wing","player_choice":"Card Removal","floor":2.0,"gold_loss":0.0,"damage_taken":7.0},{"damage_healed":0.0,"max_hp_gain":0.0,"max_hp_loss":7.0,"gold_gain":0.0,"event_name":"Golden Idol","player_choice":"Lose Max HP","floor":4.0,"gold_loss":0.0,"damage_taken":0.0,"relics_obtained":["Golden Idol"]},{"damage_healed":0.0,"max_hp_gain":0.0,"max_hp_loss":0.0,"gold_gain":0.0,"event_name":"FaceTrader","player_choice":"Trade","floor":5.0,"gold_loss":0.0,"damage_taken":0.0,"relics_obtained":["SsserpentHead"]},{"damage_healed":0,"gold_gain":0,"player_choice":"Opened","damage_taken":0,"relics_obtained":["War Paint"],"max_hp_gain":0,"max_hp_loss":0,"event_name":"The Mausoleum","floor":21,"gold_loss":0,"cards_obtained":["Writhe"]}],"is_beta":false,"boss_relics":[{"not_picked":["Philosopher\u0027s Stone","Pandora\u0027s Box"],"picked":"Busted Crown"}],"items_purged_floors":[20],"is_endless":false,"potions_floor_spawned":[11,13,14,18],"killed_by":"Centurion and Healer","ascension_level":20}}