{"host":"mgfw0moseg4od5bi","time":1611847140,"event":{"mods":["2.2 Compatiblity","AchievementEnabler","Act Like it!","BaseMod","Better Altar","Better Match","Better Note","Better Sensory Stone","Better Skull","Block Reminder","CapriCore","Card Forge","Custom Start","Dio Mod","Downfall","Gensokyo","GungeonMod","Hallownest","Infinite Spire","Jorbs\u0027s Wanderer Trilogy","Koishi","Marisa（霧雨　魔理沙）","Minty Spire (QoL Compilation)","Reimu（博??梦）","StSLib","Synergy Search","The Bug Knight","The Death Knight","The Immortal","The Poker Player","The Problem Sleuth","TheFirefly","TheHero"],"gold_per_floor":[112,130,141,161,177,212,212,212,212,222,222,239,239,188,188,290,290,308,321,23,38,57,57,57,57,111,111,122,156,156,156,156,261,311,326,340,353,353,353,385,385,385,457,457,457,474,474,493,493,493,493,493],"floor_reached":50,"language":"ENG","playtime":2999,"items_purged":["PokerPlayerMod:Spade1"],"score":494,"play_id":"856e94f3-754b-458a-abda-02f786f9a04c","local_time":"20210128221900","is_ascension_mode":false,"metric_token":2130,"campfire_choices":[{"floor":8,"key":"REST"},{"data":"PokerPlayerMod:Heart2","floor":15,"key":"SMITH"},{"data":"PokerPlayerMod:CardPrinter","floor":23,"key":"SMITH"},{"data":"PokerPlayerMod:DamnStraight","floor":27,"key":"SMITH"},{"data":"PokerPlayerMod:CardPrinter+1","floor":30,"key":"SMITH"},{"data":"PokerPlayerMod:Club1","floor":32,"key":"SMITH"},{"floor":41,"key":"REST"},{"data":"PokerPlayerMod:CardPrinter+2","floor":47,"key":"SMITH"},{"data":"PokerPlayerMod:TheDieIsCast","floor":49,"key":"SMITH"}],"circlet_count":0,"master_deck":["PokerPlayerMod:Diamond3","PokerPlayerMod:Diamond2","PokerPlayerMod:Diamond3","PokerPlayerMod:Diamond4","PokerPlayerMod:Diamond5","PokerPlayerMod:Spade2","PokerPlayerMod:Spade3","PokerPlayerMod:Spade4","PokerPlayerMod:Club2","PokerPlayerMod:Club2","PokerPlayerMod:Heart3","PokerPlayerMod:TrumpStrike","PokerPlayerMod:BadJoker+1","PokerPlayerMod:Mulligan+1","PokerPlayerMod:Diamond4","PokerPlayerMod:ClubShade+1","PokerPlayerMod:HeartStrike+1","PokerPlayerMod:ClubsClub+1","PokerPlayerMod:Club5","PokerPlayerMod:Promotion+1","PokerPlayerMod:Heart6","sneckomod:UnknownClassINFINITE_BLACK+1","PokerPlayerMod:Heart6","PokerPlayerMod:WasteCollection","PokerPlayerMod:CardPrinter+3","PokerPlayerMod:HeartStrike+1","PokerPlayerMod:DamnStraight+1","PokerPlayerMod:Diamond6","PokerPlayerMod:TheDieIsCast+1","PokerPlayerMod:Diamond7","PokerPlayerMod:Configure+1","PokerPlayerMod:CardBurn"],"relics":["PokerPlayerMod:DeckCase","Hammer of Thor","Seething Fire","Anvil of the Gods","Dream Catcher","Whetstone","DemoMod:BigBoy","RedLine:ReiMu","PokerPlayerMod:PenAndEraser","War Paint","Nilry\u0027s Codex","Ancient Tea Set","Smiling Mask","infinitespire:Satchel","Tiny House","Omamori","Blood Vial","Pantograph"],"acts_visited":["Exordium","TheCity","TheBeyond"],"potions_floor_usage":[29,33,40,50,50,50],"damage_taken":[{"damage":0,"enemies":"Small Slimes","floor":1,"turns":2},{"damage":0,"enemies":"2 Louse","floor":2,"turns":1},{"damage":6,"enemies":"infinitespire:Voidling","floor":3,"turns":3},{"damage":18,"enemies":"Large Slime","floor":4,"turns":4},{"damage":6,"enemies":"Blue Slaver","floor":5,"turns":3},{"damage":1,"enemies":"3 Sentries","floor":6,"turns":3},{"damage":6,"enemies":"3 Louse","floor":10,"turns":2},{"damage":0,"enemies":"Exordium Thugs","floor":12,"turns":3},{"damage":26,"enemies":"The Guardian","floor":16,"turns":8},{"damage":10,"enemies":"Chosen","floor":18,"turns":2},{"damage":0,"enemies":"2 Thieves","floor":19,"turns":2},{"damage":9,"enemies":"Sentry and Sphere","floor":21,"turns":4},{"damage":0,"enemies":"Shelled Parasite and Fungi","floor":22,"turns":2},{"damage":25,"enemies":"Centurion and Healer","floor":28,"turns":4},{"damage":20,"enemies":"Book of Stabbing","floor":29,"turns":4},{"damage":41,"enemies":"Collector","floor":33,"turns":9},{"damage":9,"enemies":"Orb Walker","floor":35,"turns":3},{"damage":0,"enemies":"3 Shapes","floor":36,"turns":2},{"damage":36,"enemies":"Writhing Mass","floor":37,"turns":4},{"damage":57,"enemies":"Reptomancer","floor":40,"turns":9},{"damage":27,"enemies":"Maw","floor":46,"turns":7},{"damage":4,"enemies":"3 Darklings","floor":48,"turns":3},{"damage":75,"enemies":"Time Eater","floor":50,"turns":7}],"seed_played":"7680599632323375582","potions_obtained":[{"floor":2,"key":"GrandPatriotsElixir:ReiMu"},{"floor":4,"key":"hexamod:SoulburnPotion"},{"floor":12,"key":"GrandPatriotsElixir:ReiMu"},{"floor":16,"key":"Energy Potion"},{"floor":21,"key":"AttackPotion"},{"floor":22,"key":"LiquidMemories"},{"floor":29,"key":"SpeedPotion"},{"floor":34,"key":"sneckomod:MuddlingPotion"},{"floor":46,"key":"Explosive Potion"}],"is_trial":false,"path_per_floor":["M","M","M","M","M","E","?","R","T","M","?","M","?","$","R","B",null,"M","M","$","M","M","R","?","?","T","R","M","E","R","AVR","R","B",null,"M","M","M","?","T","E","R","?","T","?","$","M","R","M","R","B"],"character_chosen":"THE_POKER_PLAYER","items_purchased":["PokerPlayerMod:Heart6","PokerPlayerMod:PenAndEraser","War Paint"],"campfire_rested":2,"item_purchase_floors":[14,20,20],"current_hp_per_floor":[52,52,49,37,34,37,37,52,52,46,36,38,38,38,38,46,52,52,52,52,52,52,52,52,36,36,36,44,52,52,52,52,52,57,57,57,45,45,45,10,26,26,26,50,50,35,35,50,50,0,0,0],"gold":493,"neow_bonus":"RANDOM_COMMON_RELIC","is_daily":false,"chose_seed":false,"campfire_upgraded":7,"win_rate":0.0,"timestamp":1611847140,"path_taken":["M","M","M","M","M","E","?","R","T","M","?","M","?","$","R","BOSS","M","?","$","M","M","R","?","?","T","R","M","E","R","AVR","R","BOSS","M","M","M","?","?","E","R","?","T","?","$","M","R","M","R","BOSS"],"items_purchased_type":["Card","Relic","Relic"],"build_version":"2020-12-22","purchased_purges":1,"victory":false,"max_hp_per_floor":[52,52,52,52,52,52,52,52,52,52,52,52,52,52,52,52,52,52,52,52,52,52,52,52,52,52,52,52,52,52,52,52,52,57,57,57,57,54,54,54,54,54,54,50,50,50,50,50,50,50,50,50],"card_choices":[{"not_picked":["PokerPlayerMod:Diamond2","PokerPlayerMod:Sharpen"],"picked":"PokerPlayerMod:Diamond4","floor":1},{"not_picked":["PokerPlayerMod:MagicTrick","PokerPlayerMod:Spade2"],"picked":"PokerPlayerMod:ClubShade","floor":2},{"not_picked":["PokerPlayerMod:SpadeStrike","PokerPlayerMod:Configure"],"picked":"PokerPlayerMod:HeartStrike","floor":3},{"not_picked":["PokerPlayerMod:Trickery","PokerPlayerMod:Diamond4"],"picked":"PokerPlayerMod:ClubsClub","floor":4},{"not_picked":["PokerPlayerMod:Club1","PokerPlayerMod:FlyingCard"],"picked":"PokerPlayerMod:Club2","floor":5},{"not_picked":["PokerPlayerMod:Diamond7","PokerPlayerMod:CloakAndDiamond","PokerPlayerMod:SpadeStrike"],"picked":"SKIP","floor":6},{"not_picked":["PokerPlayerMod:Diamond2","PokerPlayerMod:DartThrow"],"picked":"PokerPlayerMod:Promotion","floor":10},{"not_picked":["PokerPlayerMod:Diamond1","PokerPlayerMod:DiamondStrike"],"picked":"PokerPlayerMod:Heart3","floor":12},{"not_picked":["PokerPlayerMod:Club9","PokerPlayerMod:Promotion"],"picked":"PokerPlayerMod:WasteCollection","floor":16},{"not_picked":["PokerPlayerMod:SpadeStrike+1","PokerPlayerMod:Harden"],"picked":"PokerPlayerMod:CardPrinter","floor":18},{"not_picked":["PokerPlayerMod:Fold","PokerPlayerMod:SecondChance","PokerPlayerMod:Spade3"],"picked":"SKIP","floor":19},{"not_picked":["PokerPlayerMod:FlyingCard","PokerPlayerMod:Spade1"],"picked":"PokerPlayerMod:HeartStrike+1","floor":21},{"not_picked":["PokerPlayerMod:Club1","PokerPlayerMod:CloakAndDiamond"],"picked":"PokerPlayerMod:DamnStraight","floor":22},{"not_picked":["PokerPlayerMod:Diamond4","PokerPlayerMod:Diamond1","PokerPlayerMod:Spade7"],"picked":"SKIP","floor":28},{"not_picked":["PokerPlayerMod:Diamond4","PokerPlayerMod:MagicTrick+1"],"picked":"PokerPlayerMod:Diamond6","floor":29},{"not_picked":["PokerPlayerMod:WildCard","PokerPlayerMod:Spade7"],"picked":"PokerPlayerMod:TheDieIsCast","floor":33},{"not_picked":["PokerPlayerMod:ClubsClub+1","PokerPlayerMod:Overdeal","PokerPlayerMod:Diamond4"],"picked":"SKIP","floor":35},{"not_picked":["PokerPlayerMod:Diamond5","PokerPlayerMod:ClubShade","PokerPlayerMod:ClubsClub"],"picked":"SKIP","floor":36},{"not_picked":["PokerPlayerMod:Spade2","PokerPlayerMod:Diamond3"],"picked":"PokerPlayerMod:Diamond7","floor":37},{"not_picked":["PokerPlayerMod:SecretDealer","PokerPlayerMod:Heart10+"],"picked":"PokerPlayerMod:Configure+1","floor":40},{"not_picked":["PokerPlayerMod:Diamond4","PokerPlayerMod:Spade10+","PokerPlayerMod:MagicTrick"],"picked":"SKIP","floor":46},{"not_picked":["PokerPlayerMod:Diamond1","PokerPlayerMod:Heart5"],"picked":"PokerPlayerMod:CardBurn","floor":48}],"player_experience":481776,"relics_obtained":[{"floor":6,"key":"Whetstone"},{"floor":9,"key":"DemoMod:BigBoy"},{"floor":25,"key":"Nilry\u0027s Codex"},{"floor":26,"key":"Ancient Tea Set"},{"floor":29,"key":"Smiling Mask"},{"floor":39,"key":"Omamori"},{"floor":40,"key":"Blood Vial"},{"floor":43,"key":"Pantograph"}],"event_choices":[{"damage_healed":0,"gold_gain":0,"player_choice":"Entered Light","damage_taken":10,"max_hp_gain":0,"max_hp_loss":0,"event_name":"Shining Light","floor":11,"gold_loss":0,"cards_upgraded":["PokerPlayerMod:Promotion","PokerPlayerMod:Diamond2"]},{"cards_removed":["PokerPlayerMod:Mulligan"],"damage_healed":0,"gold_gain":0,"player_choice":"Take \u0026 Give","damage_taken":0,"max_hp_gain":0,"max_hp_loss":0,"event_name":"betterNote:BetterNote","floor":13,"gold_loss":0,"cards_obtained":["sneckomod:UnknownClassINFINITE_BLACK"]},{"damage_healed":0,"gold_gain":0,"player_choice":"Ignored","damage_taken":0,"max_hp_gain":0,"max_hp_loss":0,"event_name":"Ghosts","floor":24,"gold_loss":0},{"damage_healed":0,"gold_gain":0,"player_choice":"Obtained Book","damage_taken":16,"max_hp_gain":0,"max_hp_loss":0,"event_name":"Cursed Tome","floor":25,"gold_loss":0},{"damage_healed":0,"gold_gain":0,"player_choice":"Max HP","damage_taken":0,"max_hp_gain":0,"max_hp_loss":3,"event_name":"Winding Halls","floor":38,"gold_loss":0},{"damage_healed":0,"gold_gain":0,"player_choice":"Ignored","damage_taken":0,"max_hp_gain":0,"max_hp_loss":0,"event_name":"Mysterious Sphere","floor":42,"gold_loss":0}],"is_beta":false,"boss_relics":[{"not_picked":["Coffee Dripper","Black Star"],"picked":"RedLine:ReiMu"},{"not_picked":["sneckomod:SneckoTalon","infinitespire:Cupcake"],"picked":"Tiny House"}],"items_purged_floors":[31],"is_endless":false,"potions_floor_spawned":[2,4,12,16,21,22,29,46],"killed_by":"Time Eater","ascension_level":0}}