{"host":"ux8r2oyej5019q8x","time":1611794312,"event":{"mods":["AchievementEnabler","BaseMod","Colored Map","Colored Powertips","GifTheSpireLib","HexUI Lib","Highlight Path","Minty Spire (QoL Compilation)","Rare Cards Sparkle","Relic Stats","StSLib","everything is the same but u backflip on backflip"],"gold_per_floor":[10,24,41,55,71,71,90,122,174,174,194,194,194,194,194,299,299,317,334,41,41,41],"floor_reached":21,"language":"ENG","playtime":2068,"items_purged":[],"score":229,"play_id":"0eb2d46b-eec0-4473-85ef-b65cd928a7fc","local_time":"20210128013832","is_ascension_mode":true,"campfire_choices":[{"data":"Rage","floor":6,"key":"SMITH"},{"floor":10,"key":"REST"},{"data":"Juggernaut","floor":13,"key":"SMITH"},{"data":"Pommel Strike","floor":15,"key":"SMITH"}],"circlet_count":0,"master_deck":["Strike_R","Strike_R","Strike_R","Strike_R","Defend_R","Defend_R","Defend_R","Defend_R","Bash","Pommel Strike+1","Thunderclap","Disarm","Rage+1","Shrug It Off","Juggernaut+1","Dark Embrace","Cleave","Armaments","Double Tap","Flame Barrier+1","Clothesline+1"],"relics":["Burning Blood","StoneCalendar","Pen Nib","Dream Catcher","SlaversCollar","Champion Belt"],"acts_visited":["Exordium","TheCity"],"potions_floor_usage":[7,8,16,21],"damage_taken":[{"damage":1,"enemies":"Cultist","floor":1,"turns":4},{"damage":7,"enemies":"Jaw Worm","floor":2,"turns":3},{"damage":0,"enemies":"2 Louse","floor":3,"turns":3},{"damage":12,"enemies":"2 Fungi Beasts","floor":4,"turns":4},{"damage":27,"enemies":"Exordium Thugs","floor":5,"turns":6},{"damage":14,"enemies":"Exordium Wildlife","floor":7,"turns":6},{"damage":20,"enemies":"3 Sentries","floor":8,"turns":7},{"damage":1,"enemies":"3 Louse","floor":11,"turns":6},{"damage":39,"enemies":"The Guardian","floor":16,"turns":9},{"damage":57,"enemies":"Chosen","floor":18,"turns":7},{"damage":19,"enemies":"Shell Parasite","floor":19,"turns":7},{"damage":11,"enemies":"Snecko","floor":21,"turns":3}],"seed_played":"-4623566366383671918","potions_obtained":[{"floor":4,"key":"BlessingOfTheForge"},{"floor":7,"key":"Weak Potion"},{"floor":11,"key":"EssenceOfSteel"},{"floor":19,"key":"LiquidBronze"}],"is_trial":false,"path_per_floor":["M","M","M","M","M","R","M","E","T","R","M","?","R","?","R","B",null,"M","M","$","M"],"character_chosen":"IRONCLAD","items_purchased":["Champion Belt"],"campfire_rested":1,"item_purchase_floors":[20],"current_hp_per_floor":[80,79,80,74,53,53,45,31,31,55,60,60,60,65,65,32,72,21,8,8,0,0],"gold":41,"neow_bonus":"ONE_RARE_RELIC","is_daily":false,"chose_seed":false,"campfire_upgraded":3,"win_rate":0.0,"timestamp":1611794312,"path_taken":["M","M","M","M","M","R","M","E","T","R","M","?","R","?","R","BOSS","M","M","$","M"],"items_purchased_type":["Relic"],"build_version":"2020-12-22","purchased_purges":0,"victory":false,"max_hp_per_floor":[80,80,80,80,80,80,80,80,80,80,80,80,80,85,85,85,85,85,85,85,85,85],"relic_stats":{"Dream Catcher":1,"counters":[12,65],"StoneCalendar":[121],"Pen Nib":[4],"Champion Belt":[1],"obtain_stats":[{"SlaversCollar":17,"Dream Catcher":9,"StoneCalendar":0,"Pen Nib":8,"Champion Belt":20,"Burning Blood":0},{"SlaversCollar":9,"Dream Catcher":7,"StoneCalendar":0,"Pen Nib":7,"Champion Belt":11,"Burning Blood":0},{"SlaversCollar":48,"Dream Catcher":33,"StoneCalendar":0,"Pen Nib":33,"Champion Belt":62,"Burning Blood":0}],"Burning Blood":56},"card_choices":[{"not_picked":["Warcry","Iron Wave"],"picked":"Pommel Strike","floor":1},{"not_picked":["Wild Strike","Flex"],"picked":"Thunderclap","floor":2},{"not_picked":["Flex","Body Slam","Sword Boomerang"],"picked":"SKIP","floor":3},{"not_picked":["Headbutt","Clash"],"picked":"Disarm","floor":4},{"not_picked":["Sentinel","Heavy Blade"],"picked":"Rage","floor":5},{"not_picked":["Second Wind","Dark Embrace"],"picked":"Shrug It Off","floor":7},{"not_picked":["Reckless Charge","Uppercut"],"picked":"Juggernaut","floor":8},{"not_picked":["Flex","Pommel Strike"],"picked":"Dark Embrace","floor":10},{"not_picked":["Rampage","Thunderclap"],"picked":"Cleave","floor":11},{"not_picked":["Exhume","Berserk"],"picked":"Double Tap","floor":16},{"not_picked":["Rampage+1","Anger"],"picked":"Flame Barrier+1","floor":18},{"not_picked":["Shrug It Off","Flame Barrier"],"picked":"Clothesline+1","floor":19}],"player_experience":221069,"relics_obtained":[{"floor":8,"key":"Pen Nib"},{"floor":9,"key":"Dream Catcher"}],"event_choices":[{"damage_healed":0,"gold_gain":0,"cards_transformed":["Strike_R"],"player_choice":"Change","damage_taken":0,"max_hp_gain":0,"max_hp_loss":0,"event_name":"Living Wall","floor":12,"gold_loss":0,"cards_obtained":["Armaments"]},{"damage_healed":0,"gold_gain":0,"player_choice":"Donut","damage_taken":0,"max_hp_gain":5,"max_hp_loss":0,"event_name":"Big Fish","floor":14,"gold_loss":0}],"is_beta":false,"boss_relics":[{"not_picked":["Runic Dome","Black Blood"],"picked":"SlaversCollar"}],"items_purged_floors":[],"is_endless":false,"potions_floor_spawned":[4,7,11,19],"killed_by":"Snecko","ascension_level":5}}