{"host":"7kgj47jdxgufb548","time":1611851526,"event":{"mods":["Act Like it!","BaseMod","CapriCore","Gensokyo","Minty Spire (QoL Compilation)","Remilia¡]Á¢¦Ì²ú?¡^","StSLib","The Immortal","Yakumo Yukari mod","Youmu¡]»î¾z§¯?¡^"],"gold_per_floor":[110,110,16,16,36,36,67,67,141,141,171,171,171,19,19,418,418,432,13,32,49,49,49,80,80,106,138,238,0,14,14,14,112,112,130,140,140,153,153,153,153,153,178,478,1,1,1,20,20,20],"floor_reached":51,"language":"ZHS","playtime":2128,"items_purged":[],"score":896,"play_id":"793ae0bd-7443-499a-8449-1e79901a3773","local_time":"20210129003206","is_ascension_mode":true,"campfire_choices":[{"data":"MokouMod:Ember","floor":6.0,"key":"SMITH"},{"data":"MokouMod:SpontaneousHumanCombustion","floor":10.0,"key":"SMITH"},{"floor":13.0,"key":"REST"},{"data":"MokouMod:ResonanceReactor","floor":15.0,"key":"SMITH"},{"floor":23.0,"key":"REST"},{"floor":25.0,"key":"REST"},{"floor":32.0,"key":"DIG"},{"data":"1","floor":40,"key":"LIFT"},{"floor":41,"key":"DIG"},{"floor":47,"key":"REST"},{"data":"2","floor":49,"key":"LIFT"}],"circlet_count":0,"master_deck":["MokouMod:Strike","MokouMod:Strike","MokouMod:Strike","MokouMod:Defend","MokouMod:Defend","MokouMod:Defend","MokouMod:Defend","MokouMod:HeatSpark+1","MokouMod:Ember+1","Injury","MokouMod:FujiyamaVolcano","MokouMod:SpontaneousHumanCombustion+1","MokouMod:Scorch","MokouMod:ResonanceReactor+1","MokouMod:Rebirth","MokouMod:PhoenixForm+1","CurseOfTheBell","MokouMod:Firecracker+1","MokouMod:Ventilation","MokouMod:HeatCyclone","MokouMod:SacredFire+1","MokouMod:RoaringFlare","MokouMod:SacredFire+1","MokouMod:RoaringFlare+1","MokouMod:WarmUp+1","MokouMod:Rebirth+1","MokouMod:CrimsonFlare+1","MokouMod:RoaringFlare+1","MokouMod:Singe+1","MokouMod:ScorchedEarth+1","MokouMod:ResonanceReactor+1","MokouMod:FlickeringFlame+1","MokouMod:ResonatingAura+1","MokouMod:FlareStarter","MokouMod:ResoluteFlare+1"],"relics":["MokouMod:PhoenixFeather","Lizard Tail","Pantograph","Bottled Lightning","Gensokyo:YoukaiFlower","Question Card","Regal Pillow","Juzu Bracelet","Calling Bell","Tiny Chest","Frozen Egg 2","Shovel","Chemical X","Sling","Toy Ornithopter","Sundial","Meat on the Bone","PreservedInsect","Molten Egg 2","WingedGreaves","Thread and Needle","Incense Burner","ScarletDevilRocket","SlaversCollar","Girya","Happy Flower","Smiling Mask","Old Coin","Potion Belt","Orrery"],"acts_visited":["Gensokyo:Gensokyo","Gensokyo:Gensokyoer","Gensokyo:Gensokyoest"],"potions_floor_usage":[38,48,48,50,50,50,50,50,50,50],"damage_taken":[{"damage":0.0,"enemies":"Gensokyo:3_Fairies","floor":1.0,"turns":4.0},{"damage":25.0,"enemies":"Gensokyo:Gryphon","floor":5.0,"turns":7.0},{"damage":30.0,"enemies":"Gensokyo:Mamizou","floor":7.0,"turns":7.0},{"damage":30.0,"enemies":"Gensokyo:Cirno","floor":11.0,"turns":6.0},{"damage":54.0,"enemies":"Gensokyo:Yukari","floor":16.0,"turns":9.0},{"damage":34.0,"enemies":"Gensokyo:Chomper","floor":18.0,"turns":5.0},{"damage":60.0,"enemies":"Gensokyo:CosmicMonolith","floor":20.0,"turns":7.0},{"damage":52.0,"enemies":"Gensokyo:Wraith","floor":21.0,"turns":5.0},{"damage":116.0,"enemies":"Gensokyo:Tenshi","floor":24.0,"turns":8.0},{"damage":49.0,"enemies":"Gensokyo:Koishi","floor":27.0,"turns":6.0},{"damage":18.0,"enemies":"Gensokyo:Koishi","floor":28.0,"turns":6.0},{"damage":18.0,"enemies":"Gensokyo:Slime_Group","floor":30.0,"turns":3.0},{"damage":137.0,"enemies":"Gensokyo:Eiki","floor":33.0,"turns":11.0},{"damage":26,"enemies":"Gensokyo:3_Boulders","floor":35,"turns":5},{"damage":14,"enemies":"Gensokyo:3_Bats","floor":36,"turns":3},{"damage":37,"enemies":"Gensokyo:Rafflesia","floor":38,"turns":8},{"damage":11,"enemies":"Gensokyo:3_Boulders","floor":48,"turns":5},{"damage":87,"enemies":"Gensokyo:Scarlet_Devils","floor":50,"turns":9}],"seed_played":"8448170173470577522","potions_obtained":[{"floor":5.0,"key":"ColorlessPotion"},{"floor":7.0,"key":"DuplicationPotion"},{"floor":11.0,"key":"FearPotion"},{"floor":18.0,"key":"GamblersBrew"},{"floor":27.0,"key":"Block Potion"},{"floor":28.0,"key":"GamblersBrew"},{"floor":30.0,"key":"Swift Potion"},{"floor":36,"key":"Weak Potion"},{"floor":42,"key":"EntropicBrew"},{"floor":42,"key":"Dexterity Potion"}],"is_trial":false,"path_per_floor":["M","?","COS","?","M","R","E","?","T","R","E","T","R","$","R","B",null,"M","COS","M","M","?","R","E","R","T","E","?","?","M","T","R","B",null,"M","M","?","M","?","R","R","?","T","T","$","?","R","M","R","B",null],"character_chosen":"MKU","items_purchased":["MokouMod:Rebirth","Potion Belt","Strength Potion","Block Potion","EssenceOfSteel","Orrery"],"campfire_rested":4,"item_purchase_floors":[14,45,45,45,45,45],"current_hp_per_floor":[54,54,54,54,29,29,37,37,37,37,7,7,44,44,44,15,75,41,41,2,2,2,39,18,55,55,18,37,37,36,36,36,30,75,49,47,17,16,16,16,16,16,16,16,16,16,53,52,52,20],"gold":20,"neow_bonus":"ONE_RARE_RELIC","is_daily":false,"chose_seed":false,"campfire_upgraded":3,"win_rate":0.0,"timestamp":1611851526,"path_taken":["M","?","COS","?","?","R","E","?","T","R","E","?","R","?","R","BOSS","M","COS","M","M","?","R","E","R","T","E","?","?","M","?","R","BOSS","M","M","?","M","?","R","R","?","T","?","$","?","R","M","R","BOSS"],"items_purchased_type":["Card","Relic","Potion","Potion","Potion","Relic"],"build_version":"2020-12-22","purchased_purges":0,"victory":true,"max_hp_per_floor":[75,75,75,75,75,75,75,75,75,75,75,75,75,75,75,75,75,75,75,75,75,75,75,75,75,75,75,75,75,75,75,75,75,75,75,75,75,75,75,75,75,75,75,75,75,75,75,75,75,75],"card_choices":[{"not_picked":["MokouMod:ImperishableFlame","MokouMod:ScorchedEarth"],"picked":"MokouMod:Ember","floor":1.0},{"not_picked":["MokouMod:Overheat+1","MokouMod:UncontrollableSolarReaction+1"],"picked":"MokouMod:FusionFlare+1","floor":5.0},{"not_picked":["MokouMod:RetainTemperature","MokouMod:FlamingFireTalons"],"picked":"MokouMod:FujiyamaVolcano","floor":5.0},{"not_picked":["MokouMod:BurningHiddenBullet","MokouMod:ResonatingAura"],"picked":"MokouMod:SpontaneousHumanCombustion","floor":7.0},{"not_picked":["MokouMod:Trailblazer","MokouMod:Overheat"],"picked":"MokouMod:Scorch","floor":7.0},{"not_picked":["MokouMod:SearingShot","MokouMod:ScorchedEarth","MokouMod:FujiyamaVolcano"],"picked":"MokouMod:ResonanceReactor","floor":11.0},{"not_picked":["MokouMod:ProfanedFlare","MokouMod:HouraiForge","MokouMod:Extinguish"],"picked":"MokouMod:PhoenixForm","floor":16.0},{"not_picked":["MokouMod:Firecracker","MokouMod:IllusoryBattlefield+1","MokouMod:SubterraneanCore"],"picked":"MokouMod:Sear","floor":18.0},{"not_picked":["MokouMod:IndiscriminateIgnition","MokouMod:ShiftIgnition","MokouMod:IllusoryBattlefield"],"picked":"MokouMod:Firecracker+1","floor":20.0},{"not_picked":["MokouMod:ProfanedFlare","MokouMod:ExplosiveFlame","MokouMod:EnchantingBambooForest"],"picked":"MokouMod:Ventilation","floor":21.0},{"not_picked":["MokouMod:Firecracker+1","MokouMod:Burn","MokouMod:IndiscriminateIgnition"],"picked":"MokouMod:HeatCyclone","floor":21.0},{"not_picked":["MokouMod:Trailblazer","MokouMod:BlazingComet","MokouMod:ShiftIgnition"],"picked":"MokouMod:RoaringFlare","floor":24.0},{"not_picked":["MokouMod:Ember+1","MokouMod:PhoenixFeathers","MokouMod:UncontrollableSolarReaction+1"],"picked":"MokouMod:SacredFire+1","floor":27.0},{"not_picked":["MokouMod:Ember+1","MokouMod:Firecracker+1","MokouMod:ThermalPressure+1"],"picked":"MokouMod:RoaringFlare+1","floor":28.0},{"not_picked":["MokouMod:BurningDraft","MokouMod:RoaringFlare+1","MokouMod:EternalBurstReactor+1"],"picked":"MokouMod:WarmUp+1","floor":30.0},{"not_picked":["MokouMod:SearingBlow+1","MokouMod:BurningHiddenBullet+1","MokouMod:PhoenixForm+1"],"picked":"MokouMod:Rebirth+1","floor":33.0},{"not_picked":["MokouMod:BlazingComet+1","MokouMod:UncontrollableSolarReaction+1","MokouMod:SubterraneanCore"],"picked":"MokouMod:CrimsonFlare+1","floor":35},{"not_picked":["MokouMod:Firecracker","MokouMod:Combust+1","MokouMod:CrimsonArmoury+1"],"picked":"MokouMod:RoaringFlare+1","floor":36},{"not_picked":["MokouMod:Overheat+1","MokouMod:Stoke+1","MokouMod:HeatFactory+1"],"picked":"MokouMod:Singe+1","floor":38},{"not_picked":["MokouMod:PhoenixFeathers","MokouMod:HeatFactory","MokouMod:Stoke+1"],"picked":"MokouMod:ScorchedEarth+1","floor":45},{"not_picked":["MokouMod:HeatFactory","MokouMod:Combust+1","MokouMod:PhoenixFeathers"],"picked":"MokouMod:ResonanceReactor+1","floor":45},{"not_picked":["MokouMod:HeatFactory","MokouMod:BurningDraft","MokouMod:ImperishableFlame"],"picked":"MokouMod:FlickeringFlame+1","floor":45},{"not_picked":["MokouMod:IgnitionBlast+1","MokouMod:Firecracker+1","MokouMod:Trailblazer"],"picked":"MokouMod:ResonatingAura+1","floor":45},{"not_picked":["MokouMod:IndiscriminateIgnition","MokouMod:FujiyamaVolcano+1","MokouMod:EternalBurstReactor+1"],"picked":"MokouMod:FlareStarter","floor":45},{"not_picked":["MokouMod:Burn","MokouMod:EternalBurstReactor+1","MokouMod:IgnitionBarrier+1"],"picked":"MokouMod:ResoluteFlare+1","floor":48}],"player_experience":204481,"relics_obtained":[{"floor":7.0,"key":"Bottled Lightning"},{"floor":9.0,"key":"Question Card"},{"floor":11.0,"key":"Regal Pillow"},{"floor":12.0,"key":"Juzu Bracelet"},{"floor":17.0,"key":"Tiny Chest"},{"floor":17.0,"key":"Frozen Egg 2"},{"floor":17.0,"key":"Shovel"},{"floor":24.0,"key":"Meat on the Bone"},{"floor":26.0,"key":"PreservedInsect"},{"floor":27.0,"key":"Molten Egg 2"},{"floor":28.0,"key":"WingedGreaves"},{"floor":28.0,"key":"Thread and Needle"},{"floor":31.0,"key":"Incense Burner"},{"floor":32.0,"key":"ScarletDevilRocket"},{"floor":41,"key":"Happy Flower"},{"floor":43,"key":"Smiling Mask"},{"floor":44,"key":"Old Coin"}],"event_choices":[],"is_beta":false,"boss_relics":[{"not_picked":["Ectoplasm","Tiny House"],"picked":"Calling Bell"},{"not_picked":["Fusion Hammer","Astrolabe"],"picked":"SlaversCollar"}],"items_purged_floors":[],"is_endless":false,"potions_floor_spawned":[5,7,11,18,27,28,30,36],"ascension_level":3}}