{"host":"pgm1p3lvdjflie30","time":1611822136,"event":{"mods":["100% Spire Juice","ATMod(阿瑾Mod)","AchievementEnabler","Aspiration","Astrologer","Bard","BaseMod","Chen","Colored Map","Colored Powertips","Conspire","Dark Map","Decade(王小明)","Dota2Spire","Downfall","Energized Spire","Gremlin Mod","HololiveMod","KinomotoSakuraMod(木之本?)","LagranYue(拉格朗·月)","Mari Mod (Legacy)","Mari\u0027s V1 Patch","Minty Spire (QoL Compilation)","MostiFishMod","Nova Terra(?娃·泰拉)","Quarter Circle Forward PUNCH!","Reimu（博???）","Replay The Spire","SOS（斯巴?之子）","StSLib","TestMod","The Administrix","The Blackbeard","The Bug Knight","The Construct","The Cursed","The Dragon Tamer","The Gatherer","The Hierophant","The IronCluck","The Jungle","The Mystic","The Poker Player","The Runesmith","The Saiyan","The Senshi","The Showman","TheHeartMod","TheWitcher","Waifu the Spire","Warlord Emblem","Yakumo Yukari mod","Yuri Mod","Yuyuko","【功能Mod】混沌之?修复?丁","【?物卡牌】REMEMod","?留之物","篝火指南"],"gold_per_floor":[119,19,33,33,44,74,74,74,74,74,86,86,104,29,29,131,131,149,149,166,166,176,202,202,243,243,243,259,259,259,259,219,235,235,347,347,364,639,697,709,709,7,89,489,515,515,580,124,104,124,124,169,169],"floor_reached":52,"language":"ZHS","playtime":2644,"items_purged":["WarlordEmblem:Defend_DK","WarlordEmblem:Defend_DK+1"],"score":816,"play_id":"0a0b405e-ecdc-4c02-b526-8efff0920b3e","local_time":"20210128162216","is_ascension_mode":false,"campfire_choices":[{"floor":7,"key":"RECALL"},{"data":"WarlordEmblem:Frostmourne","floor":10,"key":"SMITH"},{"data":"WarlordEmblem:Execute","floor":12,"key":"SMITH"},{"floor":15,"key":"DIG"},{"floor":27,"key":"REST"},{"floor":29,"key":"REST"},{"floor":34,"key":"REST"},{"floor":51,"key":"REST"}],"circlet_count":0,"master_deck":["WarlordEmblem:RuneStrike+1","WarlordEmblem:RuneStrike+1","WarlordEmblem:RuneStrike+1","WarlordEmblem:RuneStrike+1","WarlordEmblem:Defend_DK+1","WarlordEmblem:Defend_DK+1","WarlordEmblem:RuneDefend+1","WarlordEmblem:Frostmourne+1","AT_FamilyPortrait+1","Gremlin:Erupt+1","WarlordEmblem:FrozenDeath+1","Ghostly+1","WarlordEmblem:RealmStorm+1","WarlordEmblem:Execute+1","WarlordEmblem:DeathStrike+1","WarlordEmblem:RealmRider+1","WarlordEmblem:BloodStrike+1","WarlordEmblem:Hanging+1","WarlordEmblem:CurseStrike+1","WarlordEmblem:CondemnStrike+1","WarlordEmblem:DeathShake+1","WarlordEmblem:BodyStrike+1","WarlordEmblem:SevereWinter+1","WarlordEmblem:UndeadWill+1","WarlordEmblem:VoidDefend+1","ZunPunch:ReiMu+1","WarlordEmblem:VoidStrike+1","WarlordEmblem:GhostStrike+1","WarlordEmblem:HeartStrike+1","WarlordEmblem:ForceDeflexion+1","WarlordEmblem:RuneBlade+1","AT_TearsDenial+1","WarlordEmblem:CurseStrike+1","WarlordEmblem:DeathContract","WarlordEmblem:Potential+1"],"relics":["WarlordEmblem:RuneSword","WarlordEmblem:DKHelm","AT_ATBox","DaveBox","testmod-TestBox","REME_ComplimentaryCards","LagranYue:RandomDrawCardRelic","DSteel32","testmod-FatalChain","NeowsBlessing","SynthV:TestCard","WarlordEmblem:DK_Ghoul","Bird Faced Urn","AT_EbonyIvory","Juzu Bracelet","WarlordEmblem:GoldMime","Boot","testmod-DeterminationOfClimber","WarlordEmblem:QuestHunter","Replay:Wax Seal","conspire:TreasureMap","Letter Opener","LagranYue:WskJewelryRelic","WarlordEmblem:MantleMarkzar","Kunai","HollowMod:PaleOreRelic","WarlordEmblem:BrokenWatch","Replay:Rubber Ducky"],"acts_visited":["Exordium","TheCity","TheBeyond"],"potions_floor_usage":[6,16,25,25,35,43,47,52],"damage_taken":[{"damage":0,"enemies":"Cultist","floor":1,"turns":1},{"damage":0,"enemies":"2 Louse","floor":3,"turns":1},{"damage":0,"enemies":"Small Slimes","floor":5,"turns":1},{"damage":17,"enemies":"Gremlin Nob","floor":6,"turns":6},{"damage":4,"enemies":"Blue Slaver","floor":11,"turns":3},{"damage":6,"enemies":"conspire:2 RoseBushes","floor":13,"turns":3},{"damage":18,"enemies":"Hexaghost","floor":16,"turns":7},{"damage":34,"enemies":"conspire:FuzzyDice","floor":18,"turns":4},{"damage":10,"enemies":"3 Byrds","floor":20,"turns":3},{"damage":20,"enemies":"Centurion and Healer","floor":22,"turns":4},{"damage":28,"enemies":"Book of Stabbing","floor":23,"turns":5},{"damage":16,"enemies":"Replay:Snechameleon","floor":25,"turns":4},{"damage":0,"enemies":"Snake Plant","floor":28,"turns":2},{"damage":0,"enemies":"Snecko","floor":33,"turns":2},{"damage":13,"enemies":"Pondfish","floor":35,"turns":6},{"damage":13,"enemies":"3 Shapes","floor":37,"turns":2},{"damage":12,"enemies":"Mind Bloom Boss Battle","floor":39,"turns":3},{"damage":4,"enemies":"3 Darklings","floor":40,"turns":2},{"damage":28,"enemies":"2 Orb Walkers","floor":43,"turns":3},{"damage":30,"enemies":"Reptomancer","floor":47,"turns":3},{"damage":28,"enemies":"4 Shapes","floor":50,"turns":2},{"damage":110,"enemies":"conspire:OrnateMirror","floor":52,"turns":5}],"seed_played":"-578041759664956359","potions_obtained":[{"floor":5,"key":"testmod-TimePotion"},{"floor":11,"key":"PowerPotion"},{"floor":18,"key":"champ:CounterPotion"},{"floor":23,"key":"PanachePotion"},{"floor":25,"key":"WarlordEmblem:RealmPotion"},{"floor":28,"key":"Dota2Spire:Clarity"},{"floor":35,"key":"Block Potion"},{"floor":40,"key":"Elixir"},{"floor":47,"key":"PlaceholderMod:PlaceholderPotion"},{"floor":49,"key":"Strength Potion"},{"floor":50,"key":"testmod-EscapePotion"}],"is_trial":false,"path_per_floor":["M","?","M","?","M","E","R","?","T","R","M","R","M","$","R_BF","B",null,"M","?","M","?","M","E","?","E","T","R","M","R","PTL","PTL","?","M","R","B",null,"M","?","?","M","?","R","?","?","T","T","E","R","?","M","R","B"],"character_chosen":"DeathKnight","items_purchased":["Replay:Wax Seal","conspire:TreasureMap","Letter Opener","AT_TearsDenial","WarlordEmblem:BrokenWatch","Replay:Rubber Ducky"],"campfire_rested":4,"item_purchase_floors":[42,42,42,42,48,48],"current_hp_per_floor":[80,80,80,80,80,63,63,47,47,47,43,43,39,39,39,34,80,59,59,51,51,38,19,19,3,3,27,27,51,51,51,51,51,75,62,80,67,67,80,79,79,79,52,52,52,52,29,29,29,4,28,0,0],"gold":169,"neow_bonus":"THREE_ENEMY_KILL","is_daily":false,"chose_seed":false,"campfire_upgraded":2,"win_rate":0.0,"timestamp":1611822136,"path_taken":["M","?","M","?","M","E","R","?","T","R","M","R","M","?","R_BF","BOSS","M","?","?","?","M","E","?","E","T","R","M","R","PTL","PTL","?","M","R","BOSS","M","?","?","M","?","R","?","?","T","?","E","R","?","M","R","BOSS"],"items_purchased_type":["Relic","Relic","Relic","Card","Relic","Relic"],"build_version":"2020-12-22","purchased_purges":2,"victory":false,"max_hp_per_floor":[80,80,80,80,80,80,80,80,80,80,80,80,80,80,80,80,80,80,80,80,80,80,80,80,80,80,80,80,80,80,80,80,80,80,80,80,80,80,80,80,80,80,80,80,80,80,80,80,80,80,80,80,80],"card_choices":[{"not_picked":["WarlordEmblem:FrostbiteStrike","WarlordEmblem:Infect"],"picked":"WarlordEmblem:FrozenDeath","floor":1},{"not_picked":["WarlordEmblem:DeathStrike","WarlordEmblem:BloodMask","WarlordEmblem:BodyStrike","WarlordEmblem:WillOfTheNecropolis"],"picked":"WarlordEmblem:RealmStorm","floor":3},{"not_picked":["WarlordEmblem:RuneRegen","WarlordEmblem:EvilSee","WarlordEmblem:RuneBlade","WarlordEmblem:Withstand"],"picked":"WarlordEmblem:Execute","floor":5},{"not_picked":["WarlordEmblem:RuneDiffer","WarlordEmblem:ForceDeflexion","WarlordEmblem:EvilWorm","WarlordEmblem:BloodSacrifice"],"picked":"WarlordEmblem:DeathStrike","floor":6},{"not_picked":["WarlordEmblem:RuneRegen","WarlordEmblem:AntiMagicShield","WarlordEmblem:FrostbiteStrike","WarlordEmblem:RuneMelter"],"picked":"WarlordEmblem:RealmRider","floor":11},{"not_picked":["WarlordEmblem:HeartStrike","WarlordEmblem:Execute","WarlordEmblem:ForceDeflexion","WarlordEmblem:EvilPower"],"picked":"WarlordEmblem:BloodStrike","floor":13},{"not_picked":["WarlordEmblem:HungeringCold","WarlordEmblem:RealmRider","WarlordEmblem:RuneMultiplex","WarlordEmblem:RuneIndex"],"picked":"WarlordEmblem:Hanging","floor":16},{"not_picked":["WarlordEmblem:RuneMelter","WarlordEmblem:FrozenChain","WarlordEmblem:AntiMagicShield+1","WarlordEmblem:BloodMask"],"picked":"WarlordEmblem:CurseStrike+1","floor":18},{"not_picked":["WarlordEmblem:DeathContract","WarlordEmblem:EvilSee","WarlordEmblem:BoneShield","WarlordEmblem:Annihilation"],"picked":"WarlordEmblem:DeathShake","floor":20},{"not_picked":["WarlordEmblem:RuneBlade","WarlordEmblem:ForceDeflexion+1","WarlordEmblem:FrozenDeath","WarlordEmblem:WindStrike"],"picked":"WarlordEmblem:BodyStrike+1","floor":22},{"not_picked":["WarlordEmblem:VoidDefend","WarlordEmblem:Execute","WarlordEmblem:EvilEager","WarlordEmblem:FrozenTouch"],"picked":"WarlordEmblem:SevereWinter+1","floor":23},{"not_picked":["WarlordEmblem:BodyStrike+1","WarlordEmblem:RuneRegen","WarlordEmblem:FrozenDeath","WarlordEmblem:WindStrike"],"picked":"WarlordEmblem:UndeadWill+1","floor":25},{"not_picked":["WarlordEmblem:CurseStrike","WarlordEmblem:NoLightShield","WarlordEmblem:DeathShake","WarlordEmblem:FrostbiteStrike"],"picked":"WarlordEmblem:VoidDefend+1","floor":28},{"not_picked":["WarlordEmblem:Withstand","WarlordEmblem:FrozenWill","WarlordEmblem:RuneDiffer","WarlordEmblem:DeathStrike"],"picked":"WarlordEmblem:VoidStrike+1","floor":33},{"not_picked":["WarlordEmblem:HungeringCold","WarlordEmblem:CurseBlade","WarlordEmblem:EvilEager","WarlordEmblem:RunePerfusion"],"picked":"WarlordEmblem:GhostStrike","floor":35},{"not_picked":["WarlordEmblem:RuneFocus","WarlordEmblem:FrostbiteStrike","WarlordEmblem:BodyStrike","WarlordEmblem:Potential"],"picked":"WarlordEmblem:HeartStrike+1","floor":37},{"not_picked":["WarlordEmblem:RuneBlade","WarlordEmblem:RuneDiffer+1","WarlordEmblem:HeartOfDeath","WarlordEmblem:RealmStorm"],"picked":"WarlordEmblem:ForceDeflexion+1","floor":39},{"not_picked":["WarlordEmblem:VoidDefend+1","WarlordEmblem:RuneRecast","WarlordEmblem:VoidStrike","WarlordEmblem:RuneExplode"],"picked":"WarlordEmblem:RuneBlade","floor":40},{"not_picked":["WarlordEmblem:VoidDefend+1","WarlordEmblem:VoidStrike+1","WarlordEmblem:EvilSee","WarlordEmblem:BloodStrike+1"],"picked":"WarlordEmblem:CurseStrike+1","floor":43},{"not_picked":["WarlordEmblem:RuneBurn","WarlordEmblem:RuneInspire","WarlordEmblem:VoidDefend","WarlordEmblem:DeathCoil"],"picked":"WarlordEmblem:DeathContract","floor":47},{"not_picked":["WarlordEmblem:RuneMelter+1","WarlordEmblem:RuneRegen+1","WarlordEmblem:Infect+1","WarlordEmblem:BloodSacrifice"],"picked":"WarlordEmblem:Potential+1","floor":50}],"player_experience":285340,"relics_obtained":[{"floor":1,"key":"SynthV:TestCard"},{"floor":6,"key":"Bird Faced Urn"},{"floor":15,"key":"AT_EbonyIvory"},{"floor":23,"key":"WarlordEmblem:GoldMime"},{"floor":25,"key":"Boot"},{"floor":39,"key":"WarlordEmblem:QuestHunter"},{"floor":43,"key":"LagranYue:WskJewelryRelic"},{"floor":45,"key":"WarlordEmblem:MantleMarkzar"},{"floor":46,"key":"Kunai"},{"floor":47,"key":"HollowMod:PaleOreRelic"}],"event_choices":[{"damage_healed":0,"gold_gain":0,"player_choice":"Argue","damage_taken":0,"max_hp_gain":0,"max_hp_loss":0,"event_name":"conspire:LoneGhost","floor":2,"gold_loss":0},{"damage_healed":0,"gold_gain":0,"player_choice":"Entered Light","damage_taken":16,"max_hp_gain":0,"max_hp_loss":0,"event_name":"Shining Light","floor":8,"gold_loss":0,"cards_upgraded":["WarlordEmblem:RuneStrike","Ghostly"]},{"damage_healed":0,"gold_gain":0,"player_choice":"1 cards matched","damage_taken":0,"max_hp_gain":0,"max_hp_loss":0,"event_name":"Match and Keep!","floor":19,"gold_loss":0,"cards_obtained":["WarlordEmblem:CondemnStrike"]},{"damage_healed":0,"gold_gain":0,"player_choice":"Swap Relic","damage_taken":0,"relics_obtained":["Juzu Bracelet"],"max_hp_gain":0,"max_hp_loss":0,"event_name":"?自己的盒子","floor":21,"relics_lost":["aspiration:SecretTechniqueScroll"],"gold_loss":0},{"damage_healed":0,"gold_gain":0,"player_choice":"Trade","damage_taken":0,"relics_obtained":["NlothsMask"],"max_hp_gain":0,"max_hp_loss":0,"event_name":"FaceTrader","floor":24,"gold_loss":0},{"damage_healed":0,"gold_gain":0,"player_choice":"交出神酒","damage_taken":0,"max_hp_gain":0,"max_hp_loss":0,"event_name":"ZunEvent","floor":32,"relics_lost":["ZunR:ReiMu"],"gold_loss":0,"cards_obtained":["ZunPunch:ReiMu"]},{"damage_healed":0,"gold_gain":275,"player_choice":"Desecrate","damage_taken":0,"max_hp_gain":0,"max_hp_loss":0,"event_name":"Golden Shrine","floor":38,"gold_loss":0,"cards_obtained":["Regret"]},{"damage_healed":0,"gold_gain":0,"player_choice":"Fight","damage_taken":0,"max_hp_gain":0,"max_hp_loss":0,"event_name":"MindBloom","floor":39,"gold_loss":0},{"cards_removed":["Regret"],"damage_healed":0,"gold_gain":0,"player_choice":"Removed Curses","damage_taken":0,"max_hp_gain":0,"max_hp_loss":0,"event_name":"Fountain of Cleansing","floor":41,"gold_loss":0},{"damage_healed":0,"gold_gain":0,"player_choice":"Fight","damage_taken":0,"max_hp_gain":0,"max_hp_loss":0,"event_name":"Mysterious Sphere","floor":43,"gold_loss":0},{"damage_healed":0,"gold_gain":400,"player_choice":"Sell","damage_taken":0,"max_hp_gain":0,"max_hp_loss":0,"event_name":"恩洛斯的?子","floor":44,"relics_lost":["NlothsMask"],"gold_loss":0},{"damage_healed":0,"gold_gain":0,"player_choice":"Bought 1 Potion","damage_taken":0,"max_hp_gain":0,"max_hp_loss":0,"event_name":"The Woman in Blue","floor":49,"gold_loss":0}],"is_beta":false,"boss_relics":[{"not_picked":["conspire:SeveredTorchhead","Runesmith:UraniumAnvil"],"picked":"aspiration:SecretTechniqueScroll"},{"not_picked":["Replay:Wanted Poster","ChewingGum"],"picked":"testmod-DeterminationOfClimber"}],"items_purged_floors":[14,42],"is_endless":false,"potions_floor_spawned":[5,11,18,23,25,28,35,40,47,50],"killed_by":"conspire:OrnateMirror","ascension_level":0}}