{"host":"k5yjj86hwv5qv2gx","time":1611867052,"event":{"mods":["BaseMod","BetterRewards","Minty Spire (QoL Compilation)","StSLib"],"gold_per_floor":[118,118,9,33,48,75,86,102,182,182,194,223,0,17,17,94,94,112,112,124,143,154,154,180,180,180,180,212,231,231,266,266,337,337,356,372,388,441,8,37,37,68,68,88,122,122,47,0,0,0,0,0],"floor_reached":51,"language":"ENG","playtime":2148,"items_purged":["Defend_R"],"score":1659,"play_id":"f54f388d-24cd-46c9-889f-627f4a64790f","local_time":"20210128125052","is_ascension_mode":true,"campfire_choices":[{"data":"1","floor":10.0,"key":"LIFT"},{"data":"2","floor":15.0,"key":"LIFT"},{"data":"3","floor":23,"key":"LIFT"},{"floor":25,"key":"RECALL"},{"data":"Limit Break","floor":30,"key":"SMITH"},{"data":"Shockwave","floor":32,"key":"SMITH"},{"data":"Apotheosis","floor":41,"key":"SMITH"},{"data":"Uppercut","floor":49,"key":"SMITH"}],"circlet_count":0,"master_deck":["AscendersBane","Strike_R","Strike_R","Strike_R","Strike_R","Strike_R+1","Defend_R","Defend_R","Bash","Pommel Strike+1","Headbutt","Fire Breathing","Anger","Shockwave+1","Ghostly Armor","Limit Break+1","Reaper","Clash","Ghostly Armor","Disarm+1","Thunderclap","Headbutt","Juggernaut","Headbutt","Armaments+1","Apotheosis+1","Flame Barrier+1","Juggernaut","Uppercut+1","Evolve"],"relics":["Black Blood","Girya","Spirit Poop","Bag of Marbles","Vajra","Mummified Hand","Bottled Lightning","OrangePellets","Velvet Choker","Strawberry","Calipers","Torii","Tiny Chest","Pen Nib","HandDrill","Whetstone","Bag of Preparation","InkBottle","Blue Candle","Red Mask"],"acts_visited":["Exordium","TheCity","TheBeyond"],"potions_floor_usage":[20,28,40,45,51],"damage_taken":[{"damage":16.0,"enemies":"Cultist","floor":1.0,"turns":5.0},{"damage":4.0,"enemies":"Jaw Worm","floor":5.0,"turns":3.0},{"damage":59.0,"enemies":"Lagavulin","floor":6.0,"turns":8.0},{"damage":0.0,"enemies":"Small Slimes","floor":7.0,"turns":3.0},{"damage":0.0,"enemies":"Exordium Wildlife","floor":8.0,"turns":2.0},{"damage":0.0,"enemies":"3 Louse","floor":11.0,"turns":2.0},{"damage":7.0,"enemies":"3 Sentries","floor":12.0,"turns":6.0},{"damage":13.0,"enemies":"Large Slime","floor":14.0,"turns":2.0},{"damage":0,"enemies":"Slime Boss","floor":16,"turns":4},{"damage":18,"enemies":"2 Thieves","floor":18,"turns":3},{"damage":20,"enemies":"Shell Parasite","floor":20,"turns":3},{"damage":9,"enemies":"Centurion and Healer","floor":21,"turns":4},{"damage":10,"enemies":"Snecko","floor":22,"turns":4},{"damage":19,"enemies":"Slavers","floor":24,"turns":5},{"damage":41,"enemies":"Book of Stabbing","floor":28,"turns":4},{"damage":24,"enemies":"Snake Plant","floor":29,"turns":3},{"damage":14,"enemies":"Gremlin Leader","floor":31,"turns":6},{"damage":27,"enemies":"Automaton","floor":33,"turns":6},{"damage":12,"enemies":"Orb Walker","floor":35,"turns":3},{"damage":26,"enemies":"3 Shapes","floor":36,"turns":3},{"damage":0,"enemies":"Transient","floor":37,"turns":6},{"damage":91,"enemies":"Nemesis","floor":40,"turns":7},{"damage":39,"enemies":"Giant Head","floor":42,"turns":5},{"damage":15,"enemies":"Jaw Worm Horde","floor":44,"turns":3},{"damage":36,"enemies":"Nemesis","floor":45,"turns":5},{"damage":92,"enemies":"Awakened One","floor":50,"turns":9},{"damage":47,"enemies":"Donu and Deca","floor":51,"turns":3}],"seed_played":"6755044951354139233","potions_obtained":[{"floor":6.0,"key":"SkillPotion"},{"floor":8.0,"key":"AttackPotion"},{"floor":11.0,"key":"Explosive Potion"},{"floor":20,"key":"Explosive Potion"},{"floor":21,"key":"Dexterity Potion"},{"floor":28,"key":"SteroidPotion"},{"floor":37,"key":"DistilledChaos"},{"floor":40,"key":"Energy Potion"}],"is_trial":false,"path_per_floor":["M","?","$","T","M","E","M","M","T","R","M","E","$","M","R","B",null,"M","?","M","M","M","R","E","R","T","T","E","M","R","E","R","B",null,"M","M","M","T","$","E","R","E","T","M","E","?","$","?","R","B","B"],"character_chosen":"IRONCLAD","items_purchased":["Headbutt","Explosive Potion","OrangePellets","BloodPotion","HandDrill","Apotheosis","Evolve"],"campfire_rested":0,"item_purchase_floors":[3,3,13,13,39,39,47],"current_hp_per_floor":[58,58,58,58,60,7,13,19,19,19,25,24,24,17,17,23,62,63,63,59,70,66,66,79,79,79,79,62,59,59,74,74,53,75,82,82,82,82,82,24,24,57,57,54,30,67,67,67,67,35,0,0],"gold":0,"neow_bonus":"ONE_RARE_RELIC","is_daily":false,"chose_seed":false,"campfire_upgraded":4,"win_rate":0.0,"timestamp":1611867052,"path_taken":["M","?","$","?","M","E","M","M","T","R","M","E","?","M","R","BOSS","M","?","?","M","M","R","E","R","T","?","E","M","R","E","R","BOSS","M","M","M","?","$","E","R","E","T","M","E","?","$","?","R","BOSS","BOSS"],"items_purchased_type":["Card","Potion","Relic","Potion","Relic","Card","Card"],"build_version":"2020-12-22","purchased_purges":1,"victory":false,"max_hp_per_floor":[75,75,75,75,75,75,75,75,75,75,75,75,75,75,75,75,75,75,75,75,75,75,75,82,82,82,82,82,82,82,82,82,82,82,82,82,82,82,82,82,82,82,82,82,82,67,67,67,67,67,67,67],"card_choices":[{"not_picked":["Perfected Strike","Seeing Red"],"picked":"Pommel Strike","floor":1.0},{"not_picked":["Body Slam","Pommel Strike"],"picked":"Fire Breathing","floor":5.0},{"not_picked":["Dropkick","Spot Weakness"],"picked":"Anger","floor":6.0},{"not_picked":["Intimidate","Bloodletting"],"picked":"Shockwave","floor":7.0},{"not_picked":["Entrench","True Grit","Wild Strike"],"picked":"SKIP","floor":8.0},{"not_picked":["Armaments","Pummel"],"picked":"Ghostly Armor","floor":11.0},{"not_picked":["Thunderclap","Flex"],"picked":"Limit Break","floor":12.0},{"not_picked":["Body Slam","Iron Wave","Flex"],"picked":"SKIP","floor":14.0},{"not_picked":["Barricade","Impervious"],"picked":"Reaper","floor":16},{"not_picked":["Flex","Clash+1","Sword Boomerang"],"picked":"SKIP","floor":18},{"not_picked":["Pommel Strike","Body Slam"],"picked":"Ghostly Armor","floor":20},{"not_picked":["Perfected Strike","Fire Breathing","Anger"],"picked":"SKIP","floor":21},{"not_picked":["Havoc","Spot Weakness","Body Slam"],"picked":"SKIP","floor":22},{"not_picked":["Clash+1","Wild Strike","Dropkick"],"picked":"SKIP","floor":24},{"not_picked":["Seeing Red","Sever Soul"],"picked":"Disarm+1","floor":28},{"not_picked":["Blood for Blood","Ghostly Armor"],"picked":"Thunderclap","floor":29},{"not_picked":["Iron Wave","Carnage"],"picked":"Headbutt","floor":31},{"not_picked":["Brutality","Double Tap"],"picked":"Juggernaut","floor":33},{"not_picked":["Sword Boomerang","True Grit"],"picked":"Headbutt","floor":35},{"not_picked":["Perfected Strike","Intimidate"],"picked":"Armaments+1","floor":36},{"not_picked":["Reckless Charge","Anger+1","Armaments"],"picked":"SKIP","floor":37},{"not_picked":["Cleave","Rupture"],"picked":"Flame Barrier+1","floor":40},{"not_picked":["Bloodletting","Body Slam"],"picked":"Juggernaut","floor":42},{"not_picked":["Rupture","Clothesline","Body Slam"],"picked":"SKIP","floor":44},{"not_picked":["Havoc","Armaments"],"picked":"Uppercut","floor":45}],"player_experience":1142894,"relics_obtained":[{"floor":4.0,"key":"Bag of Marbles"},{"floor":6.0,"key":"Vajra"},{"floor":9.0,"key":"Mummified Hand"},{"floor":12.0,"key":"Bottled Lightning"},{"floor":24,"key":"Strawberry"},{"floor":27,"key":"Calipers"},{"floor":28,"key":"Torii"},{"floor":31,"key":"Tiny Chest"},{"floor":38,"key":"Pen Nib"},{"floor":40,"key":"Whetstone"},{"floor":42,"key":"Bag of Preparation"},{"floor":43,"key":"InkBottle"},{"floor":45,"key":"Blue Candle"}],"event_choices":[{"cards_removed":["Pain"],"damage_healed":0.0,"max_hp_gain":0.0,"max_hp_loss":0.0,"gold_gain":0.0,"event_name":"Bonfire Elementals","player_choice":"Offered Curse","floor":2.0,"gold_loss":0.0,"damage_taken":0.0,"relics_obtained":["Spirit Poop"]},{"damage_healed":0,"gold_gain":0,"cards_transformed":["Defend_R"],"player_choice":"Transformed","damage_taken":0,"max_hp_gain":0,"max_hp_loss":0,"event_name":"Transmorgrifier","floor":19,"gold_loss":0,"cards_obtained":["Clash"]},{"damage_healed":67,"gold_gain":0,"player_choice":"Heal","damage_taken":0,"max_hp_gain":0,"max_hp_loss":15,"event_name":"The Moai Head","floor":46,"gold_loss":0},{"damage_healed":0,"gold_gain":0,"player_choice":"Paid","damage_taken":0,"relics_obtained":["Red Mask"],"max_hp_gain":0,"max_hp_loss":0,"event_name":"Tomb of Lord Red Mask","floor":48,"gold_loss":47}],"is_beta":false,"boss_relics":[{"not_picked":["Runic Pyramid","SlaversCollar"],"picked":"Velvet Choker"},{"not_picked":["Empty Cage","Tiny House"],"picked":"Black Blood"}],"items_purged_floors":[39],"is_endless":false,"potions_floor_spawned":[6,8,11,20,21,22,28,33,36,37,40,44],"killed_by":"Donu and Deca","ascension_level":20}}