{"host":"mal0jdk4f6ubgyb8","time":1611849414,"event":{"mods":["100% Spire Juice","Act Like it!","Aspiration","BaseMod","CapriCore","Gensokyo","Hallownest","KinomotoSakuraMod(ƒæ÷Æ±æ”£)","Koishi","Luminous","Marisa£®ÏF”Í°°ƒß¿Ì…≥£©","Minty Spire (QoL Compilation)","Pale of the Ancients","Quick Restart","Reimu£®≤©¿ˆ¡È√Œ£©","Relic Stats","Remilia£®¿Ÿ√◊¿Ú—«£©","Replay The Spire","StSLib","The Animator","The Bug Knight","The Immortal","Waifu the Spire","WarShipGirlsR/’ΩΩ¢…Ÿ≈ÆR mod","Yakumo Yukari mod","Youmu£®ªÍ∆«—˝√Œ£©","Yuri Mod","Yuyuko"],"gold_per_floor":[115,115,126,146,157,184,184,216,242,242,272,272,272,283,283,379,379,394,411,411,430,430,461,479,514,565,565,577,577,577],"floor_reached":29,"language":"ZHS","playtime":3046,"items_purged":[],"score":377,"play_id":"047e3208-4a25-4c56-a396-4e1d37bbf8bf","local_time":"20210128235654","is_ascension_mode":true,"campfire_choices":[{"data":"yuri:yuriStab","floor":7.0,"key":"SMITH"},{"data":"Crow Ritual","floor":15.0,"key":"SMITH"}],"circlet_count":0,"master_deck":["yuri:yuriDefend","yuri:yuriDefend","yuri:yuriDefend","yuri:yuriDefend","yuri:yuriDefend","yuri:Oolong","yuri:yuriStab+1","yuri:yuriQuickStrike","yuri:HoldBack","yuri:WickedSlash","Pot Of Greed","Pot Of Greed","yuri:Stalk","yuri:InduceGlitch","yuri:BookPurple","Crow Ritual+1","yuri:BookPurple","yuri:DragonForm","yuri:HoldBack","yuri:yuriQuickStrike+1","Decay","Pot Of Greed","yuri:BookRed","Bite","Bite","Bite","Bite","Bite","yuri:DuplicateCode","yuri:ThrowingKnives+1","yuri:RecklessStrike+1","yuri:GrowingInsanity"],"relics":["yuri:yuriKnife","NeowsBlessing","Grinning Jar","ReplayFunnel","Shuriken","aspiration:SecretTechniqueScroll","Vajra","Molten Egg 2","Boot"],"acts_visited":["Exordium","TheCity"],"potions_floor_usage":[],"damage_taken":[{"damage":0.0,"enemies":"2_ Uuma","floor":1.0,"turns":1.0},{"damage":0.0,"enemies":"Hallownest:monsterHuskWarrior","floor":3.0,"turns":1.0},{"damage":0.0,"enemies":"Hallownest:2_MossCreeps","floor":4.0,"turns":1.0},{"damage":15.0,"enemies":"Hallownest:1_Ooma_and_2_Uuma","floor":5.0,"turns":8.0},{"damage":38.0,"enemies":"Hallownest:eliteCrystalGuardian","floor":6.0,"turns":6.0},{"damage":18.0,"enemies":"Hallownest:eliteMossKnight","floor":8.0,"turns":7.0},{"damage":6.0,"enemies":"Hallownest:eliteCrystalGuardian","floor":11.0,"turns":5.0},{"damage":0.0,"enemies":"Hallownest:monsterAspidMother","floor":12.0,"turns":2.0},{"damage":0.0,"enemies":"Hallownest:1_Baldur_1_Crawlid_1_Warrior","floor":14.0,"turns":2.0},{"damage":29.0,"enemies":"Hallownest:BossFalseKnight","floor":16.0,"turns":7.0},{"damage":34.0,"enemies":"2 Thieves","floor":18.0,"turns":4.0},{"damage":17.0,"enemies":"Spheric Guardian","floor":19.0,"turns":4.0},{"damage":20.0,"enemies":"Snake Plant","floor":21.0,"turns":5.0},{"damage":24.0,"enemies":"Replay:Snechameleon","floor":23.0,"turns":6.0},{"damage":20.0,"enemies":"3 Cultists","floor":24.0,"turns":5.0},{"damage":7.0,"enemies":"Gremlin Leader","floor":25.0,"turns":5.0},{"damage":29.0,"enemies":"Chosen and Byrds","floor":28.0,"turns":5.0},{"damage":36,"enemies":"Snecko","floor":29,"turns":3}],"seed_played":"-2654345322719805807","potions_obtained":[{"floor":3.0,"key":"Block Potion"},{"floor":5.0,"key":"Energy Potion"},{"floor":8.0,"key":"GamblersBrew"},{"floor":11.0,"key":"Fire Potion"},{"floor":14.0,"key":"Weak Potion"},{"floor":19.0,"key":"PowerPotion"},{"floor":24.0,"key":"Adrenaline Potion"},{"floor":25.0,"key":"Weak Potion"}],"is_trial":false,"path_per_floor":["M","?","M","M","M","E","R","E","T","?","E","M","?","M","R","B",null,"M","M","?","M","?","E","M","E","T","?","M","M"],"character_chosen":"YURI","items_purchased":[],"campfire_rested":0,"item_purchase_floors":[],"current_hp_per_floor":[80,80,80,80,65,31,31,17,17,17,29,33,33,33,33,8,80,50,37,37,21,21,16,12,18,18,18,7,0,0],"gold":577,"neow_bonus":"THREE_ENEMY_KILL","is_daily":false,"chose_seed":false,"campfire_upgraded":2,"win_rate":0.0,"timestamp":1611849414,"path_taken":["M","?","?","M","M","E","R","E","T","?","E","M","?","M","R","BOSS","M","M","?","?","?","E","M","E","T","?","M","M"],"items_purchased_type":[],"build_version":"2020-12-22","purchased_purges":0,"victory":false,"max_hp_per_floor":[80,80,80,80,80,80,80,80,80,80,80,80,80,80,80,80,80,80,80,80,80,56,56,56,56,56,56,56,56,56],"relic_stats":{"counters":[18,77],"Shuriken":[15],"Boot":[0],"obtain_stats":[{"ReplayFunnel":8,"NeowsBlessing":0,"Shuriken":11,"yuri:yuriKnife":0,"Vajra":23,"Molten Egg 2":25,"aspiration:SecretTechniqueScroll":17,"Grinning Jar":6,"Boot":26},{"ReplayFunnel":6,"NeowsBlessing":0,"Shuriken":7,"yuri:yuriKnife":0,"Vajra":14,"Molten Egg 2":16,"aspiration:SecretTechniqueScroll":10,"Grinning Jar":5,"Boot":16},{"ReplayFunnel":24,"NeowsBlessing":0,"Shuriken":29,"yuri:yuriKnife":0,"Vajra":59,"Molten Egg 2":69,"aspiration:SecretTechniqueScroll":40,"Grinning Jar":17,"Boot":69}]},"card_choices":[{"not_picked":["yuri:SturdyUniform","yuri:MultiDip"],"picked":"yuri:yuriQuickStrike","floor":1.0},{"not_picked":["yuri:RecklessStrike","yuri:Stare"],"picked":"yuri:HoldBack","floor":3.0},{"not_picked":["yuri:SelfHarm","yuri:ThornRemove","yuri:DejaVu"],"picked":"SKIP","floor":4.0},{"not_picked":["yuri:BookRed","yuri:BookBlue"],"picked":"yuri:WickedSlash","floor":5.0},{"not_picked":["yuri:MPose","yuri:ConsumeGlitch"],"picked":"yuri:Stalk","floor":6.0},{"not_picked":["yuri:SturdyUniform","yuri:RecklessStrike"],"picked":"yuri:InduceGlitch","floor":8.0},{"not_picked":["yuri:MPose","yuri:NerfBat","yuri:SelfHarm"],"picked":"SKIP","floor":11.0},{"not_picked":["yuri:Spin","yuri:SeeingDouble"],"picked":"yuri:BookPurple","floor":12.0},{"not_picked":["Metamorphosis","Finesse"],"picked":"Crow Ritual","floor":13.0},{"not_picked":["yuri:CalmingAura","yuri:ReloadGame"],"picked":"yuri:BookPurple","floor":13.0},{"not_picked":["yuri:Skip","yuri:Spin","yuri:CorruptHitbox"],"picked":"SKIP","floor":14.0},{"not_picked":["yuri:Virus","yuri:DuplicateCode"],"picked":"yuri:DragonForm","floor":16.0},{"not_picked":["yuri:MPose","yuri:DebugCard"],"picked":"yuri:HoldBack","floor":18.0},{"not_picked":["yuri:Skip+1","yuri:Stalk"],"picked":"yuri:yuriQuickStrike+1","floor":19.0},{"not_picked":["yuri:yuriQuickStrike","yuri:GlitchedStrike"],"picked":"yuri:BookRed","floor":21.0},{"not_picked":["yuri:SeeingDouble","yuri:GreenTea"],"picked":"yuri:DuplicateCode","floor":23.0},{"not_picked":["yuri:yuriQuickStrike","yuri:HeavierStrike"],"picked":"yuri:ThrowingKnives+1","floor":24.0},{"not_picked":["yuri:MPose","yuri:ThrowingKnives+1"],"picked":"yuri:RecklessStrike+1","floor":25.0},{"not_picked":["yuri:InsanityDefense","yuri:GlitchedStrike+1"],"picked":"yuri:GrowingInsanity","floor":28.0}],"player_experience":382717,"relics_obtained":[{"floor":6.0,"key":"Grinning Jar"},{"floor":8.0,"key":"ReplayFunnel"},{"floor":11.0,"key":"Shuriken"},{"floor":23.0,"key":"Vajra"},{"floor":25.0,"key":"Molten Egg 2"},{"floor":26.0,"key":"Boot"}],"event_choices":[{"damage_healed":0.0,"max_hp_gain":0.0,"max_hp_loss":0.0,"gold_gain":0.0,"event_name":"Wheel of Change","player_choice":"Cursed","floor":20.0,"gold_loss":0.0,"damage_taken":0.0,"cards_obtained":["Decay"]},{"damage_healed":0.0,"max_hp_gain":0.0,"max_hp_loss":24.0,"gold_gain":0.0,"event_name":"Vampires","player_choice":"Became a vampire","floor":22.0,"gold_loss":0.0,"damage_taken":0.0,"cards_obtained":["Bite","Bite","Bite","Bite","Bite"]}],"is_beta":false,"boss_relics":[{"not_picked":["Ectoplasm","Velvet Choker"],"picked":"aspiration:SecretTechniqueScroll"}],"items_purged_floors":[],"is_endless":false,"potions_floor_spawned":[3,5,8,11,14,19,24,25],"killed_by":"Snecko","ascension_level":3}}