{"host":"oz0i1fpezyhy8r2h","time":1611834403,"event":{"mods":["ATMod(∞¢Ë™Mod)","Act Like it!","Arknights The Spire","BaseMod","KinomotoSakuraMod(ƒæ÷Æ±æ”£)","Minty Spire (QoL Compilation)","Reimu£®≤©¿ˆ¡È√Œ£©","Remilia£®¿Ÿ√◊¿Ú—«£©","StSLib","The Bug Knight","°æ“≈ŒÔø®≈∆°øREMEMod"],"gold_per_floor":[119,4,4,15,15,15,44,57,57,69,101,101,101,114,114,211,211,223,36,36,50,50,80,80,106,106,125,160,160,187,206,206,303,303,323,335,210,210,227,261,271,304,304,334,349,349,98,118,118,118,118,118,49,74,74,74],"floor_reached":55,"language":"ZHS","playtime":2271,"items_purged":["ats:Defend","ats:Strike V","ats:Strike S"],"score":1104,"play_id":"bbb1f5f0-2949-487b-a17e-870174c62e33","local_time":"20210128194643","is_ascension_mode":true,"campfire_choices":[{"data":"ats:Emotion Absorption","floor":6.0,"key":"SMITH"},{"data":"ats:Shadow Assault","floor":13.0,"key":"SMITH"},{"data":"ats:Literary Storm","floor":15.0,"key":"SMITH"},{"data":"ats:Apocalypse","floor":24.0,"key":"SMITH"},{"data":"ats:Soul Absorption","floor":32.0,"key":"SMITH"},{"floor":49,"key":"RECALL"},{"data":"ats:Calcification","floor":52,"key":"SMITH"}],"circlet_count":0,"master_deck":["ats:Strike C","ats:Strike G","ats:Defend","ats:Defend","ats:Emotion Absorption+1","ats:Guard Mode","ats:Serious Mode+1","ats:Sashimi Platter+1","ats:Soul Absorption+1","ats:Shadow Assault+1","ats:Literary Storm+1","ats:Durian+1","AT_PowerWithin+1","Necronomicurse","ats:Apocalypse+1","ats:Nebulous Foxfire","ats:Calcification+1","ats:Flexible Camouflage+1","ats:Fractured Body","ats:Literary Storm+1","ats:Demon Strength+1","ats:Chain Hook","ats:Red Shift","ats:Absolute Focus+1"],"relics":["ats:Sanity","AT_ATBox","REME_ComplimentaryCards","NeowsBlessing","ats:Originium","AT_SilvercatRing","REME_LimitBreaker","Sozu","Necronomicon","Bottled Lightning","HollowMod:PaleOreRelic","ats:Industrial Water Cannon","AT_ImmortalShieldbow","MealTicket","Happy Flower","ats:Tactical Delivery","Dead Branch","Darkstone Periapt","CaptainsWheel","AT_BellowingDragoncrestRing"],"acts_visited":["Exordium","TheCity","TheBeyond","TheEnding"],"potions_floor_usage":[55,55],"damage_taken":[{"damage":0.0,"enemies":"Small Slimes","floor":1.0,"turns":1.0},{"damage":0.0,"enemies":"Cultist","floor":4.0,"turns":1.0},{"damage":0.0,"enemies":"Gremlin Nob","floor":7.0,"turns":1.0},{"damage":0.0,"enemies":"2 Louse","floor":8.0,"turns":3.0},{"damage":29.0,"enemies":"Looter","floor":10.0,"turns":4.0},{"damage":45.0,"enemies":"Lagavulin","floor":11.0,"turns":7.0},{"damage":16.0,"enemies":"3 Louse","floor":14.0,"turns":4.0},{"damage":33.0,"enemies":"Hexaghost","floor":16.0,"turns":8.0},{"damage":31.0,"enemies":"Chosen","floor":18.0,"turns":5.0},{"damage":2.0,"enemies":"3 Byrds","floor":21.0,"turns":1.0},{"damage":1.0,"enemies":"Slavers","floor":23.0,"turns":1.0},{"damage":4.0,"enemies":"Book of Stabbing","floor":25.0,"turns":3.0},{"damage":0.0,"enemies":"Centurion and Healer","floor":27.0,"turns":1.0},{"damage":1.0,"enemies":"Slavers","floor":28.0,"turns":1.0},{"damage":26.0,"enemies":"Book of Stabbing","floor":30.0,"turns":3.0},{"damage":32.0,"enemies":"Snecko","floor":31.0,"turns":6.0},{"damage":46.0,"enemies":"Champ","floor":33.0,"turns":5.0},{"damage":30.0,"enemies":"3 Darklings","floor":35.0,"turns":3.0},{"damage":12.0,"enemies":"3 Shapes","floor":36.0,"turns":1.0},{"damage":9.0,"enemies":"3 Darklings","floor":39.0,"turns":2.0},{"damage":46.0,"enemies":"Giant Head","floor":40.0,"turns":6.0},{"damage":32.0,"enemies":"Spire Growth","floor":41.0,"turns":3.0},{"damage":49.0,"enemies":"Nemesis","floor":42.0,"turns":3.0},{"damage":29.0,"enemies":"Reptomancer","floor":44.0,"turns":2.0},{"damage":35.0,"enemies":"4 Shapes","floor":45.0,"turns":2.0},{"damage":46,"enemies":"Transient","floor":48,"turns":3},{"damage":52,"enemies":"Awakened One","floor":50,"turns":5},{"damage":50,"enemies":"Shield and Spear","floor":54,"turns":3},{"damage":92,"enemies":"The Heart","floor":55,"turns":3}],"seed_played":"337742990498889171","potions_obtained":[{"floor":8.0,"key":"LiquidBronze"},{"floor":10.0,"key":"SkillPotion"},{"floor":14.0,"key":"Strength Potion"},{"floor":16.0,"key":"ColorlessPotion"}],"is_trial":false,"path_per_floor":["M","$","?","M","?","R","E","M","T","M","E","?","R","M","R","B",null,"M","$","?","M","?","E","R","E","T","M","E","T","E","M","R","B",null,"M","M","$","?","M","E","M","E","T","E","M","?","$","M","R","B",null,"R","$","E","B"],"character_chosen":"DOCTOR_CLASS","items_purchased":["ats:Serious Mode","AT_PowerWithin","AT_BellowingDragoncrestRing","ats:Red Shift"],"campfire_rested":0,"item_purchase_floors":[2,19,47,53],"current_hp_per_floor":[72,72,72,72,72,72,72,72,72,50,42,35,35,40,40,40,72,47,47,34,32,16,15,15,30,30,30,29,29,42,71,71,61,77,63,51,66,66,68,72,53,75,75,48,23,23,38,76,76,52,77,77,77,67,0,0],"gold":74,"neow_bonus":"THREE_ENEMY_KILL","is_daily":false,"chose_seed":false,"campfire_upgraded":6,"win_rate":0.0,"timestamp":1611834403,"path_taken":["M","$","?","?","?","R","E","M","T","M","E","?","R","M","R","BOSS","M","$","?","M","?","E","R","E","T","M","E","?","E","M","R","BOSS","M","M","$","?","M","E","?","E","T","E","?","?","$","M","R","BOSS","R","$","E","BOSS"],"items_purchased_type":["Card","Card","Relic","Card"],"build_version":"2020-12-22","purchased_purges":3,"victory":false,"max_hp_per_floor":[72,72,72,72,72,72,72,72,72,72,72,72,72,72,72,72,72,72,72,77,77,77,77,77,77,77,77,77,77,77,77,77,77,77,77,77,77,77,77,77,77,77,77,77,77,77,77,77,77,77,77,77,77,77,77,77],"card_choices":[{"not_picked":["ats:Consecutive Shot Auto","ats:Powerful Strike"],"picked":"ats:Guard Mode","floor":1.0},{"not_picked":["ats:Poison Spread","ats:Flexible Camouflage"],"picked":"ats:Sashimi Platter","floor":4.0},{"not_picked":["ats:Defend Order","ats:Spore Proliferation","ats:Automatic Cover"],"picked":"SKIP","floor":7.0},{"not_picked":["ats:Blood Oath","ats:Flexible Camouflage","ats:Explosion Area Strengthen"],"picked":"SKIP","floor":8.0},{"not_picked":["ats:Part Time Job","ats:Poison Spread"],"picked":"ats:Soul Absorption","floor":10.0},{"not_picked":["ats:Ambush","ats:Rapid Magazine"],"picked":"ats:Shadow Assault","floor":11.0},{"not_picked":["ats:Hammer On","ats:Explosion Area Strengthen"],"picked":"ats:Literary Storm","floor":14.0},{"not_picked":["ats:Rat Pack","ats:Calcification"],"picked":"ats:Durian","floor":16.0},{"not_picked":["ats:Hammer On","ats:Flexible Camouflage","ats:Consecutive Shot Auto"],"picked":"SKIP","floor":18.0},{"not_picked":["ats:Leaping Hammer+1","ats:Chain Hook","ats:Cat Scratch"],"picked":"SKIP","floor":21.0},{"not_picked":["ats:Overload","ats:Absolute Focus"],"picked":"ats:Apocalypse","floor":23.0},{"not_picked":["ats:Spore Proliferation+1","ats:Beaten Up","ats:Explosion Area Strengthen"],"picked":"SKIP","floor":25.0},{"not_picked":["ats:Flexible Camouflage","ats:Collapsing Strike","ats:Very Hot Blade"],"picked":"SKIP","floor":27.0},{"not_picked":["ats:Assault Order","ats:Absolute Focus","ats:Composite Medical Shells+1"],"picked":"SKIP","floor":28.0},{"not_picked":["ats:Counter Healing Mode","ats:Directed Diagnosis"],"picked":"ats:Nebulous Foxfire","floor":30.0},{"not_picked":["ats:Guard Mode","ats:Absolute Focus","ats:Powerful Strike"],"picked":"SKIP","floor":31.0},{"not_picked":["ats:Volcano","ats:Dogmatic Field"],"picked":"ats:Calcification","floor":33.0},{"not_picked":["ats:Closed Bolt Burst Fire+1","ats:Shell Defense+1"],"picked":"ats:Flexible Camouflage+1","floor":35.0},{"not_picked":["ats:Overload+1","ats:Healing Drone","ats:Assault Order+1"],"picked":"SKIP","floor":36.0},{"not_picked":["ats:Apocalypse","ats:Guard Mode"],"picked":"ats:Fractured Body","floor":39.0},{"not_picked":["ats:Curse Doll+1","ats:Serious Mode+1"],"picked":"ats:Literary Storm+1","floor":40.0},{"not_picked":["ats:Hammer On+1","ats:Assault Order"],"picked":"ats:Demon Strength+1","floor":41.0},{"not_picked":["ats:Ignite+1","ats:Thermite Blade+1"],"picked":"ats:Chain Hook","floor":42.0},{"not_picked":["ats:Very Hot Blade","ats:Revitalization","ats:Automatic Cover+1"],"picked":"SKIP","floor":44.0},{"not_picked":["ats:Shell Defense","ats:Poison Spread","ats:Mental Burst"],"picked":"SKIP","floor":45.0},{"not_picked":["ats:Closed Bolt Burst Fire+1","ats:Apocalypse","ats:Cat Scratch+1"],"picked":"SKIP","floor":48},{"not_picked":["ats:Steam Pump","ats:Healing Strengthening+1"],"picked":"ats:Absolute Focus+1","floor":54}],"player_experience":170231,"relics_obtained":[{"floor":7.0,"key":"ats:Originium"},{"floor":7.0,"key":"AT_SilvercatRing"},{"floor":11.0,"key":"ats:Originium"},{"floor":11.0,"key":"REME_LimitBreaker"},{"floor":22.0,"key":"Necronomicon"},{"floor":23.0,"key":"ats:Originium"},{"floor":23.0,"key":"Bottled Lightning"},{"floor":25.0,"key":"ats:Originium"},{"floor":25.0,"key":"HollowMod:PaleOreRelic"},{"floor":26.0,"key":"ats:Industrial Water Cannon"},{"floor":28.0,"key":"AT_ImmortalShieldbow"},{"floor":29.0,"key":"MealTicket"},{"floor":30.0,"key":"Happy Flower"},{"floor":40.0,"key":"Dead Branch"},{"floor":42.0,"key":"Darkstone Periapt"},{"floor":44.0,"key":"CaptainsWheel"}],"event_choices":[{"damage_healed":0.0,"max_hp_gain":0.0,"max_hp_loss":0.0,"gold_gain":0.0,"event_name":"Upgrade Shrine","player_choice":"Upgraded","floor":3.0,"gold_loss":0.0,"damage_taken":0.0,"cards_upgraded":["ats:Serious Mode"]},{"damage_healed":0.0,"max_hp_gain":0.0,"max_hp_loss":0.0,"gold_gain":0.0,"event_name":"Liars Game","player_choice":"Ignored","floor":5.0,"gold_loss":0.0,"damage_taken":0.0},{"cards_removed":["ats:Defend"],"damage_healed":0.0,"max_hp_gain":0.0,"max_hp_loss":0.0,"gold_gain":0.0,"event_name":"Golden Wing","player_choice":"Card Removal","floor":12.0,"gold_loss":0.0,"damage_taken":7.0},{"damage_healed":0.0,"max_hp_gain":5.0,"max_hp_loss":0.0,"gold_gain":0.0,"event_name":"Forgotten Altar","player_choice":"Shed Blood","floor":20.0,"gold_loss":0.0,"damage_taken":18.0},{"damage_healed":0.0,"max_hp_gain":0.0,"max_hp_loss":0.0,"gold_gain":0.0,"event_name":"Cursed Tome","player_choice":"Obtained Book","floor":22.0,"gold_loss":0.0,"damage_taken":16.0},{"cards_removed":["ats:Armor Crushing Shot"],"damage_healed":0.0,"max_hp_gain":0.0,"max_hp_loss":0.0,"gold_gain":0.0,"event_name":"Bonfire Elementals","player_choice":"Offered Basic","floor":38.0,"gold_loss":0.0,"damage_taken":0.0},{"damage_healed":0.0,"max_hp_gain":0.0,"max_hp_loss":0.0,"gold_gain":0.0,"event_name":"The Moai Head","player_choice":"Ignored","floor":46.0,"gold_loss":0.0,"damage_taken":0.0}],"is_beta":false,"boss_relics":[{"not_picked":["Fusion Hammer","SlaversCollar"],"picked":"Sozu"},{"not_picked":["Tiny House","SacredBark"],"picked":"ats:Tactical Delivery"}],"items_purged_floors":[2,19,37],"is_endless":false,"potions_floor_spawned":[8,10,14,16,21,25,30,31,33,35,40,41,45,48],"killed_by":"The Heart","ascension_level":4}}