{"host":"ojezjkpqju62j8xy","time":1611832058,"event":{"mods":["ATMod(°¢èªMod)","Act Like it!","Aspiration","BaseMod","Conspire","Minty Spire (QoL Compilation)","Pale of the Ancients","Replay The Spire","Spicy Shops","StSLib","[GremlinLeader]The Maniac","¡¾ÒÅÎï¿¨ÅÆ¡¿REMEMod"],"gold_per_floor":[114,134,134,12,29,64,64,90,90,90,120,120,149,164,164,268,268,286,286,286],"floor_reached":19,"language":"ZHS","playtime":792,"items_purged":[],"score":286,"play_id":"c5bc88c1-8141-4d59-b158-71bf5bb0ce48","local_time":"20210128190738","is_ascension_mode":true,"campfire_choices":[{"floor":7.0,"key":"RECALL"},{"floor":10.0,"key":"REST"},{"floor":12.0,"key":"REST"}],"circlet_count":0,"master_deck":["Strike_P","Strike_P","Strike_P","Strike_P","Defend_P","Defend_P","Defend_P","Defend_P","Eruption","Vigilance","AT_FamilyPortrait","Ragnarok","Consecrate","Crescendo","REME_BattleFury","REME_ShortnessOfBreath","AT_PowerWithin","Protect","AT_IrregularMenstruation","Replay:BluntJabs","ClearTheMind","Alpha","Replay:Battleflow","REME_CRH","FlurryOfBlows+1"],"relics":["PureWater","AT_ATBox","REME_ComplimentaryCards","ReplayTheSpireMod:ShopPack","Letter Opener","Replay:Accelerometer","CloakClasp","Art of War","Philosopher\u0027s Stone"],"acts_visited":["Exordium","TheCity"],"potions_floor_usage":[16,18],"damage_taken":[{"damage":0.0,"enemies":"Small Slimes","floor":1.0,"turns":2.0},{"damage":2.0,"enemies":"Jaw Worm","floor":2.0,"turns":3.0},{"damage":5.0,"enemies":"Cultist","floor":5.0,"turns":2.0},{"damage":0.0,"enemies":"Gremlin Nob","floor":6.0,"turns":3.0},{"damage":28.0,"enemies":"3 Sentries","floor":8.0,"turns":5.0},{"damage":18.0,"enemies":"Gremlin Nob","floor":11.0,"turns":3.0},{"damage":16,"enemies":"3 Sentries","floor":13,"turns":4},{"damage":21,"enemies":"Exordium Wildlife","floor":14,"turns":2},{"damage":22,"enemies":"Fading Forest","floor":16,"turns":11},{"damage":21,"enemies":"Shell Parasite","floor":18,"turns":2},{"damage":50,"enemies":"3 Byrds","floor":19,"turns":2}],"seed_played":"6800829508526116000","potions_obtained":[{"floor":3.0,"key":"Milkshake"},{"floor":3.0,"key":"Dexterity Potion"},{"floor":3.0,"key":"Fruit Juice"},{"floor":5.0,"key":"Flashbang"},{"floor":13,"key":"SkillPotion"},{"floor":14,"key":"Explosive Potion"}],"is_trial":false,"path_per_floor":["M","M","?","$","M","E","R","E","T","R","E","R","E","M","R","B",null,"M","M"],"character_chosen":"WATCHER","items_purchased":["ReplayTheSpireMod:ShopPack"],"campfire_rested":2,"item_purchase_floors":[4],"current_hp_per_floor":[72,70,70,75,70,70,70,42,42,67,49,74,58,37,37,23,69,48,0,0],"gold":286,"neow_bonus":"TEN_PERCENT_HP_BONUS","is_daily":false,"chose_seed":false,"campfire_upgraded":0,"win_rate":0.0,"timestamp":1611832058,"path_taken":["M","M","?","?","M","E","R","E","T","R","E","R","E","M","R","BOSS","M","M"],"items_purchased_type":["Relic"],"build_version":"2020-12-22","purchased_purges":0,"victory":false,"max_hp_per_floor":[79,79,79,84,84,84,84,84,84,84,84,84,84,84,84,84,84,84,84,84],"card_choices":[{"not_picked":["Worship","REME_Repentance"],"picked":"Consecrate","floor":1.0},{"not_picked":["EmptyFist","Replay:AtTheReady"],"picked":"Crescendo","floor":2.0},{"not_picked":["REME_ProfessionalPlagiarism","Metamorphosis"],"picked":"REME_BattleFury","floor":4.0},{"not_picked":["Replay:Sssssssssstrike","Chrysalis"],"picked":"REME_ShortnessOfBreath","floor":4.0},{"not_picked":["Violence","Swift Strike"],"picked":"AT_PowerWithin","floor":4.0},{"not_picked":["ThirdEye","Replay:Cycle"],"picked":"Protect","floor":5.0},{"not_picked":["Halt","Prostrate"],"picked":"AT_IrregularMenstruation","floor":6.0},{"not_picked":["Adaptation","Nirvana"],"picked":"Replay:BluntJabs","floor":8.0},{"not_picked":["FlyingSleeves","Replay:Anticipation"],"picked":"ClearTheMind","floor":11.0},{"not_picked":["Replay:DivineShield","REME_Repentance"],"picked":"Alpha","floor":13},{"not_picked":["CarveReality","Indignation"],"picked":"Replay:Battleflow","floor":14},{"not_picked":["Alpha","Ragnarok"],"picked":"REME_CRH","floor":16},{"not_picked":["Sanctity","ClearTheMind"],"picked":"FlurryOfBlows+1","floor":18}],"player_experience":1407415,"relics_obtained":[{"floor":6.0,"key":"Letter Opener"},{"floor":8.0,"key":"Replay:Accelerometer"},{"floor":11.0,"key":"CloakClasp"},{"floor":13,"key":"Art of War"}],"event_choices":[{"damage_healed":0.0,"max_hp_gain":0.0,"max_hp_loss":0.0,"gold_gain":0.0,"event_name":"Lab","player_choice":"Got Potions","floor":3.0,"gold_loss":0.0,"damage_taken":0.0}],"is_beta":false,"boss_relics":[{"not_picked":["REME_ChargedStone","aspiration:SilentSkillbook"],"picked":"Philosopher\u0027s Stone"}],"items_purged_floors":[],"is_endless":false,"potions_floor_spawned":[5,13,14],"killed_by":"3 Byrds","ascension_level":6}}