{"host":"ooe12lh8pgcirntb","time":1611871270,"event":{"mods":["AchievementEnabler","Act Like it!","BaseMod","Beaked The Cultist","Better Note","ChefMod","Colored Map","Colored Powertips","Downfall","Hallownest","Minty Spire (QoL Compilation)","StSLib","The Animator","The Bug Knight","The Disciple","The Hierophant","The Problem Sleuth"],"gold_per_floor":[114,114,127,147,164,164,196,196,219,219,247,247,260,38,38,38,38],"floor_reached":16,"language":"ENG","playtime":10762,"items_purged":[],"score":110,"play_id":"f9ef9f7d-e56b-4092-af9f-aa57d63a62d9","local_time":"20210128170110","is_ascension_mode":false,"campfire_choices":[{"floor":6,"key":"REST"},{"floor":10,"key":"REST"},{"floor":12,"key":"REST"},{"floor":15,"key":"REST"}],"circlet_count":0,"master_deck":["HollowMod:NailStrikeStart","HollowMod:NailStrikeStart","HollowMod:NailStrikeStart","HollowMod:NailStrikeStart","HollowMod:QuickDashStart","HollowMod:QuickDashStart","HollowMod:QuickDashStart","HollowMod:QuickDashStart","HollowMod:FocusHealStart","HollowMod:PogoStrike","HollowMod:SoulSplash","HollowMod:VengefulVoid","HollowMod:WraithStrike","HollowMod:CloakDash","HollowMod:NewJinnsSoul","HollowMod:SiblingsSouls","HollowMod:VengefulVoid","HollowMod:AbyssShriek","HollowMod:QuirrelsAssistance","HollowMod:GrimmsGift"],"relics":["HollowMod:VesselMask","HollowMod:KingsBrand","HollowMod:MillibellesNoteRelic","Dream Catcher","Blood Vial","hexamod:BolsterEngine"],"acts_visited":["Exordium"],"potions_floor_usage":[16,16],"damage_taken":[{"damage":4,"enemies":"Hallownest:monsterHuskGuard","floor":1,"turns":4},{"damage":2,"enemies":"Hallownest:2_MossCreeps","floor":3,"turns":5},{"damage":0,"enemies":"Hallownest:monsterHuskWarrior","floor":4,"turns":2},{"damage":45,"enemies":"Hallownest:Guard_and_Warrior","floor":5,"turns":6},{"damage":31,"enemies":"Hallownest:eliteVengeflyKing","floor":7,"turns":8},{"damage":11,"enemies":"Hallownest:eliteMossKnight","floor":11,"turns":11},{"damage":59,"enemies":"Hallownest:1_Ooma_and_2_Uuma","floor":13,"turns":8},{"damage":34,"enemies":"Hallownest:BossBrokenVessel","floor":16,"turns":6}],"seed_played":"-7982939984749763306","potions_obtained":[{"floor":3,"key":"SkillPotion"},{"floor":5,"key":"AttackPotion"},{"floor":7,"key":"sneckomod:MuddlingPotion"}],"is_trial":false,"path_per_floor":["M","?","M","M","M","R","E","?","T","R","E","R","M","$","R","B"],"character_chosen":"THE_BUGKNIGHT","items_purchased":["HollowMod:QuirrelsAssistance","hexamod:BolsterEngine"],"campfire_rested":4,"item_purchase_floors":[14,14],"current_hp_per_floor":[75,66,74,74,29,51,20,20,20,42,41,63,6,6,28,0,0],"gold":38,"neow_bonus":"RANDOM_COMMON_RELIC","is_daily":false,"chose_seed":false,"campfire_upgraded":0,"win_rate":0.0,"timestamp":1611871270,"path_taken":["M","?","M","M","M","R","E","?","T","R","E","R","M","?","R","BOSS"],"items_purchased_type":["Card","Relic"],"build_version":"2020-12-22","purchased_purges":0,"victory":false,"max_hp_per_floor":[75,75,75,75,75,75,75,75,75,75,75,75,75,75,75,75,75],"card_choices":[{"not_picked":["HollowMod:MonarchWings","HollowMod:MonomonsArchive"],"picked":"HollowMod:SoulSplash","floor":1},{"not_picked":["HollowMod:PerfectDash","HollowMod:Grubsong"],"picked":"HollowMod:VengefulVoid","floor":3},{"not_picked":["HollowMod:CornifersMapStart","HollowMod:Grubsong"],"picked":"HollowMod:WraithStrike","floor":4},{"not_picked":["HollowMod:GoodIntentions","HollowMod:ShadowDash"],"picked":"HollowMod:CloakDash","floor":5},{"not_picked":["HollowMod:LifebloodCocoon","HollowMod:SoulShaman"],"picked":"HollowMod:NewJinnsSoul","floor":7},{"not_picked":["HollowMod:PureNailStrike","HollowMod:SoulSplash"],"picked":"HollowMod:SiblingsSouls","floor":10},{"not_picked":["HollowMod:SharpenedNail","HollowMod:HeavyBlow","HollowMod:DungDefenderAura"],"picked":"SKIP","floor":11},{"not_picked":["HollowMod:MonarchWings","HollowMod:GreatSlash"],"picked":"HollowMod:VengefulVoid","floor":12},{"not_picked":["HollowMod:GreatSlash","HollowMod:RadiancesLament"],"picked":"HollowMod:AbyssShriek","floor":13},{"not_picked":["HollowMod:InfectionAssault","HollowMod:DoubleDash"],"picked":"HollowMod:GrimmsGift","floor":15}],"player_experience":812035,"relics_obtained":[{"floor":7,"key":"HollowMod:MillibellesNoteRelic"},{"floor":9,"key":"Dream Catcher"},{"floor":11,"key":"Blood Vial"}],"event_choices":[],"is_beta":false,"boss_relics":[],"items_purged_floors":[],"is_endless":false,"potions_floor_spawned":[3,5,7],"killed_by":"Hallownest:BossBrokenVessel","ascension_level":0}}