{"host":"jpzdg3po3tjxdjri","time":1611865239,"event":{"mods":["BaseMod","Better Third Choice","Colored Map","Colored Powertips","Minty Spire (QoL Compilation)","StSLib"],"gold_per_floor":[112,112,65,83,100,100,33,62,62,77,252,270,23,23,23,23,23],"floor_reached":16,"language":"ENG","playtime":812,"items_purged":[],"score":170,"play_id":"ab8d6f62-949b-4203-8769-846ae1a7dcac","local_time":"20210128202039","is_ascension_mode":true,"campfire_choices":[{"data":"Dagger Spray","floor":6,"key":"SMITH"},{"floor":15,"key":"REST"}],"circlet_count":0,"master_deck":["AscendersBane","Strike_G","Strike_G","Strike_G","Strike_G","Strike_G","Defend_G","Defend_G","Defend_G","Defend_G","Defend_G","Survivor","Neutralize+1","Flying Knee+1","Sucker Punch","Dagger Spray+1","Dagger Throw","Footwork","Dodge and Roll","Deadly Poison","Doubt","Caltrops","Poisoned Stab","Dagger Spray"],"relics":["Ring of the Snake","Ninja Scroll","Mummified Hand","Sling","Tiny Chest"],"acts_visited":["Exordium"],"potions_floor_usage":[],"damage_taken":[{"damage":0,"enemies":"Small Slimes","floor":1,"turns":4},{"damage":0,"enemies":"Cultist","floor":4,"turns":3},{"damage":6,"enemies":"2 Louse","floor":5,"turns":3},{"damage":27,"enemies":"Gremlin Nob","floor":8,"turns":5},{"damage":2,"enemies":"Large Slime","floor":10,"turns":6},{"damage":2,"enemies":"Exordium Thugs","floor":12,"turns":5},{"damage":38,"enemies":"Slime Boss","floor":16,"turns":8}],"seed_played":"-7826272186125905147","potions_obtained":[{"floor":4,"key":"PowerPotion"},{"floor":12,"key":"LiquidBronze"}],"is_trial":false,"path_per_floor":["M","?","$","M","M","R","$","E","T","M","?","M","$","?","R","B"],"character_chosen":"THE_SILENT","items_purchased":["Sucker Punch","Footwork","Poisoned Stab","Sling","Dagger Spray"],"campfire_rested":1,"item_purchase_floors":[3,7,13,13,13],"current_hp_per_floor":[59,59,59,59,53,53,53,26,26,24,24,22,22,15,34,0,0],"gold":23,"neow_bonus":"UPGRADE_CARD","is_daily":false,"chose_seed":false,"campfire_upgraded":1,"win_rate":0.0,"timestamp":1611865239,"path_taken":["M","?","$","M","M","R","?","E","T","M","?","M","$","?","R","BOSS"],"items_purchased_type":["Card","Card","Card","Relic","Card"],"build_version":"2020-12-22","purchased_purges":0,"victory":false,"max_hp_per_floor":[66,66,66,66,66,66,66,66,66,66,66,66,66,66,66,66,66],"card_choices":[{"not_picked":["Outmaneuver","Bane"],"picked":"Flying Knee","floor":1},{"not_picked":["Blade Dance","Dagger Throw"],"picked":"Dagger Spray","floor":4},{"not_picked":["Flying Knee","Backflip"],"picked":"Dagger Throw","floor":5},{"not_picked":["Tactician","Flying Knee"],"picked":"Dodge and Roll","floor":8},{"not_picked":["Flying Knee","Bane"],"picked":"Deadly Poison","floor":10},{"not_picked":["Eviscerate","Sucker Punch"],"picked":"Caltrops","floor":12}],"player_experience":868950,"relics_obtained":[{"floor":8,"key":"Ninja Scroll"},{"floor":9,"key":"Mummified Hand"}],"event_choices":[{"damage_healed":0,"gold_gain":0,"player_choice":"Forge","damage_taken":0,"max_hp_gain":0,"max_hp_loss":0,"event_name":"Accursed Blacksmith","floor":2,"gold_loss":0,"cards_upgraded":["Flying Knee"]},{"damage_healed":0,"gold_gain":175,"player_choice":"AGREE","damage_taken":77,"max_hp_gain":0,"max_hp_loss":0,"event_name":"betterThird:BetterSerpent","floor":11,"gold_loss":0},{"damage_healed":0,"gold_gain":0,"player_choice":"Relic ","damage_taken":7,"max_hp_gain":0,"max_hp_loss":0,"event_name":"betterThird:BetterScrap","floor":14,"gold_loss":0,"cards_obtained":["Double Energy"]}],"is_beta":false,"boss_relics":[],"items_purged_floors":[],"is_endless":false,"potions_floor_spawned":[4,12],"killed_by":"Slime Boss","ascension_level":14}}