{"host":"j49z5jz0n7e8vjox","time":1611866849,"event":{"mods":["AchievementEnabler","BaseMod","Bestiary","Colored Map","Colored Powertips","DeckTracker","Minty Spire (QoL Compilation)","Permanent Neow","UnlockEverythingMod"],"gold_per_floor":[131,143,169,199,225,271,283,306,396,408,440,467,479,491,503,515,515],"floor_reached":16,"language":"ENG","playtime":2202,"items_purged":[],"score":208,"play_id":"193b85df-fe6b-499c-a307-c5e8c2dac098","local_time":"20210128144729","is_ascension_mode":true,"campfire_choices":[{"floor":7,"key":"REST"},{"data":"White Noise","floor":10,"key":"SMITH"},{"data":"Zap","floor":13,"key":"SMITH"},{"floor":15,"key":"REST"}],"circlet_count":0,"master_deck":["AscendersBane","Strike_B","Strike_B","Strike_B","Defend_B","Defend_B","Defend_B","Defend_B","Zap+1","Dualcast","White Noise+1","Cold Snap","Capacitor","Steam","Echo Form","Skim","Capacitor"],"relics":["Cracked Core","MawBank","Art of War","Eternal Feather","Calipers"],"acts_visited":["Exordium"],"potions_floor_usage":[16],"damage_taken":[{"damage":1,"enemies":"Cultist","floor":1,"turns":4},{"damage":7,"enemies":"2 Louse","floor":3,"turns":3},{"damage":5,"enemies":"Jaw Worm","floor":4,"turns":5},{"damage":0,"enemies":"Exordium Wildlife","floor":5,"turns":3},{"damage":65,"enemies":"Gremlin Nob","floor":6,"turns":5},{"damage":11,"enemies":"Looter","floor":8,"turns":4},{"damage":8,"enemies":"Large Slime","floor":11,"turns":6},{"damage":9,"enemies":"Blue Slaver","floor":12,"turns":4},{"damage":67,"enemies":"Slime Boss","floor":16,"turns":8}],"seed_played":"-2003463769164091465","potions_obtained":[{"floor":3,"key":"FairyPotion"},{"floor":8,"key":"FearPotion"},{"floor":11,"key":"AttackPotion"}],"is_trial":false,"path_per_floor":["M","?","M","M","M","E","R","M","T","R","M","M","R","?","R","B"],"character_chosen":"DEFECT","items_purchased":[],"campfire_rested":2,"item_purchase_floors":[],"current_hp_per_floor":[63,63,56,51,51,21,42,31,31,40,32,23,32,32,62,0,0],"gold":515,"neow_bonus":"RANDOM_COMMON_RELIC","is_daily":false,"chose_seed":false,"campfire_upgraded":2,"win_rate":0.0,"timestamp":1611866849,"path_taken":["M","?","M","M","?","E","R","M","T","R","M","M","R","?","R","BOSS"],"items_purchased_type":[],"build_version":"2020-12-22","purchased_purges":0,"victory":false,"max_hp_per_floor":[71,71,71,71,71,71,71,71,71,71,71,71,71,71,71,71,71],"card_choices":[{"not_picked":["Stack","Turbo"],"picked":"White Noise","floor":1},{"not_picked":["Conserve Battery","Reprogram"],"picked":"Cold Snap","floor":3},{"not_picked":["Sweeping Beam","Beam Cell"],"picked":"Capacitor","floor":4},{"not_picked":["Streamline","Beam Cell"],"picked":"Steam","floor":5},{"not_picked":["Machine Learning","Coolheaded"],"picked":"Echo Form","floor":6},{"not_picked":["Hologram","Recycle","Turbo"],"picked":"SKIP","floor":8},{"not_picked":["Hologram","Coolheaded"],"picked":"Skim","floor":11},{"not_picked":["Conserve Battery","Beam Cell"],"picked":"Capacitor","floor":12}],"player_experience":793083,"relics_obtained":[{"floor":6,"key":"Art of War"},{"floor":9,"key":"Eternal Feather"}],"event_choices":[{"cards_removed":["Strike_B"],"damage_healed":0,"gold_gain":0,"player_choice":"Offered Basic","damage_taken":0,"max_hp_gain":0,"max_hp_loss":0,"event_name":"Bonfire Elementals","floor":2,"gold_loss":0},{"damage_healed":0,"gold_gain":0,"player_choice":"Gave Potion","damage_taken":0,"relics_obtained":["Calipers"],"max_hp_gain":0,"max_hp_loss":0,"event_name":"WeMeetAgain","floor":14,"gold_loss":0}],"is_beta":false,"boss_relics":[],"items_purged_floors":[],"is_endless":false,"potions_floor_spawned":[3,8,11],"killed_by":"Slime Boss","ascension_level":20}}