{"host":"bq4pt811tk9yrmjl","time":1611832885,"event":{"mods":["AchievementEnabler","BaseMod","Colored Map","Colored Powertips","Defuse TimeMaze Blight","Hermit","Minty Spire (QoL Compilation)","StSLib","SuperFastMode"],"gold_per_floor":[115,115,115,129,129,172,172,211,282,282,282,318,343,362,362,483,483,501,601,561,561,110,151,151,164,218,218,234,249,249,164,164,285,285,309,372,372,705,705,705,705,705,755,452,486,486,536,536,536,536,536],"floor_reached":50,"language":"ENG","playtime":756,"items_purged":[],"score":675,"play_id":"1ed7bf15-8c98-4270-8119-1d412a131d8a","local_time":"20210128092125","is_ascension_mode":true,"campfire_choices":[{"data":"Ghostly Armor","floor":7,"key":"SMITH"},{"data":"Clash","floor":11,"key":"SMITH"},{"data":"Body Slam","floor":15,"key":"SMITH"},{"data":"Flex","floor":24,"key":"SMITH"},{"data":"Whirlwind","floor":27,"key":"SMITH"},{"floor":32,"key":"REST"},{"floor":40,"key":"RECALL"},{"floor":42,"key":"REST"},{"floor":46,"key":"REST"},{"data":"Inflame","floor":49,"key":"SMITH"}],"circlet_count":0,"master_deck":["Strike_R+1","Strike_R+1","Strike_R","Strike_R","Strike_R","Defend_R","Defend_R","Defend_R","Defend_R","Bash","Anger+1","Ghostly Armor+1","Limit Break+1","Clash+1","Body Slam+1","Whirlwind+1","Flex+1","Inflame+1","Iron Wave+1","Armaments+1","Rage+1"],"relics":["Burning Blood","NeowsBlessing","PreservedInsect","Juzu Bracelet","Prayer Wheel","Mark of Pain","Pear","Singing Bowl","Bronze Scales","StrikeDummy","Bag of Marbles","Mercury Hourglass","Sozu","Calipers","Whetstone","Medical Kit","Akabeko","Pen Nib","CeramicFish"],"acts_visited":["Exordium","TheCity","TheBeyond"],"potions_floor_usage":[12,14,18,18,33,33,50],"damage_taken":[{"damage":0,"enemies":"Jaw Worm","floor":1,"turns":1},{"damage":0,"enemies":"2 Louse","floor":4,"turns":1},{"damage":0,"enemies":"Lagavulin","floor":6,"turns":1},{"damage":14,"enemies":"Gremlin Nob","floor":8,"turns":4},{"damage":0,"enemies":"Lagavulin","floor":12,"turns":6},{"damage":2,"enemies":"Small Slimes","floor":13,"turns":3},{"damage":2,"enemies":"Exordium Thugs","floor":14,"turns":5},{"damage":52,"enemies":"Hexaghost","floor":16,"turns":9},{"damage":10,"enemies":"2 Thieves","floor":18,"turns":2},{"damage":23,"enemies":"Gremlin Leader","floor":23,"turns":6},{"damage":1,"enemies":"Shell Parasite","floor":25,"turns":2},{"damage":32,"enemies":"Cultist and Chosen","floor":28,"turns":7},{"damage":0,"enemies":"Chosen and Byrds","floor":29,"turns":3},{"damage":45,"enemies":"Collector","floor":33,"turns":8},{"damage":14,"enemies":"3 Darklings","floor":35,"turns":2},{"damage":20,"enemies":"Mind Bloom Boss Battle","floor":36,"turns":10},{"damage":80,"enemies":"Nemesis","floor":45,"turns":5},{"damage":95,"enemies":"Awakened One","floor":50,"turns":8}],"seed_played":"6239787890787595024","potions_obtained":[{"floor":1,"key":"SpeedPotion"},{"floor":6,"key":"Dexterity Potion"},{"floor":13,"key":"Block Potion"},{"floor":14,"key":"SteroidPotion"},{"floor":16,"key":"AttackPotion"},{"floor":18,"key":"EssenceOfSteel"},{"floor":25,"key":"Dexterity Potion"},{"floor":29,"key":"ColorlessPotion"}],"is_trial":false,"path_per_floor":["M","?","?","M","?","E","R","E","T","?","R","E","M","M","R","B",null,"M","?","?","T","$","E","R","M","T","R","M","M","?","?","R","B",null,"M","?","?","?","?","R","?","R","T","$","E","R","T","?","R","B"],"character_chosen":"IRONCLAD","items_purchased":["Singing Bowl","Bronze Scales","Flex","Medical Kit","Akabeko"],"campfire_rested":3,"item_purchase_floors":[22,22,22,44,44],"current_hp_per_floor":[80,60,60,66,66,72,72,64,64,69,69,75,79,83,83,37,85,81,81,81,91,91,76,76,85,85,85,59,69,69,69,100,63,107,101,89,89,89,89,89,85,117,117,117,43,78,78,78,78,0,0],"gold":536,"neow_bonus":"THREE_ENEMY_KILL","is_daily":false,"chose_seed":false,"campfire_upgraded":6,"win_rate":0.0,"timestamp":1611832885,"path_taken":["M","?","?","M","?","E","R","E","T","?","R","E","M","M","R","BOSS","M","?","?","?","?","E","R","M","T","R","M","M","?","?","R","BOSS","M","?","?","?","?","R","?","R","T","$","E","R","?","?","R","BOSS"],"items_purchased_type":["Relic","Relic","Card","Relic","Relic"],"build_version":"2020-12-22","purchased_purges":0,"victory":false,"max_hp_per_floor":[80,80,80,80,80,80,80,80,80,85,85,85,85,85,85,85,85,85,85,85,95,95,97,97,101,101,101,101,105,105,105,105,107,107,109,111,111,111,111,111,117,117,117,117,117,117,117,117,117,117,117],"card_choices":[{"not_picked":["Rupture","Iron Wave"],"picked":"Anger","floor":1},{"not_picked":["Cleave","Dark Embrace"],"picked":"Ghostly Armor","floor":4},{"not_picked":["Cleave","Blood for Blood"],"picked":"Limit Break","floor":6},{"not_picked":["Entrench","Perfected Strike"],"picked":"Clash","floor":8},{"not_picked":["Anger","Heavy Blade"],"picked":"Body Slam","floor":12},{"not_picked":["Carnage","Dual Wield"],"picked":"Shrug It Off","floor":13},{"not_picked":["Cleave","Body Slam","Perfected Strike"],"picked":"SKIP","floor":13},{"not_picked":["Pommel Strike","Body Slam"],"picked":"Whirlwind","floor":14},{"not_picked":["Wild Strike","Rupture","Reckless Charge"],"picked":"SKIP","floor":14},{"not_picked":["Bloodletting","Uppercut","Infernal Blade"],"picked":"SKIP","floor":18},{"not_picked":["Havoc","Clothesline","Sword Boomerang"],"picked":"SKIP","floor":18},{"not_picked":["Reckless Charge","Clothesline+1","Havoc"],"picked":"Singing Bowl","floor":23},{"not_picked":["Shrug It Off","Wild Strike","Thunderclap"],"picked":"Singing Bowl","floor":25},{"not_picked":["Headbutt","Hemokinesis","Body Slam+1"],"picked":"Singing Bowl","floor":25},{"not_picked":["Body Slam","Sword Boomerang+1"],"picked":"Inflame","floor":28},{"not_picked":["Clash+1","Second Wind+1"],"picked":"Iron Wave+1","floor":28},{"not_picked":["Searing Blow+1","Fiend Fire","Shockwave"],"picked":"Singing Bowl","floor":29},{"not_picked":["Entrench","Bloodletting","Iron Wave"],"picked":"Singing Bowl","floor":29},{"not_picked":["Fiend Fire","Juggernaut","Berserk"],"picked":"Singing Bowl","floor":33},{"not_picked":["Pummel","Havoc","Sword Boomerang"],"picked":"Singing Bowl","floor":35},{"not_picked":["Body Slam+1","Headbutt"],"picked":"Armaments+1","floor":35},{"not_picked":["Reckless Charge","Shrug It Off","Havoc"],"picked":"Singing Bowl","floor":36},{"not_picked":["Magnetism","Sadistic Nature","Thinking Ahead"],"picked":"Singing Bowl","floor":41},{"not_picked":["Jack Of All Trades","Good Instincts","Transmutation"],"picked":"Singing Bowl","floor":41},{"not_picked":["Flash of Steel","Panache","Metamorphosis"],"picked":"Singing Bowl","floor":41},{"not_picked":["Evolve+1","Clothesline"],"picked":"Rage+1","floor":45}],"player_experience":277594,"relics_obtained":[{"floor":6,"key":"PreservedInsect"},{"floor":8,"key":"Juzu Bracelet"},{"floor":12,"key":"Prayer Wheel"},{"floor":21,"key":"Pear"},{"floor":23,"key":"StrikeDummy"},{"floor":26,"key":"Bag of Marbles"},{"floor":36,"key":"Calipers"},{"floor":43,"key":"Whetstone"},{"floor":45,"key":"Pen Nib"},{"floor":47,"key":"CeramicFish"}],"event_choices":[{"damage_healed":0,"gold_gain":0,"player_choice":"Take Damage","damage_taken":20,"relics_obtained":["Golden Idol"],"max_hp_gain":0,"max_hp_loss":0,"event_name":"Golden Idol","floor":2,"gold_loss":0},{"damage_healed":0,"gold_gain":0,"player_choice":"Ignored","damage_taken":0,"max_hp_gain":0,"max_hp_loss":0,"event_name":"Liars Game","floor":3,"gold_loss":0},{"damage_healed":0,"gold_gain":0,"player_choice":"Grow","damage_taken":0,"max_hp_gain":0,"max_hp_loss":0,"event_name":"Living Wall","floor":5,"gold_loss":0,"cards_upgraded":["Anger"]},{"damage_healed":0,"gold_gain":0,"player_choice":"Donut","damage_taken":0,"max_hp_gain":5,"max_hp_loss":0,"event_name":"Big Fish","floor":10,"gold_loss":0},{"damage_healed":0,"gold_gain":100,"player_choice":"Pray","damage_taken":0,"max_hp_gain":0,"max_hp_loss":0,"event_name":"Golden Shrine","floor":19,"gold_loss":0},{"damage_healed":0,"gold_gain":0,"player_choice":"Upgrade","damage_taken":0,"max_hp_gain":0,"max_hp_loss":0,"event_name":"Designer","floor":20,"gold_loss":40,"cards_upgraded":["Limit Break"]},{"damage_healed":0,"gold_gain":0,"player_choice":"Ignored","damage_taken":0,"max_hp_gain":0,"max_hp_loss":0,"event_name":"Vampires","floor":30,"gold_loss":0},{"damage_healed":0,"gold_gain":0,"player_choice":"Obtained Relic","damage_taken":0,"relics_obtained":["Mercury Hourglass"],"max_hp_gain":0,"max_hp_loss":0,"event_name":"Addict","floor":31,"gold_loss":85},{"damage_healed":0,"gold_gain":0,"player_choice":"Fight","damage_taken":0,"max_hp_gain":0,"max_hp_loss":0,"event_name":"MindBloom","floor":36,"gold_loss":0},{"damage_healed":0,"gold_gain":0,"player_choice":"0 cards matched","damage_taken":0,"max_hp_gain":0,"max_hp_loss":0,"event_name":"Match and Keep!","floor":37,"gold_loss":0,"cards_obtained":[]},{"damage_healed":0,"gold_gain":333,"player_choice":"Gave Idol","damage_taken":0,"max_hp_gain":0,"max_hp_loss":0,"event_name":"The Moai Head","floor":38,"relics_lost":["Golden Idol"],"gold_loss":0},{"damage_healed":0,"gold_gain":0,"player_choice":"Ignored","damage_taken":0,"max_hp_gain":0,"max_hp_loss":0,"event_name":"Mysterious Sphere","floor":39,"gold_loss":0},{"damage_healed":0,"gold_gain":0,"player_choice":"Memory 3","damage_taken":10,"max_hp_gain":0,"max_hp_loss":0,"event_name":"SensoryStone","floor":41,"gold_loss":0},{"cards_removed":["Shrug It Off"],"damage_healed":0,"gold_gain":0,"player_choice":"Removed Skill","damage_taken":0,"max_hp_gain":0,"max_hp_loss":0,"event_name":"Falling","floor":48,"gold_loss":0}],"is_beta":false,"boss_relics":[{"not_picked":["Pandora\u0027s Box","Runic Pyramid"],"picked":"Mark of Pain"},{"not_picked":["Calling Bell","Tiny House"],"picked":"Sozu"}],"items_purged_floors":[],"is_endless":false,"potions_floor_spawned":[1,6,13,14,16,18,25,29,36],"killed_by":"Awakened One","ascension_level":1}}