{"host":"5j53u3d72gsce0fe","time":1611829419,"event":{"mods":["2.2 Compatiblity","AchievementEnabler","Aspiration","BaseMod","Beaked The Cultist","Better Altar","Better Match","Better Note","Better Sensory Stone","Better Skull","Better Third Choice","Better Vampires","Block Reminder","CCEM2","Card Forge","Colored Map","Colored Powertips","Colorless Booster Pack","Conspire","Defuse TimeMaze Blight","Dio Mod","Dota2Spire","Downfall","Emptier Cage","Energized Spire","Friendly Minions","GifTheSpireLib","Hermit","HexUI Lib","Hubris","Humility","Infinite Spire","Marked Mod","Mimic Mod","Minty Spire (QoL Compilation)","Relic Filter","Reliquary","Replay The Spire","Retaliation","Shade Mod","Small Relic Pack","StSLib","Stuff the Spire","The Animator","The Bug Knight","Transform Curses","Unceasing Turn Reminder","???Mod??????Boss"],"gold_per_floor":[111,122,141,127,302,317,317,317,344,794,807,417,317,336,236,334,334,352,368,368,368,368,388,388,413,429,262,187,204,204,204,204,303,303,320,343,343,343,343,111,164,181,199,215,215,215,240,240,240,240],"floor_reached":51,"language":"ENG","playtime":5940,"items_purged":[],"score":874,"play_id":"99832544-a636-4e9d-b7f7-0b0dda470005","local_time":"20210128022339","is_ascension_mode":false,"campfire_choices":[{"floor":8,"key":"REST"},{"floor":13,"key":"RECALL"},{"floor":15,"key":"REST"},{"floor":30,"key":"REST"},{"floor":32,"key":"REST"},{"data":"champ:RageSigil","floor":49,"key":"SMITH"}],"circlet_count":0,"master_deck":["champ:Taunt+1","champ:StanceDance+1","champ:IronFortress+1","champ:Circumvent+1","champ:FlashCut+1","champ:IronFortress+1","champ:EnGarde+1","champ:PreciseThrust+1","champ:HoldFirm+1","champ:SwordSigil+1","champ:EnGarde+1","champ:Haymaker+1","champ:Lariat+1","champ:DefensiveStyle+1","infinitespire:NeuralNetwork+1","infinitespire:Oblivion+1","champ:TornadoPunch+1","champ:PreemptiveStrike+1","champ:Haymaker+1","champ:DancingMaster+1","champ:BringItOn+1","champ:Improvising+1","champ:ShieldSigil+1","champ:SwordSigil+1","infinitespire:FutureSight+1","champ:PreciseThrust+1","champ:SetATrap+1","champ:GladiatorForm+1","champ:RageSigil+1"],"relics":["champ:ChampionCrown","Hammer of Thor","Seething Fire","Anvil of the Gods","StuffTheSpire:NeowsTribute","Replay:Bottled Eggs","champ:BerserkersGuideToSlaughter","Orichalcum","downfall:HeartBlessingGreen","downfall:HeartBlessingRed","Pandora\u0027s Box","conspire:DecoderRing","hubris:ScarierMask","CCEMRelics:CocoNut","reliquary:ExpiredCoupon","hubris:Towel","hubris:HollowSoul","reliquary:RedPaperclip","CCEMRelics:IronFruit","CCEMRelics:GlassOfMilk","CCEMRelics:D6","reliquary:Aerogel","CCEMRelics:TechnogenicHelmet","Dota2Spire:BladeMail","relicPack:AllForOne"],"acts_visited":["Exordium","TheCity","TheBeyond"],"potions_floor_usage":[9,9,9,11,12,16,23,24,27,33,50,50,50],"damage_taken":[{"damage":14,"enemies":"Cultist","floor":1,"turns":3},{"damage":0,"enemies":"conspire:RoseBush","floor":2,"turns":3},{"damage":0,"enemies":"Small Slimes","floor":3,"turns":3},{"damage":18,"enemies":"Gremlin Gang","floor":4,"turns":8},{"damage":0,"enemies":"2 Fungi Beasts","floor":6,"turns":3},{"damage":34,"enemies":"3 Sentries","floor":9,"turns":16},{"damage":2,"enemies":"conspire:2 RoseBushes","floor":11,"turns":5},{"damage":0,"enemies":"downfall:FleeingMerchant","floor":12,"turns":4},{"damage":0,"enemies":"Large Slime","floor":14,"turns":8},{"damage":15,"enemies":"WA_ARCHETYPE_RETAIN","floor":16,"turns":12},{"damage":0,"enemies":"Spheric Guardian","floor":18,"turns":6},{"damage":77,"enemies":"3 Cultists","floor":19,"turns":10},{"damage":0,"enemies":"Cultist and Chosen","floor":23,"turns":1},{"damage":0,"enemies":"Book of Stabbing","floor":25,"turns":4},{"damage":0,"enemies":"conspire:HollyBat","floor":26,"turns":6},{"damage":0,"enemies":"downfall:FleeingMerchant","floor":27,"turns":4},{"damage":0,"enemies":"Centurion and Healer","floor":29,"turns":3},{"damage":11,"enemies":"IC_MUSHROOM_ARCHETYPE","floor":33,"turns":5},{"damage":2,"enemies":"3 Shapes","floor":35,"turns":3},{"damage":0,"enemies":"Orb Walker","floor":36,"turns":3},{"damage":8,"enemies":"downfall:FleeingMerchant","floor":40,"turns":4},{"damage":0,"enemies":"Jaw Worm Horde","floor":42,"turns":2},{"damage":0,"enemies":"Maw","floor":43,"turns":5},{"damage":0,"enemies":"3 Darklings","floor":44,"turns":2},{"damage":0,"enemies":"beaked:SuperParasite","floor":47,"turns":4},{"damage":36,"enemies":"SI_POISON_ARCHETYPE","floor":50,"turns":5}],"seed_played":"3753093688890137463","potions_obtained":[{"floor":6,"key":"EntropicBrew"},{"floor":9,"key":"champ:OpenerPotion"},{"floor":16,"key":"PowerPotion"},{"floor":23,"key":"Fruit Juice"},{"floor":25,"key":"Weak Potion"},{"floor":26,"key":"LiquidMemories"},{"floor":33,"key":"Strength Potion"},{"floor":36,"key":"SpeedPotion"},{"floor":47,"key":"LifebloodPotion"}],"is_trial":false,"path_per_floor":["R_BF","M","M","M","?","M","T","R","E","?","M","$","R","M","R","B",null,"M","M","?","?","AVR","M","T","E","M","$","?","M","R","?","R","B",null,"R_BF","M","?","AVR","?","$","T","M","M","M","T","?","E","?","R","B",null],"character_chosen":"THE_CHAMP","items_purchased":["champ:BerserkersGuideToSlaughter","DuplicationPotion","Orichalcum","Replay:Bandana","CCEMRelics:GlassOfMilk","CCEMRelics:D6"],"campfire_rested":4,"item_purchase_floors":[12,12,12,27,40,40],"current_hp_per_floor":[77,77,77,59,59,59,59,81,47,47,45,45,45,45,69,59,81,81,4,4,4,4,4,14,14,14,14,14,14,41,41,68,57,91,89,89,89,94,96,88,88,88,88,88,88,88,88,88,88,52],"gold":240,"neow_bonus":"ONE_RARE_RELIC","is_daily":false,"chose_seed":false,"campfire_upgraded":1,"win_rate":0.0,"timestamp":1611829419,"path_taken":["R_BF","M","M","?","?","M","T","R","E","?","M","$","R","M","R","BOSS","M","M","?","?","AVR","M","T","E","M","?","?","?","R","?","R","BOSS","R_BF","M","?","AVR","?","$","T","M","M","?","?","?","E","?","R","BOSS"],"items_purchased_type":["Relic","Potion","Relic","Relic","Relic","Relic"],"build_version":"2020-12-22","purchased_purges":0,"victory":true,"max_hp_per_floor":[81,81,81,81,81,81,81,81,81,81,81,81,81,81,81,81,81,81,81,81,81,81,81,91,91,91,91,91,91,91,91,91,91,91,91,91,91,96,96,96,96,96,96,96,96,96,96,96,96,96],"card_choices":[{"not_picked":["champ:EndlessRage","champ:BerserkerStyle"],"picked":"champ:StanceDance","floor":1},{"not_picked":["champ:ArenaPreparation","champ:EnGarde"],"picked":"champ:IronFortress","floor":2},{"not_picked":["champ:StanceDance","champ:BladeFlurry"],"picked":"champ:Circumvent","floor":3},{"not_picked":["champ:RisingSlash","champ:TornadoPunch"],"picked":"champ:FlashCut","floor":4},{"not_picked":["champ:Shatter","champ:Haymaker"],"picked":"champ:FanOfKnives","floor":6},{"not_picked":["champ:CrookedStrike","champ:BerserkersShout"],"picked":"champ:BladeFlurry","floor":9},{"not_picked":["champ:ShieldSigil","champ:RecklessLeap"],"picked":"champ:IronFortress","floor":11},{"not_picked":["champ:EndlessRage","champ:EnragedBash"],"picked":"champ:EnGarde","floor":12},{"not_picked":["champ:ShieldSigil","champ:ShieldSlam"],"picked":"champ:PreciseThrust","floor":14},{"not_picked":["champ:Devastate","champ:MurderStrike"],"picked":"champ:HoldFirm","floor":16},{"not_picked":["champ:BladeFlurry+1","champ:EnragedBash"],"picked":"champ:Haymaker","floor":18},{"not_picked":["champ:Haymaker","champ:StanceDance"],"picked":"champ:Lariat","floor":19},{"not_picked":["champ:FanOfKnives","champ:GladiatorStyle"],"picked":"champ:TornadoPunch+1","floor":23},{"not_picked":["champ:Shatter","champ:PreciseThrust"],"picked":"champ:PreemptiveStrike+1","floor":25},{"not_picked":["champ:ShieldSigil+1","champ:EnchantSword"],"picked":"champ:Haymaker","floor":26},{"not_picked":["champ:DeathBlow","champ:ShieldSigil"],"picked":"champ:DancingMaster","floor":27},{"not_picked":["champ:PreciseThrust","champ:CrownThrow"],"picked":"champ:BringItOn","floor":29},{"not_picked":["champ:UltimateStance","champ:EnchantShield"],"picked":"champ:Improvising","floor":33},{"not_picked":["champ:FlashCut+1","champ:CrookedStrike+1"],"picked":"champ:ShieldSigil+1","floor":35},{"not_picked":["champ:CrownThrow+1","champ:AdrenalArmor+1"],"picked":"champ:SwordSigil+1","floor":36},{"not_picked":["champ:FaceSlap","champ:FancyFootwork+1","champ:BerserkersShout"],"picked":"SKIP","floor":40},{"not_picked":["champ:BerserkersShout+1","champ:ArenaPreparation+1"],"picked":"champ:PreciseThrust+1","floor":42},{"not_picked":["champ:PreemptiveStrike","champ:RecklessLeap+1"],"picked":"champ:SetATrap","floor":43},{"not_picked":["champ:ShieldSigil","champ:PreemptiveStrike"],"picked":"champ:GladiatorForm","floor":44},{"not_picked":["champ:FocusedDefense","champ:HeartStrike+1"],"picked":"champ:RageSigil","floor":47}],"player_experience":1282571,"relics_obtained":[{"floor":7,"key":"Dota2Spire:AghanimScepter"},{"floor":9,"key":"Replay:Bottled Eggs"},{"floor":24,"key":"CCEMRelics:CocoNut"},{"floor":25,"key":"reliquary:ExpiredCoupon"},{"floor":41,"key":"reliquary:Aerogel"},{"floor":45,"key":"CCEMRelics:TechnogenicHelmet"},{"floor":47,"key":"Dota2Spire:BladeMail"}],"event_choices":[{"cards_removed":["champ:IronFortress"],"damage_healed":0,"gold_gain":0,"player_choice":"Take \u0026 Give","damage_taken":0,"max_hp_gain":0,"max_hp_loss":0,"event_name":"betterNote:BetterNote","floor":20,"gold_loss":0,"cards_obtained":["champ:DefensiveStyle"]},{"damage_healed":0,"gold_gain":0,"player_choice":"3","damage_taken":0,"max_hp_gain":0,"max_hp_loss":0,"event_name":"betterMatch:BetterMatch","floor":28,"gold_loss":0,"cards_obtained":[]},{"damage_healed":2,"gold_gain":0,"player_choice":"Full Heal","damage_taken":0,"max_hp_gain":0,"max_hp_loss":0,"event_name":"Wheel of Change","floor":39,"gold_loss":0}],"is_beta":false,"boss_relics":[{"not_picked":["Replay:Drink Me","StuffTheSpire:RunicConfusion"],"picked":"Pandora\u0027s Box"},{"not_picked":["Honey Jar","Runic Pyramid"],"picked":"hubris:HollowSoul"}],"items_purged_floors":[],"is_endless":false,"potions_floor_spawned":[6,9,16,23,25,26,29,33,36,47],"ascension_level":0,"is_humility":true}}