{"host":"8b9ba58w9pmbqmpe","time":1611852083,"event":{"mods":["BaseMod","Downfall","Minty Spire (QoL Compilation)","StSLib"],"gold_per_floor":[99,110,110,126,126,142,142,192,192,210,110,120,153,165,99,99,109,129,129,129,129],"floor_reached":19,"language":"ENG","playtime":1626,"items_purged":[],"score":121,"play_id":"2e5df197-8132-442b-bd9f-daf3e7f7408e","local_time":"20210128174123","is_ascension_mode":false,"campfire_choices":[{"data":"sneckomod:Unknown","floor":1,"key":"SMITH"},{"data":"sneckomod:Unknown0Cost","floor":7,"key":"SMITH"},{"floor":11,"key":"RECALL"}],"circlet_count":0,"master_deck":["sneckomod:Strike","sneckomod:Strike","sneckomod:Defend","sneckomod:Defend","sneckomod:TailWhip","sneckomod:SnekBite","sneckomod:Unknown+1","sneckomod:RainOfDice+1","sneckomod:IronFang","sneckomod:SnakeSap","sneckomod:Unknown0Cost+1","sneckomod:TrashToTreasure","sneckomod:DiceBoulder","sneckomod:UnknownWeak","sneckomod:SerpentIdol","sneckomod:QuickBite","sneckomod:WideSting","sneckomod:UnknownBoss","sneckomod:UnknownDraw","sneckomod:SoulExchange"],"relics":["Astrolabe","Bag of Preparation","downfall:HeartBlessingBlue","Darkstone Periapt"],"acts_visited":["Exordium"],"potions_floor_usage":[],"damage_taken":[{"damage":4,"enemies":"Cultist","floor":2,"turns":4},{"damage":6,"enemies":"2 Louse","floor":4,"turns":2},{"damage":3,"enemies":"Small Slimes","floor":6,"turns":2},{"damage":0,"enemies":"Gremlin Gang","floor":10,"turns":1},{"damage":15,"enemies":"Exordium Wildlife","floor":12,"turns":3},{"damage":35,"enemies":"3 Sentries","floor":13,"turns":9},{"damage":10,"enemies":"Exordium Thugs","floor":14,"turns":3},{"damage":0,"enemies":"downfall:FleeingMerchant","floor":15,"turns":4},{"damage":13,"enemies":"Red Slaver","floor":17,"turns":2},{"damage":9,"enemies":"3 Louse","floor":18,"turns":2},{"damage":7,"enemies":"SI_SHIV_ARCHETYPE","floor":19,"turns":1}],"seed_played":"5118875289832642934","potions_obtained":[{"floor":6,"key":"Guardian:BlockOnCardUsePotion"},{"floor":12,"key":"bronze:BurnAndBuffPotion"},{"floor":13,"key":"Strength Potion"}],"is_trial":false,"path_per_floor":["R","M","?","M","?","M","R","T","T","M","R","M","E","M","$","?","M","M","B"],"character_chosen":"THE_SNECKO","items_purchased":["sneckomod:WideSting"],"campfire_rested":0,"item_purchase_floors":[15],"current_hp_per_floor":[90,86,86,80,80,77,77,77,77,77,87,72,37,27,27,27,14,5,0,0,0],"gold":129,"neow_bonus":"BOSS_RELIC","is_daily":false,"chose_seed":false,"campfire_upgraded":2,"win_rate":0.0,"timestamp":1611852083,"path_taken":["R","M","?","?","?","M","R","T","T","M","R","M","E","M","$","?","?","M","BOSS"],"items_purchased_type":["Card"],"build_version":"2020-12-22","purchased_purges":0,"victory":false,"max_hp_per_floor":[90,90,90,90,90,90,90,90,90,90,100,100,100,100,100,100,100,100,100,100,100],"card_choices":[{"not_picked":["sneckomod:Unknown1Cost","sneckomod:SoulDraw"],"picked":"sneckomod:IronFang","floor":2},{"not_picked":["sneckomod:UnknownBlock","sneckomod:QuickMove"],"picked":"sneckomod:SnakeSap","floor":4},{"not_picked":["sneckomod:WideSting","sneckomod:UnknownCommonSkill"],"picked":"sneckomod:Unknown0Cost","floor":6},{"not_picked":["sneckomod:Unknown1Cost","sneckomod:UnknownCommonAttack"],"picked":"sneckomod:TrashToTreasure","floor":10},{"not_picked":["sneckomod:SnekBeam","sneckomod:DiceCrush"],"picked":"sneckomod:DiceBoulder","floor":12},{"not_picked":["sneckomod:UnknownUncommonSkill","sneckomod:UnknownCommonSkill"],"picked":"sneckomod:UnknownWeak","floor":13},{"not_picked":["sneckomod:DefensiveFlair","sneckomod:CheapStock"],"picked":"sneckomod:SerpentIdol","floor":14},{"not_picked":["sneckomod:QuickMove","sneckomod:SnekBeam"],"picked":"sneckomod:QuickBite","floor":15},{"not_picked":["sneckomod:IronFang","sneckomod:Unknown2Cost"],"picked":"sneckomod:UnknownDraw","floor":17},{"not_picked":["sneckomod:SlitherStrike","sneckomod:RainOfDice"],"picked":"sneckomod:SoulExchange","floor":18}],"player_experience":284358,"relics_obtained":[{"floor":8,"key":"Bag of Preparation"},{"floor":13,"key":"Darkstone Periapt"}],"event_choices":[],"is_beta":false,"boss_relics":[],"items_purged_floors":[],"is_endless":false,"potions_floor_spawned":[6,12,13,14],"killed_by":"SI_SHIV_ARCHETYPE","ascension_level":0}}