{"host":"uvmuduost5bzvojs","time":1611815436,"event":{"mods":["Aspiration","Bard","BaseMod","Better Match","Block Reminder","Conspire","Hermit","Highlight Path","Hubris","Infinite Spire","Jorbs\u0027s Wanderer Trilogy","Mad Scientist","Marisa????????","Mimic Mod","Minty Spire (QoL Compilation)","Potionbrewer","Replay The Spire","Robot Space Explorer","StSLib","The Blackbeard","The Construct","The Cursed","The Disciple","The Hayseed","The Hierophant","The Juggle","The Jungle","The Poker Player","The Runesmith","The Servant 0.9.4","The Spell Scribe","The Valiant","TheBandit"],"gold_per_floor":[115,5,24,24,40,65,65,117,142,193,233,269,69,137,137,250,250,297,297,48,48,86,154,154,189,219,161,216,216,289,320,320,463,463,474,512,68,68,94,94,94,163,190,190,214,214,255,308,308,322],"floor_reached":51,"language":"ENG","playtime":2344,"items_purged":[],"score":984,"play_id":"080fbfb0-36f3-40b4-af64-82c6b781d01f","local_time":"20210128013036","is_ascension_mode":true,"campfire_choices":[{"data":"OrrerysSun","floor":15,"key":"SMITH"},{"data":"MachineGunSpark","floor":24,"key":"SMITH"},{"data":"FinalSpark","floor":32,"key":"SMITH"},{"data":"GalacticHalo","floor":40,"key":"SMITH"},{"data":"GalacticHalo","floor":44,"key":"SMITH"},{"data":"OrrerysSun","floor":46,"key":"SMITH"},{"floor":49,"key":"REST"}],"circlet_count":0,"master_deck":["Strike_MRS","Strike_MRS","Strike_MRS","Strike_MRS","Defend_MRS","Defend_MRS","Defend_MRS","Defend_MRS","UpSweep","MachineGunSpark+1","PowerUp","OrrerysSun+1","DoubleSpark","DoubleSpark","MachineGunSpark+1","PowerUp","PowerUp","OrrerysSun+1","GalacticHalo+1","GalacticHalo+1","FinalSpark+1","GalacticHalo+1","GalacticHalo+1","GalacticHalo+1"],"relics":["BewitchedHakkero","Snecko Heart","Question Card","Replay:Bandana","Garlic","Mango","Toy Ornithopter","BreadOfAWashokuLover","Orrery","conspire:TopHat","Busted Crown","Mummified Hand","Prayer Beads","hubris:Metronome","infinitespire:Beetle Shell","Replay:Bronze Core","Akabeko","hubris:GlazedTorus","aspiration:Lifesprig","Replay:WaspNest","Art of War"],"acts_visited":["Exordium","TheCity","TheBeyond"],"potions_floor_usage":[6,14,16,16,33,33,35,50,50],"damage_taken":[{"damage":1,"enemies":"Cultist","floor":1,"turns":3},{"damage":0,"enemies":"2 Louse","floor":3,"turns":2},{"damage":6,"enemies":"Jaw Worm","floor":5,"turns":2},{"damage":18,"enemies":"3 Sentries","floor":6,"turns":6},{"damage":12,"enemies":"Replay:BlueRogue","floor":8,"turns":4},{"damage":2,"enemies":"Lagavulin","floor":10,"turns":4},{"damage":5,"enemies":"3 Louse","floor":11,"turns":2},{"damage":0,"enemies":"Blue Slaver","floor":12,"turns":3},{"damage":18,"enemies":"3 Sentries","floor":14,"turns":7},{"damage":23,"enemies":"Hexaghost","floor":16,"turns":9},{"damage":27,"enemies":"Chosen","floor":18,"turns":5},{"damage":0,"enemies":"3 Byrds","floor":22,"turns":3},{"damage":14,"enemies":"conspire:Head Lice","floor":23,"turns":7},{"damage":0,"enemies":"Snake Plant","floor":25,"turns":6},{"damage":9,"enemies":"Cultist and Chosen","floor":26,"turns":5},{"damage":0,"enemies":"Cultist and Chosen","floor":28,"turns":3},{"damage":0,"enemies":"Gremlin Leader","floor":30,"turns":5},{"damage":44,"enemies":"Snecko","floor":31,"turns":6},{"damage":0,"enemies":"conspire:MysteriousRune","floor":33,"turns":4},{"damage":40,"enemies":"3 Shapes","floor":35,"turns":9},{"damage":0,"enemies":"Reptomancer","floor":42,"turns":1},{"damage":0,"enemies":"Orb Walker","floor":45,"turns":1},{"damage":12,"enemies":"Sphere and 2 Shapes","floor":47,"turns":6},{"damage":8,"enemies":"Spire Growth","floor":48,"turns":4},{"damage":5,"enemies":"conspire:OrnateMirror","floor":50,"turns":9}],"seed_played":"-2569603891208847060","potions_obtained":[{"floor":3,"key":"PowerPotion"},{"floor":6,"key":"Elixir"},{"floor":8,"key":"Venom Potion"},{"floor":14,"key":"DistilledChaos"},{"floor":16,"key":"DuplicationPotion"},{"floor":22,"key":"potionbrewer:NoxiousPotion"},{"floor":23,"key":"FearPotion"},{"floor":33,"key":"GamblersBrew"},{"floor":36,"key":"Milkshake"},{"floor":36,"key":"potionbrewer:EndurancePotion"}],"is_trial":false,"path_per_floor":["M","$","M","T","M","E","?","E","T","E","M","M","$","E","R","B",null,"M","?","$","?","M","E","R","M","MIM","?","M","$","E","M","R","B",null,"M","?","$","?","T","R","?","E","T","R","M","R","M","M","R","B",null],"character_chosen":"MARISA","items_purchased":["MachineGunSpark+1","PowerUp","Orrery","GalacticHalo","Mummified Hand","Akabeko","hubris:GlazedTorus"],"campfire_rested":1,"item_purchase_floors":[2,2,13,13,20,37,37],"current_hp_per_floor":[74,74,74,74,68,50,43,45,45,43,38,38,38,51,51,38,102,75,75,75,75,75,61,61,61,52,72,72,72,72,28,28,38,102,67,42,42,42,42,42,42,42,42,42,42,42,30,22,52,57],"gold":322,"neow_bonus":"DOUBLE_BOSS_RELIC","is_daily":false,"chose_seed":false,"campfire_upgraded":6,"win_rate":0.0,"timestamp":1611815436,"path_taken":["M","?","M","?","M","E","?","E","T","E","M","M","$","E","R","BOSS","M","?","$","?","M","E","R","M","MIM","?","M","?","E","M","R","BOSS","M","?","$","?","?","R","?","E","T","R","M","R","M","?","R","BOSS"],"items_purchased_type":["Card","Card","Relic","Card","Relic","Relic","Relic"],"build_version":"2020-12-22","purchased_purges":0,"victory":true,"max_hp_per_floor":[75,75,75,75,75,75,75,89,89,89,89,89,89,102,102,102,102,102,102,102,102,102,102,102,102,102,102,102,102,102,102,102,102,102,102,102,102,102,102,102,102,102,102,102,102,102,102,102,102,102],"card_choices":[{"not_picked":["SporeBomb","GravityBeat","SuperPerseids"],"picked":"SKIP","floor":1},{"not_picked":["SporeBomb","EnergyRecoil"],"picked":"OrrerysSun","floor":3},{"not_picked":["OpenUniverse","MysteriousBeam","OortCloud"],"picked":"DoubleSpark","floor":5},{"not_picked":["FairyDestructionRay","ShootTheMoon","OortCloud","AlicesGift"],"picked":"SKIP","floor":6},{"not_picked":["WitchOfGreed","PowerUp","NonDirectionalLaser","ManaConvection"],"picked":"SKIP","floor":8},{"not_picked":["Occultation","AsteroidBelt","UnstableBomb"],"picked":"DoubleSpark","floor":10},{"not_picked":["SuperPerseids","BlazeAway","DC","ShootingEcho"],"picked":"SKIP","floor":11},{"not_picked":["ShootingEcho","BigCrunch","OpenUniverse","6A"],"picked":"SKIP","floor":12},{"not_picked":["Acceleration","NonDirectionalLaser","MagicAbsorber"],"picked":"MachineGunSpark","floor":13},{"not_picked":["DeepEcoloBomb","NonDirectionalLaser","SatelliteIllusion"],"picked":"PowerUp","floor":13},{"not_picked":["LuminesStrike","ManaConvection","GasGiant"],"picked":"PowerUp","floor":13},{"not_picked":["NonDirectionalLaser","MagicChant","OortCloud"],"picked":"OrrerysSun","floor":13},{"not_picked":["OrrerysSun","LuminesStrike","GrandCross"],"picked":"GalacticHalo","floor":14},{"not_picked":["EscapeVelocity","JA","AbsoluteMagnitude"],"picked":"FinalSpark","floor":16},{"not_picked":["SuperPerseids","Acceleration"],"picked":"SKIP","floor":18},{"not_picked":["SporeBomb","MilkyWay"],"picked":"SKIP","floor":22},{"not_picked":["GasGiant","ShootTheMoon"],"picked":"SKIP","floor":23},{"not_picked":["AsteroidBelt+1"],"picked":"GalacticHalo+1","floor":25},{"not_picked":["LuminesStrike","IllusionStar"],"picked":"SKIP","floor":28},{"not_picked":["JA","LuminesStrike"],"picked":"SKIP","floor":30},{"not_picked":["UnstableBomb","GasGiant+1"],"picked":"SKIP","floor":31},{"not_picked":["IllusionStar+1"],"picked":"GalacticHalo+1","floor":35},{"not_picked":["AsteroidBelt+1","DC"],"picked":"SKIP","floor":42},{"not_picked":["GalacticHalo","MysteriousBeam"],"picked":"SKIP","floor":45},{"not_picked":["ShootTheMoon","6A+1"],"picked":"SKIP","floor":47},{"not_picked":["DarkMatter","DC+1"],"picked":"SKIP","floor":48}],"player_experience":1878647,"relics_obtained":[{"floor":4,"key":"Question Card"},{"floor":6,"key":"Replay:Bandana"},{"floor":8,"key":"Mango"},{"floor":9,"key":"Toy Ornithopter"},{"floor":10,"key":"BreadOfAWashokuLover"},{"floor":14,"key":"conspire:TopHat"},{"floor":23,"key":"Prayer Beads"},{"floor":26,"key":"hubris:Metronome"},{"floor":30,"key":"infinitespire:Beetle Shell"},{"floor":39,"key":"aspiration:Lifesprig"},{"floor":42,"key":"Replay:WaspNest"},{"floor":43,"key":"Art of War"}],"event_choices":[{"damage_healed":0,"gold_gain":0,"player_choice":"Success","damage_taken":7,"relics_obtained":["Garlic"],"max_hp_gain":0,"max_hp_loss":0,"event_name":"Scrap Ooze","floor":7,"gold_loss":0},{"damage_healed":0,"gold_gain":0,"player_choice":"Read","damage_taken":0,"max_hp_gain":0,"max_hp_loss":0,"event_name":"The Library","floor":19,"gold_loss":0,"cards_obtained":["GalacticHalo"]},{"damage_healed":0,"gold_gain":0,"player_choice":"Ignored","damage_taken":0,"max_hp_gain":0,"max_hp_loss":0,"event_name":"blackbeard:ShipwreckEvent","floor":21,"gold_loss":0},{"cards_removed":["MasterSpark"],"damage_healed":0,"gold_gain":0,"player_choice":"Removed Attack","damage_taken":0,"max_hp_gain":0,"max_hp_loss":0,"event_name":"Falling","floor":38,"gold_loss":0}],"is_beta":false,"boss_relics":[{"not_picked":["Honey Jar","Velvet Choker"],"picked":"Busted Crown"},{"not_picked":["conspire:RoyalGoblet","Astrolabe"],"picked":"Replay:Bronze Core"}],"items_purged_floors":[],"is_endless":false,"potions_floor_spawned":[3,6,8,14,16,22,23,30,33,42,45],"ascension_level":1}}