{"host":"xmr2g8b7eju0288o","time":1611844284,"event":{"mods":["100% Spire Juice","AchievementEnabler","BaseMod","Colored Map","Colored Powertips","KOR Keyword Fix","Minty Spire (QoL Compilation)","Quick Restart","Spicy Shops","StSLib","SuperFastMode"],"gold_per_floor":[114,114,125,135,149,149,149,149,149],"floor_reached":8,"language":"KOR","playtime":170,"items_purged":[],"score":96,"play_id":"ee915bbc-c346-44f2-a0b1-97682dee4856","local_time":"20210128233124","daily_mods":["Heirloom","DeadlyEvents"],"is_ascension_mode":true,"campfire_choices":[{"floor":6,"key":"REST"}],"circlet_count":0,"master_deck":["AscendersBane","Moonworks:Strike","Moonworks:Strike","Moonworks:Strike","Moonworks:Defend","Moonworks:Defend","Moonworks:Defend","Moonworks:Defend+1","Moonworks:Ambush","Moonworks:LongDistanceShot+1","Moonworks:MiracleRedBeanIceCream","Moonworks:LulusLuckyEgg"],"relics":["Moonworks:BrokenBomb","Moonworks:Homemark","Incense Burner"],"acts_visited":["Exordium"],"potions_floor_usage":[],"damage_taken":[{"damage":14.0,"enemies":"Small Slimes","floor":1.0,"turns":3.0},{"damage":0.0,"enemies":"Cultist","floor":3.0,"turns":3.0},{"damage":0.0,"enemies":"Jaw Worm","floor":4.0,"turns":2.0},{"damage":25,"enemies":"Exordium Thugs","floor":5,"turns":4},{"damage":33,"enemies":"3 Sentries","floor":8,"turns":4}],"seed_played":"-532426003539708011","potions_obtained":[{"floor":3.0,"key":"SteroidPotion"},{"floor":5,"key":"SmokeBomb"}],"is_trial":true,"path_per_floor":["M","?","M","M","M","R","?","E"],"character_chosen":"THE_STARBREAKER","items_purchased":[],"campfire_rested":1,"item_purchase_floors":[],"current_hp_per_floor":[36,19,19,24,4,20,20,0,0],"gold":149,"neow_bonus":"","is_daily":false,"chose_seed":false,"campfire_upgraded":0,"win_rate":0.0,"timestamp":1611844284,"path_taken":["M","?","M","M","M","R","?","?"],"items_purchased_type":[],"build_version":"2020-12-22","purchased_purges":0,"victory":false,"max_hp_per_floor":[55,55,55,55,55,55,55,55,55],"card_choices":[{"not_picked":["Moonworks:ImOnFire","Moonworks:BackdoorTrade","Moonworks:BigMagnum"],"picked":"SKIP","floor":1.0},{"not_picked":["Moonworks:ForcedRevival","Moonworks:ImOnFire"],"picked":"Moonworks:MiracleRedBeanIceCream","floor":3.0},{"not_picked":["Moonworks:SinkOrSwim","Moonworks:BackdoorTrade"],"picked":"Moonworks:LulusLuckyEgg","floor":4.0},{"not_picked":["Moonworks:x16BigRocket","Moonworks:BigMagnum","Moonworks:Poppoformation"],"picked":"SKIP","floor":5}],"player_experience":111746,"relics_obtained":[],"event_choices":[{"damage_healed":0.0,"max_hp_gain":0.0,"max_hp_loss":0.0,"gold_gain":0.0,"event_name":"Shining Light","player_choice":"Entered Light","floor":2.0,"gold_loss":0.0,"damage_taken":17.0,"cards_upgraded":["Moonworks:Defend","Moonworks:LongDistanceShot"]},{"cards_removed":["Moonworks:Strike"],"damage_healed":0,"gold_gain":0,"player_choice":"Card Removal","damage_taken":0,"max_hp_gain":0,"max_hp_loss":0,"event_name":"Wheel of Change","floor":7,"gold_loss":0}],"is_beta":false,"boss_relics":[],"items_purged_floors":[],"is_endless":true,"potions_floor_spawned":[3,5],"killed_by":"3 Sentries","ascension_level":20}}