{"host":"xnmm48bggm313m0r","time":1611821672,"event":{"mods":["Arknights The Spire","BaseMod","Curses Come First","KOR Keyword Fix","Minty Spire (QoL Compilation)","Replay The Spire","StSLib","The Hierophant","The Runesmith","The Servant 0.9.4"],"gold_per_floor":[91,110,110,35,33,33,33,42,116,111,99,113,126,139,139,139,139],"floor_reached":16,"language":"KOR","playtime":965,"items_purged":["Demon Form"],"score":106,"play_id":"944dc78a-135e-410f-8363-9d895a193553","local_time":"20210128171432","daily_mods":["Heirloom","Time Dilation"],"is_ascension_mode":false,"campfire_choices":[{"data":"hierophant:ChurchCoffers","floor":6,"key":"SMITH"},{"floor":15,"key":"REST"}],"circlet_count":0,"master_deck":["Wraith Form v2","Echo Form","DevaForm","Runesmith:CreatorForm","FlawlessForm","hierophant:Strike_Hierophant","hierophant:Strike_Hierophant","hierophant:Strike_Hierophant","hierophant:Strike_Hierophant","hierophant:Punish","hierophant:Defend_Hierophant","hierophant:Defend_Hierophant","hierophant:Defend_Hierophant","hierophant:Defend_Hierophant","hierophant:ChurchCoffers+1","hierophant:HolyVerse","hierophant:Sermon+1","hierophant:PassingBell","hierophant:PristineSoul","hierophant:MirrorShield","hierophant:DivineIntervention","hierophant:RepressedViolence","hierophant:HolyVerse"],"relics":["Unceasing Top","Incense Burner","PreservedInsect","Darkstone Periapt"],"acts_visited":["Exordium"],"potions_floor_usage":[8,8],"damage_taken":[{"damage":0,"enemies":"2 Louse","floor":1,"turns":3},{"damage":0,"enemies":"Small Slimes","floor":2,"turns":4},{"damage":2,"enemies":"Cultist","floor":5,"turns":4},{"damage":22,"enemies":"3 Sentries","floor":8,"turns":6},{"damage":6,"enemies":"Large Slime","floor":10,"turns":4},{"damage":6,"enemies":"Gremlin Gang","floor":11,"turns":5},{"damage":18,"enemies":"Lots of Slimes","floor":12,"turns":4},{"damage":7,"enemies":"Blue Slaver","floor":13,"turns":4},{"damage":7,"enemies":"2 Fungi Beasts","floor":14,"turns":2},{"damage":31,"enemies":"Hexaghost","floor":16,"turns":9}],"seed_played":"773894140958794274","potions_obtained":[{"floor":1,"key":"Swift Potion"},{"floor":7,"key":"Milkshake"},{"floor":7,"key":"FearPotion"},{"floor":10,"key":"SpeedPotion"},{"floor":11,"key":"Swift Potion"}],"is_trial":true,"path_per_floor":["M","M","?","$","M","R","?","E","T","M","M","M","M","M","R","B"],"character_chosen":"HIEROPHANT","items_purchased":[],"campfire_rested":1,"item_purchase_floors":[],"current_hp_per_floor":[75,75,75,75,73,73,73,51,51,45,39,21,14,7,29,0,0],"gold":139,"neow_bonus":"","is_daily":false,"chose_seed":false,"campfire_upgraded":1,"win_rate":0.0,"timestamp":1611821672,"path_taken":["M","M","?","$","M","R","?","E","T","?","M","M","M","M","R","BOSS"],"items_purchased_type":[],"build_version":"2020-12-22","purchased_purges":1,"victory":false,"max_hp_per_floor":[75,75,75,75,75,75,75,75,75,75,75,75,75,75,75,75,75],"card_choices":[{"not_picked":["hierophant:Community","hierophant:Smite"],"picked":"hierophant:HolyVerse","floor":1},{"not_picked":["hierophant:Doubloon","hierophant:Encroach"],"picked":"hierophant:Sermon","floor":2},{"not_picked":["hierophant:Patience","hierophant:HolyVerse"],"picked":"hierophant:PassingBell","floor":5},{"not_picked":["hierophant:Shelter","hierophant:Remorse"],"picked":"hierophant:PristineSoul","floor":8},{"not_picked":["hierophant:Doubloon","hierophant:Zeal"],"picked":"hierophant:MirrorShield","floor":10},{"not_picked":["hierophant:Community","hierophant:HammerAndAnvil"],"picked":"hierophant:DivineIntervention","floor":11},{"not_picked":["hierophant:Dazzle","hierophant:HammerAndAnvil","hierophant:RustyCrate"],"picked":"SKIP","floor":12},{"not_picked":["hierophant:ThreeLashes","hierophant:Chorus"],"picked":"hierophant:RepressedViolence","floor":13},{"not_picked":["hierophant:FlamingChariot","hierophant:HammerAndAnvil"],"picked":"hierophant:HolyVerse","floor":14}],"player_experience":148123,"relics_obtained":[{"floor":8,"key":"PreservedInsect"},{"floor":9,"key":"Darkstone Periapt"}],"event_choices":[{"damage_healed":0,"gold_gain":0,"player_choice":"Grow","damage_taken":0,"max_hp_gain":0,"max_hp_loss":0,"event_name":"Living Wall","floor":3,"gold_loss":0,"cards_upgraded":["hierophant:Sermon"]},{"damage_healed":0,"gold_gain":0,"player_choice":"Got Potions","damage_taken":0,"max_hp_gain":0,"max_hp_loss":0,"event_name":"Lab","floor":7,"gold_loss":0}],"is_beta":false,"boss_relics":[],"items_purged_floors":[4],"is_endless":true,"potions_floor_spawned":[1,10,11,13],"killed_by":"Hexaghost","ascension_level":0}}