{"host":"oytjgf0lma69qpzi","time":1611878278,"event":{"mods":["BaseMod","Colored Powertips","DeckTracker","Minty Spire (QoL Compilation)","Quick Restart"],"gold_per_floor":[112,112,62,78,88,88,106,106,106,132,34,46,63,74,74,171,171,188,238,251,266,166,166,191,191,191,210,85,184,184,184,184,184,184],"floor_reached":33,"language":"ENG","playtime":1069,"items_purged":["Strike_B","Defend_B","Defend_B"],"score":367,"play_id":"6a8aca8c-0212-4cc6-813a-3f4ef5d62d14","local_time":"20210129005758","is_ascension_mode":true,"campfire_choices":[{"data":"Zap","floor":6,"key":"SMITH"},{"data":"Redo","floor":8,"key":"SMITH"},{"data":"Defragment","floor":15,"key":"SMITH"},{"data":"Capacitor","floor":23,"key":"SMITH"},{"data":"Rainbow","floor":32,"key":"SMITH"}],"circlet_count":0,"master_deck":["Strike_B","Strike_B","Defend_B","Defend_B","Zap+1","Dualcast","Capacitor+1","Ball Lightning","Cold Snap","Redo+1","Cold Snap","Leap","Consume","Defragment+1","Rainbow+1","Cold Snap","Leap","Gash"],"relics":["Cracked Core","Toy Ornithopter","Mango","Gremlin Horn","Potion Belt","Juzu Bracelet","Question Card"],"acts_visited":["Exordium","TheCity"],"potions_floor_usage":[16,16,16,24,31],"damage_taken":[{"damage":5,"enemies":"Small Slimes","floor":1,"turns":3},{"damage":9,"enemies":"2 Louse","floor":4,"turns":2},{"damage":7,"enemies":"Jaw Worm","floor":5,"turns":2},{"damage":0,"enemies":"Red Slaver","floor":7,"turns":3},{"damage":31,"enemies":"Lagavulin","floor":10,"turns":5},{"damage":1,"enemies":"2 Fungi Beasts","floor":12,"turns":4},{"damage":3,"enemies":"Lots of Slimes","floor":13,"turns":4},{"damage":0,"enemies":"Looter","floor":14,"turns":3},{"damage":0,"enemies":"The Guardian","floor":16,"turns":8},{"damage":2,"enemies":"3 Byrds","floor":18,"turns":5},{"damage":16,"enemies":"Spheric Guardian","floor":20,"turns":4},{"damage":17,"enemies":"Centurion and Healer","floor":21,"turns":5},{"damage":30,"enemies":"Gremlin Leader","floor":24,"turns":10},{"damage":18,"enemies":"Chosen and Byrds","floor":27,"turns":5},{"damage":0,"enemies":"Snecko","floor":31,"turns":3},{"damage":19,"enemies":"Champ","floor":33,"turns":2}],"seed_played":"2410552059690281788","potions_obtained":[{"floor":1,"key":"GamblersBrew"},{"floor":5,"key":"SmokeBomb"},{"floor":10,"key":"FocusPotion"},{"floor":12,"key":"LiquidBronze"},{"floor":21,"key":"Dexterity Potion"}],"is_trial":false,"path_per_floor":["M","?","?","M","M","R","M","R","T","E","$","M","M","M","R","B",null,"M","?","M","M","$","R","E","?","T","M","$","?","?","M","R","B"],"character_chosen":"DEFECT","items_purchased":["Leap"],"campfire_rested":0,"item_purchase_floors":[11],"current_hp_per_floor":[70,66,66,57,50,50,50,50,50,19,19,18,15,15,15,30,89,87,87,71,54,54,54,29,29,29,11,11,11,11,16,16,0,0],"gold":184,"neow_bonus":"RANDOM_COMMON_RELIC","is_daily":false,"chose_seed":false,"campfire_upgraded":5,"win_rate":0.0,"timestamp":1611878278,"path_taken":["M","?","?","M","M","R","M","R","T","E","?","M","?","M","R","BOSS","M","?","?","?","$","R","E","?","T","M","$","?","?","M","R","BOSS"],"items_purchased_type":["Card"],"build_version":"2020-12-22","purchased_purges":3,"victory":false,"max_hp_per_floor":[75,89,89,89,89,89,89,89,89,89,89,89,89,89,89,89,89,89,89,89,89,89,89,89,89,89,89,89,89,89,89,89,89,89],"card_choices":[{"not_picked":["Sweeping Beam","Steam Power"],"picked":"Capacitor","floor":1},{"not_picked":["Redo","Sweeping Beam"],"picked":"Ball Lightning","floor":4},{"not_picked":["Machine Learning","Conserve Battery"],"picked":"Cold Snap","floor":5},{"not_picked":["Conserve Battery","Hologram"],"picked":"Redo","floor":7},{"not_picked":["Sunder","Skim"],"picked":"Cold Snap","floor":10},{"not_picked":["Heatsinks","Recycle"],"picked":"Consume","floor":12},{"not_picked":["Hologram","Turbo","Scrape"],"picked":"SKIP","floor":13},{"not_picked":["Rip and Tear","Self Repair"],"picked":"Defragment","floor":14},{"not_picked":["Multi-Cast","All For One"],"picked":"Rainbow","floor":16},{"not_picked":["Steam Power","Coolheaded+1","Sweeping Beam"],"picked":"SKIP","floor":18},{"not_picked":["Rebound","Rip and Tear+1"],"picked":"Cold Snap","floor":20},{"not_picked":["Genetic Algorithm+1","Self Repair+1"],"picked":"Leap","floor":21},{"not_picked":["Aggregate","Consume","Heatsinks"],"picked":"SKIP","floor":24},{"not_picked":["Fusion","Stack+1","Melter","Blizzard"],"picked":"SKIP","floor":27}],"player_experience":209404,"relics_obtained":[{"floor":9,"key":"Gremlin Horn"},{"floor":10,"key":"Potion Belt"},{"floor":24,"key":"Juzu Bracelet"},{"floor":26,"key":"Question Card"}],"event_choices":[{"damage_healed":0,"gold_gain":0,"player_choice":"Success","damage_taken":18,"relics_obtained":["Mango"],"max_hp_gain":0,"max_hp_loss":0,"event_name":"Scrap Ooze","floor":2,"gold_loss":0},{"cards_removed":["Strike_B"],"damage_healed":0,"gold_gain":0,"player_choice":"Card Removal","damage_taken":0,"max_hp_gain":0,"max_hp_loss":0,"event_name":"The Cleric","floor":3,"gold_loss":50},{"damage_healed":0,"gold_gain":100,"player_choice":"Bet on Murderer","damage_taken":0,"max_hp_gain":0,"max_hp_loss":0,"event_name":"The Joust","floor":19,"gold_loss":50},{"damage_healed":0,"gold_gain":0,"player_choice":"Read","damage_taken":0,"max_hp_gain":0,"max_hp_loss":0,"event_name":"The Library","floor":25,"gold_loss":0,"cards_obtained":["Gash"]},{"damage_healed":0,"gold_gain":99,"player_choice":"Stole From Cult","damage_taken":0,"max_hp_gain":0,"max_hp_loss":0,"event_name":"Nest","floor":29,"gold_loss":0},{"damage_healed":0,"gold_gain":0,"player_choice":"0 cards matched","damage_taken":0,"max_hp_gain":0,"max_hp_loss":0,"event_name":"Match and Keep!","floor":30,"gold_loss":0,"cards_obtained":[]}],"is_beta":false,"boss_relics":[{"not_picked":["Snecko Eye","Cursed Key","Philosopher\u0027s Stone"]}],"items_purged_floors":[11,22,28],"is_endless":false,"potions_floor_spawned":[1,5,10,12,21,31],"killed_by":"Champ","ascension_level":3}}