{"host":"rn4c402gwd40h2z6","time":1611848409,"event":{"mods":["100% Spire Juice","AchievementEnabler","Act Like it!","Arknights The Spire","Astrologer","BaseMod","CapriCore","Card Forge","Challenge The Spire","Chen","Data Control","Decade(王小明)","Downfall","Gensokyo","Good Game Mod","Gremlin Mod","Hallownest","Hermit","HololiveMod","HornydragonMod","Infinite Spire","KinomotoSakuraMod(木之本樱)","Koishi","LagranYue(拉格朗・月)","Lobotomy","LobotomyExtend","Mad Scientist","Marisa（F雨　魔理沙）","Minty Spire (QoL Compilation)","Pale of the Ancients","Quick Restart","Random Character Button","Reimu（博丽灵梦）","Remilia（蕾米莉亚）","Robot Space Explorer","RumiaBox-露米娅的神秘盒子","StSLib","Td1madao Mod","The Administrix","The Alterego","The Bug Knight","The Construct","The Cursed","The Dragon Tamer","The Forsaken","The Gatherer","The Hierophant","The Immortal","The Mystic","The Poker Player","The Runesmith","The Saiyan","The Senshi","WarShipGirlsR/战舰少女R mod","Yakumo Yukari mod","Youmu（魂魄妖梦）","Yuri Mod","Yuyuko","[GremlinLeader]The Maniac","noobMod","【功能Mod】混沌之环修复补丁"],"gold_per_floor":[100,115,115,132,144,144,169,184,203,236,236,236,236,195,215,317,317,17,32,44,44,44,63,86,86,86,99,49,49,49,61,71,169,169,169,186,200,200,200,210,256,256,256,256,44,44,63,94,108,108,120,120],"floor_reached":53,"language":"ZHS","playtime":4552,"items_purged":[],"score":1456,"play_id":"00b958ce-5b2a-4274-818a-f4b539044be0","local_time":"20210128234009","is_ascension_mode":false,"campfire_choices":[{"floor":1,"key":"RECALL"},{"data":"yuri:Spin","floor":6,"key":"SMITH"},{"data":"yuri:HeavierStrike","floor":11,"key":"SMITH"},{"floor":13,"key":"REST"},{"data":"yuri:MirrorInsanity","floor":18,"key":"SMITH"},{"data":"infinitespire:FinalStrike","floor":30,"key":"SMITH"},{"floor":35,"key":"REST"},{"data":"yuri:yuriHeavyStrike","floor":43,"key":"SMITH"},{"data":"Gensokyo:ManorOfTheDishes","floor":46,"key":"SMITH"}],"circlet_count":0,"master_deck":["yuri:yuriStrike+1","yuri:yuriStrike+1","yuri:yuriStrike+1","yuri:yuriStrike+1","yuri:yuriStrike+1","yuri:Oolong+1","yuri:yuriStab+1","ClowCardTheGlow+1","CrumblingArmor","yuri:yuriQuickStrike+1","SpiderBud","yuri:Stalk+1","UniverseFragment","yuri:Spin+1","SingingMachine","yuri:HeavierStrike+1","HeroicMonk","yuri:Spin+1","MHz","yuri:HeavierStrike+1","yuri:HeavierStrike+1","BeautyBeast","yuri:MPose+1","yuri:MPose+1","FairyFestival","yuri:CorruptHitbox+1","Scorched","PunishingBird","yuri:ThornRemove+1","BigBird","yuri:MPose+1","Wellcheers","yuri:yuriQuickStrike+1","Woodsman","Yin","yuri:MultiDip+1","infinitespire:FinalStrike+1","infinitespire:Punishment+1","yuri:yuriQuickStrike+1","MeatLantern","yuri:yuriHeavyStrike+1","Freischutz","BlueStar","yuri:yuriQuickStrike+1","SnowQueen","MeltingLove","yuri:yuriHeavyStrike+1","Gensokyo:ManorOfTheDishes+1","LittleHelper","yuri:HeavierStrike+1","NothingThere","PlagueDoctor","yuri:MultiDip+1","GalaxyChild","yuri:HeavierStrike+1"],"relics":["yuri:yuriKnife","Hammer of Thor","Seething Fire","Anvil of the Gods","REME:ComplimentaryCards","ice","LagranYue:RandomDrawCardRelic","CogitoBucket","LetterFromLob","MealTicket","LuminousBracelet","sneckomod:SneckoTalon","downfall:HeartBlessingRed","downfall:HeartBlessingGreen","downfall:HeartBlessingBlue","Toy Ornithopter","MutagenicStrength","War Paint","BackwardClock","HollowMod:PaleOreRelic","ClockworkSouvenir","EasyGame_NEW","SkinProphecy","Nunchaku","Gensokyo:EmptyGrave","Ornamental Fan","paleoftheancients:Timepiece","paleoftheancients:KeyRelic","CultistMask","paleoftheancients:SoulOfTheSilent","Yang_Lob"],"acts_visited":["Gensokyo:Gensokyo","TheCity","Gensokyo:Gensokyoest","paleoftheancients:PaleOfTheAncients"],"potions_floor_usage":[],"damage_taken":[{"damage":0,"enemies":"Gensokyo:2_Kodama","floor":2,"turns":2},{"damage":0,"enemies":"Gensokyo:Python","floor":4,"turns":1},{"damage":0,"enemies":"Gensokyo:Gryphon","floor":5,"turns":2},{"damage":2,"enemies":"Gensokyo:Python_and_Kodama","floor":8,"turns":2},{"damage":4,"enemies":"Gensokyo:VengefulSpirit","floor":9,"turns":1},{"damage":14,"enemies":"Gensokyo:Cirno","floor":10,"turns":4},{"damage":16,"enemies":"downfall:FleeingMerchant","floor":14,"turns":4},{"damage":21,"enemies":"Gensokyo:3_Kodama","floor":15,"turns":3},{"damage":4,"enemies":"SI_SHIV_ARCHETYPE","floor":16,"turns":2},{"damage":2,"enemies":"3 Byrds","floor":19,"turns":2},{"damage":24,"enemies":"Chosen","floor":20,"turns":2},{"damage":25,"enemies":"Centurion and Healer","floor":23,"turns":3},{"damage":22,"enemies":"Snecko","floor":27,"turns":3},{"damage":0,"enemies":"downfall:FleeingMerchant","floor":28,"turns":1},{"damage":0,"enemies":"Sentry and Sphere","floor":31,"turns":2},{"damage":1,"enemies":"Snake Plant","floor":32,"turns":2},{"damage":16,"enemies":"IC_MUSHROOM_ARCHETYPE","floor":33,"turns":2},{"damage":120,"enemies":"Gensokyo:AncientGuardian","floor":36,"turns":3},{"damage":31,"enemies":"Gensokyo:3_Bats","floor":37,"turns":2},{"damage":0,"enemies":"Gensokyo:Rafflesia","floor":40,"turns":2},{"damage":0,"enemies":"Gensokyo:Dusk_and_Dawn","floor":47,"turns":1},{"damage":0,"enemies":"Gensokyo:Doremy","floor":48,"turns":1},{"damage":0,"enemies":"Gensokyo:AtlasGolem","floor":49,"turns":1},{"damage":0,"enemies":"DF_ARCHETYPE_ORBS","floor":50,"turns":1},{"damage":75,"enemies":"DF_ARCHETYPE_ORBS","floor":51,"turns":3},{"damage":157,"enemies":"paleoftheancients:N","floor":52,"turns":5}],"seed_played":"2722349298715114624","potions_obtained":[{"floor":4,"key":"EssenceOfSteel"},{"floor":5,"key":"SteroidPotion"},{"floor":8,"key":"Fire Potion"}],"is_trial":false,"path_per_floor":["R","M","COS","M","M","R","T","M","M","E","R","?","R","$","M","B",null,"R","M","M","?","?","M","T","?","T","M","$","AVR","R","M","M","B",null,"R","M","M","?","?","M","T","?","R","?","COS","R","M","E","M","B","M","B",null],"character_chosen":"YURI","items_purchased":["yuri:MPose","yuri:MultiDip","HollowMod:PaleOreRelic","ClockworkSouvenir"],"campfire_rested":2,"item_purchase_floors":[14,28,28,28],"current_hp_per_floor":[80,80,80,80,80,80,80,78,80,66,66,66,80,71,65,69,95,105,103,81,81,81,94,94,94,94,87,113,113,113,113,113,104,116,116,43,29,130,130,132,132,122,122,122,122,122,124,126,128,130,131,144],"gold":120,"neow_bonus":"","is_daily":false,"chose_seed":false,"campfire_upgraded":6,"win_rate":0.0,"timestamp":1611848409,"path_taken":["R","M","COS","M","M","R","T","M","M","E","R","?","R","$","M","BOSS","R","M","M","?","?","?","T","?","?","M","?","AVR","R","M","M","BOSS","R","M","M","?","?","M","T","?","R","?","COS","R","M","E","M","BOSS","M","BOSS"],"items_purchased_type":["Card","Card","Relic","Relic"],"build_version":"2020-12-22","purchased_purges":0,"victory":true,"max_hp_per_floor":[80,80,80,80,80,80,80,80,80,80,80,80,80,80,95,95,95,105,105,105,105,105,106,106,106,106,113,113,113,113,113,113,116,116,116,128,130,130,130,132,132,122,122,122,122,122,124,126,128,130,132,144],"card_choices":[{"not_picked":["Woodsman","FieryBird"],"picked":"CrumblingArmor","floor":2},{"not_picked":["yuri:StealPen","yuri:RecklessStrike"],"picked":"yuri:yuriQuickStrike","floor":2},{"not_picked":["Rudolta","Freischutz"],"picked":"SpiderBud","floor":4},{"not_picked":["yuri:RecklessStrike","yuri:Stare"],"picked":"yuri:Stalk","floor":4},{"not_picked":["SnowQueen","BeautyBeast"],"picked":"UniverseFragment","floor":5},{"not_picked":["yuri:GrowingInsanity","yuri:GlitchedStrike"],"picked":"yuri:Spin","floor":5},{"not_picked":["Bloodbath","LaLuna"],"picked":"SingingMachine","floor":8},{"not_picked":["yuri:MPose","yuri:GlitchedStrike"],"picked":"yuri:HeavierStrike","floor":8},{"not_picked":["OSAHOGD","BeautyBeast"],"picked":"HeroicMonk","floor":9},{"not_picked":["yuri:NerfBat","yuri:ReloadGame"],"picked":"yuri:Spin","floor":9},{"not_picked":["OSAHOGD","BeautyBeast"],"picked":"MHz","floor":10},{"not_picked":["yuri:ArmBrace","yuri:Stare"],"picked":"yuri:HeavierStrike","floor":10},{"not_picked":["SilentOrchestra","FieryBird"],"picked":"BeautyBeast","floor":14},{"not_picked":["yuri:ArmBrace","yuri:ThornRemove"],"picked":"yuri:MPose","floor":14},{"not_picked":["ShyLook","BlackArmy"],"picked":"FairyFestival","floor":15},{"not_picked":["yuri:GlitchedStrike","yuri:TeaSet"],"picked":"yuri:CorruptHitbox","floor":15},{"not_picked":["DespairKnight","Funeral"],"picked":"Scorched","floor":16},{"not_picked":["yuri:BlackTea","yuri:ConsumeGlitch"],"picked":"yuri:MirrorInsanity","floor":16},{"not_picked":["LittlePrince","ShyLook"],"picked":"PunishingBird","floor":19},{"not_picked":["yuri:AdaptiveAI+1","yuri:GlitchedStrike"],"picked":"yuri:ThornRemove","floor":19},{"not_picked":["Murderer","OSAHOGD"],"picked":"BigBird","floor":20},{"not_picked":["yuri:Spin","yuri:Stalk"],"picked":"yuri:MPose+1","floor":20},{"not_picked":["WallGazer","Freischutz"],"picked":"Wellcheers","floor":23},{"not_picked":["yuri:RelentlessStrikes","yuri:GlitchedStrike"],"picked":"yuri:yuriQuickStrike","floor":23},{"not_picked":["WallGazer","Funeral"],"picked":"Woodsman","floor":27},{"not_picked":["yuri:ReactiveMadness","yuri:RepairCode","yuri:ThornRemove"],"picked":"SKIP","floor":27},{"not_picked":["yuri:ReactiveMadness","yuri:RepairCode","yuri:ThornRemove"],"picked":"SKIP","floor":27},{"not_picked":["RedShoes","MeatLantern"],"picked":"Yin","floor":28},{"not_picked":["yuri:GlitchedStrike","yuri:ArmBrace","yuri:ReactiveMadness+1"],"picked":"SKIP","floor":28},{"not_picked":["yuri:MultiDip","yuri:InduceGlitch"],"picked":"yuri:yuriQuickStrike","floor":31},{"not_picked":["QueenBee","CherryBlossoms"],"picked":"MeatLantern","floor":32},{"not_picked":["yuri:ThrowingKnives","yuri:BookPurple+1"],"picked":"yuri:yuriHeavyStrike+1","floor":32},{"not_picked":["Variant","Bloodbath"],"picked":"Freischutz","floor":33},{"not_picked":["yuri:RelentlessStrikes","yuri:Suicide"],"picked":"yuri:DisableStrike","floor":33},{"not_picked":["WhitesApple","ShyLook"],"picked":"BlueStar","floor":36},{"not_picked":["yuri:ThrowBook+1","yuri:RepairCode+1"],"picked":"yuri:yuriQuickStrike+1","floor":36},{"not_picked":["NakedNest","Laetitia"],"picked":"SnowQueen","floor":37},{"not_picked":["yuri:Skip","yuri:InsanityDefense+1","yuri:DebugCard+1"],"picked":"SKIP","floor":37},{"not_picked":["yuri:Skip","yuri:InsanityDefense+1","yuri:DebugCard+1"],"picked":"SKIP","floor":37},{"not_picked":["Laetitia","Rudolta","Murderer"],"picked":"Singing Bowl","floor":40},{"not_picked":["RedShoes","Variant"],"picked":"MeltingLove","floor":40},{"not_picked":["yuri:SeeingDouble+1","yuri:CalmingAura"],"picked":"yuri:yuriHeavyStrike","floor":40},{"not_picked":["Alriune","BigBadWolf"],"picked":"LittleHelper","floor":47},{"not_picked":["yuri:TPose+1","yuri:Stalk+1"],"picked":"yuri:HeavierStrike","floor":47},{"not_picked":["CENSORED","Porccubus"],"picked":"NothingThere","floor":48},{"not_picked":["yuri:SelfHarm+1","yuri:Spin+1","yuri:Stare+1"],"picked":"SKIP","floor":48},{"not_picked":["yuri:SelfHarm+1","yuri:Spin+1","yuri:Stare+1"],"picked":"SKIP","floor":48},{"not_picked":["NakedNest","OSAHOGD"],"picked":"PlagueDoctor","floor":49},{"not_picked":["yuri:DeepBreathing","yuri:AdaptiveAI+1"],"picked":"yuri:MultiDip+1","floor":49},{"not_picked":["CENSORED","FieryBird"],"picked":"GalaxyChild","floor":51},{"not_picked":["yuri:TPose","yuri:yuriHeavyStrike+1"],"picked":"yuri:HeavierStrike+1","floor":51}],"player_experience":112463,"relics_obtained":[{"floor":2,"key":"LetterFromLob"},{"floor":10,"key":"MealTicket"},{"floor":24,"key":"Toy Ornithopter"},{"floor":26,"key":"War Paint"},{"floor":41,"key":"Nunchaku"},{"floor":48,"key":"Ornamental Fan"},{"floor":51,"key":"paleoftheancients:SoulOfTheSilent"}],"event_choices":[{"damage_healed":0,"gold_gain":0,"player_choice":"Ignored","damage_taken":0,"max_hp_gain":0,"max_hp_loss":0,"event_name":"Ghosts","floor":21,"gold_loss":0},{"damage_healed":0,"gold_gain":0,"player_choice":"Inject Mutagens","damage_taken":0,"relics_obtained":["MutagenicStrength"],"max_hp_gain":0,"max_hp_loss":0,"event_name":"Drug Dealer","floor":25,"gold_loss":0}],"is_beta":false,"boss_relics":[{"not_picked":["Hololive_TopUpMoneyS","LagranYue:ContractPerformanceRelic"],"picked":"sneckomod:SneckoTalon"},{"not_picked":["Hololive_ChaosS","Black Star"],"picked":"EasyGame_NEW"}],"items_purged_floors":[],"is_endless":false,"potions_floor_spawned":[4,5,8,10,19,27,32,33,37,40,49],"ascension_level":0}}