{"host":"684z1xpuwaoqmmh1","time":1611823773,"event":{"mods":["BaseMod","Downfall","Hermit","Jorbs\u0027s Wanderer Trilogy","Marisa????????","Minty Spire (QoL Compilation)","Robot Space Explorer","Shade Mod","StSLib","The Bug Knight","The Cursed","The Dragon Tamer","The Hayseed","The Hierophant","The Marked","The Mystic","The Runesmith","The Senshi"],"gold_per_floor":[112,131,145,220,122,154,168,196,223,233,233,233,249,279,279,382,382,392,392,121,152,171,203,216,216,216,249,264,264,108,135,135,231,231,251,263,286,286,299,299,334,334,359,83,83,108,108,140,140,140,140,140,91,125,125,125],"floor_reached":55,"language":"ENG","playtime":3196,"items_purged":["TheSimpletonMod:Strike_TheSimpleton","TheSimpletonMod:Strike_TheSimpleton+1","TheSimpletonMod:Defend_TheSimpleton+1"],"score":1303,"play_id":"2ac9c557-9a76-49cb-aa88-fe319e856a34","local_time":"20210128104933","is_ascension_mode":true,"campfire_choices":[{"data":"TheSimpletonMod:HitTheSack","floor":11.0,"key":"SMITH"},{"data":"TheSimpletonMod:Photosynthesis","floor":15.0,"key":"SMITH"},{"data":"TheSimpletonMod:DoubleDigging","floor":29,"key":"SMITH"},{"data":"TheSimpletonMod:Barnstorm","floor":32,"key":"SMITH"},{"floor":40,"key":"RECALL"},{"data":"TheSimpletonMod:DoubleDigging","floor":42,"key":"SMITH"},{"data":"TheSimpletonMod:ErosionControl","floor":49,"key":"SMITH"},{"data":"TheSimpletonMod:Swelter","floor":52,"key":"SMITH"}],"circlet_count":0,"master_deck":["TheSimpletonMod:Strike_TheSimpleton+1","TheSimpletonMod:Defend_TheSimpleton+1","TheSimpletonMod:Defend_TheSimpleton+1","TheSimpletonMod:Defend_TheSimpleton+1","TheSimpletonMod:Haymaker","TheSimpletonMod:ReapAndSow+1","TheSimpletonMod:Strawberries","TheSimpletonMod:Thresh","TheSimpletonMod:Swelter+1","TheSimpletonMod:SlashAndBurn+1","TheSimpletonMod:HitTheSack+1","TheSimpletonMod:BumperCrop","TheSimpletonMod:Photosynthesis+1","TheSimpletonMod:PestManagement","TheSimpletonMod:SeedCoat+1","TheSimpletonMod:DoubleDigging+1","TheSimpletonMod:Swelter+1","TheSimpletonMod:OnionBloom+1","TheSimpletonMod:Squash+1","Necronomicurse","TheSimpletonMod:Barnstorm+1","TheSimpletonMod:DoubleDigging+1","TheSimpletonMod:Ferment+1","TheSimpletonMod:StockTheCellar+1","Violence","TheSimpletonMod:CrackOfDawn","TheSimpletonMod:ErosionControl+1","TheSimpletonMod:Ferment+1"],"relics":["TheSimpletonMod:SpudOfTheInnocent","TheSimpletonMod:NightSoil","TheSimpletonMod:TheHarvester","PreservedInsect","theSenshi:SailorFukuRelic","bronze:BronzeIdol","Tiny Chest","sneckomod:SneckoTalon","Whetstone","Red Mask","HollowMod:LifeEnderRelic","Necronomicon","Ornamental Fan","hexamod:BolsterEngine","ClockworkSouvenir","Regal Pillow","Coffee Dripper","sneckomod:BlankCard","theSenshi:FeatherClipsRelic","War Paint","Anchor","Centennial Puzzle","Pantograph"],"acts_visited":["Exordium","TheCity","TheBeyond","TheEnding"],"potions_floor_usage":[21,23,27,28,33,48,55,55,55],"damage_taken":[{"damage":6.0,"enemies":"Cultist","floor":1.0,"turns":4.0},{"damage":6.0,"enemies":"Jaw Worm","floor":2.0,"turns":5.0},{"damage":15.0,"enemies":"Small Slimes","floor":3.0,"turns":4.0},{"damage":0.0,"enemies":"HollowMod:MossKnight","floor":6.0,"turns":11.0},{"damage":8.0,"enemies":"Looter","floor":7.0,"turns":4.0},{"damage":0.0,"enemies":"Gremlin Nob","floor":8.0,"turns":2.0},{"damage":10.0,"enemies":"Blue Slaver","floor":10.0,"turns":3.0},{"damage":12.0,"enemies":"3 Louse","floor":13.0,"turns":4.0},{"damage":12.0,"enemies":"HollowMod:MossKnight","floor":14.0,"turns":8.0},{"damage":29.0,"enemies":"Slime Boss","floor":16.0,"turns":11.0},{"damage":7.0,"enemies":"Chosen","floor":18.0,"turns":3.0},{"damage":20,"enemies":"Masked Bandits","floor":21,"turns":5},{"damage":0,"enemies":"Spheric Guardian","floor":22,"turns":3},{"damage":7,"enemies":"Gremlin Leader","floor":23,"turns":7},{"damage":4,"enemies":"Centurion and Healer","floor":24,"turns":6},{"damage":1,"enemies":"Slavers","floor":27,"turns":5},{"damage":0,"enemies":"Cultist and Chosen","floor":28,"turns":5},{"damage":0,"enemies":"HollowMod:Nosk","floor":31,"turns":4},{"damage":37,"enemies":"Collector","floor":33,"turns":7},{"damage":9,"enemies":"3 Shapes","floor":35,"turns":3},{"damage":0,"enemies":"Orb Walker","floor":36,"turns":2},{"damage":0,"enemies":"Transient","floor":39,"turns":5},{"damage":0,"enemies":"HollowMod:StalkingDevout","floor":41,"turns":4},{"damage":0,"enemies":"Nemesis","floor":46,"turns":3},{"damage":0,"enemies":"Reptomancer","floor":48,"turns":2},{"damage":32,"enemies":"Awakened One","floor":50,"turns":17},{"damage":15,"enemies":"Shield and Spear","floor":54,"turns":4},{"damage":90,"enemies":"The Heart","floor":55,"turns":6}],"seed_played":"-2173912303677487039","potions_obtained":[{"floor":3.0,"key":"Fire Potion"},{"floor":7.0,"key":"SkillPotion"},{"floor":14.0,"key":"EssenceOfSteel"},{"floor":16.0,"key":"Fire Potion"},{"floor":22,"key":"Swift Potion"},{"floor":23,"key":"SteroidPotion"},{"floor":27,"key":"Fruit Juice"},{"floor":28,"key":"ColorlessPotion"},{"floor":36,"key":"Explosive Potion"},{"floor":48,"key":"Weak Potion"}],"is_trial":false,"path_per_floor":["M","M","M","?","$","E","M","E","T","M","R","?","M","E","R","B",null,"M","?","$","?","M","E","M","?","T","E","M","R","$","E","R","B",null,"M","M","T","?","M","R","E","R","T","$","?","E","?","E","R","B",null,"R","$","E","B"],"character_chosen":"THE_SIMPLETON","items_purchased":["TheSimpletonMod:SlashAndBurn","TheSimpletonMod:Swelter","Whetstone","ClockworkSouvenir","War Paint","Strength Potion"],"campfire_rested":0,"item_purchase_floors":[5,20,20,30,44,53],"current_hp_per_floor":[70,74,65,54,54,64,60,64,64,60,60,65,59,57,57,38,70,75,75,75,65,69,72,78,62,62,74,85,85,85,85,85,60,79,78,85,85,85,85,85,85,85,85,85,85,85,85,85,85,67,81,81,81,80,0,0],"gold":125,"neow_bonus":"ONE_RANDOM_RARE_CARD","is_daily":false,"chose_seed":false,"campfire_upgraded":7,"win_rate":0.0,"timestamp":1611823773,"path_taken":["M","M","M","?","$","E","M","E","T","M","R","?","M","E","R","BOSS","M","?","$","?","M","E","M","?","T","E","M","R","$","E","R","BOSS","M","M","?","?","M","R","E","R","T","$","?","E","?","E","R","BOSS","R","$","E","BOSS"],"items_purchased_type":["Card","Card","Relic","Relic","Relic","Potion"],"build_version":"2020-12-22","purchased_purges":3,"victory":false,"max_hp_per_floor":[75,75,75,75,75,75,75,75,75,75,75,80,80,80,80,80,80,80,80,80,80,80,80,80,80,80,80,85,85,85,85,85,85,85,85,85,85,85,85,85,85,85,85,85,85,85,85,85,85,85,85,85,85,85,85,85],"card_choices":[{"not_picked":["TheSimpletonMod:CullingStrike","TheSimpletonMod:Polyculture"],"picked":"TheSimpletonMod:Thresh","floor":1.0},{"not_picked":["TheSimpletonMod:GoToMarket","TheSimpletonMod:Rototilling"],"picked":"TheSimpletonMod:SlashAndBurn","floor":2.0},{"not_picked":["TheSimpletonMod:Rototilling","TheSimpletonMod:SlashAndBurn"],"picked":"TheSimpletonMod:Swelter","floor":3.0},{"not_picked":["TheSimpletonMod:Fertilaser","TheSimpletonMod:Mulch"],"picked":"TheSimpletonMod:HitTheSack","floor":6.0},{"not_picked":["TheSimpletonMod:Ferment","TheSimpletonMod:Rake"],"picked":"TheSimpletonMod:BumperCrop","floor":7.0},{"not_picked":["TheSimpletonMod:KeenEdge","TheSimpletonMod:DoubleBarrel"],"picked":"TheSimpletonMod:Photosynthesis","floor":8.0},{"not_picked":["TheSimpletonMod:Rake","TheSimpletonMod:DoubleBarrel"],"picked":"TheSimpletonMod:PestManagement","floor":10.0},{"not_picked":["TheSimpletonMod:PestManagement","TheSimpletonMod:VineRipen"],"picked":"TheSimpletonMod:SeedCoat","floor":13.0},{"not_picked":["TheSimpletonMod:SaladShooter","TheSimpletonMod:SpiceUp","TheSimpletonMod:Mulch"],"picked":"SKIP","floor":14.0},{"not_picked":["TheSimpletonMod:Barnstorm","TheSimpletonMod:Biorefinement"],"picked":"TheSimpletonMod:DoubleDigging","floor":16.0},{"not_picked":["TheSimpletonMod:BumperCrop","TheSimpletonMod:CloseScrape","TheSimpletonMod:Mulch"],"picked":"SKIP","floor":18.0},{"not_picked":["TheSimpletonMod:BumperCrop","TheSimpletonMod:Squash"],"picked":"TheSimpletonMod:OnionBloom+1","floor":21},{"not_picked":["TheSimpletonMod:Polyculture","TheSimpletonMod:SoilSample","TheSimpletonMod:SpiceUp"],"picked":"SKIP","floor":22},{"not_picked":["TheSimpletonMod:Polyculture","TheSimpletonMod:SoilSample"],"picked":"TheSimpletonMod:Squash+1","floor":23},{"not_picked":["TheSimpletonMod:CloseScrape","TheSimpletonMod:ToughenUp","TheSimpletonMod:Turnips"],"picked":"SKIP","floor":24},{"not_picked":["TheSimpletonMod:OnionBloom+1","TheSimpletonMod:CullingStrike+1","TheSimpletonMod:SlashAndBurn+1"],"picked":"SKIP","floor":27},{"not_picked":["TheSimpletonMod:Ferment","TheSimpletonMod:Innovate","TheSimpletonMod:SpiceUp"],"picked":"SKIP","floor":28},{"not_picked":["TheSimpletonMod:ToughenUp","TheSimpletonMod:PestManagement"],"picked":"TheSimpletonMod:Barnstorm","floor":31},{"not_picked":["TheSimpletonMod:Strawberries","TheSimpletonMod:SaltTheEarth"],"picked":"TheSimpletonMod:DoubleDigging","floor":33},{"not_picked":["TheSimpletonMod:SoilSample+1","TheSimpletonMod:Rototilling","TheSimpletonMod:PestManagement"],"picked":"SKIP","floor":35},{"not_picked":["TheSimpletonMod:RootDown+1","TheSimpletonMod:PestManagement"],"picked":"TheSimpletonMod:Ferment+1","floor":36},{"not_picked":["TheSimpletonMod:VineRipen+1","TheSimpletonMod:PestManagement","TheSimpletonMod:BumperCrop+1"],"picked":"SKIP","floor":39},{"not_picked":["TheSimpletonMod:SpiceUp","TheSimpletonMod:SaladShooter"],"picked":"TheSimpletonMod:StockTheCellar+1","floor":41},{"not_picked":["Mind Blast","Transmutation"],"picked":"Violence","floor":45},{"not_picked":["TheSimpletonMod:Thresh","TheSimpletonMod:Turnips+1"],"picked":"TheSimpletonMod:CrackOfDawn","floor":46},{"not_picked":["TheSimpletonMod:PestManagement","TheSimpletonMod:SpiceUp"],"picked":"TheSimpletonMod:ErosionControl","floor":48},{"not_picked":["TheSimpletonMod:PestManagement+1","TheSimpletonMod:RootDown"],"picked":"TheSimpletonMod:Ferment+1","floor":54}],"player_experience":2971998,"relics_obtained":[{"floor":6.0,"key":"PreservedInsect"},{"floor":8.0,"key":"theSenshi:SailorFukuRelic"},{"floor":9.0,"key":"bronze:BronzeIdol"},{"floor":14.0,"key":"Tiny Chest"},{"floor":21,"key":"Red Mask"},{"floor":23,"key":"HollowMod:LifeEnderRelic"},{"floor":25,"key":"Necronomicon"},{"floor":26,"key":"Ornamental Fan"},{"floor":27,"key":"hexamod:BolsterEngine"},{"floor":31,"key":"Regal Pillow"},{"floor":37,"key":"sneckomod:BlankCard"},{"floor":41,"key":"theSenshi:FeatherClipsRelic"},{"floor":46,"key":"Anchor"},{"floor":48,"key":"Centennial Puzzle"},{"floor":54,"key":"Pantograph"}],"event_choices":[{"damage_healed":0.0,"max_hp_gain":0.0,"max_hp_loss":0.0,"gold_gain":75.0,"event_name":"World of Goop","player_choice":"Gather Gold","floor":4.0,"gold_loss":0.0,"damage_taken":11.0},{"damage_healed":0.0,"max_hp_gain":5.0,"max_hp_loss":0.0,"gold_gain":0.0,"event_name":"Big Fish","player_choice":"Donut","floor":12.0,"gold_loss":0.0,"damage_taken":0.0},{"damage_healed":0.0,"max_hp_gain":0.0,"max_hp_loss":0.0,"gold_gain":0.0,"event_name":"Back to Basics","player_choice":"Simplicity","floor":19.0,"gold_loss":0.0,"damage_taken":0.0,"cards_upgraded":["TheSimpletonMod:Strike_TheSimpleton","TheSimpletonMod:Strike_TheSimpleton","TheSimpletonMod:Strike_TheSimpleton","TheSimpletonMod:Defend_TheSimpleton","TheSimpletonMod:Defend_TheSimpleton","TheSimpletonMod:Defend_TheSimpleton","TheSimpletonMod:Defend_TheSimpleton"]},{"damage_healed":0,"gold_gain":0,"player_choice":"Fought Bandits","damage_taken":0,"max_hp_gain":0,"max_hp_loss":0,"event_name":"Masked Bandits","floor":21,"gold_loss":0},{"damage_healed":0,"gold_gain":0,"player_choice":"Obtained Book","damage_taken":16,"max_hp_gain":0,"max_hp_loss":0,"event_name":"Cursed Tome","floor":25,"gold_loss":0},{"cards_removed":["TheSimpletonMod:SlashAndBurn"],"damage_healed":0,"gold_gain":0,"player_choice":"Removed Attack","damage_taken":0,"max_hp_gain":0,"max_hp_loss":0,"event_name":"Falling","floor":38,"gold_loss":0},{"damage_healed":0,"gold_gain":0,"player_choice":"Memory 1","damage_taken":0,"max_hp_gain":0,"max_hp_loss":0,"event_name":"SensoryStone","floor":45,"gold_loss":0},{"cards_removed":["TheSimpletonMod:Strike_TheSimpleton"],"damage_healed":0,"gold_gain":0,"player_choice":"Purged","damage_taken":0,"max_hp_gain":0,"max_hp_loss":0,"event_name":"Purifier","floor":47,"gold_loss":0}],"is_beta":false,"boss_relics":[{"not_picked":["Runesmith:UraniumAnvil","Empty Cage"],"picked":"sneckomod:SneckoTalon"},{"not_picked":["Velvet Choker","bronze:MakeshiftBattery"],"picked":"Coffee Dripper"}],"items_purged_floors":[5,20,44],"is_endless":false,"potions_floor_spawned":[3,7,14,16,22,23,27,28,36,41,48],"killed_by":"The Heart","ascension_level":8}}