{"host":"gqcohn9v5baj3dmw","time":1611801839,"event":{"mods":["BaseMod","Better Note","Better Sensory Stone","Better Skull","Colored Map","Downfall","Marked Mod","Minty Spire (QoL Compilation)","Rare Cards Sparkle","Relic Stats","StSLib"],"gold_per_floor":[99,118,268,268,284,284,307,338,358,371,34,19,19,45,58,160,160,160,171,185,185,197,197,273,289,305,0,12,30,30,30,49,151,151,151,151,42,52,402,402,402,434,434,448,448,448,448,477,505,517],"floor_reached":51,"language":"ENG","playtime":2695,"items_purged":["downfall:Icky","bronze:WhirlingStrike","bronze:Replicate"],"score":836,"play_id":"42e51420-131a-4ffc-b0f8-267fc428b83f","local_time":"20210128034359","is_ascension_mode":true,"campfire_choices":[{"data":"bronze:Goto","floor":1,"key":"SMITH"},{"data":"bronze:DigitalCarnage","floor":6,"key":"SMITH"},{"floor":13,"key":"REST"},{"data":"bronze:Frontload","floor":18,"key":"SMITH"},{"data":"bronze:Frontload","floor":23,"key":"SMITH"},{"data":"bronze:ClassDefault","floor":35,"key":"SMITH"},{"data":"bronze:BronzeOrb","floor":40,"key":"SMITH"},{"data":"bronze:Strike","floor":43,"key":"SMITH"},{"floor":45,"key":"REST"},{"data":"expansioncontent:DashGenerateEvil","floor":47,"key":"SMITH"}],"circlet_count":0,"master_deck":["bronze:Strike+1","bronze:Strike+1","bronze:Strike+1","bronze:Defend","bronze:Defend","bronze:Defend","bronze:Goto+1","bronze:DigitalCarnage+1","bronze:Frontload+1","bronze:Frontload+1","bronze:ClassDefault+1","bronze:Overload+1","bronze:Return+1","bronze:Repair+1","bronze:ForLoop+1","bronze:GetLatest+1","bronze:MaxOutput+1","bronze:BronzeOrb+1","bronze:DigitalCarnage+1","bronze:Boost+1","bronze:Constructor+1","bronze:GetLatest+1","bronze:ForceShield+1","bronze:ForLoop+1","expansioncontent:DashGenerateEvil+1"],"relics":["bronze:PlatinumCore","Dream Catcher","bronze:CableSpool","Toxic Egg 2","PreservedInsect","Matryoshka","Chemical X","Philosopher\u0027s Stone","Bottled Flame","Old Coin","Whetstone","Letter Opener","Gremlin Horn","MawBank"],"acts_visited":["Exordium","TheCity","TheBeyond"],"potions_floor_usage":[12],"damage_taken":[{"damage":12,"enemies":"Small Slimes","floor":2,"turns":4},{"damage":2,"enemies":"Jaw Worm","floor":5,"turns":2},{"damage":14,"enemies":"Gremlin Nob","floor":8,"turns":3},{"damage":1,"enemies":"2 Louse","floor":9,"turns":2},{"damage":4,"enemies":"Red Slaver","floor":10,"turns":2},{"damage":0,"enemies":"downfall:FleeingMerchant","floor":11,"turns":4},{"damage":10,"enemies":"downfall:FleeingMerchant","floor":12,"turns":4},{"damage":7,"enemies":"Lagavulin","floor":14,"turns":6},{"damage":8,"enemies":"Large Slime","floor":15,"turns":8},{"damage":6,"enemies":"IC_STATUS_ARCHETYPE","floor":16,"turns":9},{"damage":5,"enemies":"3 Byrds","floor":19,"turns":5},{"damage":0,"enemies":"Snecko","floor":20,"turns":5},{"damage":0,"enemies":"Centurion and Healer","floor":22,"turns":4},{"damage":0,"enemies":"Sentry and Sphere","floor":25,"turns":2},{"damage":7,"enemies":"Cultist and Chosen","floor":26,"turns":5},{"damage":0,"enemies":"downfall:FleeingMerchant","floor":27,"turns":4},{"damage":0,"enemies":"Snake Plant","floor":28,"turns":1},{"damage":8,"enemies":"3 Cultists","floor":29,"turns":4},{"damage":0,"enemies":"Snecko","floor":32,"turns":1},{"damage":44,"enemies":"SI_MIRROR_ARCHETYPE","floor":33,"turns":11},{"damage":0,"enemies":"downfall:FleeingMerchant","floor":37,"turns":2},{"damage":2,"enemies":"3 Darklings","floor":38,"turns":10},{"damage":0,"enemies":"3 Darklings","floor":39,"turns":3},{"damage":10,"enemies":"Reptomancer","floor":42,"turns":3},{"damage":8,"enemies":"3 Shapes","floor":44,"turns":2},{"damage":0,"enemies":"Nemesis","floor":48,"turns":5},{"damage":0,"enemies":"3 Darklings","floor":49,"turns":3},{"damage":15,"enemies":"DF_ARCHETYPE_ORBS","floor":50,"turns":3}],"seed_played":"-6847851385500549770","potions_obtained":[{"floor":2,"key":"bronze:CleanCodePotion"},{"floor":10,"key":"Weak Potion"},{"floor":14,"key":"sneckomod:MuddlingPotion"},{"floor":16,"key":"CultistPotion"},{"floor":28,"key":"BlessingOfTheForge"}],"is_trial":false,"path_per_floor":["R","M","?","?","M","R","T","E","M","M","$","$","R","E","M","B",null,"R","M","M","?","M","R","T","M","M","$","M","M","?","?","M","B",null,"R","?","$","M","?","R","T","E","R","M","R","?","R","E","M","B",null],"character_chosen":"THE_AUTOMATON","items_purchased":["Toxic Egg 2","Chemical X","bronze:BronzeOrb","Bottled Flame","bronze:GetLatest+1"],"campfire_rested":2,"item_purchase_floors":[11,27,27,37,37],"current_hp_per_floor":[70,58,58,58,56,56,56,42,41,37,37,27,48,41,33,37,70,70,65,70,63,63,63,63,63,70,70,70,70,70,70,70,32,70,70,70,70,68,68,68,68,58,58,50,70,70,70,70,70,55],"gold":529,"neow_bonus":"REMOVE_CARD","is_daily":false,"chose_seed":false,"campfire_upgraded":8,"win_rate":0.0,"timestamp":1611801839,"path_taken":["R","M","?","?","M","R","T","E","M","M","?","$","R","E","M","BOSS","R","M","M","?","M","R","T","M","M","$","M","?","?","?","M","BOSS","R","?","$","?","?","R","T","E","R","M","R","?","R","E","M","BOSS"],"items_purchased_type":["Relic","Relic","Card","Relic","Card"],"build_version":"2020-12-22","purchased_purges":3,"victory":true,"max_hp_per_floor":[70,70,70,70,70,70,70,70,70,70,70,70,70,70,70,70,70,70,70,70,70,70,70,70,70,70,70,70,70,70,70,70,70,70,70,70,70,70,70,70,70,70,70,70,70,70,70,70,70,70],"relic_stats":{"Dream Catcher":2,"Gremlin Horn":[4,5],"counters":[28,117],"PreservedInsect":105,"Chemical X":[28],"Whetstone":["bronze:Strike","bronze:Strike"],"Letter Opener":[41],"MawBank":36,"obtain_stats":[{"bronze:PlatinumCore":17,"bronze:BronzeCore":0,"Gremlin Horn":42,"PreservedInsect":14,"Whetstone":41,"Letter Opener":41,"MawBank":48,"bronze:CableSpool":8,"Old Coin":39,"Dream Catcher":7,"Bottled Flame":37,"Matryoshka":24,"Philosopher\u0027s Stone":34,"Chemical X":27,"Toxic Egg 2":11},{"bronze:PlatinumCore":10,"bronze:BronzeCore":0,"Gremlin Horn":24,"PreservedInsect":8,"Whetstone":23,"Letter Opener":23,"MawBank":26,"bronze:CableSpool":3,"Old Coin":23,"Dream Catcher":2,"Bottled Flame":21,"Matryoshka":13,"Philosopher\u0027s Stone":20,"Chemical X":16,"Toxic Egg 2":6},{"bronze:PlatinumCore":44,"bronze:BronzeCore":0,"Gremlin Horn":104,"PreservedInsect":27,"Whetstone":101,"Letter Opener":101,"MawBank":111,"bronze:CableSpool":9,"Old Coin":101,"Dream Catcher":6,"Bottled Flame":88,"Matryoshka":58,"Philosopher\u0027s Stone":86,"Chemical X":69,"Toxic Egg 2":17}]},"card_choices":[{"not_picked":["bronze:WildBeam","bronze:BuggyMess"],"picked":"bronze:DigitalCarnage","floor":2},{"not_picked":["bronze:DelayedGuard","bronze:WhirlingStrike"],"picked":"bronze:Frontload","floor":5},{"not_picked":["bronze:Iterate","bronze:BronzeArmor","bronze:Turbo"],"picked":"SKIP","floor":8},{"not_picked":["bronze:ForLoop","bronze:CutThrough"],"picked":"bronze:WhirlingStrike","floor":9},{"not_picked":["bronze:Branch","bronze:WhirlingStrike","bronze:Invalidate"],"picked":"SKIP","floor":10},{"not_picked":["bronze:Library","bronze:Invalidate"],"picked":"bronze:Frontload","floor":11},{"not_picked":["bronze:HardenedForm","bronze:WildBeam"],"picked":"bronze:ClassDefault","floor":12},{"not_picked":["bronze:DigitalCarnage","bronze:Backtrace"],"picked":"bronze:Overload+1","floor":13},{"not_picked":["bronze:OilSpill","bronze:BronzeArmor+1"],"picked":"bronze:Return+1","floor":14},{"not_picked":["bronze:MaxOutput","bronze:WhirlingStrike"],"picked":"bronze:Repair+1","floor":15},{"not_picked":["bronze:DelayedSlice+1","bronze:DigitalCarnage"],"picked":"bronze:ForLoop+1","floor":19},{"not_picked":["bronze:Separator","bronze:DelayedGuard+1","bronze:Deprecate+1"],"picked":"SKIP","floor":20},{"not_picked":["bronze:Turbo+1","bronze:Boost+1"],"picked":"bronze:GetLatest+1","floor":22},{"not_picked":["bronze:Library","bronze:ItsAFeature"],"picked":"bronze:MaxOutput+1","floor":25},{"not_picked":["bronze:FollowUp","bronze:FineTuning+1","bronze:Shield+1"],"picked":"SKIP","floor":26},{"not_picked":["bronze:CleanCode","bronze:Refactor+1","bronze:WhirlingStrike"],"picked":"SKIP","floor":27},{"not_picked":["bronze:Shell+1","bronze:DelayedSlice","bronze:CutThrough"],"picked":"SKIP","floor":28},{"not_picked":["bronze:ClassDefault+1","bronze:DelayedSlice+1"],"picked":"bronze:DigitalCarnage+1","floor":29},{"not_picked":["bronze:ChosenStrike","bronze:WhirlingStrike"],"picked":"bronze:Boost+1","floor":32},{"not_picked":["bronze:ChosenStrike","bronze:Branch+1"],"picked":"bronze:Constructor+1","floor":37},{"not_picked":["bronze:Backtrace+1","bronze:Fortify+1","bronze:DelayedGuard+1"],"picked":"SKIP","floor":38},{"not_picked":["bronze:CloningBeam+1","bronze:Turbo+1"],"picked":"bronze:ForceShield+1","floor":42},{"not_picked":["bronze:DelayedGuard+1","bronze:WildBeam"],"picked":"bronze:ForLoop+1","floor":44},{"not_picked":["expansioncontent:GuardianWhirl","expansioncontent:AwakenDeath"],"picked":"expansioncontent:DashGenerateEvil","floor":46},{"not_picked":["bronze:Iterate","bronze:Break","bronze:Constructor+1"],"picked":"SKIP","floor":48},{"not_picked":["bronze:Allocate+1","bronze:OilSpill+1","bronze:Shield+1"],"picked":"SKIP","floor":49}],"player_experience":542705,"relics_obtained":[{"floor":7,"key":"Dream Catcher"},{"floor":8,"key":"bronze:CableSpool"},{"floor":14,"key":"PreservedInsect"},{"floor":24,"key":"Matryoshka"},{"floor":39,"key":"Old Coin"},{"floor":41,"key":"Whetstone"},{"floor":41,"key":"Letter Opener"},{"floor":42,"key":"Gremlin Horn"},{"floor":48,"key":"MawBank"}],"event_choices":[{"damage_healed":0,"gold_gain":0,"player_choice":"Damaged","damage_taken":7,"max_hp_gain":0,"max_hp_loss":0,"event_name":"Wheel of Change","floor":21,"gold_loss":0}],"is_beta":false,"boss_relics":[{"not_picked":["Calling Bell","Black Star"],"picked":"bronze:PlatinumCore"},{"not_picked":["Coffee Dripper","Pandora\u0027s Box"],"picked":"Philosopher\u0027s Stone"}],"items_purged_floors":[11,27,37],"is_endless":false,"potions_floor_spawned":[2,10,14,16,19,25,28,29,32,39,44,48],"ascension_level":2}}