{"host":"igj4vwc42ivwqexo","time":1611826745,"event":{"mods":["BaseMod","Better Third Choice","Koishi","Marisa????????","Minty Spire (QoL Compilation)","Potionbrewer","Shop Mod","StS++","StSLib","The Disciple","The Hierophant","The Sage","The Servant 0.9.4"],"gold_per_floor":[119,139,157,232,407,407,434,434,458,484,566,566,127,143,143,239,239,255,354,368,382,189,217,217,248,273,308,308,324,342,342,342,442,442,457,507,507,73,119,119,153,171,171,196,206,233,233,247,247,247],"floor_reached":51,"language":"ENG","playtime":7053,"items_purged":["Doubt","potionbrewer:PotionbrewerDefend","potionbrewer:Collect"],"score":1049,"play_id":"7d9418e8-5fd7-4ef5-845e-f31449c183ad","local_time":"20210128103905","is_ascension_mode":true,"campfire_choices":[{"data":"potionbrewer:ChainReaction","floor":6,"key":"SMITH"},{"data":"potionbrewer:ChokingPowder","floor":8,"key":"SMITH"},{"data":"potionbrewer:PrivateReserves","floor":12,"key":"SMITH"},{"data":"potionbrewer:MicrobeSpray","floor":15,"key":"SMITH"},{"data":"potionbrewer:PrivateReserves","floor":24,"key":"SMITH"},{"data":"potionbrewer:SpecialFormula","floor":28,"key":"SMITH"},{"data":"potionbrewer:IronFlesh","floor":32,"key":"SMITH"},{"data":"Panache","floor":40,"key":"SMITH"},{"data":"potionbrewer:ChemicalSpill","floor":47,"key":"SMITH"},{"data":"potionbrewer:HazardousMaterials","floor":49,"key":"SMITH"}],"circlet_count":0,"master_deck":["potionbrewer:PotionbrewerStrike+1","potionbrewer:PotionbrewerStrike+1","potionbrewer:PotionbrewerStrike+1","potionbrewer:PotionbrewerStrike+1","potionbrewer:PotionbrewerDefend+1","potionbrewer:PotionbrewerDefend+1","potionbrewer:PotionbrewerDefend+1","potionbrewer:ChemicalSpill+1","potionbrewer:ChainReaction+1","potionbrewer:ChemicalWeapons","potionbrewer:ChokingPowder+1","potionbrewer:FortifiedSerum","potionbrewer:PrivateReserves+1","potionbrewer:Smack+1","potionbrewer:PrivateReserves+1","potionbrewer:MicrobeSpray+1","potionbrewer:SpecialFormula+1","potionbrewer:DigDeep","potionbrewer:UnstableFormula+1","potionbrewer:DigDeep+1","potionbrewer:SpecialFormula+1","potionbrewer:IronFlesh+1","potionbrewer:ChoosePotion","potionbrewer:UnstableFormula+1","Panache+1","Swift Strike+1","Finesse","potionbrewer:TestSubject+1","potionbrewer:DigDeep+1","potionbrewer:BlindingSpray+1","potionbrewer:PotentialEnergy","potionbrewer:HazardousMaterials+1"],"relics":["potionbrewer:PotionKit","Lantern","Smiling Mask","StSpp:Monolith","Molten Egg 2","potionbrewer:DrinkingBird","potionbrewer:BhaskarasWheel","Tiny Chest","War Paint","CaptainsWheel","Bag of Marbles","Orichalcum","sagemod:Falmels_Amulet","Mango","potionbrewer:Torch","potionbrewer:ToyAutogyro","Blood Vial","Ornamental Fan","Pocketwatch","Regal Pillow","Nunchaku"],"acts_visited":["Exordium","TheCity","TheBeyond"],"potions_floor_usage":[2,7,7,7,7,8,10,10,16,16,16,16,16,18,20,21,21,23,23,25,25,27,27,27,33,33,33,33,35,36,36,36,36,36,41,41,42,44,45,46,46,48,50,50],"damage_taken":[{"damage":3,"enemies":"Cultist","floor":1,"turns":5},{"damage":1,"enemies":"Jaw Worm","floor":2,"turns":6},{"damage":0,"enemies":"Small Slimes","floor":3,"turns":4},{"damage":4,"enemies":"3 Sentries","floor":7,"turns":8},{"damage":0,"enemies":"Gremlin Nob","floor":10,"turns":3},{"damage":0,"enemies":"Exordium Wildlife","floor":14,"turns":4},{"damage":19,"enemies":"The Guardian","floor":16,"turns":8},{"damage":0,"enemies":"Shell Parasite","floor":18,"turns":4},{"damage":3,"enemies":"Spheric Guardian","floor":20,"turns":4},{"damage":6,"enemies":"Centurion and Healer","floor":21,"turns":6},{"damage":0,"enemies":"Slavers","floor":23,"turns":5},{"damage":0,"enemies":"Book of Stabbing","floor":25,"turns":4},{"damage":1,"enemies":"Gremlin Leader","floor":27,"turns":5},{"damage":0,"enemies":"Snecko","floor":29,"turns":5},{"damage":0,"enemies":"Chosen and Byrds","floor":30,"turns":3},{"damage":0,"enemies":"Collector","floor":33,"turns":5},{"damage":4,"enemies":"Orb Walker","floor":35,"turns":3},{"damage":0,"enemies":"Mind Bloom Boss Battle","floor":36,"turns":4},{"damage":0,"enemies":"Reptomancer","floor":41,"turns":4},{"damage":0,"enemies":"3 Darklings","floor":42,"turns":4},{"damage":0,"enemies":"Nemesis","floor":44,"turns":3},{"damage":0,"enemies":"Maw","floor":45,"turns":3},{"damage":0,"enemies":"Reptomancer","floor":46,"turns":5},{"damage":2,"enemies":"Spire Growth","floor":48,"turns":3},{"damage":3,"enemies":"Time Eater","floor":50,"turns":8}],"seed_played":"5627260100021644356","potions_obtained":[{"floor":2,"key":"Swift Potion"},{"floor":7,"key":"Strength Potion"},{"floor":10,"key":"BlessingOfTheForge"},{"floor":18,"key":"Block Potion"},{"floor":23,"key":"potionbrewer:SplittingPotion"},{"floor":27,"key":"Dexterity Potion"},{"floor":33,"key":"AttackPotion"},{"floor":35,"key":"potionbrewer:ToxicPotion"},{"floor":36,"key":"potionbrewer:BarricadePotion"},{"floor":44,"key":"Strength Potion"},{"floor":46,"key":"Swift Potion"},{"floor":48,"key":"Energy Potion"}],"is_trial":false,"path_per_floor":["M","M","M","?","?","R","E","R","T","E","T","R","$","M","R","B",null,"M","?","M","M","$","E","R","E","T","E","R","M","M","?","R","B",null,"M","?","?","$","T","R","E","M","T","E","M","E","R","M","R","B",null],"character_chosen":"POTIONBREWER","items_purchased":["potionbrewer:Smack+1","potionbrewer:PrivateReserves","potionbrewer:DrinkingBird","Tiny Chest","potionbrewer:Torch","potionbrewer:ToyAutogyro","potionbrewer:TestSubject+1"],"campfire_rested":0,"item_purchase_floors":[13,13,13,22,38,38,38],"current_hp_per_floor":[79,78,78,67,67,67,63,63,63,63,63,63,63,63,63,44,82,82,82,79,73,73,73,73,73,73,72,72,72,72,72,72,72,82,78,92,82,82,82,82,84,86,86,88,90,92,92,92,92,91],"gold":247,"neow_bonus":"TEN_PERCENT_HP_BONUS","is_daily":false,"chose_seed":false,"campfire_upgraded":10,"win_rate":0.0,"timestamp":1611826745,"path_taken":["M","M","M","?","?","R","E","R","T","E","?","R","?","?","R","BOSS","M","?","M","M","$","E","R","E","T","E","R","M","M","?","R","BOSS","M","?","?","$","?","R","E","M","T","E","M","E","R","M","R","BOSS"],"items_purchased_type":["Card","Card","Relic","Relic","Relic","Relic","Card"],"build_version":"2020-12-22","purchased_purges":3,"victory":true,"max_hp_per_floor":[82,82,82,82,82,82,82,82,82,82,82,82,82,82,82,82,82,82,82,82,82,82,82,82,82,82,82,82,82,82,82,82,82,82,82,96,96,96,96,96,96,96,96,96,96,96,96,96,96,96],"card_choices":[{"not_picked":["potionbrewer:FlashPowder","potionbrewer:ChemicalWeapons"],"picked":"potionbrewer:ChainReaction","floor":1},{"not_picked":["potionbrewer:Spark","potionbrewer:Biohazard"],"picked":"potionbrewer:ChemicalWeapons","floor":2},{"not_picked":["potionbrewer:VolatileSolution","potionbrewer:QuickStep"],"picked":"potionbrewer:ChokingPowder","floor":3},{"not_picked":["potionbrewer:OneTwoPunch","potionbrewer:ChemicalShroud"],"picked":"potionbrewer:FortifiedSerum","floor":7},{"not_picked":["potionbrewer:TestFormula","potionbrewer:FortifiedSerum"],"picked":"potionbrewer:PrivateReserves","floor":10},{"not_picked":["potionbrewer:AcidCloud","potionbrewer:ChemicalShroud"],"picked":"potionbrewer:MicrobeSpray","floor":14},{"not_picked":["potionbrewer:BottomlessFlask","potionbrewer:Hoarder"],"picked":"potionbrewer:SpecialFormula","floor":16},{"not_picked":["potionbrewer:Smokescreen","potionbrewer:VolatileSolution+1"],"picked":"potionbrewer:DigDeep","floor":18},{"not_picked":["potionbrewer:CausticBarrier","potionbrewer:Smokescreen"],"picked":"potionbrewer:UnstableFormula+1","floor":20},{"not_picked":["potionbrewer:Brandish","potionbrewer:CausticBarrier"],"picked":"potionbrewer:DigDeep+1","floor":21},{"not_picked":["potionbrewer:Refill","potionbrewer:Bribery","potionbrewer:Toxicity"],"picked":"SKIP","floor":23},{"not_picked":["potionbrewer:Toxicity+1","potionbrewer:LabAccident+1"],"picked":"potionbrewer:SpecialFormula","floor":25},{"not_picked":["potionbrewer:FortifiedSerum","potionbrewer:PotentialEnergy"],"picked":"potionbrewer:IronFlesh","floor":27},{"not_picked":["potionbrewer:Shovel+1","potionbrewer:Experimentation","potionbrewer:ExplosiveReaction+1"],"picked":"SKIP","floor":29},{"not_picked":["potionbrewer:Contingency+1","potionbrewer:VolatileSolution+1","potionbrewer:Biohazard"],"picked":"SKIP","floor":30},{"not_picked":["potionbrewer:PotentialEnergy","potionbrewer:Bribery"],"picked":"potionbrewer:BottomlessFlask","floor":33},{"not_picked":["potionbrewer:Biohazard+1","potionbrewer:BlindingMist"],"picked":"potionbrewer:UnstableFormula+1","floor":35},{"not_picked":["Blind","StSpp:Cataclysm+1"],"picked":"Panache","floor":37},{"not_picked":["StSpp:Panic","Panacea"],"picked":"Swift Strike+1","floor":37},{"not_picked":["Discovery","Trip"],"picked":"Finesse","floor":37},{"not_picked":["potionbrewer:Contingency+1","potionbrewer:Toxicity","potionbrewer:BlindingMist+1"],"picked":"SKIP","floor":41},{"not_picked":["potionbrewer:EmptyBottle+1","potionbrewer:ChainReaction"],"picked":"potionbrewer:DigDeep+1","floor":42},{"not_picked":["potionbrewer:ExplosiveReaction+1","potionbrewer:FortifiedSerum"],"picked":"potionbrewer:BlindingSpray+1","floor":44},{"not_picked":["potionbrewer:Smokescreen","potionbrewer:QuickStep","potionbrewer:TimeBomb+1"],"picked":"SKIP","floor":45},{"not_picked":["potionbrewer:Contingency+1","potionbrewer:TestSubject+1"],"picked":"potionbrewer:PotentialEnergy","floor":46},{"not_picked":["potionbrewer:Refill+1","potionbrewer:VolatileSolution+1"],"picked":"potionbrewer:HazardousMaterials","floor":48}],"player_experience":374651,"relics_obtained":[{"floor":7,"key":"Lantern"},{"floor":9,"key":"Smiling Mask"},{"floor":10,"key":"StSpp:Monolith"},{"floor":11,"key":"Molten Egg 2"},{"floor":23,"key":"War Paint"},{"floor":25,"key":"CaptainsWheel"},{"floor":26,"key":"Bag of Marbles"},{"floor":27,"key":"Orichalcum"},{"floor":36,"key":"Mango"},{"floor":39,"key":"Blood Vial"},{"floor":41,"key":"Ornamental Fan"},{"floor":43,"key":"Pocketwatch"},{"floor":44,"key":"Regal Pillow"},{"floor":46,"key":"Nunchaku"}],"event_choices":[{"damage_healed":0,"gold_gain":75,"player_choice":"Gold","damage_taken":11,"max_hp_gain":0,"max_hp_loss":0,"event_name":"betterThird:BetterGoop","floor":4,"gold_loss":0},{"damage_healed":0,"gold_gain":175,"player_choice":"AGREE","damage_taken":232,"max_hp_gain":0,"max_hp_loss":0,"event_name":"betterThird:BetterSerpent","floor":5,"gold_loss":0},{"damage_healed":0,"gold_gain":99,"player_choice":"Steal","damage_taken":0,"max_hp_gain":0,"max_hp_loss":0,"event_name":"betterThird:BetterNest","floor":19,"gold_loss":0},{"damage_healed":0,"gold_gain":0,"player_choice":"Simplicity","damage_taken":0,"max_hp_gain":0,"max_hp_loss":5,"event_name":"betterThird:BetterWriting","floor":31,"gold_loss":0},{"damage_healed":0,"gold_gain":0,"player_choice":"Fight","damage_taken":0,"max_hp_gain":0,"max_hp_loss":0,"event_name":"MindBloom","floor":36,"gold_loss":0},{"damage_healed":0,"gold_gain":0,"player_choice":"Memory 3","damage_taken":10,"max_hp_gain":0,"max_hp_loss":0,"event_name":"SensoryStone","floor":37,"gold_loss":0}],"is_beta":false,"boss_relics":[{"not_picked":["Runic Dome","Calling Bell"],"picked":"potionbrewer:BhaskarasWheel"},{"not_picked":["StSpp:PileOfSugar","Fusion Hammer"],"picked":"sagemod:Falmels_Amulet"}],"items_purged_floors":[13,22,38],"is_endless":false,"potions_floor_spawned":[2,7,10,18,23,27,33,35,36,44,46,48],"ascension_level":1}}