{"host":"kmq7aw60w430zvtx","time":1611795327,"event":{"mods":["BaseMod","Downfall","GifTheSpireLib","Hermit","Hubris","Minty Spire (QoL Compilation)","Reliquary","StSLib","The Construct","The Cursed","The Hierophant","The Jungle","The Necromancer","The Runesmith"],"gold_per_floor":[119,119,130,130,130,130,155,155,155,26,26,41,69,85,85,182,182,194,194,206,206,226,226,226,226],"floor_reached":24,"language":"ENG","playtime":1114,"items_purged":["Defend_G"],"score":286,"play_id":"5106e6b7-a4fe-476c-aff8-12c7e6800dee","local_time":"20210128015527","is_ascension_mode":true,"campfire_choices":[{"floor":6,"key":"REST"},{"floor":15,"key":"REST"},{"floor":23,"key":"REST"}],"circlet_count":0,"master_deck":["Strike_G","Strike_G","Strike_G","Strike_G","Defend_G","Defend_G","Defend_G","Defend_G","Survivor","Distraction","Noxious Fumes","hubris:DuctTapeCard","Deadly Poison","Masterful Stab","Setup","Crippling Poison","Venomology+1","Deadly Poison+1","Well Laid Plans","Crippling Poison"],"relics":["Ring of the Snake","reliquary:RadioactivePellet","Bronze Scales","hubris:DuctTape","hubris:GlazedTorus","Cursed Key"],"acts_visited":["Exordium","TheCity"],"potions_floor_usage":[7,13,16,16,20,20,24,24,24,24,24,24],"damage_taken":[{"damage":4,"enemies":"Jaw Worm","floor":1,"turns":4},{"damage":1,"enemies":"2 Louse","floor":3,"turns":4},{"damage":42,"enemies":"Gremlin Nob","floor":7,"turns":6},{"damage":8,"enemies":"Small Slimes","floor":12,"turns":4},{"damage":17,"enemies":"3 Sentries","floor":13,"turns":6},{"damage":6,"enemies":"3 Louse","floor":14,"turns":3},{"damage":9,"enemies":"Slime Boss","floor":16,"turns":7},{"damage":12,"enemies":"Shell Parasite","floor":18,"turns":5},{"damage":16,"enemies":"2 Thieves","floor":20,"turns":3},{"damage":25,"enemies":"Cultist and Chosen","floor":22,"turns":5},{"damage":32,"enemies":"Gremlin Leader","floor":24,"turns":2}],"seed_played":"-8437000056284499892","potions_obtained":[{"floor":1,"key":"Swift Potion"},{"floor":7,"key":"Weak Potion"},{"floor":11,"key":"CultistPotion"},{"floor":11,"key":"SmokeBomb"},{"floor":13,"key":"PowerPotion"},{"floor":14,"key":"AttackPotion"},{"floor":18,"key":"LiquidBronze"},{"floor":20,"key":"Ancient Potion"}],"is_trial":false,"path_per_floor":["M","?","M","?","T","R","E","?","T","$","?","M","E","M","R","B",null,"M","?","M","?","M","R","E"],"character_chosen":"THE_SILENT","items_purchased":["Deadly Poison"],"campfire_rested":3,"item_purchase_floors":[10],"current_hp_per_floor":[59,59,58,51,51,70,28,51,51,51,51,43,26,20,41,32,61,49,49,33,33,8,29,0,0],"gold":226,"neow_bonus":"RANDOM_COMMON_RELIC","is_daily":false,"chose_seed":false,"campfire_upgraded":0,"win_rate":0.0,"timestamp":1611795327,"path_taken":["M","?","M","?","?","R","E","?","T","$","?","M","E","?","R","BOSS","M","?","M","?","M","R","E"],"items_purchased_type":["Card"],"build_version":"2020-12-22","purchased_purges":1,"victory":false,"max_hp_per_floor":[70,70,70,70,70,70,70,70,70,70,70,70,70,70,70,70,70,70,70,70,70,70,70,70,70],"card_choices":[{"not_picked":["Footwork","Dagger Throw"],"picked":"Distraction","floor":1},{"not_picked":["Prepared","Flying Knee"],"picked":"Sucker Punch","floor":3},{"not_picked":["Calculated Gamble","Deadly Poison"],"picked":"Noxious Fumes","floor":7},{"not_picked":["Quick Slash","Eviscerate"],"picked":"Masterful Stab","floor":12},{"not_picked":["Accuracy","Outmaneuver"],"picked":"Setup","floor":13},{"not_picked":["PiercingWail","Bane"],"picked":"Crippling Poison","floor":14},{"not_picked":["Phantasmal Killer","Bullet Time"],"picked":"Venomology","floor":16},{"not_picked":["Escape Plan","Slice+1"],"picked":"Deadly Poison+1","floor":18},{"not_picked":["Underhanded Strike","Acrobatics+1"],"picked":"Well Laid Plans","floor":20},{"not_picked":["Reflex","Cloak And Dagger"],"picked":"Crippling Poison","floor":22}],"player_experience":314169,"relics_obtained":[{"floor":7,"key":"Bronze Scales"},{"floor":9,"key":"hubris:DuctTape"},{"floor":13,"key":"hubris:GlazedTorus"}],"event_choices":[{"cards_removed":["Strike_G"],"damage_healed":0,"gold_gain":0,"player_choice":"Card Removal","damage_taken":7,"max_hp_gain":0,"max_hp_loss":0,"event_name":"Golden Wing","floor":4,"gold_loss":0},{"damage_healed":23,"gold_gain":0,"player_choice":"Banana","damage_taken":0,"max_hp_gain":0,"max_hp_loss":0,"event_name":"Big Fish","floor":8,"gold_loss":0},{"damage_healed":0,"gold_gain":0,"player_choice":"Got Potions","damage_taken":0,"max_hp_gain":0,"max_hp_loss":0,"event_name":"Lab","floor":11,"gold_loss":0},{"damage_healed":0,"gold_gain":0,"player_choice":"Forge","damage_taken":0,"max_hp_gain":0,"max_hp_loss":0,"event_name":"Accursed Blacksmith","floor":21,"gold_loss":0,"cards_upgraded":["Venomology"]}],"is_beta":false,"boss_relics":[{"not_picked":["hubris:TerracottaHorce","reliquary:RedPaperclip"],"picked":"Cursed Key"}],"items_purged_floors":[10],"is_endless":false,"potions_floor_spawned":[1,7,13,14,18,20],"killed_by":"Gremlin Leader","ascension_level":8}}