{"host":"hvwa7s69zr612rn1","time":1611823931,"event":{"mods":["BaseMod","Colored Map","Colored Powertips","Minty Spire (QoL Compilation)","StSLib","The Runesmith"],"gold_per_floor":[119,194,214,226,240,240,260,260,260,294,140,152,166,176,176,271,321,331,341,13,25,38,63,63,63,87,8,21,36,36,52,52,156,156,171,171,188,207,207,207,207,257,302,140,140,67,0,14,14,14],"floor_reached":51,"language":"ENG","playtime":4512,"items_purged":["Runesmith:Defend_RS","Runesmith:Defend_RS","Writhe"],"score":648,"play_id":"c9c180a9-0b9d-4f25-85ba-37cc5d8ec3e3","local_time":"20210128195211","is_ascension_mode":false,"campfire_choices":[{"data":"Runesmith:CraftFirestone","floor":6.0,"key":"SMITH"},{"data":"Runesmith:Augment","floor":15.0,"key":"SMITH"},{"data":"Runesmith:LithiumIon","floor":30.0,"key":"SMITH"},{"data":"Runesmith:RunicBlueprint","floor":32.0,"key":"SMITH"},{"floor":40,"key":"DIG"},{"floor":45,"key":"DIG"},{"floor":49,"key":"DIG"}],"circlet_count":0,"master_deck":["Runesmith:Strike_RS","Runesmith:Strike_RS","Runesmith:Strike_RS","Runesmith:Defend_RS","Runesmith:CraftFirestone+1","Runesmith:Fortify+1","Runesmith:Accelerate","Runesmith:Terraform","Runesmith:CraftVitae","Runesmith:CraftMagma+1","Runesmith:RunicBlueprint+1","Runesmith:DuctTape","Runesmith:GoWithTheFlow","Runesmith:Augment+1","Runesmith:OneForEveryone","Runesmith:Duplicate","Runesmith:EarthShield","Runesmith:RunicBlueprint+1","Runesmith:Firestorm","Runesmith:LithiumIon+1","Runesmith:CraftMagma","Runesmith:FissionHammer","Runesmith:ChaoticBlast","Runesmith:LightningRod","Runesmith:CraftMedicinae","Runesmith:BackupBattery","Runesmith:LithiumIon","Runesmith:Firestorm"],"relics":["Runesmith:BrokenRuby","MealTicket","War Paint","Tiny House","Strawberry","Pear","Regal Pillow","Sozu","Shovel","Happy Flower","Oddly Smooth Stone","Ginger","Nunchaku","Runesmith:AutoHammer","Red Mask","Letter Opener"],"acts_visited":["Exordium","TheCity","TheBeyond"],"potions_floor_usage":[50,50],"damage_taken":[{"damage":0.0,"enemies":"2 Louse","floor":1.0,"turns":3.0},{"damage":1.0,"enemies":"Small Slimes","floor":3.0,"turns":4.0},{"damage":0.0,"enemies":"Jaw Worm","floor":4.0,"turns":5.0},{"damage":0.0,"enemies":"Blue Slaver","floor":5.0,"turns":4.0},{"damage":1.0,"enemies":"Red Slaver","floor":7.0,"turns":4.0},{"damage":8.0,"enemies":"Lagavulin","floor":10.0,"turns":7.0},{"damage":0.0,"enemies":"Exordium Thugs","floor":12.0,"turns":3.0},{"damage":0.0,"enemies":"2 Fungi Beasts","floor":13.0,"turns":4.0},{"damage":4.0,"enemies":"Large Slime","floor":14.0,"turns":6.0},{"damage":11.0,"enemies":"The Guardian","floor":16.0,"turns":11.0},{"damage":7.0,"enemies":"Chosen","floor":18.0,"turns":5.0},{"damage":13.0,"enemies":"Spheric Guardian","floor":19.0,"turns":5.0},{"damage":27.0,"enemies":"3 Cultists","floor":21.0,"turns":6.0},{"damage":3.0,"enemies":"Centurion and Healer","floor":22.0,"turns":10.0},{"damage":9.0,"enemies":"Slavers","floor":23.0,"turns":6.0},{"damage":0.0,"enemies":"Snake Plant","floor":28.0,"turns":4.0},{"damage":17.0,"enemies":"Sentry and Sphere","floor":29.0,"turns":6.0},{"damage":4.0,"enemies":"3 Cultists","floor":31.0,"turns":5.0},{"damage":7.0,"enemies":"Collector","floor":33.0,"turns":8.0},{"damage":18,"enemies":"3 Darklings","floor":35,"turns":5},{"damage":4,"enemies":"Orb Walker","floor":37,"turns":3},{"damage":40,"enemies":"Transient","floor":38,"turns":5},{"damage":8,"enemies":"Mind Bloom Boss Battle","floor":42,"turns":6},{"damage":0,"enemies":"3 Darklings","floor":48,"turns":5},{"damage":20,"enemies":"Donu and Deca","floor":50,"turns":9}],"seed_played":"5775886687813279533","potions_obtained":[{"floor":3.0,"key":"Explosive Potion"},{"floor":5.0,"key":"BlessingOfTheForge"},{"floor":7.0,"key":"ColorlessPotion"},{"floor":10.0,"key":"Block Potion"},{"floor":13.0,"key":"SpeedPotion"},{"floor":17.0,"key":"CultistPotion"},{"floor":18.0,"key":"Energy Potion"},{"floor":28.0,"key":"PowerPotion"},{"floor":29.0,"key":"Strength Potion"},{"floor":31.0,"key":"ColorlessPotion"},{"floor":33.0,"key":"SpeedPotion"}],"is_trial":false,"path_per_floor":["M","?","M","M","M","R","M","?","T","E","$","M","M","M","R","B",null,"M","M","$","M","M","E","?","?","T","$","M","M","R","M","R","B",null,"M","T","M","M","T","R","?","?","T","$","R","$","?","M","R","B",null],"character_chosen":"RUNESMITH_CLASS","items_purchased":["Runesmith:GoWithTheFlow","Runesmith:Firestorm","Strawberry","Runesmith:ChaoticBlast","Runesmith:LithiumIon","Runesmith:Firestorm"],"campfire_rested":0,"item_purchase_floors":[11,20,20,27,44,46],"current_hp_per_floor":[70,59,58,58,58,58,57,57,57,49,64,64,64,60,60,49,75,68,55,77,50,47,48,48,48,48,63,63,46,46,42,42,35,92,74,74,70,30,30,30,53,59,59,74,74,89,89,92,92,72],"gold":14,"neow_bonus":"TRANSFORM_CARD","is_daily":false,"chose_seed":false,"campfire_upgraded":4,"win_rate":0.0,"timestamp":1611823931,"path_taken":["M","?","M","M","M","R","M","?","T","E","?","M","M","M","R","BOSS","M","M","$","M","M","E","?","?","T","$","M","M","R","M","R","BOSS","M","?","M","?","?","R","?","?","T","$","R","?","?","M","R","BOSS"],"items_purchased_type":["Card","Card","Relic","Card","Card","Card"],"build_version":"2020-12-22","purchased_purges":3,"victory":true,"max_hp_per_floor":[70,70,70,70,70,70,70,70,70,70,70,70,70,70,70,70,75,75,75,82,82,82,92,92,92,92,92,92,92,92,92,92,92,92,92,92,92,92,92,92,92,92,92,92,92,92,92,92,92,92],"card_choices":[{"not_picked":["Runesmith:Overpower","Runesmith:HeatedChisel","Runesmith:Repurpose"],"picked":"SKIP","floor":1.0},{"not_picked":["Runesmith:PoweredAnvil","Runesmith:ChiselStab"],"picked":"Runesmith:Terraform","floor":3.0},{"not_picked":["Runesmith:ShiftingStrike","Runesmith:BackupBattery"],"picked":"Runesmith:CraftVitae","floor":4.0},{"not_picked":["Runesmith:Terraform","Runesmith:CraftProtectio"],"picked":"Runesmith:CraftMagma","floor":5.0},{"not_picked":["Runesmith:Firewall","Runesmith:OneForEveryone"],"picked":"Runesmith:RunicBlueprint","floor":7.0},{"not_picked":["Runesmith:PerfectChisel","Runesmith:UnstableHammer"],"picked":"Runesmith:DuctTape","floor":10.0},{"not_picked":["Runesmith:RuneHurl","Runesmith:UnstableHammer","Runesmith:ChiselStab"],"picked":"SKIP","floor":12.0},{"not_picked":["Runesmith:CraftProtectio","Runesmith:HammerTime"],"picked":"Runesmith:Augment","floor":13.0},{"not_picked":["Runesmith:StaticCage","Runesmith:Terraform"],"picked":"Runesmith:OneForEveryone","floor":14.0},{"not_picked":["Runesmith:MetallurgicalResearch","Runesmith:Supernova"],"picked":"Runesmith:Duplicate","floor":16.0},{"not_picked":["Runesmith:Overpower","Runesmith:ChiselStab"],"picked":"Runesmith:EarthShield","floor":17.0},{"not_picked":["Runesmith:EarthShield","Runesmith:Reinforce"],"picked":"Runesmith:RunicBlueprint","floor":18.0},{"not_picked":["Runesmith:NanitesCloud","Runesmith:Discharge","Runesmith:MakeshiftArmor"],"picked":"SKIP","floor":19.0},{"not_picked":["Runesmith:RuneHurl","Runesmith:BackupBattery","Runesmith:CraftProtectio"],"picked":"SKIP","floor":21.0},{"not_picked":["Runesmith:CraftIndustria","Runesmith:CraftMagma"],"picked":"Runesmith:LithiumIon","floor":22.0},{"not_picked":["Runesmith:HeatExchange","Runesmith:Grindstone","Runesmith:ChiselStab"],"picked":"SKIP","floor":23.0},{"not_picked":["Runesmith:DoubleUp","Runesmith:UnstableHammer","Runesmith:HeatedChisel"],"picked":"SKIP","floor":28.0},{"not_picked":["Runesmith:ChiselStab","Runesmith:HeatExchange+1","Runesmith:HeatedChisel"],"picked":"SKIP","floor":29.0},{"not_picked":["Runesmith:RuneHurl","Runesmith:BackupBattery"],"picked":"Runesmith:LightningRod","floor":31.0},{"not_picked":["Runesmith:CraftIndustria","Runesmith:UnlimitedPower"],"picked":"Runesmith:CraftMedicinae","floor":33.0},{"not_picked":["Runesmith:NegativeSpace","Runesmith:Repurpose+1"],"picked":"Runesmith:BackupBattery","floor":35},{"not_picked":["Runesmith:BackupBattery","Runesmith:Empowerment+1","Runesmith:EnergizedChisel"],"picked":"SKIP","floor":37},{"not_picked":["Runesmith:ShiftingStrike+1","Runesmith:HammerThrow+1","Runesmith:NegativeSpace+1"],"picked":"SKIP","floor":38},{"not_picked":["Runesmith:PoweredAnvil","Runesmith:ChaoticBlast","Runesmith:Overpower"],"picked":"SKIP","floor":48}],"player_experience":317005,"relics_obtained":[{"floor":9.0,"key":"MealTicket"},{"floor":10.0,"key":"War Paint"},{"floor":23.0,"key":"Pear"},{"floor":26.0,"key":"Regal Pillow"},{"floor":36,"key":"Shovel"},{"floor":39,"key":"Happy Flower"},{"floor":40,"key":"Oddly Smooth Stone"},{"floor":42,"key":"Ginger"},{"floor":43,"key":"Nunchaku"},{"floor":45,"key":"Runesmith:AutoHammer"},{"floor":49,"key":"Letter Opener"}],"event_choices":[{"damage_healed":0.0,"max_hp_gain":0.0,"max_hp_loss":0.0,"gold_gain":75.0,"event_name":"World of Goop","player_choice":"Gather Gold","floor":2.0,"gold_loss":0.0,"damage_taken":11.0},{"damage_healed":0.0,"max_hp_gain":0.0,"max_hp_loss":0.0,"gold_gain":0.0,"event_name":"Golden Idol","player_choice":"Ignored","floor":8.0,"gold_loss":0.0,"damage_taken":0.0},{"cards_removed":["Runesmith:Strike_RS"],"damage_healed":0.0,"max_hp_gain":0.0,"max_hp_loss":0.0,"gold_gain":0.0,"event_name":"Back to Basics","player_choice":"Elegance","floor":24.0,"gold_loss":0.0,"damage_taken":0.0},{"damage_healed":0.0,"max_hp_gain":0.0,"max_hp_loss":0.0,"gold_gain":0.0,"event_name":"Match and Keep!","player_choice":"2 cards matched","floor":25.0,"gold_loss":0.0,"damage_taken":0.0,"cards_obtained":["Runesmith:CraftMagma","Runesmith:FissionHammer"]},{"damage_healed":23,"gold_gain":0,"player_choice":"Writhe","damage_taken":0,"max_hp_gain":0,"max_hp_loss":0,"event_name":"Winding Halls","floor":41,"gold_loss":0,"cards_obtained":["Writhe"]},{"damage_healed":0,"gold_gain":0,"player_choice":"Fight","damage_taken":0,"max_hp_gain":0,"max_hp_loss":0,"event_name":"MindBloom","floor":42,"gold_loss":0},{"damage_healed":0,"gold_gain":0,"player_choice":"Paid","damage_taken":0,"relics_obtained":["Red Mask"],"max_hp_gain":0,"max_hp_loss":0,"event_name":"Tomb of Lord Red Mask","floor":47,"gold_loss":67}],"is_beta":false,"boss_relics":[{"not_picked":["Runesmith:CoreCrystal","Cursed Key"],"picked":"Tiny House"},{"not_picked":["Pandora\u0027s Box","Runesmith:UraniumAnvil"],"picked":"Sozu"}],"items_purged_floors":[11,20,44],"is_endless":false,"potions_floor_spawned":[3,5,7,10,13,18,28,29,31,33,35,38],"ascension_level":0}}