{"host":"ufl0k2so27eic2iy","time":1611823059,"event":{"mods":["BaseMod","Downfall","Minty Spire (QoL Compilation)","StSLib","The Animator"],"gold_per_floor":[99,113,124,124,124,34,34,52,52,71,87,87,121,140,151,254,254,254,60,45,56,73,73,73,73,73,89,119,137,137,155,170,274,274,74,90,105,205,383,402,402,302,329,340,340,340,340,374,388,388,388,421,4,4,4,4,4,4],"floor_reached":56,"language":"ENG","playtime":3175,"items_purged":["champ:Strike","champ:Strike","champ:Strike"],"score":948,"play_id":"648bced5-4415-43c8-9142-76cd53193188","local_time":"20210128083739","is_ascension_mode":true,"campfire_choices":[{"data":"champ:FlashCut","floor":1.0,"key":"SMITH"},{"data":"champ:Taunt","floor":9.0,"key":"SMITH"},{"data":"champ:FocusedDefense","floor":12.0,"key":"SMITH"},{"data":"champ:ShieldThrow","floor":18.0,"key":"SMITH"},{"floor":23.0,"key":"RECALL"},{"floor":25,"key":"REST"},{"data":"champ:ShieldWall","floor":35,"key":"SMITH"},{"data":"champ:ShieldWall","floor":42,"key":"SMITH"},{"data":"champ:FalseCounter","floor":45,"key":"SMITH"},{"floor":54,"key":"REST"}],"circlet_count":0,"master_deck":["champ:Strike","champ:Defend","champ:Defend","champ:Defend","champ:Execute","champ:Taunt+1","champ:FlashCut+1","champ:FocusedDefense+1","champ:FalseCounter+1","champ:ShieldWall+1","champ:SkillfulDodge+1","champ:FalseCounter+1","champ:PreemptiveStrike","champ:DefensiveShout+1","champ:ShieldThrow+1","champ:FlashCut","expansioncontent:QuickStudy+1","champ:TornadoPunch+1","champ:Circumvent+1","champ:CalledShot+1","champ:EnchantCrown+1","champ:StanceDance+1","champ:ShieldSigil+1","champ:EnGarde+1","champ:HoldFirm+1","champ:ShieldWall+1","champ:DefensiveShout+1","expansioncontent:DashGenerateEvil","expansioncontent:QuickStudy+1","champ:DefensiveStyle","champ:ArenaPreparation+1"],"relics":["champ:ChampionCrown","Ancient Tea Set","Toxic Egg 2","Pear","Philosopher\u0027s Stone","Bag of Marbles","sneckomod:SneckoTalon","downfall:HeartBlessingRed","downfall:HeartBlessingGreen","Unceasing Top","downfall:HeartBlessingBlue","Vajra","Happy Flower","Kunai","OrangePellets","Lantern"],"acts_visited":["Exordium","TheCity","TheBeyond","TheEnding"],"potions_floor_usage":[28,33,56,56,56],"damage_taken":[{"damage":11.0,"enemies":"Cultist","floor":2.0,"turns":3.0},{"damage":10.0,"enemies":"2 Louse","floor":3.0,"turns":2.0},{"damage":15.0,"enemies":"downfall:FleeingMerchant","floor":6.0,"turns":4.0},{"damage":2.0,"enemies":"Jaw Worm","floor":8.0,"turns":3.0},{"damage":3.0,"enemies":"Red Slaver","floor":10.0,"turns":4.0},{"damage":10.0,"enemies":"Blue Slaver","floor":11.0,"turns":3.0},{"damage":0.0,"enemies":"Lagavulin","floor":13.0,"turns":7.0},{"damage":10.0,"enemies":"2 Fungi Beasts","floor":14.0,"turns":3.0},{"damage":4.0,"enemies":"Gremlin Gang","floor":15.0,"turns":6.0},{"damage":32.0,"enemies":"IC_STATUS_ARCHETYPE","floor":16.0,"turns":8.0},{"damage":17.0,"enemies":"downfall:FleeingMerchant","floor":19.0,"turns":4.0},{"damage":0.0,"enemies":"downfall:FleeingMerchant","floor":20.0,"turns":4.0},{"damage":6.0,"enemies":"Spheric Guardian","floor":21.0,"turns":5.0},{"damage":19.0,"enemies":"3 Byrds","floor":22.0,"turns":4.0},{"damage":1,"enemies":"Cultist and Chosen","floor":27,"turns":5},{"damage":44,"enemies":"Book of Stabbing","floor":28,"turns":6},{"damage":15,"enemies":"Shelled Parasite and Fungi","floor":29,"turns":4},{"damage":49,"enemies":"Snake Plant","floor":31,"turns":4},{"damage":0,"enemies":"3 Cultists","floor":32,"turns":4},{"damage":28,"enemies":"SI_MIRROR_ARCHETYPE","floor":33,"turns":10},{"damage":23,"enemies":"3 Darklings","floor":36,"turns":4},{"damage":0,"enemies":"Orb Walker","floor":37,"turns":2},{"damage":10,"enemies":"downfall:FleeingMerchant","floor":39,"turns":4},{"damage":0,"enemies":"4 Shapes","floor":40,"turns":5},{"damage":11,"enemies":"Nemesis","floor":43,"turns":7},{"damage":0,"enemies":"3 Darklings","floor":44,"turns":3},{"damage":10,"enemies":"Giant Head","floor":48,"turns":5},{"damage":0,"enemies":"Sphere and 2 Shapes","floor":49,"turns":3},{"damage":7,"enemies":"WA_ARCHETYPE_DIVINITY","floor":50,"turns":11},{"damage":34,"enemies":"downfall:CharBossMerchant","floor":52,"turns":8},{"damage":28,"enemies":"downfall:NeowBoss","floor":55,"turns":20},{"damage":94,"enemies":"downfall:NeowBossFinal","floor":56,"turns":11}],"seed_played":"3566078885298547360","potions_obtained":[{"floor":2.0,"key":"Strength Potion"},{"floor":11.0,"key":"AttackPotion"},{"floor":13.0,"key":"champ:CounterPotion"},{"floor":15.0,"key":"Weak Potion"},{"floor":16.0,"key":"EssenceOfSteel"},{"floor":27,"key":"Energy Potion"},{"floor":28,"key":"SteroidPotion"},{"floor":29,"key":"LiquidBronze"},{"floor":37,"key":"Explosive Potion"},{"floor":44,"key":"BlessingOfTheForge"}],"is_trial":false,"path_per_floor":["R","M","M","?","?","$","T","M","R","M","M","R","E","M","M","B",null,"R","$","$","M","M","R","T","R","?","M","E","M","?","M","M","B",null,"R","M","M","?","$","M","T","R","E","M","R","?","?","E","M","B",null,"E","$","R","B","B"],"character_chosen":"THE_CHAMP","items_purchased":["expansioncontent:QuickStudy","champ:ShieldWall","OrangePellets","Lantern"],"campfire_rested":2,"item_purchase_floors":[19,39,53,53],"current_hp_per_floor":[90,89,89,89,90,90,90,88,88,85,85,85,95,95,91,79,100,100,93,93,87,68,68,68,98,98,97,53,48,48,31,31,3,100,100,87,87,87,87,87,87,97,86,86,86,81,81,81,81,74,110,76,76,109,91,0,0,0],"gold":4,"neow_bonus":"THREE_CARDS","is_daily":false,"chose_seed":false,"campfire_upgraded":7,"win_rate":0.0,"timestamp":1611823059,"path_taken":["R","M","M","?","?","$","T","M","R","M","M","R","E","M","M","BOSS","R","?","$","M","M","R","T","R","?","M","E","M","?","M","M","BOSS","R","M","M","?","$","?","T","R","E","M","R","?","?","E","M","BOSS","E","$","R","BOSS","BOSS"],"items_purchased_type":["Card","Card","Relic","Relic"],"build_version":"2020-12-22","purchased_purges":3,"victory":false,"max_hp_per_floor":[90,90,90,90,90,90,90,90,90,90,90,90,100,100,100,100,100,100,100,100,100,100,100,100,100,100,100,100,100,100,100,100,100,100,100,100,100,100,100,100,100,110,110,110,110,110,110,110,110,110,110,110,110,110,110,110,110,110],"card_choices":[{"not_picked":["champ:Haymaker","champ:DefensiveShout"],"picked":"champ:FlashCut","floor":0.0},{"not_picked":["champ:BladeFlurry","champ:CalledShot"],"picked":"champ:FocusedDefense","floor":2.0},{"not_picked":["champ:PerfectedStrike","champ:PreciseThrust"],"picked":"champ:FalseCounter","floor":3.0},{"not_picked":["champ:CrookedStrike","champ:BerserkerStyle"],"picked":"champ:ShieldWall","floor":6.0},{"not_picked":["champ:GutPunch","champ:ShieldSlam+1","champ:EnragedBash"],"picked":"SKIP","floor":8.0},{"not_picked":["champ:FocusedBerserking+1","champ:FocusedDefense+1"],"picked":"champ:SkillfulDodge+1","floor":10.0},{"not_picked":["champ:GutPunch","champ:GladiatorStyle"],"picked":"champ:FalseCounter+1","floor":11.0},{"not_picked":["champ:BringItOn+1","champ:AdrenalArmor+1"],"picked":"champ:PreemptiveStrike","floor":13.0},{"not_picked":["champ:CheapShot","champ:AdrenalArmor+1","champ:Haymaker"],"picked":"SKIP","floor":14.0},{"not_picked":["champ:Haymaker","champ:PerfectedStrike"],"picked":"champ:DefensiveShout+1","floor":15.0},{"not_picked":["champ:DancingMaster","champ:VampiricStrike"],"picked":"champ:ShieldThrow","floor":16.0},{"not_picked":["champ:Backstep+1","champ:AdrenalArmor+1"],"picked":"champ:FlashCut","floor":19.0},{"not_picked":["champ:Shatter","champ:FlashCut","champ:FanOfKnives"],"picked":"SKIP","floor":20.0},{"not_picked":["champ:DeathBlow","champ:BerserkersShout+1"],"picked":"champ:TornadoPunch+1","floor":21.0},{"not_picked":["champ:PerfectedStrike","champ:Parry+1"],"picked":"champ:Circumvent+1","floor":22.0},{"not_picked":["champ:EnGarde+1","champ:TornadoPunch"],"picked":"champ:CalledShot+1","floor":27},{"not_picked":["champ:FanOfKnives","champ:UltimateStance+1"],"picked":"champ:EnchantCrown+1","floor":28},{"not_picked":["champ:TornadoPunch","champ:Backstep+1"],"picked":"champ:StanceDance+1","floor":29},{"not_picked":["champ:FlashCut","champ:Backstep+1"],"picked":"champ:ShieldSigil+1","floor":31},{"not_picked":["champ:FanOfKnives","champ:CrookedStrike"],"picked":"champ:EnGarde+1","floor":32},{"not_picked":["champ:LastStand","champ:TripleStrike"],"picked":"champ:HoldFirm+1","floor":33},{"not_picked":["champ:Haymaker","champ:Shatter","champ:ShieldSigil+1"],"picked":"SKIP","floor":36},{"not_picked":["champ:Backstep+1","champ:Haymaker","champ:CrownThrow+1"],"picked":"SKIP","floor":37},{"not_picked":["champ:Shatter","champ:PreciseThrust+1","champ:FalseCounter+1"],"picked":"SKIP","floor":39},{"not_picked":["champ:FlashCut+1","champ:StanceDance+1"],"picked":"champ:DefensiveShout+1","floor":40},{"not_picked":["champ:HeartStrike+1","champ:SwordThrow","champ:GutPunch"],"picked":"SKIP","floor":43},{"not_picked":["champ:FanOfKnives+1","champ:BringItOn+1","champ:Haymaker"],"picked":"SKIP","floor":44},{"not_picked":["expansioncontent:GuardianWhirl","expansioncontent:InvincibleStrength"],"picked":"expansioncontent:DashGenerateEvil","floor":46},{"not_picked":["expansioncontent:AwakenDeath","expansioncontent:DashGenerateEvil"],"picked":"expansioncontent:QuickStudy","floor":46},{"not_picked":["champ:Shatter","champ:BladeFlurry","champ:BerserkersShout+1"],"picked":"SKIP","floor":48},{"not_picked":["champ:PreciseThrust+1","champ:CheapShot"],"picked":"champ:DefensiveStyle","floor":49},{"not_picked":["champ:Shatter+1","champ:CrookedStrike"],"picked":"champ:ArenaPreparation+1","floor":52}],"player_experience":2772512,"relics_obtained":[{"floor":7.0,"key":"Toxic Egg 2"},{"floor":13.0,"key":"Pear"},{"floor":28,"key":"Bag of Marbles"},{"floor":41,"key":"Unceasing Top"},{"floor":43,"key":"Vajra"},{"floor":48,"key":"Happy Flower"},{"floor":52,"key":"Kunai"}],"event_choices":[{"damage_healed":1.0,"max_hp_gain":0.0,"max_hp_loss":0.0,"gold_gain":0.0,"event_name":"Wheel of Change","player_choice":"Full Heal","floor":5.0,"gold_loss":0.0,"damage_taken":0.0},{"cards_removed":["champ:Defend"],"damage_healed":0,"gold_gain":0,"player_choice":"Removed Skill","damage_taken":0,"max_hp_gain":0,"max_hp_loss":0,"event_name":"Falling","floor":47,"gold_loss":0}],"is_beta":false,"boss_relics":[{"not_picked":["Tiny House","Runic Dome"],"picked":"Philosopher\u0027s Stone"},{"not_picked":["bronze:MakeshiftBattery","champ:ChampionCrownUpgraded"],"picked":"sneckomod:SneckoTalon"}],"items_purged_floors":[6,39,53],"is_endless":false,"potions_floor_spawned":[2,11,13,14,15,16,27,28,29,31,37,44,49],"killed_by":"downfall:NeowBossFinal","ascension_level":3}}