{"host":"i0avyit1s6jb1siw","time":1611859913,"event":{"mods":["BaseMod","DeckTracker","Dota2Spire","Highlight Path","Minty Spire (QoL Compilation)","Quick Restart","StSLib","SuperFastMode"],"gold_per_floor":[118,129,149,74,149,168,168,201,252,305,305,339,339,3,21,21,21,21],"floor_reached":17,"language":"ENG","playtime":442,"items_purged":["Strike_R"],"score":230,"play_id":"43f9d052-bc6f-4207-a434-7e74248c2260","local_time":"20210128195153","is_ascension_mode":true,"campfire_choices":[{"data":"Carnage","floor":7.0,"key":"SMITH"},{"floor":11.0,"key":"REST"},{"data":"Barricade","floor":16.0,"key":"SMITH"}],"circlet_count":0,"master_deck":["AscendersBane","Strike_R","Strike_R","Defend_R+1","Defend_R","Defend_R","Bash","Carnage+1","Rupture","Battle Trance","Disarm","Infernal Blade","Shrug It Off+1","Pommel Strike","Barricade+1"],"relics":["Burning Blood","Dota2Spire:MantaStyle","War Paint","Dota2Spire:PowerTreads","Singing Bowl","Toolbox"],"acts_visited":["Exordium"],"potions_floor_usage":[],"damage_taken":[{"damage":7.0,"enemies":"Jaw Worm","floor":1.0,"turns":3.0},{"damage":8.0,"enemies":"Small Slimes","floor":2.0,"turns":3.0},{"damage":11.0,"enemies":"2 Louse","floor":3.0,"turns":4.0},{"damage":18.0,"enemies":"Blue Slaver","floor":6.0,"turns":4.0},{"damage":23.0,"enemies":"Lagavulin","floor":8.0,"turns":6.0},{"damage":10.0,"enemies":"Gremlin Nob","floor":12.0,"turns":3.0},{"damage":9.0,"enemies":"3 Louse","floor":15.0,"turns":4.0},{"damage":45,"enemies":"Slime Boss","floor":17,"turns":10}],"seed_played":"6148776939634979965","potions_obtained":[{"floor":2.0,"key":"Strength Potion"},{"floor":3.0,"key":"Block Potion"}],"is_trial":false,"path_per_floor":["M","M","M","?","?","M","R","E","T","T","R","E","T","$","M","R","B"],"character_chosen":"IRONCLAD","items_purchased":["Toolbox","Barricade"],"campfire_rested":1,"item_purchase_floors":[14,14],"current_hp_per_floor":[67,65,60,60,49,37,37,20,20,20,40,36,36,36,35,35,0,0],"gold":21,"neow_bonus":"TRANSFORM_TWO_CARDS","is_daily":false,"chose_seed":false,"campfire_upgraded":2,"win_rate":0.0,"timestamp":1611859913,"path_taken":["M","M","M","?","?","M","R","E","T","T","R","E","?","?","M","R","BOSS"],"items_purchased_type":["Relic","Card"],"build_version":"2020-12-22","purchased_purges":1,"victory":false,"max_hp_per_floor":[68,68,68,68,68,68,68,68,68,68,68,68,68,68,70,70,70,70],"card_choices":[{"not_picked":["True Grit","Twin Strike"],"picked":"Battle Trance","floor":1.0},{"not_picked":["Thunderclap","Warcry"],"picked":"Disarm","floor":2.0},{"not_picked":["Infernal Blade","Heavy Blade","Twin Strike"],"picked":"SKIP","floor":3.0},{"not_picked":["Heavy Blade","Twin Strike"],"picked":"Infernal Blade","floor":3.0},{"not_picked":["Rupture","Havoc"],"picked":"Shrug It Off","floor":6.0},{"not_picked":["Cleave","Bludgeon"],"picked":"Pommel Strike","floor":8.0},{"not_picked":["Havoc","Body Slam","Sever Soul"],"picked":"SKIP","floor":12.0},{"not_picked":["Body Slam","Armaments","Anger"],"picked":"Singing Bowl","floor":15.0}],"player_experience":2362969,"relics_obtained":[{"floor":8.0,"key":"Dota2Spire:MantaStyle"},{"floor":10.0,"key":"War Paint"},{"floor":12.0,"key":"Dota2Spire:PowerTreads"},{"floor":13.0,"key":"Singing Bowl"}],"event_choices":[{"cards_removed":["Strike_R"],"damage_healed":0.0,"max_hp_gain":0.0,"max_hp_loss":0.0,"gold_gain":0.0,"event_name":"The Cleric","player_choice":"Card Removal","floor":4.0,"gold_loss":75.0,"damage_taken":0.0},{"damage_healed":0.0,"max_hp_gain":0.0,"max_hp_loss":0.0,"gold_gain":75.0,"event_name":"World of Goop","player_choice":"Gather Gold","floor":5.0,"gold_loss":0.0,"damage_taken":11.0}],"is_beta":false,"boss_relics":[],"items_purged_floors":[14],"is_endless":false,"potions_floor_spawned":[2,3,12,15],"killed_by":"Slime Boss","ascension_level":20}}