{"host":"hpn0uxah5qjr7pa6","time":1611797232,"event":{"mods":["Act Like it!","BaseMod","BetterRewards","Colored Powertips","Conspire","Downfall","Hallownest","Hermit","Hubris","Infinite Spire","Minty Spire (QoL Compilation)","Quick Restart","Replay The Spire","StSLib","The Jungle"],"gold_per_floor":[99,99,99,99,116,116,116,16,16,117,102,102,2,29,39,39,39,39],"floor_reached":16,"language":"ENG","playtime":595,"items_purged":[],"score":103,"play_id":"66ae8b5b-8041-4ebc-a274-deea8cac0e64","local_time":"20210127172712","is_ascension_mode":true,"campfire_choices":[{"floor":1,"key":"DIG"},{"data":"bronze:Branch","floor":6,"key":"SMITH"},{"floor":8,"key":"RECALL"},{"floor":13,"key":"REST"}],"circlet_count":0,"master_deck":["bronze:Strike","bronze:Strike","bronze:Strike","bronze:Strike","bronze:Defend","bronze:Defend","bronze:Defend","bronze:Defend","bronze:Replicate","bronze:Goto","bronze:Branch+1","bronze:Constructor","bronze:Spike","bronze:NullPointer","bronze:ShipIt"],"relics":["bronze:BronzeCore","downfall:HeartsMalice","InkBottle","downfall:HeartBlessingBlue","downfall:HeartBlessingRed","Toy Ornithopter"],"acts_visited":["Exordium"],"potions_floor_usage":[14,14,15,16],"damage_taken":[{"damage":0,"enemies":"Cultist","floor":2,"turns":1},{"damage":0,"enemies":"Jaw Worm","floor":3,"turns":1},{"damage":0,"enemies":"Small Slimes","floor":4,"turns":1},{"damage":0,"enemies":"Exordium Wildlife","floor":5,"turns":5},{"damage":31,"enemies":"Exordium Wildlife","floor":9,"turns":3},{"damage":0,"enemies":"downfall:FleeingMerchant","floor":11,"turns":4},{"damage":14,"enemies":"Gremlin Nob","floor":14,"turns":5},{"damage":3,"enemies":"Blue Slaver","floor":15,"turns":3},{"damage":39,"enemies":"WA_ARCHETYPE_RETAIN","floor":16,"turns":6}],"seed_played":"-6739300439180548933","potions_obtained":[{"floor":5,"key":"Adrenaline Potion"},{"floor":9,"key":"Weak Potion"},{"floor":14,"key":"Reflective Coating"},{"floor":15,"key":"hexamod:SoulburnPotion"}],"is_trial":false,"path_per_floor":["R","M","M","M","M","R","T","R","?","?","$","?","R","E","M","B"],"character_chosen":"THE_AUTOMATON","items_purchased":[],"campfire_rested":1,"item_purchase_floors":[],"current_hp_per_floor":[70,70,70,70,70,70,70,80,49,17,17,17,41,27,29,0,0,0],"gold":39,"neow_bonus":"THREE_ENEMY_KILL","is_daily":false,"chose_seed":false,"campfire_upgraded":1,"win_rate":0.0,"timestamp":1611797232,"path_taken":["R","M","M","?","M","R","T","R","?","?","$","?","R","E","M","BOSS"],"items_purchased_type":[],"build_version":"2020-12-22","purchased_purges":0,"victory":false,"max_hp_per_floor":[70,70,70,70,70,70,70,80,80,80,80,80,80,80,80,80,80,80],"card_choices":[{"not_picked":["bronze:Separator","bronze:BuggyMess"],"picked":"bronze:Branch","floor":2},{"not_picked":["bronze:ClassDefault","bronze:Invalidate","bronze:Deprecate"],"picked":"SKIP","floor":3},{"not_picked":["bronze:Overheat","bronze:BuggyMess"],"picked":"bronze:Constructor","floor":4},{"not_picked":["bronze:DelayedGuard","bronze:Overheat","bronze:CutThrough"],"picked":"SKIP","floor":5},{"not_picked":[],"picked":"bronze:Spike","floor":9},{"not_picked":["bronze:CleanCode","bronze:Shield"],"picked":"bronze:NullPointer","floor":10},{"not_picked":["bronze:Invalidate","bronze:Safeguard","bronze:ItsAFeature"],"picked":"SKIP","floor":11},{"not_picked":["bronze:Backtrace","bronze:Shell","bronze:Frontload"],"picked":"SKIP","floor":14},{"not_picked":["bronze:DelayedGuard","bronze:Shield"],"picked":"bronze:ShipIt","floor":15}],"player_experience":113179,"relics_obtained":[{"floor":1,"key":"InkBottle"},{"floor":14,"key":"Toy Ornithopter"}],"event_choices":[{"damage_healed":0,"gold_gain":0,"player_choice":"Leave","damage_taken":0,"max_hp_gain":0,"max_hp_loss":0,"event_name":"conspire:Investor","floor":12,"gold_loss":0}],"is_beta":false,"boss_relics":[],"items_purged_floors":[],"is_endless":false,"potions_floor_spawned":[5,9,14,15],"killed_by":"WA_ARCHETYPE_RETAIN","ascension_level":2}}