{"host":"h2w4boy617ufzuse","time":1611847055,"event":{"mods":["BaseMod","Challenge The Spire","Colored Powertips","Downfall","Marisa£®ÏF”Í°°ƒß¿Ì…≥£©","Minty Spire (QoL Compilation)","READ ME - Guardian Mod","StSLib"],"gold_per_floor":[99,156,172,13,29,45,45,58,58,90,390,419,419,438,458,554,554,354,371,99,115,133,150,201,476,39,39,52,81,101,114,124,222,222,222,238,254,254,154,154,178,213,113,125,125,0,18,18,35,35,35,60,60,60,60,60],"floor_reached":57,"language":"ZHS","playtime":5453,"items_purged":["downfall:Icky","downfall:Icky","Shame"],"score":1243,"play_id":"a30209b5-ce2c-4a7e-850a-cdfb436fd8bc","local_time":"20210128231735","is_ascension_mode":false,"campfire_choices":[{"floor":1.0,"key":"RECALL"},{"floor":9.0,"key":"REST"},{"data":"MillisecondPulsars","floor":18.0,"key":"SMITH"},{"floor":27.0,"key":"REST"},{"data":"Apotheosis","floor":35.0,"key":"SMITH"},{"data":"OortCloud","floor":40.0,"key":"SMITH"},{"data":"AsteroidBelt","floor":43.0,"key":"SMITH"},{"floor":54.0,"key":"REST"}],"circlet_count":0,"master_deck":["Strike_MRS","Strike_MRS","Strike_MRS","Strike_MRS","Defend_MRS","Defend_MRS","Defend_MRS","MasterSpark","UpSweep","MagicAbsorber","MysteriousBeam","MilkyWay","DC+1","ShootTheMoon","Acceleration","GalacticHalo","ChargeUpSpray","LuminesStrike","MillisecondPulsars+1","DoubleSpark","PowerUp","expansioncontent:YouAreMine","IllusionStar","SporeBomb","Regret","UnstableBomb+1","AsteroidBelt+1","Apotheosis+1","OortCloud+1","SprinkleStarSeal","GrandCross+1","OneTimeOff+1","StarDustReverie","MasterSpark","GasGiant+1","6A+1","MysteriousBeam+1"],"relics":["MiniHakkero","CaptainsWheel","Orichalcum","Regal Pillow","Vajra","Philosopher\u0027s Stone","downfall:HeartBlessingRed","downfall:HeartBlessingBlue","PreservedInsect","White Beast Statue","SimpleLauncher","Mercury Hourglass","Cursed Key","Boot","Dream Catcher","downfall:HeartBlessingGreen","downfall:TeleportStone","Oddly Smooth Stone"],"acts_visited":["Exordium","TheCity","TheBeyond","TheEnding"],"potions_floor_usage":[],"damage_taken":[{"damage":43.0,"enemies":"Lagavulin Event","floor":2.0,"turns":7.0},{"damage":1.0,"enemies":"Cultist","floor":3.0,"turns":3.0},{"damage":0.0,"enemies":"downfall:FleeingMerchant","floor":4.0,"turns":4.0},{"damage":3.0,"enemies":"Jaw Worm","floor":5.0,"turns":3.0},{"damage":5.0,"enemies":"Small Slimes","floor":6.0,"turns":2.0},{"damage":3.0,"enemies":"Red Slaver","floor":8.0,"turns":3.0},{"damage":4.0,"enemies":"3 Sentries","floor":10.0,"turns":4.0},{"damage":12.0,"enemies":"Lagavulin","floor":12.0,"turns":4.0},{"damage":1.0,"enemies":"Lots of Slimes","floor":14.0,"turns":4.0},{"damage":4.0,"enemies":"2 Fungi Beasts","floor":15.0,"turns":2.0},{"damage":17.0,"enemies":"DF_ARCHETYPE_STREAMLINE","floor":16.0,"turns":9.0},{"damage":0.0,"enemies":"Spheric Guardian","floor":19.0,"turns":3.0},{"damage":5.0,"enemies":"downfall:FleeingMerchant","floor":20.0,"turns":4.0},{"damage":18.0,"enemies":"Snake Plant","floor":21.0,"turns":3.0},{"damage":15.0,"enemies":"Centurion and Healer","floor":22.0,"turns":3.0},{"damage":6.0,"enemies":"Snecko","floor":23.0,"turns":4.0},{"damage":9.0,"enemies":"downfall:FleeingMerchant","floor":26.0,"turns":4.0},{"damage":18.0,"enemies":"Snake Plant","floor":28.0,"turns":2.0},{"damage":10.0,"enemies":"Slavers","floor":29.0,"turns":3.0},{"damage":7.0,"enemies":"Centurion and Healer","floor":30.0,"turns":3.0},{"damage":0.0,"enemies":"Sentry and Sphere","floor":31.0,"turns":2.0},{"damage":18.0,"enemies":"Snake Plant","floor":32.0,"turns":2.0},{"damage":12.0,"enemies":"WA_ARCHETYPE_CALM","floor":33.0,"turns":7.0},{"damage":3.0,"enemies":"3 Shapes","floor":36.0,"turns":2.0},{"damage":8.0,"enemies":"3 Darklings","floor":37.0,"turns":3.0},{"damage":15.0,"enemies":"Reptomancer","floor":42.0,"turns":4.0},{"damage":5.0,"enemies":"Transient","floor":44.0,"turns":5.0},{"damage":3.0,"enemies":"Sphere and 2 Shapes","floor":47.0,"turns":2.0},{"damage":12.0,"enemies":"Spire Growth","floor":49.0,"turns":5.0},{"damage":16.0,"enemies":"SI_POISON_ARCHETYPE","floor":50.0,"turns":5.0},{"damage":59.0,"enemies":"downfall:CharBossMerchant","floor":52.0,"turns":7.0},{"damage":20.0,"enemies":"downfall:NeowBoss","floor":55.0,"turns":12.0},{"damage":41,"enemies":"downfall:NeowBossFinal","floor":56,"turns":11}],"seed_played":"2398488765318840994","potions_obtained":[{"floor":2.0,"key":"Regen Potion"},{"floor":5.0,"key":"SteroidPotion"},{"floor":8.0,"key":"EssenceOfSteel"},{"floor":12.0,"key":"Block Potion"},{"floor":15.0,"key":"DistilledChaos"},{"floor":21.0,"key":"Strength Potion"},{"floor":28.0,"key":"Fire Potion"},{"floor":29.0,"key":"FearPotion"},{"floor":30.0,"key":"Dexterity Potion"},{"floor":31.0,"key":"AttackPotion"},{"floor":32.0,"key":"SmokeBomb"},{"floor":33.0,"key":"Fire Potion"},{"floor":36.0,"key":"Swift Potion"},{"floor":37.0,"key":"Ancient Potion"},{"floor":42.0,"key":"BottledSpark"},{"floor":44.0,"key":"BlessingOfTheForge"},{"floor":47.0,"key":"Regen Potion"},{"floor":49.0,"key":"SpeedPotion"},{"floor":52.0,"key":"bronze:BurnAndBuffPotion"}],"is_trial":false,"path_per_floor":["R","?","M","$","M","M","T","M","R","E","?","E","?","M","M","B",null,"R","M","$","M","M","M","T","?","$","R","M","E","M","M","M","B",null,"R","M","M","?","$","R","T","E","R","M","?","$","M","$","M","B",null,"E","$","R","B","B",null],"character_chosen":"MARISA","items_purchased":["Orichalcum","expansioncontent:YouAreMine","IllusionStar","Dexterity Potion","White Beast Statue","SimpleLauncher","AsteroidBelt","Apotheosis"],"campfire_rested":3,"item_purchase_floors":[4,20,20,20,26,26,26,26],"current_hp_per_floor":[75,32,31,45,42,37,37,34,56,52,52,40,40,39,35,18,75,85,85,80,62,47,41,41,41,32,72,54,44,37,37,19,7,85,85,82,74,74,74,74,74,59,59,54,54,54,51,51,53,37,85,26,26,66,46,5],"gold":60,"neow_bonus":"REMOVE_CARD","is_daily":false,"chose_seed":false,"campfire_upgraded":4,"win_rate":0.0,"timestamp":1611847055,"path_taken":["R","?","M","$","M","M","T","M","R","E","?","E","?","?","M","BOSS","R","M","?","?","M","M","T","?","$","R","M","E","M","?","M","BOSS","R","M","M","?","?","R","T","E","R","M","?","$","?","?","M","BOSS","E","$","R","BOSS","BOSS"],"items_purchased_type":["Relic","Card","Card","Potion","Relic","Relic","Card","Card"],"build_version":"2020-12-22","purchased_purges":3,"victory":true,"max_hp_per_floor":[75,75,75,75,75,75,75,75,75,75,75,75,75,75,75,75,75,85,85,85,85,85,85,85,85,85,85,85,85,85,85,85,85,85,85,85,85,85,85,85,85,85,85,85,85,85,85,85,85,85,85,85,85,85,85,85],"card_choices":[{"not_picked":["SporeBomb","AsteroidBelt"],"picked":"MagicAbsorber","floor":2.0},{"not_picked":["DragonMeteor","6A"],"picked":"MysteriousBeam","floor":3.0},{"not_picked":["DoubleSpark","Occultation"],"picked":"MilkyWay","floor":4.0},{"not_picked":["GrandCross","ShootingEcho"],"picked":"DC","floor":5.0},{"not_picked":["Orbital","DarkMatter"],"picked":"ShootTheMoon","floor":6.0},{"not_picked":["SuperNova","Occultation","OneTimeOff"],"picked":"SKIP","floor":8.0},{"not_picked":["ShootTheMoon","DoubleSpark"],"picked":"Acceleration","floor":10.0},{"not_picked":["StarlightTyphoon","EnergyFlow"],"picked":"GalacticHalo","floor":12.0},{"not_picked":["OneTimeOff","ShootingEcho"],"picked":"ChargeUpSpray","floor":14.0},{"not_picked":["AsteroidBelt","GasGiant"],"picked":"LuminesStrike","floor":15.0},{"not_picked":["TreasureHunter","BinaryStars"],"picked":"MillisecondPulsars","floor":16.0},{"not_picked":["WitchLeyline","StarlightTyphoon+1"],"picked":"DoubleSpark","floor":19.0},{"not_picked":["Singularity+1","IllusionStar"],"picked":"PowerUp","floor":20.0},{"not_picked":["ChargeUpSpray","DC","UnstableBomb"],"picked":"SKIP","floor":21.0},{"not_picked":["DoubleSpark+1","CollectingQuirk","GravityBeat"],"picked":"SKIP","floor":22.0},{"not_picked":["ManaConvection","SuperPerseids+1"],"picked":"SporeBomb","floor":23.0},{"not_picked":["Acceleration","PulseMagic"],"picked":"UnstableBomb+1","floor":26.0},{"not_picked":["LuminesStrike","AsteroidBelt"],"picked":"OortCloud","floor":28.0},{"not_picked":["NonDirectionalLaser","6A"],"picked":"SprinkleStarSeal","floor":29.0},{"not_picked":["SuperPerseids+1","AsteroidBelt"],"picked":"GrandCross+1","floor":30.0},{"not_picked":["DarkSpark","SporeBomb+1","WitchLeyline"],"picked":"SKIP","floor":31.0},{"not_picked":["DeepEcoloBomb","ChargingUp+1","JA"],"picked":"SKIP","floor":32.0},{"not_picked":["ChargingUp","EventHorizon+1"],"picked":"OneTimeOff+1","floor":36.0},{"not_picked":["Occultation","OneTimeOff","PropBag"],"picked":"SKIP","floor":37.0},{"not_picked":["AsteroidBelt","UnstableBomb+1","WitchLeyline+1"],"picked":"SKIP","floor":42.0},{"not_picked":["LuminesStrike","WitchOfGreed+1"],"picked":"GasGiant+1","floor":44.0},{"not_picked":["JA","UnstableBomb"],"picked":"6A+1","floor":47.0},{"not_picked":["UnstableBomb+1","PowerUp","LuminesStrike+1"],"picked":"SKIP","floor":49.0},{"not_picked":["UnstableBomb","CasketOfStar","6A"],"picked":"SKIP","floor":52.0},{"not_picked":["LuminesStrike+1","GravityBeat"],"picked":"MysteriousBeam+1","floor":54.0}],"player_experience":53026,"relics_obtained":[{"floor":10.0,"key":"Regal Pillow"},{"floor":12.0,"key":"Vajra"},{"floor":24.0,"key":"PreservedInsect"},{"floor":29.0,"key":"Mercury Hourglass"},{"floor":41.0,"key":"Boot"},{"floor":42.0,"key":"Dream Catcher"},{"floor":52.0,"key":"Oddly Smooth Stone"}],"event_choices":[{"damage_healed":0.0,"max_hp_gain":0.0,"max_hp_loss":0.0,"gold_gain":0.0,"event_name":"Accursed Blacksmith","player_choice":"Forge","floor":13.0,"gold_loss":0.0,"damage_taken":0.0,"cards_upgraded":["DC"]}],"is_beta":false,"boss_relics":[{"not_picked":["Coffee Dripper","Tiny House"],"picked":"Philosopher\u0027s Stone"},{"not_picked":["Velvet Choker","Busted Crown"],"picked":"Cursed Key"}],"items_purged_floors":[20,39,46],"is_endless":false,"potions_floor_spawned":[2,5,8,12,15,21,28,29,30,31,32,33,36,37,42,44,47,49,52],"ascension_level":0}}