{"host":"fflyk188z5ncxlup","time":1611836005,"event":{"mods":["AchievementEnabler","BaseMod","Bestiary","Better Third Choice","Block Reminder","Colored Map","Colored Powertips","DeckTracker","Googly Eyes","Minty Spire (QoL Compilation)","StSLib","SuperFastMode"],"gold_per_floor":[116,116,116,116,18,18,49,62,62,77,97,97,108,120,139,139,139,157,157,157,231,231,247,247,247,264,264,293,293,306,306,306,306,319,337,348,348,348,427,427,501,501,521,533,362,362,362],"floor_reached":46,"language":"ENG","playtime":1571,"items_purged":[],"score":1220,"play_id":"e057c863-ce05-467d-92b3-8c8b5d573f70","local_time":"20210128211325","is_ascension_mode":true,"campfire_choices":[{"data":"Cleave","floor":9,"key":"SMITH"},{"data":"Demon Form","floor":16,"key":"SMITH"},{"data":"Apotheosis","floor":20,"key":"SMITH"},{"floor":29,"key":"REST"},{"floor":38,"key":"REST"},{"floor":40,"key":"REST"}],"circlet_count":0,"master_deck":["AscendersBane","Strike_R","Strike_R","Strike_R","Defend_R","Defend_R","Defend_R","Seeing Red","Intimidate","Cleave+1","Demon Form+1","Shrug It Off","Apotheosis+1","Offering","Bludgeon+1","Uppercut+1","Pummel+1","Limit Break","Immolate","Double Tap","Seeing Red+1","Reaper","Pommel Strike+1"],"relics":["Burning Blood","NeowsBlessing","Ornamental Fan","CaptainsWheel","Toy Ornithopter","Charon\u0027s Ashes","Torii","Astrolabe","Meat on the Bone","Orichalcum","Pear","Peace Pipe","Cursed Key","Orrery"],"acts_visited":["Exordium","TheCity","TheBeyond"],"potions_floor_usage":[28,28,35],"damage_taken":[{"damage":0,"enemies":"Cultist","floor":1,"turns":1},{"damage":0,"enemies":"Lagavulin","floor":7,"turns":1},{"damage":0,"enemies":"2 Louse","floor":8,"turns":1},{"damage":0,"enemies":"Small Slimes","floor":10,"turns":4},{"damage":9,"enemies":"Gremlin Gang","floor":11,"turns":4},{"damage":12,"enemies":"Exordium Wildlife","floor":13,"turns":4},{"damage":8,"enemies":"Blue Slaver","floor":14,"turns":4},{"damage":0,"enemies":"2 Fungi Beasts","floor":15,"turns":2},{"damage":12,"enemies":"Looter","floor":18,"turns":4},{"damage":29,"enemies":"The Guardian","floor":21,"turns":11},{"damage":12,"enemies":"Chosen","floor":23,"turns":4},{"damage":7,"enemies":"2 Thieves","floor":26,"turns":3},{"damage":19,"enemies":"Gremlin Leader","floor":28,"turns":5},{"damage":15,"enemies":"Chosen and Byrds","floor":30,"turns":5},{"damage":19,"enemies":"Snake Plant","floor":34,"turns":7},{"damage":7,"enemies":"3 Cultists","floor":35,"turns":4},{"damage":6,"enemies":"Snecko","floor":36,"turns":2},{"damage":56,"enemies":"Collector","floor":39,"turns":9},{"damage":85,"enemies":"Collector","floor":41,"turns":10},{"damage":42,"enemies":"3 Shapes","floor":43,"turns":8},{"damage":38,"enemies":"3 Darklings","floor":44,"turns":4},{"damage":38,"enemies":"Spire Growth","floor":46,"turns":4}],"seed_played":"-3419070592505061015","potions_obtained":[{"floor":7,"key":"FearPotion"},{"floor":10,"key":"AttackPotion"},{"floor":34,"key":"Energy Potion"},{"floor":39,"key":"FairyPotion"}],"is_trial":false,"path_per_floor":["M","$","?","?","?","$","E","M","R","M","M","T","M","M","M","R","T","M","?","R","B",null,"M","?","?","M","?","E","R","M","T","T","?","M","M","M","T","R","B","R","B",null,"M","M","$","M"],"character_chosen":"IRONCLAD","items_purchased":["Orrery"],"campfire_rested":3,"item_purchase_floors":[45],"current_hp_per_floor":[74,74,74,69,69,69,75,75,75,75,72,72,66,64,70,70,70,64,64,64,41,67,61,61,40,39,39,36,60,51,51,61,61,60,64,64,64,90,52,79,45,79,55,35,35,0,0],"gold":362,"neow_bonus":"THREE_ENEMY_KILL","is_daily":false,"chose_seed":false,"campfire_upgraded":3,"win_rate":0.0,"timestamp":1611836005,"path_taken":["M","?","?","?","?","$","E","M","R","?","M","T","M","M","M","R","?","M","?","R","BOSS","M","?","?","M","?","E","R","M","T","T","?","?","M","M","?","R","BOSS","R","BOSS","M","M","$","M"],"items_purchased_type":["Relic"],"build_version":"2020-12-22","purchased_purges":0,"victory":false,"max_hp_per_floor":[75,75,75,75,75,75,75,75,75,75,75,75,75,75,75,75,75,75,75,75,75,75,75,75,80,80,80,80,80,80,80,90,90,90,90,90,90,90,90,90,90,90,90,90,90,90,90],"card_choices":[{"not_picked":["Havoc","Rage"],"picked":"Seeing Red","floor":1},{"not_picked":["Havoc","True Grit"],"picked":"Intimidate","floor":7},{"not_picked":["Fire Breathing","Heavy Blade"],"picked":"Cleave","floor":8},{"not_picked":["Anger","Headbutt","Sword Boomerang"],"picked":"SKIP","floor":10},{"not_picked":["Ghostly Armor","Armaments","Reckless Charge"],"picked":"SKIP","floor":11},{"not_picked":["Heavy Blade","Reckless Charge"],"picked":"Demon Form","floor":13},{"not_picked":["True Grit","Sword Boomerang","Dropkick"],"picked":"SKIP","floor":14},{"not_picked":["Ghostly Armor","Havoc"],"picked":"Shrug It Off","floor":15},{"not_picked":["Shrug It Off","Entrench","Armaments"],"picked":"SKIP","floor":18},{"not_picked":["Double Tap","Juggernaut"],"picked":"Offering","floor":21},{"not_picked":["Warcry","Sever Soul","Dark Embrace"],"picked":"SKIP","floor":23},{"not_picked":["Clash","Pommel Strike","Searing Blow"],"picked":"SKIP","floor":26},{"not_picked":["Flex","Headbutt","Sword Boomerang"],"picked":"SKIP","floor":28},{"not_picked":["Armaments","Rampage","Iron Wave"],"picked":"SKIP","floor":30},{"not_picked":["Cleave","Twin Strike"],"picked":"Limit Break","floor":34},{"not_picked":["Intimidate","Fire Breathing","Combust"],"picked":"SKIP","floor":35},{"not_picked":["Perfected Strike","Shockwave","Armaments"],"picked":"SKIP","floor":36},{"not_picked":["Juggernaut","Double Tap"],"picked":"Immolate","floor":39},{"not_picked":["Impervious","Immolate"],"picked":"Double Tap","floor":41},{"not_picked":["Iron Wave","Body Slam","Anger"],"picked":"SKIP","floor":43},{"not_picked":["Clash","Armaments+1","Wild Strike+1"],"picked":"SKIP","floor":44},{"not_picked":["Flex","Hemokinesis"],"picked":"Seeing Red+1","floor":45},{"not_picked":["Wild Strike","Blood for Blood+1"],"picked":"Reaper","floor":45},{"not_picked":["Warcry","Carnage"],"picked":"Pommel Strike+1","floor":45}],"player_experience":400074,"relics_obtained":[{"floor":7,"key":"Toy Ornithopter"},{"floor":12,"key":"Charon\u0027s Ashes"},{"floor":17,"key":"Torii"},{"floor":28,"key":"Meat on the Bone"},{"floor":31,"key":"Orichalcum"},{"floor":32,"key":"Pear"},{"floor":37,"key":"Peace Pipe"}],"event_choices":[{"damage_healed":0,"gold_gain":0,"player_choice":"Leave","damage_taken":0,"max_hp_gain":0,"max_hp_loss":0,"event_name":"The Cleric","floor":3,"gold_loss":0},{"damage_healed":0,"gold_gain":0,"player_choice":"Relic ","damage_taken":5,"max_hp_gain":0,"max_hp_loss":0,"event_name":"betterThird:BetterScrap","floor":4,"gold_loss":0,"cards_obtained":["Chill"]},{"damage_healed":0,"gold_gain":0,"player_choice":"Paid Gold","damage_taken":0,"relics_obtained":["CaptainsWheel"],"max_hp_gain":0,"max_hp_loss":0,"event_name":"WeMeetAgain","floor":5,"gold_loss":98},{"damage_healed":64,"gold_gain":0,"player_choice":"Embrace","damage_taken":0,"max_hp_gain":0,"max_hp_loss":75,"event_name":"betterThird:BetterShining","floor":19,"gold_loss":0},{"damage_healed":0,"gold_gain":0,"player_choice":"Ignored","damage_taken":0,"max_hp_gain":0,"max_hp_loss":0,"event_name":"Ghosts","floor":24,"gold_loss":0},{"damage_healed":0,"gold_gain":0,"player_choice":"Shed Blood","damage_taken":26,"max_hp_gain":5,"max_hp_loss":0,"event_name":"Forgotten Altar","floor":25,"gold_loss":0},{"damage_healed":0,"gold_gain":0,"player_choice":"Ignored","damage_taken":0,"max_hp_gain":0,"max_hp_loss":0,"event_name":"Vampires","floor":27,"gold_loss":0},{"cards_removed":["Bash"],"damage_healed":0,"gold_gain":0,"player_choice":"Purged","damage_taken":0,"max_hp_gain":0,"max_hp_loss":0,"event_name":"Purifier","floor":33,"gold_loss":0}],"is_beta":false,"boss_relics":[{"not_picked":["Runic Dome","SacredBark"],"picked":"Astrolabe"},{"not_picked":["Tiny House","Coffee Dripper"],"picked":"Cursed Key"}],"items_purged_floors":[],"is_endless":false,"potions_floor_spawned":[7,10,14,15,23,34,39],"killed_by":"Spire Growth","ascension_level":18}}