{"host":"vx9g5eyuglzorf3u","time":1611856959,"event":{"mods":["2.2 Compatiblity","BaseMod","DeckTracker","Keyboard Shortcuts","Minty Spire (QoL Compilation)","Relic Stats","StSLib","SuperFastMode","everything is the same but u backflip on backflip"],"gold_per_floor":[117,117,42,42,42,42,85,85,158,158,173,216,232,255,255,255,255],"floor_reached":16,"language":"KOR","playtime":288,"items_purged":[],"score":216,"play_id":"7f85a97d-adab-4f42-9b6f-fe5f30cc9481","local_time":"20210129030239","is_ascension_mode":true,"campfire_choices":[{"data":"Bash","floor":6,"key":"SMITH"},{"floor":8,"key":"REST"},{"data":"Shockwave","floor":15,"key":"SMITH"}],"circlet_count":0,"master_deck":["AscendersBane","Strike_R+1","Strike_R","Strike_R","Strike_R+1","Strike_R","Defend_R","Defend_R","Defend_R","Bash+1","Metallicize","Fiend Fire","Shockwave+1","Dropkick","Exhume"],"relics":["Burning Blood","Bag of Marbles","Golden Idol","Sundial","Question Card","Whetstone"],"acts_visited":["Exordium"],"potions_floor_usage":[12,16],"damage_taken":[{"damage":1.0,"enemies":"Small Slimes","floor":1.0,"turns":4.0},{"damage":32,"enemies":"Gremlin Nob","floor":7,"turns":4},{"damage":9,"enemies":"Jaw Worm","floor":11,"turns":4},{"damage":23,"enemies":"3 Sentries","floor":12,"turns":10},{"damage":3,"enemies":"2 Louse","floor":13,"turns":2},{"damage":14,"enemies":"Red Slaver","floor":14,"turns":2},{"damage":28,"enemies":"Hexaghost","floor":16,"turns":7}],"seed_played":"2389687794210754502","potions_obtained":[{"floor":7,"key":"Fire Potion"},{"floor":13,"key":"GamblersBrew"},{"floor":14,"key":"Explosive Potion"}],"is_trial":false,"path_per_floor":["M","?","?","$","?","R","E","R","T","?","M","E","M","M","R","B"],"character_chosen":"IRONCLAD","items_purchased":[],"campfire_rested":1,"item_purchase_floors":[],"current_hp_per_floor":[73,47,47,47,47,47,21,43,43,48,45,28,31,23,23,0,0],"gold":255,"neow_bonus":"RANDOM_COMMON_RELIC","is_daily":false,"chose_seed":false,"campfire_upgraded":2,"win_rate":0.0,"timestamp":1611856959,"path_taken":["M","?","?","$","?","R","E","R","T","?","M","E","M","M","R","BOSS"],"items_purchased_type":[],"build_version":"2020-12-22","purchased_purges":0,"victory":false,"max_hp_per_floor":[75,75,75,75,75,75,75,75,75,80,80,80,80,80,80,80,80],"relic_stats":{"counters":[7,33],"Golden Idol":29,"Sundial":[4],"Whetstone":["Strike_R","Strike_R"],"Question Card":4,"obtain_stats":[{"Golden Idol":2,"Sundial":7,"Bag of Marbles":0,"Whetstone":12,"Question Card":9,"Burning Blood":0},{"Golden Idol":1,"Sundial":2,"Bag of Marbles":0,"Whetstone":4,"Question Card":2,"Burning Blood":0},{"Golden Idol":4,"Sundial":8,"Bag of Marbles":0,"Whetstone":22,"Question Card":8,"Burning Blood":0}],"Burning Blood":36},"card_choices":[{"not_picked":["Twin Strike","Thunderclap","Metallicize"],"picked":"SKIP","floor":1.0},{"not_picked":["Twin Strike","Thunderclap"],"picked":"Metallicize","floor":1.0},{"not_picked":["Headbutt","Iron Wave"],"picked":"Fiend Fire","floor":7},{"not_picked":["Havoc","Reckless Charge","Warcry"],"picked":"Shockwave","floor":11},{"not_picked":["Metallicize","Dual Wield","Clothesline","Sword Boomerang"],"picked":"SKIP","floor":12},{"not_picked":["Iron Wave","Heavy Blade","Cleave"],"picked":"Dropkick","floor":13},{"not_picked":["Rage","Body Slam","Shockwave"],"picked":"Exhume","floor":14}],"player_experience":1498874,"relics_obtained":[{"floor":7,"key":"Sundial"},{"floor":9,"key":"Question Card"},{"floor":12,"key":"Whetstone"}],"event_choices":[{"damage_healed":0.0,"max_hp_gain":0.0,"max_hp_loss":0.0,"gold_gain":0.0,"event_name":"Golden Idol","player_choice":"Take Damage","floor":2.0,"gold_loss":0.0,"damage_taken":26.0,"relics_obtained":["Golden Idol"]},{"cards_removed":["Defend_R"],"damage_healed":0.0,"max_hp_gain":0.0,"max_hp_loss":0.0,"gold_gain":0.0,"event_name":"The Cleric","player_choice":"Card Removal","floor":3.0,"gold_loss":75.0,"damage_taken":0.0},{"damage_healed":0,"gold_gain":0,"player_choice":"Ignored","damage_taken":0,"max_hp_gain":0,"max_hp_loss":0,"event_name":"Liars Game","floor":5,"gold_loss":0},{"damage_healed":0,"gold_gain":0,"player_choice":"Donut","damage_taken":0,"max_hp_gain":5,"max_hp_loss":0,"event_name":"Big Fish","floor":10,"gold_loss":0}],"is_beta":false,"boss_relics":[],"items_purged_floors":[],"is_endless":false,"potions_floor_spawned":[7,13,14],"killed_by":"Hexaghost","ascension_level":20}}