{"host":"nxnzcl474ro3ewbj","time":1611822198,"event":{"mods":["2.2 Compatiblity","Act Like it!","BaseMod","Better Third Choice","Better-Laid Plans","Colored Map","Custom Start","Highlight Path","Keyboard Shortcuts","Minty Spire (QoL Compilation)","Quick Restart","Rare Cards Sparkle","Relic Stats","Shop Mod","Slay the Relics Exporter","StSLib","SuperFastMode"],"gold_per_floor":[13,13,37,37,70,70,122,122,122,156,203,225,225,253,253,352,352,376,376,149,449,471,471,276,276,276,310,24,68,77,109,109,211,211,241,241,241,256,131,174,174,174],"floor_reached":41,"language":"KOR","playtime":1068,"items_purged":["Strike_R","Strike_R","Strike_R"],"score":926,"play_id":"0ae042a0-4beb-4998-8b98-0ab2ac59e734","local_time":"20210128172318","is_ascension_mode":true,"campfire_choices":[{"data":"Mayhem","floor":6.0,"key":"SMITH"},{"floor":8.0,"key":"REST"},{"data":"Havoc","floor":13.0,"key":"SMITH"},{"data":"Juggernaut","floor":15.0,"key":"SMITH"},{"data":"Barricade","floor":23.0,"key":"SMITH"},{"data":"Seeing Red","floor":25.0,"key":"SMITH"},{"data":"Shrug It Off","floor":32.0,"key":"SMITH"}],"circlet_count":0,"master_deck":["AscendersBane","Strike_R","Strike_R","Defend_R","Defend_R","Defend_R","Defend_R","Bash","Mayhem+1","Anger","Headbutt","Fire Breathing","Battle Trance","Havoc+1","Shrug It Off+1","Juggernaut+1","Barricade+1","Warcry+1","Second Wind+1","Battle Trance","Seeing Red+1","Shame","Battle Trance","Fiend Fire","Shrug It Off","Second Wind"],"relics":["Burning Blood","Golden Idol","CeramicFish","Tiny Chest","Lantern","Eternal Feather","Dead Branch","Runic Pyramid","Lee\u0027s Waffle","Old Coin","Pen Nib","Ginger","Magic Flower","Shuriken","PreservedInsect","Sozu","Juzu Bracelet","Question Card"],"acts_visited":["Exordium","TheCity","TheBeyond"],"potions_floor_usage":[40,40],"damage_taken":[{"damage":9.0,"enemies":"Jaw Worm","floor":1.0,"turns":4.0},{"damage":1.0,"enemies":"Cultist","floor":5.0,"turns":3.0},{"damage":32.0,"enemies":"Gremlin Nob","floor":7.0,"turns":4.0},{"damage":5.0,"enemies":"2 Louse","floor":10.0,"turns":2.0},{"damage":20.0,"enemies":"3 Sentries","floor":11.0,"turns":5.0},{"damage":15.0,"enemies":"Lots of Slimes","floor":12.0,"turns":4.0},{"damage":3.0,"enemies":"Blue Slaver","floor":14.0,"turns":3.0},{"damage":25.0,"enemies":"The Guardian","floor":16.0,"turns":9.0},{"damage":53.0,"enemies":"2 Thieves","floor":18.0,"turns":5.0},{"damage":12.0,"enemies":"Chosen","floor":22.0,"turns":3.0},{"damage":58.0,"enemies":"Slavers","floor":27.0,"turns":5.0},{"damage":18.0,"enemies":"Gremlin Leader","floor":29.0,"turns":4.0},{"damage":1.0,"enemies":"Centurion and Healer","floor":31.0,"turns":7.0},{"damage":0.0,"enemies":"Automaton","floor":33.0,"turns":11.0},{"damage":31.0,"enemies":"3 Darklings","floor":35.0,"turns":4.0},{"damage":24.0,"enemies":"3 Shapes","floor":38.0,"turns":3.0},{"damage":6,"enemies":"Nemesis","floor":40,"turns":5},{"damage":36,"enemies":"2 Orb Walkers","floor":41,"turns":2}],"seed_played":"2940084436229001565","potions_obtained":[{"floor":5.0,"key":"ColorlessPotion"},{"floor":7.0,"key":"Swift Potion"},{"floor":14.0,"key":"DuplicationPotion"},{"floor":29.0,"key":"Dexterity Potion"}],"is_trial":false,"path_per_floor":["M","?","T","?","M","R","E","R","T","M","E","M","R","M","R","B",null,"M","?","$","T","M","R","$","R","T","E","$","E","?","M","R","B",null,"M","?","T","M","$","E","?"],"character_chosen":"IRONCLAD","items_purchased":["Lee\u0027s Waffle","Battle Trance","Seeing Red","Magic Flower"],"campfire_rested":1,"item_purchase_floors":[20,24,24,28],"current_hp_per_floor":[65,65,65,39,44,44,18,38,38,39,25,16,25,28,37,18,56,9,9,75,75,69,75,75,75,75,23,23,14,14,22,34,43,67,45,45,45,30,30,33,0,0],"gold":174,"neow_bonus":"RANDOM_COLORLESS_2","is_daily":false,"chose_seed":false,"campfire_upgraded":6,"win_rate":0.0,"timestamp":1611822198,"path_taken":["M","?","?","?","?","R","E","R","T","?","E","M","R","M","R","BOSS","M","?","$","?","?","R","$","R","T","E","$","E","?","M","R","BOSS","M","?","?","M","$","E","?"],"items_purchased_type":["Relic","Card","Card","Relic"],"build_version":"2020-12-22","purchased_purges":3,"victory":false,"max_hp_per_floor":[75,68,68,68,68,68,68,68,68,68,68,68,68,68,68,68,68,68,68,75,75,75,75,75,75,75,75,75,75,75,75,75,75,75,75,75,75,75,75,75,75,75],"relic_stats":{"Lee\u0027s Waffle":66,"counters":[18,83],"Golden Idol":125,"CeramicFish":144,"Dead Branch":[142],"Magic Flower":[18],"Eternal Feather":36,"Pen Nib":[6],"PreservedInsect":50,"Juzu Bracelet":0,"Ginger":[0],"Question Card":0,"Burning Blood":120,"Sozu":1,"Shuriken":[8],"Tiny Chest":2,"obtain_stats":[{"Lantern":7,"Lee\u0027s Waffle":20,"Golden Idol":2,"CeramicFish":3,"Dead Branch":11,"Magic Flower":28,"Eternal Feather":9,"Pen Nib":26,"PreservedInsect":30,"Juzu Bracelet":37,"Ginger":27,"Question Card":40,"Burning Blood":0,"Old Coin":21,"Sozu":34,"Shuriken":29,"Tiny Chest":4,"Runic Pyramid":17},{"Lantern":3,"Lee\u0027s Waffle":9,"Golden Idol":1,"CeramicFish":1,"Dead Branch":5,"Magic Flower":11,"Eternal Feather":3,"Pen Nib":10,"PreservedInsect":12,"Juzu Bracelet":15,"Ginger":11,"Question Card":17,"Burning Blood":0,"Old Coin":9,"Sozu":14,"Shuriken":12,"Tiny Chest":1,"Runic Pyramid":8},{"Lantern":11,"Lee\u0027s Waffle":39,"Golden Idol":4,"CeramicFish":4,"Dead Branch":18,"Magic Flower":47,"Eternal Feather":11,"Pen Nib":42,"PreservedInsect":51,"Juzu Bracelet":73,"Ginger":47,"Question Card":81,"Burning Blood":0,"Old Coin":39,"Sozu":69,"Shuriken":51,"Tiny Chest":4,"Runic Pyramid":34}]},"card_choices":[{"not_picked":["Magnetism","Chrysalis"],"picked":"Mayhem","floor":0.0},{"not_picked":["True Grit","Twin Strike"],"picked":"Anger","floor":1.0},{"not_picked":["Thunderclap","Dark Embrace"],"picked":"Headbutt","floor":5.0},{"not_picked":["Warcry","Iron Wave"],"picked":"Fire Breathing","floor":7.0},{"not_picked":["Rage","Havoc"],"picked":"Battle Trance","floor":10.0},{"not_picked":["Heavy Blade","Dual Wield"],"picked":"Havoc","floor":11.0},{"not_picked":["Clash","Havoc"],"picked":"Shrug It Off","floor":12.0},{"not_picked":["Pommel Strike","Shrug It Off"],"picked":"Juggernaut","floor":14.0},{"not_picked":["Exhume","Demon Form"],"picked":"Barricade","floor":16.0},{"not_picked":["Cleave","Dual Wield"],"picked":"Warcry+1","floor":18.0},{"not_picked":["Flame Barrier","Whirlwind"],"picked":"Second Wind+1","floor":22.0},{"not_picked":["Searing Blow","Rampage","Havoc"],"picked":"SKIP","floor":27.0},{"not_picked":["Sword Boomerang","Inflame","Iron Wave"],"picked":"SKIP","floor":29.0},{"not_picked":["Thunderclap+1","Wild Strike"],"picked":"Battle Trance","floor":31.0},{"not_picked":["Demon Form","Immolate"],"picked":"Fiend Fire","floor":33.0},{"not_picked":["Warcry+1","Armaments"],"picked":"Shrug It Off","floor":35.0},{"not_picked":["Clash+1","Anger+1","Hemokinesis"],"picked":"SKIP","floor":38.0},{"not_picked":["Infernal Blade","Limit Break"],"picked":"Second Wind","floor":40}],"player_experience":78243,"relics_obtained":[{"floor":3.0,"key":"CeramicFish"},{"floor":7.0,"key":"Lantern"},{"floor":9.0,"key":"Eternal Feather"},{"floor":11.0,"key":"Dead Branch"},{"floor":21.0,"key":"Old Coin"},{"floor":26.0,"key":"Pen Nib"},{"floor":27.0,"key":"Ginger"},{"floor":29.0,"key":"Shuriken"},{"floor":37.0,"key":"Juzu Bracelet"},{"floor":40,"key":"Question Card"}],"event_choices":[{"damage_healed":0.0,"max_hp_gain":0.0,"max_hp_loss":7.0,"gold_gain":0.0,"event_name":"Golden Idol","player_choice":"Lose Max HP","floor":2.0,"gold_loss":0.0,"damage_taken":0.0,"relics_obtained":["Golden Idol"]},{"damage_healed":0.0,"max_hp_gain":0.0,"max_hp_loss":0.0,"gold_gain":0.0,"event_name":"betterThird:BetterScrap","player_choice":"Relic ","floor":4.0,"gold_loss":0.0,"damage_taken":26.0,"cards_obtained":["ReachHeaven"]},{"damage_healed":0.0,"max_hp_gain":0.0,"max_hp_loss":0.0,"gold_gain":0.0,"event_name":"The Mausoleum","player_choice":"Ignored","floor":19.0,"gold_loss":0.0,"damage_taken":0.0},{"damage_healed":0.0,"max_hp_gain":0.0,"max_hp_loss":0.0,"gold_gain":0.0,"event_name":"Addict","player_choice":"Stole Relic","floor":30.0,"gold_loss":0.0,"damage_taken":0.0,"relics_obtained":["PreservedInsect"],"cards_obtained":["Shame"]},{"damage_healed":0.0,"max_hp_gain":0.0,"max_hp_loss":0.0,"gold_gain":0.0,"event_name":"Tomb of Lord Red Mask","player_choice":"Ignored","floor":36.0,"gold_loss":0.0,"damage_taken":0.0},{"damage_healed":0,"gold_gain":0,"player_choice":"Fight","damage_taken":0,"max_hp_gain":0,"max_hp_loss":0,"event_name":"Mysterious Sphere","floor":41,"gold_loss":0}],"is_beta":false,"boss_relics":[{"not_picked":["Mark of Pain","Cursed Key"],"picked":"Runic Pyramid"},{"not_picked":["Philosopher\u0027s Stone","Busted Crown"],"picked":"Sozu"}],"items_purged_floors":[20,24,39],"is_endless":false,"potions_floor_spawned":[5,7,14,27,29,33,38],"killed_by":"2 Orb Walkers","ascension_level":15}}