{"host":"1mv6gj0zv8k9e9tz","time":1611866281,"event":{"mods":["AchievementEnabler","BaseMod","Better Third Choice","Colored Map","KOR Keyword Fix","Minty Spire (QoL Compilation)","Permanent Neow","Rare Cards Sparkle","StSLib"],"gold_per_floor":[113,132,132,146,164,164,195,32,32,43,43,43],"floor_reached":11,"language":"KOR","playtime":311,"items_purged":["Defend_G"],"score":150,"play_id":"300a4cf8-a48c-4f6e-97ae-f90547d28586","local_time":"20210129053801","is_ascension_mode":true,"campfire_choices":[{"data":"Dagger Spray","floor":6,"key":"SMITH"}],"circlet_count":0,"master_deck":["AscendersBane","Strike_G","Strike_G","Strike_G","Strike_G","Strike_G","Defend_G","Defend_G","Defend_G","Defend_G","Survivor","Neutralize","Blade Dance","Dagger Spray+1","After Image","Footwork","Cloak And Dagger"],"relics":["SlaversCollar","Mummified Hand","Pantograph","Frozen Egg 2"],"acts_visited":["Exordium"],"potions_floor_usage":[7],"damage_taken":[{"damage":5,"enemies":"Small Slimes","floor":1,"turns":5},{"damage":5,"enemies":"Cultist","floor":2,"turns":5},{"damage":11,"enemies":"2 Louse","floor":4,"turns":3},{"damage":9,"enemies":"Blue Slaver","floor":5,"turns":5},{"damage":2,"enemies":"3 Sentries","floor":7,"turns":4},{"damage":9,"enemies":"Exordium Wildlife","floor":10,"turns":2},{"damage":25,"enemies":"Gremlin Nob","floor":11,"turns":3}],"seed_played":"343296193384191266","potions_obtained":[{"floor":2,"key":"Strength Potion"}],"is_trial":false,"path_per_floor":["M","M","?","M","M","R","E","$","T","M","E"],"character_chosen":"THE_SILENT","items_purchased":["Footwork"],"campfire_rested":0,"item_purchase_floors":[8],"current_hp_per_floor":[54,49,49,38,29,29,27,27,27,18,0,0],"gold":43,"neow_bonus":"BOSS_RELIC","is_daily":false,"chose_seed":false,"campfire_upgraded":1,"win_rate":0.0,"timestamp":1611866281,"path_taken":["M","M","?","M","M","R","E","?","T","?","E"],"items_purchased_type":["Card"],"build_version":"2020-12-22","purchased_purges":1,"victory":false,"max_hp_per_floor":[66,66,66,66,66,66,66,66,66,66,66,66],"card_choices":[{"not_picked":["Deflect","Setup","Dodge and Roll"],"picked":"SKIP","floor":1},{"not_picked":["Sucker Punch","Deflect"],"picked":"Backflip","floor":2},{"not_picked":["Escape Plan","Distraction"],"picked":"Blade Dance","floor":4},{"not_picked":["PiercingWail","Underhanded Strike"],"picked":"Dagger Spray","floor":5},{"not_picked":["Slice","Acrobatics"],"picked":"After Image","floor":7},{"not_picked":["Backflip","Prepared"],"picked":"Cloak And Dagger","floor":10}],"player_experience":583322,"relics_obtained":[{"floor":7,"key":"Pantograph"},{"floor":9,"key":"Frozen Egg 2"}],"event_choices":[{"cards_removed":["Backflip"],"damage_healed":0,"gold_gain":0,"player_choice":"Gave Card","damage_taken":0,"relics_obtained":["Mummified Hand"],"max_hp_gain":0,"max_hp_loss":0,"event_name":"WeMeetAgain","floor":3,"gold_loss":0}],"is_beta":false,"boss_relics":[],"items_purged_floors":[8],"is_endless":false,"potions_floor_spawned":[2],"killed_by":"Gremlin Nob","ascension_level":20}}