{"host":"59ybwvz342rz5fw6","time":1611852064,"event":{"mods":["BaseMod","Colored Powertips","Minty Spire (QoL Compilation)","Relic Stats","RumiaBox-露米娅的神秘盒子","StSLib","Waifu the Spire","Yuyuko","[IsaacMod]以撒尖塔","simple","【功能Mod】混沌之环修复补丁","【功能Mod】聪明的最终Boss"],"gold_per_floor":[2080,917,1147,1072,1152,1152,1152],"floor_reached":6,"language":"ZHS","playtime":393,"items_purged":[],"score":147,"play_id":"29f9eb46-00f6-43fc-8932-f33d7694bfa0","local_time":"20210129004104","daily_mods":["SealedDeck","Blue Cards","Terminal"],"is_ascension_mode":true,"campfire_choices":[],"circlet_count":0,"master_deck":["AscendersBane","Consecrate","Turbo","Beam Cell","Weave","Nirvana","Conserve Battery","EmptyBody","ClearTheMind","Panache","Coolheaded"],"relics":["PureWater","Peace Pipe","Ginger","Turnip","Unceasing Top","Omamori","Ice Cream","The Courier","Busted Crown","HushsDoor","D6","MagicDraw3","HandDrill","Damaru","Potion Belt","Prayer Wheel","Ornamental Fan","Ancient Tea Set"],"acts_visited":["Exordium"],"potions_floor_usage":[],"damage_taken":[{"damage":0,"enemies":"2 Louse","floor":1,"turns":1},{"damage":0,"enemies":"Cultist","floor":5,"turns":6},{"damage":61,"enemies":"Gremlin Nob","floor":6,"turns":6}],"seed_played":"8427316563853117244","potions_obtained":[{"floor":5,"key":"Energy Potion"}],"is_trial":true,"path_per_floor":["M","$","T","?","M","E"],"character_chosen":"WATCHER","items_purchased":["Panache","MagicDraw3","HandDrill","Damaru","Potion Belt","Prayer Wheel","Ornamental Fan"],"campfire_rested":0,"item_purchase_floors":[2,2,2,2,2,2,2],"current_hp_per_floor":[61,61,61,61,61,0,0],"gold":1152,"neow_bonus":"","is_daily":false,"chose_seed":false,"campfire_upgraded":0,"win_rate":0.0,"timestamp":1611852064,"path_taken":["M","$","?","?","?","E"],"items_purchased_type":["Card","Relic","Relic","Relic","Relic","Relic","Relic"],"build_version":"2020-12-22","purchased_purges":0,"victory":false,"max_hp_per_floor":[66,65,64,63,62,62,62],"relic_stats":{"Peace Pipe":0,"Busted Crown":10,"counters":[3,13],"Ornamental Fan":[12],"Prayer Wheel":1,"Turnip":[0],"HandDrill":[0],"Ginger":[0],"obtain_stats":[{"Ice Cream":0,"KeepersGift":0,"Potion Belt":2,"Damaru":2,"The Courier":0,"Omamori":0,"Ginger":0,"MagicDraw3":2,"Ancient Tea Set":3,"Peace Pipe":0,"D6":0,"Busted Crown":0,"Ornamental Fan":2,"Prayer Wheel":2,"Turnip":0,"HandDrill":2,"PureWater":0,"HushsDoor":0,"Unceasing Top":0},{"Ice Cream":0,"KeepersGift":0,"Potion Belt":1,"Damaru":1,"The Courier":0,"Omamori":0,"Ginger":0,"MagicDraw3":1,"Ancient Tea Set":1,"Peace Pipe":0,"D6":0,"Busted Crown":0,"Ornamental Fan":1,"Prayer Wheel":1,"Turnip":0,"HandDrill":1,"PureWater":0,"HushsDoor":0,"Unceasing Top":0},{"Ice Cream":0,"KeepersGift":0,"Potion Belt":1,"Damaru":1,"The Courier":0,"Omamori":0,"Ginger":0,"MagicDraw3":1,"Ancient Tea Set":1,"Peace Pipe":0,"D6":0,"Busted Crown":0,"Ornamental Fan":1,"Prayer Wheel":1,"Turnip":0,"HandDrill":1,"PureWater":0,"HushsDoor":0,"Unceasing Top":0}],"Unceasing Top":[0]},"card_choices":[{"not_picked":["ClearTheMind"],"picked":"SKIP","floor":1},{"not_picked":[],"picked":"Coolheaded","floor":5},{"not_picked":["Compile Driver"],"picked":"SKIP","floor":5}],"player_experience":58800,"relics_obtained":[{"floor":3,"key":"Ancient Tea Set"}],"event_choices":[{"cards_removed":["Bomb"],"damage_healed":0,"gold_gain":0,"player_choice":"Card Removal","damage_taken":0,"max_hp_gain":0,"max_hp_loss":0,"event_name":"The Cleric","floor":4,"gold_loss":75}],"is_beta":false,"boss_relics":[],"items_purged_floors":[],"is_endless":true,"potions_floor_spawned":[5],"killed_by":"Gremlin Nob","ascension_level":15}}