{"host":"p8f0otjoacyb9giz","time":1611866582,"event":{"mods":["AchievementEnabler","BaseMod","Downfall","Minty Spire (QoL Compilation)","StSLib"],"gold_per_floor":[99,99,99,8,8,43,93,93,117,117,117,117],"floor_reached":10,"language":"ENG","playtime":252,"items_purged":[],"score":72,"play_id":"604e7cda-58a6-4a92-a683-9454393dcbaf","local_time":"20210128234302","is_ascension_mode":true,"campfire_choices":[{"floor":1,"key":"RECALL"},{"floor":8,"key":"REST"}],"circlet_count":0,"master_deck":["Slimebound:Strike_Slimebound","Slimebound:Strike_Slimebound","Slimebound:Strike_Slimebound","Slimebound:Tackle","Slimebound:Defend_Slimebound","Slimebound:Defend_Slimebound","Slimebound:Defend_Slimebound","Slimebound:Split","Slimebound:CorrosiveSpit","Slimebound:AcidTongue","Slimebound:Darklings","Slimebound:PressTheAttack","Slimebound:GrowthPunch","Slimebound:LivingWall"],"relics":["Slimebound:AbsorbEndCombat","downfall:HeartsMalice","Ancient Tea Set","Odd Mushroom"],"acts_visited":["Exordium"],"potions_floor_usage":[10],"damage_taken":[{"damage":0,"enemies":"Cultist","floor":2,"turns":1},{"damage":0,"enemies":"downfall:FleeingMerchant","floor":4,"turns":1},{"damage":0,"enemies":"Small Slimes","floor":5,"turns":1},{"damage":28,"enemies":"Gremlin Nob","floor":6,"turns":4},{"damage":28,"enemies":"The Mushroom Lair","floor":9,"turns":4},{"damage":40,"enemies":"3 Sentries","floor":10,"turns":6}],"seed_played":"-3057206528252888764","potions_obtained":[{"floor":9,"key":"ColorlessPotion"}],"is_trial":false,"path_per_floor":["R","M","?","$","M","E","T","R","?","E"],"character_chosen":"SLIMEBOUND","items_purchased":["Slimebound:PressTheAttack","Slimebound:GrowthPunch"],"campfire_rested":1,"item_purchase_floors":[4,4],"current_hp_per_floor":[65,65,65,65,65,39,39,58,36,0,0,0],"gold":117,"neow_bonus":"THREE_ENEMY_KILL","is_daily":false,"chose_seed":false,"campfire_upgraded":0,"win_rate":0.0,"timestamp":1611866582,"path_taken":["R","M","?","?","M","E","T","R","?","E"],"items_purchased_type":["Card","Card"],"build_version":"2020-12-22","purchased_purges":0,"victory":false,"max_hp_per_floor":[65,65,65,65,65,65,65,65,65,65,65,65],"card_choices":[{"not_picked":["Slimebound:ServeAndProtect","Slimebound:SplitMire"],"picked":"Slimebound:AcidTongue","floor":2},{"not_picked":["Slimebound:RollThrough","Slimebound:SplitLeeching","Slimebound:TongueLash"],"picked":"SKIP","floor":4},{"not_picked":["Slimebound:SplitLeeching","Slimebound:LeechingTouch","Slimebound:ServeAndProtect"],"picked":"SKIP","floor":5},{"not_picked":["Slimebound:FinishingTackle","Slimebound:SplitBruiser","Slimebound:SplitMire"],"picked":"SKIP","floor":6},{"not_picked":["Slimebound:MinionMaster","Slimebound:ForwardTackle"],"picked":"Slimebound:LivingWall","floor":9}],"player_experience":415446,"relics_obtained":[{"floor":6,"key":"Ancient Tea Set"},{"floor":9,"key":"Odd Mushroom"}],"event_choices":[{"damage_healed":0,"gold_gain":0,"player_choice":"Fought Mushrooms","damage_taken":0,"max_hp_gain":0,"max_hp_loss":0,"event_name":"Mushrooms","floor":9,"gold_loss":0}],"is_beta":false,"boss_relics":[],"items_purged_floors":[],"is_endless":false,"potions_floor_spawned":[9],"killed_by":"3 Sentries","ascension_level":4}}