{"host":"vx9g5eyuglzorf3u","time":1611855912,"event":{"mods":["2.2 Compatiblity","BaseMod","DeckTracker","Keyboard Shortcuts","Minty Spire (QoL Compilation)","Relic Stats","StSLib","SuperFastMode","everything is the same but u backflip on backflip"],"gold_per_floor":[110,110,124,135,145,145,174,174,220,239,249,249,249,267,267,341,341,354,269,269,287,298,298,298,298],"floor_reached":24,"language":"KOR","playtime":381,"items_purged":[],"score":400,"play_id":"f4f9b2f9-24d6-41e5-b389-e8e8a8375eb4","local_time":"20210129024512","is_ascension_mode":true,"campfire_choices":[{"data":"Searing Blow","floor":6.0,"key":"SMITH"},{"data":"Searing Blow+1","floor":8.0,"key":"SMITH"},{"data":"Searing Blow+2","floor":13.0,"key":"SMITH"},{"floor":15.0,"key":"REST"},{"data":"Searing Blow+3","floor":23,"key":"SMITH"}],"circlet_count":0,"master_deck":["AscendersBane","Strike_R","Strike_R","Defend_R","Defend_R","Defend_R","Bash","Searing Blow+4","Anger","Seeing Red","Offering","Disarm","Impervious","Shrug It Off","Demon Form","Reaper","Second Wind"],"relics":["Burning Blood","NeowsBlessing","Mercury Hourglass","Happy Flower","Black Star","Nunchaku"],"acts_visited":["Exordium","TheCity"],"potions_floor_usage":[21,24],"damage_taken":[{"damage":0.0,"enemies":"Cultist","floor":1.0,"turns":1.0},{"damage":0.0,"enemies":"Small Slimes","floor":3.0,"turns":1.0},{"damage":0.0,"enemies":"2 Louse","floor":4.0,"turns":1.0},{"damage":7.0,"enemies":"Large Slime","floor":5.0,"turns":5.0},{"damage":40.0,"enemies":"Lagavulin","floor":7.0,"turns":5.0},{"damage":9.0,"enemies":"Red Slaver","floor":10.0,"turns":2.0},{"damage":33.0,"enemies":"Exordium Thugs","floor":11.0,"turns":4.0},{"damage":0.0,"enemies":"2 Fungi Beasts","floor":14.0,"turns":3.0},{"damage":36.0,"enemies":"The Guardian","floor":16.0,"turns":8.0},{"damage":24.0,"enemies":"Shell Parasite","floor":18.0,"turns":5.0},{"damage":17,"enemies":"2 Thieves","floor":21,"turns":3},{"damage":24,"enemies":"Snake Plant","floor":22,"turns":5},{"damage":21,"enemies":"Gremlin Leader","floor":24,"turns":5}],"seed_played":"5132015208818371870","potions_obtained":[{"floor":1.0,"key":"EssenceOfSteel"},{"floor":4.0,"key":"DuplicationPotion"},{"floor":7.0,"key":"Strength Potion"},{"floor":16.0,"key":"ColorlessPotion"},{"floor":18.0,"key":"GamblersBrew"},{"floor":22,"key":"LiquidBronze"}],"is_trial":false,"path_per_floor":["M","?","M","M","M","R","E","R","T","M","M","?","R","M","R","B",null,"M","?","?","M","M","R","E"],"character_chosen":"IRONCLAD","items_purchased":[],"campfire_rested":1,"item_purchase_floors":[],"current_hp_per_floor":[74,74,75,75,74,74,40,40,40,37,10,10,10,16,38,8,58,40,40,40,29,12,12,0,0],"gold":298,"neow_bonus":"THREE_ENEMY_KILL","is_daily":false,"chose_seed":false,"campfire_upgraded":4,"win_rate":0.0,"timestamp":1611855912,"path_taken":["M","?","M","M","M","R","E","R","T","?","M","?","R","?","R","BOSS","M","?","?","M","M","R","E"],"items_purchased_type":[],"build_version":"2020-12-22","purchased_purges":0,"victory":false,"max_hp_per_floor":[75,75,75,75,75,75,75,75,75,75,75,75,75,75,75,75,75,75,75,75,75,75,75,75,75],"relic_stats":{"Nunchaku":[2],"Happy Flower":[11],"counters":[13,47],"Black Star":0,"obtain_stats":[{"Nunchaku":19,"NeowsBlessing":0,"Happy Flower":9,"Black Star":17,"Burning Blood":0,"Mercury Hourglass":7},{"Nunchaku":10,"NeowsBlessing":0,"Happy Flower":5,"Black Star":9,"Burning Blood":0,"Mercury Hourglass":5},{"Nunchaku":35,"NeowsBlessing":0,"Happy Flower":13,"Black Star":30,"Burning Blood":0,"Mercury Hourglass":13}],"Burning Blood":61,"Mercury Hourglass":[113]},"card_choices":[{"not_picked":["Cleave","Inflame"],"picked":"Searing Blow","floor":1.0},{"not_picked":["Rampage","Spot Weakness"],"picked":"Seeing Red","floor":3.0},{"not_picked":["Thunderclap","Warcry","Armaments"],"picked":"SKIP","floor":4.0},{"not_picked":["Clash","Body Slam","Heavy Blade"],"picked":"SKIP","floor":5.0},{"not_picked":["Sever Soul","Wild Strike","Seeing Red"],"picked":"SKIP","floor":7.0},{"not_picked":["Perfected Strike","Havoc"],"picked":"Offering","floor":10.0},{"not_picked":["Twin Strike","Power Through"],"picked":"Disarm","floor":11.0},{"not_picked":["Heavy Blade","Carnage","Armaments"],"picked":"SKIP","floor":14.0},{"not_picked":["Reaper","Brutality"],"picked":"Impervious","floor":16.0},{"not_picked":["Warcry","Iron Wave"],"picked":"Shrug It Off","floor":18.0},{"not_picked":["Flex+1","Dual Wield","Sever Soul"],"picked":"SKIP","floor":21},{"not_picked":["Warcry","Dual Wield"],"picked":"Second Wind","floor":22}],"player_experience":1497877,"relics_obtained":[{"floor":7.0,"key":"Mercury Hourglass"},{"floor":9.0,"key":"Happy Flower"}],"event_choices":[{"damage_healed":0.0,"max_hp_gain":0.0,"max_hp_loss":0.0,"gold_gain":0.0,"cards_transformed":["Strike_R"],"event_name":"Transmorgrifier","player_choice":"Transformed","floor":2.0,"gold_loss":0.0,"damage_taken":0.0,"cards_obtained":["Anger"]},{"cards_removed":["Strike_R"],"damage_healed":0.0,"max_hp_gain":0.0,"max_hp_loss":0.0,"gold_gain":0.0,"event_name":"Wheel of Change","player_choice":"Card Removal","floor":12.0,"gold_loss":0.0,"damage_taken":0.0},{"damage_healed":0.0,"max_hp_gain":0.0,"max_hp_loss":0.0,"gold_gain":0.0,"event_name":"Addict","player_choice":"Obtained Relic","floor":19.0,"gold_loss":85.0,"damage_taken":0.0,"relics_obtained":["Nunchaku"]},{"damage_healed":0.0,"max_hp_gain":0.0,"max_hp_loss":0.0,"gold_gain":0.0,"cards_transformed":["Strike_R","Defend_R"],"event_name":"Drug Dealer","player_choice":"Became Test Subject","floor":20.0,"gold_loss":0.0,"damage_taken":0.0,"cards_obtained":["Demon Form","Reaper"]}],"is_beta":false,"boss_relics":[{"not_picked":["Fusion Hammer","Velvet Choker"],"picked":"Black Star"}],"items_purged_floors":[],"is_endless":false,"potions_floor_spawned":[1,4,7,10,16,18,22],"killed_by":"Gremlin Leader","ascension_level":20}}