{"host":"kdt6w7ix8lwe69i9","time":1611818614,"event":{"mods":["100% Spire Juice","BaseMod","ChefMod","Evolution","Minty Spire (QoL Compilation)","Poor People Problems","Reimu（博丽灵梦）","Robot Space Explorer","Shade Mod","StSLib","The Dragonkin","The Gatherer","TheSurvivalist"],"gold_per_floor":[119,119,5,15,27,52,62,83,106,106,133,133,163,204,204,317,317,338,298,317,341,367,367,376,405,429,429,448,524,524,546,546,659,659,688,688,688,708,727,727,746,794,794,817,854,854,405,433,433,433,433],"floor_reached":50,"language":"ENG","playtime":5210,"items_purged":[],"score":611,"play_id":"8b1654b8-2596-49e2-a2bf-87311a0a088f","local_time":"20210128022334","is_ascension_mode":false,"campfire_choices":[{"data":"theDragonkin:HolyBarrier","floor":12,"key":"SMITH"},{"data":"theDragonkin:AcidBreath","floor":15,"key":"SMITH"},{"floor":23,"key":"REST"},{"data":"theDragonkin:Flashpoint","floor":27,"key":"SMITH"},{"floor":30,"key":"REST"},{"floor":32,"key":"RECALL"},{"floor":40,"key":"REST"},{"floor":46,"key":"REST"},{"floor":49,"key":"REST"}],"circlet_count":0,"master_deck":["theDragonkin:Strike","theDragonkin:Strike","theDragonkin:Strike","theDragonkin:Strike","theDragonkin:Defend","theDragonkin:Defend","theDragonkin:Defend","theDragonkin:HolySmite","theDragonkin:BlazingBreath","theDragonkin:HolyBarrier+1","theDragonkin:AcidArmor","theDragonkin:DivineJolt","theDragonkin:SandBreath","theDragonkin:RevelationBreath","theDragonkin:EnduringAgony","theDragonkin:CorrosiveBelch","theDragonkin:TwinBreath","theDragonkin:SlowBurn","theDragonkin:AcidBreath+1","theDragonkin:CrusaderForm+1","theDragonkin:AncestralSeance","theDragonkin:MiasmicBreath","theDragonkin:ChainsOfTruth+1","theDragonkin:SandBreath","Shame","theDragonkin:Flashpoint+1","theDragonkin:EmberSwipe+1","theDragonkin:EmberSwipe+1","theDragonkin:MirrorBreath","theDragonkin:Sizzle+1","theDragonkin:FlameWard+1","theDragonkin:GoldenFlames+1","theDragonkin:HammerOfWrath+1","theDragonkin:Ashfall+1","theDragonkin:GoldenFlames+1","theDragonkin:EnduringAgony+1","theDragonkin:Sizzle","theDragonkin:HolyWordBarrier+1"],"relics":["theDragonkin:GarnetScale","EVO:Axolotl","NeowsBlessing","CultistMask","PreservedInsect","Odd Mushroom","CeramicFish","Bag of Preparation","Frozen Egg 2","theDragonkin:RotnestWings","RuthlessExorcism:ReiMu","Potion Belt","Pear","SacredBark","Blood Vial","Gremlin Horn","MealTicket","CrazyTorch:ReiMu"],"acts_visited":["Exordium","TheCity","TheBeyond"],"potions_floor_usage":[6,8,8,8,8,16,18,20,31,39,39,39,45,50,50,50,50],"damage_taken":[{"damage":0,"enemies":"Jaw Worm","floor":1,"turns":1},{"damage":0,"enemies":"Cultist","floor":4,"turns":1},{"damage":0,"enemies":"Small Slimes","floor":5,"turns":2},{"damage":0,"enemies":"Lagavulin","floor":6,"turns":10},{"damage":6,"enemies":"Blue Slaver","floor":7,"turns":3},{"damage":2,"enemies":"The Mushroom Lair","floor":8,"turns":3},{"damage":0,"enemies":"Red Slaver","floor":11,"turns":4},{"damage":0,"enemies":"3 Sentries","floor":14,"turns":4},{"damage":18,"enemies":"Slime Boss","floor":16,"turns":12},{"damage":18,"enemies":"2 Thieves","floor":18,"turns":4},{"damage":15,"enemies":"3 Byrds","floor":20,"turns":4},{"damage":12,"enemies":"Cultist and Chosen","floor":21,"turns":6},{"damage":4,"enemies":"Sentry and Sphere","floor":22,"turns":6},{"damage":13,"enemies":"Snake Plant","floor":25,"turns":4},{"damage":3,"enemies":"Centurion and Healer","floor":28,"turns":5},{"damage":6,"enemies":"Snecko","floor":31,"turns":6},{"damage":21,"enemies":"Automaton","floor":33,"turns":10},{"damage":11,"enemies":"Orb Walker","floor":35,"turns":3},{"damage":24,"enemies":"3 Darklings","floor":38,"turns":2},{"damage":30,"enemies":"Transient","floor":39,"turns":5},{"damage":20,"enemies":"Spire Growth","floor":41,"turns":5},{"damage":10,"enemies":"Maw","floor":44,"turns":7},{"damage":18,"enemies":"Reptomancer","floor":45,"turns":5},{"damage":6,"enemies":"Transient","floor":48,"turns":3},{"damage":95,"enemies":"TheAcolyte","floor":50,"turns":9}],"seed_played":"7372462562157838369","potions_obtained":[{"floor":1,"key":"Fire Potion"},{"floor":5,"key":"SpeedPotion"},{"floor":6,"key":"EntropicBrew"},{"floor":8,"key":"Block Potion"},{"floor":16,"key":"Block Potion"},{"floor":19,"key":"SteroidPotion"},{"floor":19,"key":"LiquidMemories"},{"floor":19,"key":"SpeedPotion"},{"floor":25,"key":"Weak Potion"},{"floor":28,"key":"SpeedPotion"},{"floor":31,"key":"Swift Potion"},{"floor":38,"key":"Fire Potion"},{"floor":39,"key":"Weak Potion"},{"floor":48,"key":"ZuzhouPotion:ReiMu"}],"is_trial":false,"path_per_floor":["M","?","$","M","M","E","M","?","T","?","M","R","?","E","R","B",null,"M","?","M","M","M","R","?","M","T","R","M","T","R","M","R","B",null,"M","?","?","M","M","R","M","T","T","M","E","R","$","M","R","B"],"character_chosen":"THE_DRAGONKIN","items_purchased":["theDragonkin:AcidArmor","theDragonkin:DivineJolt","CrazyTorch:ReiMu","CultistPotion","theDragonkin:EnduringAgony+1","theDragonkin:Sizzle"],"campfire_rested":5,"item_purchase_floors":[3,3,47,47,47,47],"current_hp_per_floor":[85,85,85,85,85,85,79,77,77,77,77,77,77,77,77,59,85,67,67,52,40,36,61,61,48,48,48,45,55,83,77,77,56,95,84,84,84,60,30,58,38,38,38,30,14,42,57,53,81,0,0],"gold":433,"neow_bonus":"THREE_ENEMY_KILL","is_daily":false,"chose_seed":false,"campfire_upgraded":3,"win_rate":0.0,"timestamp":1611818614,"path_taken":["M","?","$","?","M","E","M","?","T","?","?","R","?","E","R","BOSS","M","?","?","?","?","R","?","M","T","R","M","?","R","M","R","BOSS","M","?","?","M","?","R","M","?","T","?","E","R","$","M","R","BOSS"],"items_purchased_type":["Card","Card","Relic","Potion","Card","Card"],"build_version":"2020-12-22","purchased_purges":0,"victory":false,"max_hp_per_floor":[85,85,85,85,85,85,85,85,85,85,85,85,85,85,85,85,85,85,85,85,85,85,85,85,85,85,85,85,95,95,95,95,95,95,95,95,95,95,95,95,95,95,95,95,95,95,95,95,95,95,95],"card_choices":[{"not_picked":["theDragonkin:AcidBreath","theDragonkin:CorrosiveBelch"],"picked":"theDragonkin:HolyBarrier","floor":1},{"not_picked":["theDragonkin:HolyBarrier","theDragonkin:HolyShock"],"picked":"theDragonkin:SandBreath","floor":4},{"not_picked":["theDragonkin:FlameBreath","theDragonkin:DivineBreath"],"picked":"theDragonkin:RevelationBreath","floor":5},{"not_picked":["theDragonkin:DivineFire","theDragonkin:BurningRage"],"picked":"theDragonkin:EnduringAgony","floor":6},{"not_picked":["theDragonkin:HolyWordBarrier","theDragonkin:DivineFire"],"picked":"theDragonkin:CorrosiveBelch","floor":7},{"not_picked":["theDragonkin:HallowedGround","theDragonkin:HolyWordBarrier"],"picked":"theDragonkin:TwinBreath","floor":8},{"not_picked":["theDragonkin:DivineFire","theDragonkin:FlameWard"],"picked":"theDragonkin:SlowBurn","floor":11},{"not_picked":["theDragonkin:HammerOfWrath","theDragonkin:LightArmor"],"picked":"theDragonkin:AcidBreath","floor":14},{"not_picked":["theDragonkin:InfernoWard","theDragonkin:BurnAfterReading"],"picked":"theDragonkin:CrusaderForm+1","floor":16},{"not_picked":["theDragonkin:DivineBreath","theDragonkin:DivineJolt"],"picked":"theDragonkin:AncestralSeance","floor":18},{"not_picked":["theDragonkin:ControlledBreath+1","theDragonkin:MagmaScales+1"],"picked":"theDragonkin:MiasmicBreath","floor":20},{"not_picked":["theDragonkin:DivinePrayer","theDragonkin:SlowBurn+1"],"picked":"theDragonkin:ChainsOfTruth+1","floor":21},{"not_picked":["theDragonkin:FlameBreath","theDragonkin:Sizzle"],"picked":"theDragonkin:SandBreath","floor":22},{"not_picked":["theDragonkin:DivineFire","theDragonkin:ChainsOfTruth"],"picked":"theDragonkin:Flashpoint","floor":25},{"not_picked":["theDragonkin:FlameBreath","theDragonkin:Sizzle"],"picked":"theDragonkin:EmberSwipe+1","floor":28},{"not_picked":["theDragonkin:DivinePrayer","theDragonkin:CorrosiveBelch"],"picked":"theDragonkin:EmberSwipe+1","floor":31},{"not_picked":["theDragonkin:BurnAfterReading","theDragonkin:CrusaderForm+1"],"picked":"theDragonkin:MirrorBreath","floor":33},{"not_picked":["theDragonkin:HallowedGround","theDragonkin:FlameWard"],"picked":"theDragonkin:Sizzle+1","floor":35},{"not_picked":["theDragonkin:BurningRage","theDragonkin:DivineJolt"],"picked":"theDragonkin:FlameWard+1","floor":38},{"not_picked":["theDragonkin:DivineVision+1","theDragonkin:FlameBreath+1"],"picked":"theDragonkin:GoldenFlames+1","floor":39},{"not_picked":["theDragonkin:AcidRain","theDragonkin:DivineBreath"],"picked":"theDragonkin:HammerOfWrath+1","floor":41},{"not_picked":["theDragonkin:DivineJolt","theDragonkin:VoiceofOrder+1"],"picked":"theDragonkin:Ashfall+1","floor":44},{"not_picked":["theDragonkin:DivineFire+1","theDragonkin:MirrorBreath"],"picked":"theDragonkin:GoldenFlames+1","floor":45},{"not_picked":["theDragonkin:Sizzle","theDragonkin:SandBreath"],"picked":"theDragonkin:HolyWordBarrier+1","floor":48}],"player_experience":1100542,"relics_obtained":[{"floor":6,"key":"PreservedInsect"},{"floor":8,"key":"Odd Mushroom"},{"floor":9,"key":"CeramicFish"},{"floor":14,"key":"Frozen Egg 2"},{"floor":26,"key":"Potion Belt"},{"floor":29,"key":"Pear"},{"floor":42,"key":"Blood Vial"},{"floor":43,"key":"Gremlin Horn"},{"floor":45,"key":"MealTicket"}],"event_choices":[{"damage_healed":0,"gold_gain":0,"player_choice":"Trade","damage_taken":0,"relics_obtained":["CultistMask"],"max_hp_gain":0,"max_hp_loss":0,"event_name":"FaceTrader","floor":2,"gold_loss":0},{"damage_healed":0,"gold_gain":0,"player_choice":"Fought Mushrooms","damage_taken":0,"max_hp_gain":0,"max_hp_loss":0,"event_name":"Mushrooms","floor":8,"gold_loss":0},{"damage_healed":0,"gold_gain":0,"player_choice":"Ignored","damage_taken":0,"max_hp_gain":0,"max_hp_loss":0,"event_name":"NoteForYourself","floor":10,"gold_loss":0},{"damage_healed":0,"gold_gain":30,"player_choice":"Searched \u00273\u0027 times","damage_taken":0,"relics_obtained":["Bag of Preparation"],"max_hp_gain":0,"max_hp_loss":0,"event_name":"Dead Adventurer","floor":13,"gold_loss":0},{"damage_healed":0,"gold_gain":0,"player_choice":"Bought 3 Potions","damage_taken":0,"max_hp_gain":0,"max_hp_loss":0,"event_name":"The Woman in Blue","floor":19,"gold_loss":0},{"damage_healed":0,"gold_gain":0,"player_choice":"Stole Relic","damage_taken":0,"relics_obtained":["RuthlessExorcism:ReiMu"],"max_hp_gain":0,"max_hp_loss":0,"event_name":"Addict","floor":24,"gold_loss":0,"cards_obtained":["Shame"]},{"cards_removed":["theDragonkin:Defend"],"damage_healed":0,"gold_gain":0,"player_choice":"Removed Skill","damage_taken":0,"max_hp_gain":0,"max_hp_loss":0,"event_name":"Falling","floor":36,"gold_loss":0},{"damage_healed":0,"gold_gain":0,"player_choice":"Ignored","damage_taken":0,"max_hp_gain":0,"max_hp_loss":0,"event_name":"SecretPortal","floor":37,"gold_loss":0}],"is_beta":false,"boss_relics":[{"not_picked":["Runic Dome","Snecko Eye"],"picked":"theDragonkin:RotnestWings"},{"not_picked":["Calling Bell","Sozu"],"picked":"SacredBark"}],"items_purged_floors":[],"is_endless":false,"potions_floor_spawned":[1,5,6,8,16,25,28,31,38,39,48],"killed_by":"TheAcolyte","ascension_level":0}}