{"host":"ishme5wb80o83upk","time":1611837651,"event":{"mods":["BaseMod","Minty Spire (QoL Compilation)","StSLib","The Runesmith"],"gold_per_floor":[117,117,135,146,146,180,180,254,254,152,227,227,238,268,268,345,345,357,357,373,373,423,423,440,440,440,440,453,453,465,485,485,561,561,580,25,39,0,0,0,0,0],"floor_reached":41,"language":"KOR","playtime":1303,"items_purged":["Pain"],"score":806,"play_id":"cdeef232-4403-4941-8db8-3805a12a2aa1","local_time":"20210128214051","is_ascension_mode":true,"campfire_choices":[{"data":"Runesmith:FieryHammer","floor":7.0,"key":"SMITH"},{"data":"Runesmith:FieryHammer+1","floor":12.0,"key":"SMITH"},{"data":"Runesmith:FieryHammer+2","floor":15.0,"key":"SMITH"},{"data":"Runesmith:FieryHammer+3","floor":23,"key":"SMITH"},{"data":"Runesmith:FieryHammer+4","floor":25,"key":"SMITH"},{"data":"Runesmith:FieryHammer+5","floor":27,"key":"SMITH"},{"data":"Runesmith:FieryHammer+6","floor":29,"key":"SMITH"},{"data":"Runesmith:FieryHammer+7","floor":32,"key":"SMITH"},{"data":"Runesmith:FieryHammer+8","floor":40,"key":"SMITH"}],"circlet_count":0,"master_deck":["AscendersBane","Runesmith:Strike_RS+1","Runesmith:Strike_RS+1","Runesmith:Strike_RS+1","Runesmith:Strike_RS+1","Runesmith:Defend_RS+1","Runesmith:Defend_RS+1","Runesmith:Defend_RS+1","Runesmith:Defend_RS+1","Runesmith:CraftFirestone","Runesmith:Fortify","Runesmith:CraftMagma","Runesmith:ChaoticBlast","Runesmith:FieryHammer+9","Runesmith:Grindstone","Runesmith:Repurpose","Runesmith:RuneHurl","Runesmith:CraftPrismatica","Runesmith:DoubleUp","Runesmith:Reinforce","Runesmith:EarthShield","Runesmith:UnlimitedPower","Runesmith:HammerThrow+1","Runesmith:CraftMagma"],"relics":["Runesmith:BrokenRuby","NeowsBlessing","WarpedTongs","Runesmith:EmergencyProvisions","The Courier","Mercury Hourglass","Eternal Feather","Coffee Dripper","Velvet Choker","Runesmith:Nanobots","Potion Belt","White Beast Statue","Red Mask"],"acts_visited":["Exordium","TheCity","TheBeyond"],"potions_floor_usage":[20,28,35,41],"damage_taken":[{"damage":0.0,"enemies":"Jaw Worm","floor":1.0,"turns":1.0},{"damage":1.0,"enemies":"Cultist","floor":3.0,"turns":1.0},{"damage":0.0,"enemies":"Small Slimes","floor":4.0,"turns":2.0},{"damage":25.0,"enemies":"3 Sentries","floor":6.0,"turns":6.0},{"damage":3.0,"enemies":"Blue Slaver","floor":13.0,"turns":4.0},{"damage":11.0,"enemies":"Lagavulin","floor":14.0,"turns":5.0},{"damage":4.0,"enemies":"The Guardian","floor":16.0,"turns":7.0},{"damage":0,"enemies":"3 Byrds","floor":18,"turns":2},{"damage":7,"enemies":"Shell Parasite","floor":20,"turns":6},{"damage":25,"enemies":"Cultist and Chosen","floor":24,"turns":5},{"damage":0,"enemies":"Shelled Parasite and Fungi","floor":28,"turns":3},{"damage":0,"enemies":"3 Cultists","floor":30,"turns":3},{"damage":3,"enemies":"Centurion and Healer","floor":31,"turns":4},{"damage":28,"enemies":"Automaton","floor":33,"turns":7},{"damage":20,"enemies":"3 Darklings","floor":35,"turns":3},{"damage":8,"enemies":"3 Shapes","floor":37,"turns":2},{"damage":48,"enemies":"Nemesis","floor":41,"turns":8}],"seed_played":"3836803134480597380","potions_obtained":[{"floor":6.0,"key":"CultistPotion"},{"floor":13.0,"key":"ColorlessPotion"},{"floor":14.0,"key":"CultistPotion"},{"floor":18,"key":"Weak Potion"},{"floor":20,"key":"SteroidPotion"},{"floor":30,"key":"SpeedPotion"},{"floor":31,"key":"Swift Potion"},{"floor":37,"key":"CultistPotion"}],"is_trial":false,"path_per_floor":["M","?","M","M","?","E","R","T","T","$","?","R","M","E","R","B",null,"M","?","M","?","?","R","M","R","T","R","M","R","M","M","R","B",null,"M","$","M","?","?","R","E"],"character_chosen":"RUNESMITH_CLASS","items_purchased":["Runesmith:Grindstone","Runesmith:Nanobots","Potion Belt","White Beast Statue"],"campfire_rested":0,"item_purchase_floors":[10,36,36,36],"current_hp_per_floor":[59,59,58,58,63,38,38,38,38,38,27,27,24,13,22,18,58,58,58,51,51,51,60,35,47,47,59,59,71,71,68,71,43,64,44,44,36,36,36,48,0,0],"gold":0,"neow_bonus":"THREE_ENEMY_KILL","is_daily":false,"chose_seed":false,"campfire_upgraded":9,"win_rate":0.0,"timestamp":1611837651,"path_taken":["M","?","M","?","?","E","R","?","T","?","?","R","M","E","R","BOSS","M","?","M","?","?","R","M","R","T","R","?","R","M","M","R","BOSS","M","$","M","?","?","R","E"],"items_purchased_type":["Card","Relic","Relic","Relic"],"build_version":"2020-12-22","purchased_purges":1,"victory":false,"max_hp_per_floor":[66,66,66,66,71,71,71,71,71,71,71,71,71,71,71,71,71,71,71,71,71,71,71,71,71,71,71,71,71,71,71,71,71,71,71,71,71,71,67,67,67,67],"card_choices":[{"not_picked":["Runesmith:HeatedChisel","Runesmith:Repurpose"],"picked":"Runesmith:CraftMagma","floor":1.0},{"not_picked":["Runesmith:LastStand","Runesmith:CraftObretio"],"picked":"Runesmith:ChaoticBlast","floor":3.0},{"not_picked":["Runesmith:Augment","Runesmith:OneForEveryone"],"picked":"Runesmith:FieryHammer","floor":4.0},{"not_picked":["Runesmith:ChaoticBlast","Runesmith:GenerateForcefield","Runesmith:CraftReservo"],"picked":"SKIP","floor":6.0},{"not_picked":["Runesmith:CraftMagma","Runesmith:EarthShield"],"picked":"Runesmith:Repurpose","floor":13.0},{"not_picked":["Runesmith:Empowerment","Runesmith:HeatedChisel"],"picked":"Runesmith:RuneHurl","floor":14.0},{"not_picked":["Runesmith:GrandSlam","Runesmith:Duplicate"],"picked":"Runesmith:CraftPrismatica","floor":16.0},{"not_picked":["Runesmith:HeatedChisel","Runesmith:Augment"],"picked":"Runesmith:DoubleUp","floor":18},{"not_picked":["Runesmith:CraftMagma","Runesmith:StaticCage","Runesmith:MakeshiftArmor"],"picked":"SKIP","floor":20},{"not_picked":["Runesmith:RuneHurl","Runesmith:Repurpose"],"picked":"Runesmith:Reinforce","floor":24},{"not_picked":["Runesmith:EnergizedChisel+1","Runesmith:Repurpose+1","Runesmith:Superposition+1"],"picked":"SKIP","floor":28},{"not_picked":["Runesmith:CraftSpiculum","Runesmith:UnstableHammer","Runesmith:CraftProtectio"],"picked":"SKIP","floor":30},{"not_picked":["Runesmith:ChiselStab","Runesmith:CraftIncendium"],"picked":"Runesmith:EarthShield","floor":31},{"not_picked":["Runesmith:Supernova","Runesmith:CraftMedicinae"],"picked":"Runesmith:UnlimitedPower","floor":33},{"not_picked":["Runesmith:RuneHurl+1","Runesmith:HeatedChisel+1"],"picked":"Runesmith:HammerThrow+1","floor":35},{"not_picked":["Runesmith:ShiftingStrike","Runesmith:Overpower"],"picked":"Runesmith:CraftMagma","floor":37}],"player_experience":1166166,"relics_obtained":[{"floor":6.0,"key":"Runesmith:EmergencyProvisions"},{"floor":8.0,"key":"The Courier"},{"floor":9.0,"key":"Mercury Hourglass"},{"floor":14.0,"key":"Eternal Feather"}],"event_choices":[{"damage_healed":0.0,"max_hp_gain":0.0,"max_hp_loss":0.0,"gold_gain":0.0,"event_name":"Accursed Blacksmith","player_choice":"Rummage","floor":2.0,"gold_loss":0.0,"damage_taken":0.0,"relics_obtained":["WarpedTongs"],"cards_obtained":["Pain"]},{"damage_healed":0.0,"max_hp_gain":5.0,"max_hp_loss":0.0,"gold_gain":0.0,"event_name":"Big Fish","player_choice":"Donut","floor":5.0,"gold_loss":0.0,"damage_taken":0.0},{"damage_healed":0.0,"max_hp_gain":0.0,"max_hp_loss":0.0,"gold_gain":75.0,"event_name":"World of Goop","player_choice":"Gather Gold","floor":11.0,"gold_loss":0.0,"damage_taken":11.0},{"damage_healed":0,"gold_gain":0,"player_choice":"Ignored","damage_taken":0,"max_hp_gain":0,"max_hp_loss":0,"event_name":"Vampires","floor":19,"gold_loss":0},{"damage_healed":0,"gold_gain":0,"player_choice":"Simplicity","damage_taken":0,"max_hp_gain":0,"max_hp_loss":0,"event_name":"Back to Basics","floor":21,"gold_loss":0,"cards_upgraded":["Runesmith:Strike_RS","Runesmith:Strike_RS","Runesmith:Strike_RS","Runesmith:Strike_RS","Runesmith:Defend_RS","Runesmith:Defend_RS","Runesmith:Defend_RS","Runesmith:Defend_RS"]},{"damage_healed":0,"gold_gain":50,"player_choice":"Pray","damage_taken":0,"max_hp_gain":0,"max_hp_loss":0,"event_name":"Golden Shrine","floor":22,"gold_loss":0},{"damage_healed":0,"gold_gain":0,"player_choice":"Paid","damage_taken":0,"relics_obtained":["Red Mask"],"max_hp_gain":0,"max_hp_loss":0,"event_name":"Tomb of Lord Red Mask","floor":38,"gold_loss":39},{"damage_healed":0,"gold_gain":0,"player_choice":"Max HP","damage_taken":0,"max_hp_gain":0,"max_hp_loss":4,"event_name":"Winding Halls","floor":39,"gold_loss":0}],"is_beta":false,"boss_relics":[{"not_picked":["Black Star","Snecko Eye"],"picked":"Coffee Dripper"},{"not_picked":["Runesmith:CoreCrystal","Sozu"],"picked":"Velvet Choker"}],"items_purged_floors":[10],"is_endless":false,"potions_floor_spawned":[6,13,14,18,20,30,31,37],"killed_by":"Nemesis","ascension_level":18}}