{"host":"kpyf5rnb72uwap8k","time":1611862433,"event":{"mods":["AchievementEnabler","BaseMod","Colored Map","Colored Powertips","DeckTracker","Minty Spire (QoL Compilation)","Permanent Neow","Quick Restart","StSLib","SuperFastMode"],"gold_per_floor":[218,218,119,132,53,53,85,85,85,85,35,64,77,92,92,188,188,205,105,180,196,216,216,230,230,230,256,272,272,71,81,81,177,227,247,266,116,136,156,191,205,224,224,224,243,243,153,166,166,166,166],"floor_reached":50,"language":"KOR","playtime":1455,"items_purged":["Strike_R","Clothesline","Strike_R","Strike_R"],"score":598,"play_id":"a91eb041-d517-437e-9cd4-4d71940540dd","local_time":"20210129043353","is_ascension_mode":true,"campfire_choices":[{"data":"Armaments","floor":6.0,"key":"SMITH"},{"data":"Searing Blow","floor":8.0,"key":"SMITH"},{"data":"Searing Blow+1","floor":10.0,"key":"SMITH"},{"floor":15.0,"key":"REST"},{"data":"Searing Blow+2","floor":23.0,"key":"SMITH"},{"floor":25.0,"key":"REST"},{"floor":29.0,"key":"REST"},{"floor":32.0,"key":"REST"},{"data":"Bloodletting","floor":46.0,"key":"SMITH"},{"data":"Armaments","floor":49.0,"key":"SMITH"}],"circlet_count":0,"master_deck":["Defend_R+1","Defend_R","Defend_R","Defend_R","Bash","Armaments+1","Shrug It Off","Searing Blow+3","Pommel Strike+1","Corruption","Shrug It Off+1","Armaments+1","Impervious+1","Body Slam","Seeing Red+1","Bloodletting+1","Shrug It Off+1","Shrug It Off"],"relics":["Burning Blood","Bag of Preparation","Mercury Hourglass","Odd Mushroom","Runic Pyramid","Gremlin Horn","Bronze Scales","Tiny House","Orichalcum","Molten Egg 2"],"acts_visited":["Exordium","TheCity","TheBeyond"],"potions_floor_usage":[],"damage_taken":[{"damage":0.0,"enemies":"2 Louse","floor":1.0,"turns":3.0},{"damage":9.0,"enemies":"Small Slimes","floor":4.0,"turns":4.0},{"damage":33.0,"enemies":"Gremlin Nob","floor":7.0,"turns":5.0},{"damage":0.0,"enemies":"The Mushroom Lair","floor":12.0,"turns":4.0},{"damage":7.0,"enemies":"Jaw Worm","floor":13.0,"turns":2.0},{"damage":14.0,"enemies":"Red Slaver","floor":14.0,"turns":3.0},{"damage":24.0,"enemies":"Slime Boss","floor":16.0,"turns":8.0},{"damage":4.0,"enemies":"Chosen","floor":18.0,"turns":5.0},{"damage":16.0,"enemies":"Spheric Guardian","floor":21.0,"turns":4.0},{"damage":44.0,"enemies":"3 Cultists","floor":22.0,"turns":6.0},{"damage":6.0,"enemies":"Chosen and Byrds","floor":24.0,"turns":5.0},{"damage":40.0,"enemies":"Book of Stabbing","floor":27.0,"turns":6.0},{"damage":1.0,"enemies":"Centurion and Healer","floor":28.0,"turns":6.0},{"damage":0.0,"enemies":"Snake Plant","floor":31.0,"turns":3.0},{"damage":62.0,"enemies":"Collector","floor":33.0,"turns":8.0},{"damage":0.0,"enemies":"Orb Walker","floor":35.0,"turns":3.0},{"damage":0.0,"enemies":"3 Shapes","floor":36.0,"turns":4.0},{"damage":0.0,"enemies":"Sphere and 2 Shapes","floor":38.0,"turns":3.0},{"damage":10.0,"enemies":"Writhing Mass","floor":39.0,"turns":4.0},{"damage":16.0,"enemies":"Nemesis","floor":40.0,"turns":5.0},{"damage":0.0,"enemies":"3 Darklings","floor":41.0,"turns":4.0},{"damage":3.0,"enemies":"Spire Growth","floor":42.0,"turns":2.0},{"damage":10.0,"enemies":"Writhing Mass","floor":45.0,"turns":4.0},{"damage":7.0,"enemies":"Sphere and 2 Shapes","floor":48.0,"turns":3.0},{"damage":76,"enemies":"Awakened One","floor":50,"turns":6}],"seed_played":"2995746834586784796","potions_obtained":[{"floor":4.0,"key":"ElixirPotion"},{"floor":7.0,"key":"DistilledChaos"},{"floor":12.0,"key":"FearPotion"},{"floor":24.0,"key":"Swift Potion"},{"floor":27.0,"key":"ColorlessPotion"},{"floor":34.0,"key":"BloodPotion"},{"floor":35.0,"key":"ElixirPotion"},{"floor":40.0,"key":"SkillPotion"},{"floor":45.0,"key":"GamblersBrew"}],"is_trial":false,"path_per_floor":["M","?","$","M","$","R","E","R","T","R","?","?","M","M","R","B",null,"M","$","?","M","M","R","M","R","T","E","M","R","$","M","R","B",null,"M","M","$","M","M","E","M","M","T","?","M","R","?","M","R","B"],"character_chosen":"IRONCLAD","items_purchased":["Armaments","Searing Blow","Regen Potion"],"campfire_rested":4,"item_purchase_floors":[3,5,30],"current_hp_per_floor":[80,64,64,61,61,61,34,34,34,34,34,40,39,31,55,37,80,80,80,72,62,24,24,24,48,48,14,19,43,43,49,73,27,85,85,85,85,85,81,71,77,80,80,80,76,76,76,75,75,0,0],"gold":166,"neow_bonus":"HUNDRED_GOLD","is_daily":false,"chose_seed":false,"campfire_upgraded":6,"win_rate":0.0,"timestamp":1611862433,"path_taken":["M","?","$","M","$","R","E","R","T","R","?","?","M","M","R","BOSS","M","$","?","M","M","R","?","R","T","E","M","R","?","M","R","BOSS","M","M","$","M","M","E","M","M","T","?","M","R","?","M","R","BOSS"],"items_purchased_type":["Card","Card","Potion"],"build_version":"2020-12-22","purchased_purges":4,"victory":false,"max_hp_per_floor":[80,80,80,80,80,80,80,80,80,80,80,80,80,80,80,80,80,80,80,80,80,80,80,80,80,80,80,80,80,80,80,80,80,85,85,85,85,85,85,85,85,85,85,85,85,85,85,85,85,85,85],"card_choices":[{"not_picked":["Thunderclap","Cleave"],"picked":"Clothesline","floor":1.0},{"not_picked":["Whirlwind","Dropkick"],"picked":"Shrug It Off","floor":4.0},{"not_picked":["Dual Wield","Bloodletting"],"picked":"Pommel Strike","floor":7.0},{"not_picked":["Perfected Strike","Thunderclap","Flex"],"picked":"SKIP","floor":13.0},{"not_picked":["Shrug It Off","Intimidate"],"picked":"Corruption","floor":14.0},{"not_picked":["Headbutt+1","Twin Strike"],"picked":"Shrug It Off+1","floor":18.0},{"not_picked":["Wild Strike","Headbutt+1","Sword Boomerang"],"picked":"SKIP","floor":21.0},{"not_picked":["Battle Trance","Whirlwind+1","Combust+1"],"picked":"SKIP","floor":22.0},{"not_picked":["Warcry+1","Sword Boomerang","Clash"],"picked":"SKIP","floor":24.0},{"not_picked":["Flex+1","Heavy Blade","Bloodletting"],"picked":"SKIP","floor":27.0},{"not_picked":["Pommel Strike","Twin Strike"],"picked":"Armaments","floor":28.0},{"not_picked":["Exhume","Headbutt","Infernal Blade"],"picked":"SKIP","floor":31.0},{"not_picked":["Reaper","Bludgeon"],"picked":"Impervious","floor":33.0},{"not_picked":["Cleave","Warcry"],"picked":"Body Slam","floor":34.0},{"not_picked":["Headbutt","Thunderclap+1"],"picked":"Seeing Red+1","floor":35.0},{"not_picked":["Headbutt+1","Iron Wave","Sword Boomerang+1"],"picked":"SKIP","floor":36.0},{"not_picked":["Sword Boomerang","Pommel Strike+1","Perfected Strike"],"picked":"SKIP","floor":38.0},{"not_picked":["Headbutt","Dropkick+1","Wild Strike"],"picked":"SKIP","floor":39.0},{"not_picked":["Headbutt","Fiend Fire","Battle Trance"],"picked":"SKIP","floor":40.0},{"not_picked":["Hemokinesis","Combust+1"],"picked":"Bloodletting","floor":41.0},{"not_picked":["Shockwave+1","Inflame+1"],"picked":"Shrug It Off+1","floor":42.0},{"not_picked":["Sword Boomerang+1","Flex+1","Evolve+1"],"picked":"SKIP","floor":45.0},{"not_picked":["Rage","Havoc"],"picked":"Shrug It Off","floor":48.0}],"player_experience":224848,"relics_obtained":[{"floor":7.0,"key":"Bag of Preparation"},{"floor":9.0,"key":"Mercury Hourglass"},{"floor":12.0,"key":"Odd Mushroom"},{"floor":26.0,"key":"Gremlin Horn"},{"floor":27.0,"key":"Bronze Scales"},{"floor":40.0,"key":"Orichalcum"},{"floor":43.0,"key":"Molten Egg 2"}],"event_choices":[{"damage_healed":0.0,"max_hp_gain":0.0,"max_hp_loss":0.0,"gold_gain":0.0,"event_name":"Shining Light","player_choice":"Entered Light","floor":2.0,"gold_loss":0.0,"damage_taken":16.0,"cards_upgraded":["Strike_R","Defend_R"]},{"cards_removed":["Strike_R"],"damage_healed":0.0,"max_hp_gain":0.0,"max_hp_loss":0.0,"gold_gain":0.0,"event_name":"The Cleric","player_choice":"Card Removal","floor":11.0,"gold_loss":50.0,"damage_taken":0.0},{"damage_healed":0.0,"max_hp_gain":0.0,"max_hp_loss":0.0,"gold_gain":0.0,"event_name":"Mushrooms","player_choice":"Fought Mushrooms","floor":12.0,"gold_loss":0.0,"damage_taken":0.0},{"damage_healed":0.0,"max_hp_gain":0.0,"max_hp_loss":0.0,"gold_gain":75.0,"event_name":"FaceTrader","player_choice":"Touch","floor":20.0,"gold_loss":0.0,"damage_taken":8.0},{"damage_healed":0.0,"max_hp_gain":0.0,"max_hp_loss":0.0,"gold_gain":0.0,"event_name":"SensoryStone","player_choice":"Memory 1","floor":44.0,"gold_loss":0.0,"damage_taken":0.0},{"cards_removed":["Strike_R"],"damage_healed":0.0,"max_hp_gain":0.0,"max_hp_loss":0.0,"gold_gain":0.0,"event_name":"Designer","player_choice":"Upgrade and Remove","floor":47.0,"gold_loss":90.0,"damage_taken":0.0,"cards_upgraded":["Impervious"]}],"is_beta":false,"boss_relics":[{"not_picked":["Black Star","Fusion Hammer"],"picked":"Runic Pyramid"},{"not_picked":["Snecko Eye","Empty Cage"],"picked":"Tiny House"}],"items_purged_floors":[3,19,30,37],"is_endless":false,"potions_floor_spawned":[4,7,12,24,27,28,31,35,36,39,40,45],"killed_by":"Awakened One","ascension_level":2}}