{"host":"lehz9p79pih88cc3","time":1611815354,"event":{"mods":["AchievementEnabler","Act Like it!","BaseMod","Downfall","Minty Spire (QoL Compilation)","Permanent Neow","Quick Restart","Replay The Spire","SacredBarkPlus","StSLib"],"gold_per_floor":[99,99,39,314,44,61,84,102,102,117,117,143,143,156,176,280,280,280,298,298,398,410,410,410,424,434,135,154,171,171,43,62,163,163,163,183,183,183,298,310,362,376,389,408,408,418,418,85,103,103,103,103],"floor_reached":50,"language":"ENG","playtime":2710,"items_purged":["Regret","bronze:Strike","bronze:Strike"],"score":498,"play_id":"70624939-9424-4216-86d2-9f6edb2293ca","local_time":"20210128012914","is_ascension_mode":false,"campfire_choices":[{"data":"bronze:Replicate","floor":1,"key":"SMITH"},{"data":"bronze:Repulsor","floor":9,"key":"SMITH"},{"data":"bronze:Branch","floor":11,"key":"SMITH"},{"data":"bronze:HardenedForm","floor":18,"key":"SMITH"},{"data":"bronze:Branch","floor":23,"key":"SMITH"},{"data":"bronze:MaxOutput","floor":30,"key":"SMITH"},{"data":"bronze:Verify","floor":35,"key":"SMITH"},{"floor":45,"key":"REST"},{"floor":47,"key":"REST"}],"circlet_count":0,"master_deck":["bronze:Strike","bronze:Strike","bronze:Defend","bronze:Defend","bronze:Defend+1","bronze:Defend","bronze:Replicate+1","bronze:Goto","bronze:Optimize","bronze:Return+1","bronze:Return","bronze:WhirlingStrike","bronze:Repulsor+1","bronze:OilSpill","bronze:Branch+1","bronze:CutThrough","bronze:Iterate+1","bronze:Frontload","bronze:HardenedForm+1","bronze:Branch+1","bronze:ForceShield","bronze:MaxOutput+1","bronze:MaxOutput+1","bronze:ItsAFeature+1","bronze:AlphaBuild","bronze:ItsAFeature+1","bronze:Iterate","bronze:Turbo","bronze:ItsAFeature","bronze:Verify+1","bronze:FineTuning+1","bronze:BugBarrage+1","bronze:Shield+1","bronze:Repair+1","bronze:Branch","bronze:Verify","bronze:Turbo"],"relics":["bronze:PlatinumCore","downfall:HeartsMalice","Membership Card","Bag of Preparation","War Paint","downfall:GremlinWheel","Prayer Wheel","StoneCalendar","Darkstone Periapt","bronze:SilverBullet","bronze:MakeshiftBattery","Shovel","Ancient Tea Set"],"acts_visited":["Exordium","TheCity","TheBeyond"],"potions_floor_usage":[16,16,26,29,43,44,44,44],"damage_taken":[{"damage":0,"enemies":"Jaw Worm","floor":2,"turns":1},{"damage":0,"enemies":"downfall:FleeingMerchant","floor":3,"turns":1},{"damage":0,"enemies":"downfall:FleeingMerchant","floor":5,"turns":1},{"damage":4,"enemies":"Cultist","floor":6,"turns":4},{"damage":6,"enemies":"2 Louse","floor":8,"turns":2},{"damage":0,"enemies":"Gremlin Gang","floor":10,"turns":2},{"damage":8,"enemies":"3 Sentries","floor":12,"turns":4},{"damage":1,"enemies":"Large Slime","floor":14,"turns":4},{"damage":7,"enemies":"2 Fungi Beasts","floor":15,"turns":3},{"damage":41,"enemies":"IC_STATUS_ARCHETYPE","floor":16,"turns":7},{"damage":0,"enemies":"3 Byrds","floor":19,"turns":4},{"damage":13,"enemies":"3 Byrds","floor":21,"turns":4},{"damage":6,"enemies":"Chosen","floor":22,"turns":6},{"damage":14,"enemies":"Sentry and Sphere","floor":25,"turns":4},{"damage":9,"enemies":"Snake Plant","floor":26,"turns":6},{"damage":0,"enemies":"downfall:FleeingMerchant","floor":27,"turns":4},{"damage":3,"enemies":"Centurion and Healer","floor":28,"turns":4},{"damage":2,"enemies":"Cultist and Chosen","floor":29,"turns":5},{"damage":0,"enemies":"downfall:FleeingMerchant","floor":31,"turns":4},{"damage":10,"enemies":"Chosen and Byrds","floor":32,"turns":4},{"damage":3,"enemies":"WA_ARCHETYPE_CALM","floor":33,"turns":7},{"damage":11,"enemies":"Orb Walker","floor":36,"turns":3},{"damage":8,"enemies":"downfall:FleeingMerchant","floor":39,"turns":4},{"damage":18,"enemies":"3 Shapes","floor":40,"turns":4},{"damage":36,"enemies":"Spire Growth","floor":42,"turns":5},{"damage":0,"enemies":"Sphere and 2 Shapes","floor":43,"turns":5},{"damage":19,"enemies":"3 Darklings","floor":44,"turns":7},{"damage":21,"enemies":"Transient","floor":46,"turns":5},{"damage":35,"enemies":"Spire Growth","floor":49,"turns":5},{"damage":57,"enemies":"DF_ARCHETYPE_ORBS","floor":50,"turns":5}],"seed_played":"-948756416126778507","potions_obtained":[{"floor":10,"key":"SpeedPotion"},{"floor":12,"key":"Death Potion"},{"floor":15,"key":"bronze:FreeFunctionsPotion"},{"floor":16,"key":"SkillPotion"},{"floor":19,"key":"champ:CounterPotion"},{"floor":28,"key":"LiquidMemories"},{"floor":29,"key":"Dexterity Potion"},{"floor":43,"key":"SpeedPotion"}],"is_trial":false,"path_per_floor":["R","M","$","?","$","M","T","M","R","M","R","E","?","M","M","B",null,"R","M","?","?","M","R","T","M","M","$","M","M","R","$","M","B",null,"R","M","?","?","$","M","T","M","M","M","R","M","R","?","M","B"],"character_chosen":"THE_AUTOMATON","items_purchased":["bronze:Return","Membership Card","bronze:WhirlingStrike","bronze:Repulsor","bronze:ItsAFeature+1","bronze:AlphaBuild","Darkstone Periapt","bronze:SilverBullet","bronze:ItsAFeature","Shovel"],"campfire_rested":2,"item_purchase_floors":[3,5,5,5,27,27,27,31,31,39],"current_hp_per_floor":[70,70,70,70,70,66,66,60,60,60,60,52,52,51,44,14,70,70,70,70,57,58,58,58,54,52,59,63,70,70,70,70,67,70,70,69,69,69,61,43,43,7,17,9,30,19,40,79,44,0,0,0],"gold":103,"neow_bonus":"THREE_ENEMY_KILL","is_daily":false,"chose_seed":false,"campfire_upgraded":7,"win_rate":0.0,"timestamp":1611815354,"path_taken":["R","M","$","?","$","M","T","?","R","M","R","E","?","?","M","BOSS","R","M","?","?","M","R","T","?","M","$","M","M","R","$","M","BOSS","R","M","?","?","?","?","T","M","M","M","R","M","R","?","M","BOSS"],"items_purchased_type":["Card","Relic","Card","Card","Card","Card","Relic","Relic","Card","Relic"],"build_version":"2020-12-22","purchased_purges":3,"victory":false,"max_hp_per_floor":[70,70,70,70,70,70,70,70,70,70,70,70,70,70,70,70,70,70,70,70,70,70,70,70,70,70,70,70,70,70,70,70,70,70,70,70,70,70,70,70,70,70,70,70,70,70,70,79,79,79,79,79],"card_choices":[{"not_picked":["bronze:OilSpill","bronze:BugBarrage","bronze:Backtrace"],"picked":"SKIP","floor":2},{"not_picked":["bronze:BugBarrage","bronze:Allocate"],"picked":"bronze:Optimize","floor":3},{"not_picked":["bronze:BitShift","bronze:Fortify","bronze:Boost"],"picked":"SKIP","floor":5},{"not_picked":["bronze:BugBarrage","bronze:Deprecate"],"picked":"bronze:OilSpill","floor":6},{"not_picked":["bronze:Backtrace","bronze:Shield"],"picked":"bronze:Branch","floor":8},{"not_picked":["bronze:Virus","bronze:Deprecate"],"picked":"bronze:CutThrough","floor":10},{"not_picked":["bronze:Safeguard","bronze:Shield"],"picked":"bronze:Iterate","floor":12},{"not_picked":["bronze:DigitalCarnage","bronze:BugBarrage"],"picked":"bronze:Frontload","floor":14},{"not_picked":["bronze:Shield","bronze:BuggyMess"],"picked":"bronze:Repair","floor":15},{"not_picked":["bronze:RecursiveStrike","bronze:Virus"],"picked":"bronze:HardenedForm","floor":16},{"not_picked":["bronze:Overheat","bronze:DelayedGuard+1"],"picked":"bronze:Branch","floor":19},{"not_picked":["bronze:FineTuning","bronze:Deprecate"],"picked":"bronze:ForceShield","floor":22},{"not_picked":["bronze:FineTuning","bronze:ChosenStrike"],"picked":"bronze:MaxOutput","floor":25},{"not_picked":["bronze:DelayedGuard","bronze:OilSpill","bronze:Allocate"],"picked":"SKIP","floor":25},{"not_picked":["bronze:DelayedGuard","bronze:OilSpill","bronze:Allocate"],"picked":"SKIP","floor":25},{"not_picked":["bronze:DigitalCarnage","bronze:DarkDash+1"],"picked":"bronze:MaxOutput+1","floor":26},{"not_picked":["bronze:BuggyMess","bronze:DelayedGuard","bronze:DelayedSlice"],"picked":"SKIP","floor":26},{"not_picked":["bronze:MaxOutput","bronze:Invalidate","bronze:Frontload"],"picked":"SKIP","floor":27},{"not_picked":["bronze:ShipIt","bronze:DarkDash"],"picked":"bronze:ItsAFeature+1","floor":28},{"not_picked":["bronze:Shield","bronze:Deprecate","bronze:FineTuning"],"picked":"SKIP","floor":28},{"not_picked":["bronze:Overheat","bronze:Safeguard+1"],"picked":"bronze:Iterate","floor":29},{"not_picked":["bronze:Frontload","bronze:BitShift","bronze:BuggyMess+1"],"picked":"SKIP","floor":29},{"not_picked":["bronze:Shell","bronze:GetLatest"],"picked":"bronze:Turbo","floor":31},{"not_picked":["bronze:OilSpill","bronze:DelayedSlice","bronze:Boost"],"picked":"SKIP","floor":32},{"not_picked":["bronze:DelayedSlice","bronze:WhirlingStrike+1","bronze:Shell"],"picked":"SKIP","floor":32},{"not_picked":["bronze:Assembly","bronze:ShipIt"],"picked":"bronze:Verify","floor":33},{"not_picked":["bronze:Philosophize+1","bronze:ClassDefault+1","bronze:FineTuning+1"],"picked":"SKIP","floor":36},{"not_picked":["bronze:Invalidate+1","bronze:Boost+1","bronze:FollowUp+1"],"picked":"SKIP","floor":36},{"not_picked":["bronze:Deprecate","bronze:Mutator"],"picked":"bronze:FineTuning+1","floor":39},{"not_picked":["bronze:ForLoop","bronze:Deprecate"],"picked":"bronze:BugBarrage+1","floor":40},{"not_picked":["bronze:Iterate+1","bronze:CutThrough","bronze:Branch"],"picked":"SKIP","floor":40},{"not_picked":["bronze:DelayedSlice","bronze:Branch"],"picked":"bronze:Shield+1","floor":42},{"not_picked":["bronze:ClassDefault+1","bronze:Iterate+1"],"picked":"bronze:Repair+1","floor":42},{"not_picked":["bronze:OilSpill+1","bronze:Overheat","bronze:Return+1"],"picked":"SKIP","floor":43},{"not_picked":["bronze:ForLoop+1","bronze:ChildClass+1","bronze:Backtrace+1"],"picked":"SKIP","floor":43},{"not_picked":["bronze:FineTuning+1","bronze:Frontload"],"picked":"bronze:Branch","floor":44},{"not_picked":["bronze:Flail","bronze:Overheat","bronze:FineTuning"],"picked":"SKIP","floor":44},{"not_picked":["bronze:ForLoop+1","bronze:ClassDefault+1"],"picked":"bronze:Verify","floor":46},{"not_picked":["bronze:Philosophize","bronze:Backtrace","bronze:Shield+1"],"picked":"SKIP","floor":46},{"not_picked":["bronze:Overload","bronze:FollowUp"],"picked":"bronze:Turbo","floor":49},{"not_picked":["bronze:Overheat","bronze:Deprecate+1","bronze:WildBeam"],"picked":"SKIP","floor":49}],"player_experience":147117,"relics_obtained":[{"floor":7,"key":"Bag of Preparation"},{"floor":12,"key":"War Paint"},{"floor":21,"key":"downfall:GremlinWheel"},{"floor":23,"key":"Prayer Wheel"},{"floor":24,"key":"StoneCalendar"},{"floor":41,"key":"Ancient Tea Set"}],"event_choices":[{"damage_healed":0,"gold_gain":0,"player_choice":"Relic","damage_taken":0,"max_hp_gain":0,"max_hp_loss":0,"event_name":"Wheel of Change","floor":23,"gold_loss":0},{"cards_removed":["bronze:Repair"],"damage_healed":0,"gold_gain":0,"player_choice":"Removed Skill","damage_taken":0,"max_hp_gain":0,"max_hp_loss":0,"event_name":"Falling","floor":37,"gold_loss":0}],"is_beta":false,"boss_relics":[{"not_picked":["Runic Dome","ReplayTheSpireMod:DimensionalGlitch"],"picked":"bronze:PlatinumCore"},{"not_picked":["Black Star","Ring of Chaos"],"picked":"bronze:MakeshiftBattery"}],"items_purged_floors":[5,27,39],"is_endless":false,"potions_floor_spawned":[10,12,15,16,19,28,29,32,33,36,42,43],"killed_by":"DF_ARCHETYPE_ORBS","ascension_level":0}}