{"host":"h1qktzcccqnez8tx","time":1611837783,"event":{"mods":["AchievementEnabler","BaseMod","Bestiary","Better Note","Block Reminder","Colored Map","Colored Powertips","Curses Come First","Downfall","Highlight Path","Infinite Spire","Minty Spire (QoL Compilation)","Permanent Neow","Quick Restart","Relic Stats","Replay The Spire","Say the Spire","StSLib","UnlockEverythingMod"],"gold_per_floor":[110,129,129,129,129,129,139,139,139,139,164,21,33,60,60,157,157,170,184,195,195,195,195,226,240,265,265,265,276,276,276,276],"floor_reached":31,"language":"ENG","playtime":2116,"items_purged":["Strike_P"],"score":329,"play_id":"42fddd31-1402-4372-8179-023a546f8627","local_time":"20210128134303","is_ascension_mode":true,"campfire_choices":[{"data":"BattleHymn","floor":6,"key":"SMITH"},{"data":"Eruption","floor":8,"key":"SMITH"},{"data":"PathToVictory","floor":10,"key":"SMITH"},{"floor":15,"key":"REST"},{"floor":23,"key":"REST"},{"floor":28,"key":"REST"}],"circlet_count":0,"master_deck":["Strike_P","Strike_P+1","Defend_P+1","Defend_P+1","Defend_P","Defend_P","Eruption+1","Vigilance","BattleHymn+1","PathToVictory+1","EmptyFist","TalkToTheHand","Scrawl","MasterReality","ThirdEye","FollowUp+1","Reprogram+1","Replay:Hum","PathToVictory","EmptyFist","Decay","Replay:Battleflow+1","FlyingSleeves"],"relics":["PureWater","Happy Flower","Snack Pack","Pen Nib","infinitespire:Satchel","infinitespire:PuzzleCube","Black Star","HandDrill","Ring of Chaos","Bird Faced Urn","Prayer Wheel","infinitespire:Beetle Shell"],"acts_visited":["Exordium","TheCity"],"potions_floor_usage":[24],"damage_taken":[{"damage":2,"enemies":"Jaw Worm","floor":1,"turns":4},{"damage":11,"enemies":"Small Slimes","floor":2,"turns":6},{"damage":0,"enemies":"2 Louse","floor":7,"turns":4},{"damage":6,"enemies":"Lagavulin","floor":11,"turns":4},{"damage":21,"enemies":"Gremlin Gang","floor":13,"turns":3},{"damage":18,"enemies":"Replay:BlueRogue","floor":14,"turns":3},{"damage":4,"enemies":"The Guardian","floor":16,"turns":6},{"damage":3,"enemies":"Spheric Guardian","floor":18,"turns":3},{"damage":26,"enemies":"2 Thieves","floor":19,"turns":3},{"damage":4,"enemies":"Snecko","floor":20,"turns":4},{"damage":14,"enemies":"Book of Stabbing","floor":24,"turns":3},{"damage":36,"enemies":"Snake Plant","floor":25,"turns":4},{"damage":10,"enemies":"Chosen and Byrds","floor":29,"turns":4},{"damage":34,"enemies":"Nightmare","floor":31,"turns":2}],"seed_played":"-1200086393397105791","potions_obtained":[{"floor":7,"key":"SteroidPotion"},{"floor":11,"key":"Explosive Potion"},{"floor":13,"key":"Swift Potion"},{"floor":14,"key":"BottledMiracle"},{"floor":24,"key":"Weak Potion"}],"is_trial":false,"path_per_floor":["M","M","?","?","?","R","M","R","T","R","E","$","M","E","R","B",null,"M","M","M","?","AVR","R","E","M","T","?","R","M","?","NM"],"character_chosen":"WATCHER","items_purchased":["infinitespire:Satchel"],"campfire_rested":3,"item_purchase_floors":[12],"current_hp_per_floor":[70,59,45,45,45,45,45,45,45,45,43,43,24,8,29,29,61,60,38,36,36,36,57,47,13,13,13,34,28,28,0,0],"gold":276,"neow_bonus":"RANDOM_COMMON_RELIC","is_daily":false,"chose_seed":false,"campfire_upgraded":3,"win_rate":0.0,"timestamp":1611837783,"path_taken":["M","M","?","?","?","R","M","R","T","R","E","$","M","E","R","BOSS","M","M","?","?","AVR","R","E","M","T","?","R","M","?","NM"],"items_purchased_type":["Relic"],"build_version":"2020-12-22","purchased_purges":1,"victory":false,"max_hp_per_floor":[72,72,72,72,72,72,72,72,72,72,72,72,72,72,72,72,72,72,72,72,72,72,72,72,72,72,72,72,72,72,72,72],"relic_stats":{"Happy Flower":[17],"counters":[14,53],"Bird Faced Urn":[6],"Prayer Wheel":2,"Pen Nib":[6],"Black Star":1,"HandDrill":[2],"obtain_stats":[{"Happy Flower":0,"Bird Faced Urn":24,"infinitespire:Satchel":12,"Prayer Wheel":24,"Pen Nib":11,"Ring of Chaos":22,"infinitespire:Beetle Shell":26,"Snack Pack":9,"Black Star":17,"HandDrill":22,"PureWater":0,"infinitespire:PuzzleCube":14},{"Happy Flower":0,"Bird Faced Urn":11,"infinitespire:Satchel":4,"Prayer Wheel":11,"Pen Nib":4,"Ring of Chaos":10,"infinitespire:Beetle Shell":12,"Snack Pack":3,"Black Star":7,"HandDrill":10,"PureWater":0,"infinitespire:PuzzleCube":6},{"Happy Flower":0,"Bird Faced Urn":43,"infinitespire:Satchel":18,"Prayer Wheel":43,"Pen Nib":18,"Ring of Chaos":40,"infinitespire:Beetle Shell":47,"Snack Pack":14,"Black Star":30,"HandDrill":40,"PureWater":0,"infinitespire:PuzzleCube":24}]},"card_choices":[{"not_picked":["Study","Replay:Battleflow","Replay:BluntJabs"],"picked":"SKIP","floor":1},{"not_picked":["WreathOfFlame","Evaluate"],"picked":"BattleHymn","floor":2},{"not_picked":["EmptyBody","WreathOfFlame"],"picked":"PathToVictory","floor":7},{"not_picked":["EmptyBody","Halt"],"picked":"EmptyFist","floor":11},{"not_picked":["SandsOfTime","EmptyFist"],"picked":"TalkToTheHand","floor":13},{"not_picked":["Wish","DeceiveReality"],"picked":"Scrawl","floor":14},{"not_picked":["Judgement","Devotion"],"picked":"MasterReality","floor":16},{"not_picked":["InnerPeace","EmptyBody+1"],"picked":"ThirdEye","floor":18},{"not_picked":["FlurryOfBlows","Replay:Anticipation"],"picked":"FollowUp+1","floor":19},{"not_picked":["JustLucky","CrushJoints","SignatureMove"],"picked":"SKIP","floor":20},{"not_picked":["Replay:LoomingThreat","Replay:ManipulateFuture"],"picked":"Replay:Hum","floor":24},{"not_picked":["CrushJoints+1","Halt+1"],"picked":"PathToVictory","floor":25},{"not_picked":["ClearTheMind","Consecrate"],"picked":"EmptyFist","floor":25},{"not_picked":["ClearTheMind+1","EmptyFist"],"picked":"Replay:Battleflow+1","floor":29},{"not_picked":["Weave","Devotion"],"picked":"FlyingSleeves","floor":29}],"player_experience":245279,"relics_obtained":[{"floor":9,"key":"Snack Pack"},{"floor":11,"key":"Pen Nib"},{"floor":14,"key":"infinitespire:PuzzleCube"},{"floor":24,"key":"Bird Faced Urn"},{"floor":24,"key":"Prayer Wheel"},{"floor":26,"key":"infinitespire:Beetle Shell"}],"event_choices":[{"damage_healed":0,"gold_gain":0,"player_choice":"Entered Light","damage_taken":14,"max_hp_gain":0,"max_hp_loss":0,"event_name":"Shining Light","floor":3,"gold_loss":0,"cards_upgraded":["Defend_P","Strike_P"]},{"cards_removed":["Strike_P"],"damage_healed":0,"gold_gain":0,"player_choice":"Purged","damage_taken":0,"max_hp_gain":0,"max_hp_loss":0,"event_name":"Purifier","floor":5,"gold_loss":0},{"cards_removed":["BattleHymn"],"damage_healed":0,"gold_gain":0,"player_choice":"Take \u0026 Give","damage_taken":0,"max_hp_gain":0,"max_hp_loss":0,"event_name":"betterNote:BetterNote","floor":21,"gold_loss":0,"cards_obtained":["Reprogram"]},{"damage_healed":0,"gold_gain":0,"player_choice":"Smashed Altar","damage_taken":0,"max_hp_gain":0,"max_hp_loss":0,"event_name":"Forgotten Altar","floor":27,"gold_loss":0,"cards_obtained":["Decay"]}],"is_beta":false,"boss_relics":[{"not_picked":["bronze:MakeshiftBattery","Replay:Bronze Core"],"picked":"Black Star"}],"items_purged_floors":[22],"is_endless":false,"potions_floor_spawned":[7,11,13,14,16,18,24,25,29],"killed_by":"Nightmare","ascension_level":5}}