{"host":"vpcwwncyo54nsck6","time":1611803460,"event":{"mods":["BaseMod","Downfall","Minty Spire (QoL Compilation)","StSLib"],"gold_per_floor":[99,112,123,133,308,208,253,265,277,303,347,377,289,301,324,433,445,457,483,510,522,548,570,636,119,153,247,260,295,315,327,340,443,443,343,363,363,363,363,363],"floor_reached":38,"language":"ENG","playtime":5569,"items_purged":["downfall:Malfunctioning"],"score":572,"play_id":"85699250-64a6-411c-b9a6-a4600f0e6162","local_time":"20210127191100","is_ascension_mode":false,"campfire_choices":[{"floor":1.0,"key":"RECALL"},{"data":"sneckomod:WideSting","floor":6.0,"key":"SMITH"},{"data":"sneckomod:TailWhip","floor":13.0,"key":"SMITH"}],"circlet_count":0,"master_deck":["sneckomod:Strike+1","sneckomod:Defend+1","sneckomod:TailWhip+1","sneckomod:SnekBite+1","sneckomod:Unknown+1","sneckomod:Unknown","sneckomod:UnknownStrength","sneckomod:WideSting+1","sneckomod:UnknownCommonAttack","Doubt","sneckomod:SoulCleanse","sneckomod:UnknownBlock","sneckomod:UnknownExhaust","sneckomod:UnknownBlock","sneckomod:SnakeSap","sneckomod:UnknownRareAttack","sneckomod:SerpentMind+1","sneckomod:UnknownUncommonAttack+1","Auto Shields+1","sneckomod:CheapStock","sneckomod:UnknownBlock","Pain","sneckomod:UnknownExhaust+1","sneckomod:UnknownExhaust","sneckomod:UnknownDraw","sneckomod:UnknownRarePower","sneckomod:UnknownRareAttack","sneckomod:Unknown0Cost","sneckomod:UnknownClassPURPLE+1","sneckomod:ImprovisedAttack+1","sneckomod:UnknownBoss","sneckomod:SnakeSap","sneckomod:UnknownUncommonPower","sneckomod:Unknown3Cost","TalkToTheHand+1","sneckomod:UnknownColorless","expansioncontent:DashGenerateEvil"],"relics":["sneckomod:SneckoSoul","downfall:HeartBlessingRed","MawBank","InkBottle","downfall:HeartBlessingGreen","Blue Candle","Astrolabe","WarpedTongs","Sling","Bag of Preparation","Kunai","Velvet Choker","downfall:HeartBlessingBlue"],"acts_visited":["Exordium","TheCity","TheBeyond"],"potions_floor_usage":[],"damage_taken":[{"damage":1.0,"enemies":"Cultist","floor":2.0,"turns":4.0},{"damage":0.0,"enemies":"Small Slimes","floor":3.0,"turns":3.0},{"damage":2.0,"enemies":"2 Louse","floor":4.0,"turns":2.0},{"damage":6.0,"enemies":"Gremlin Gang","floor":10.0,"turns":4.0},{"damage":35.0,"enemies":"Lagavulin","floor":11.0,"turns":9.0},{"damage":14.0,"enemies":"Exordium Wildlife","floor":12.0,"turns":3.0},{"damage":0.0,"enemies":"Large Slime","floor":15.0,"turns":6.0},{"damage":20.0,"enemies":"IC_STATUS_ARCHETYPE","floor":16.0,"turns":6.0},{"damage":4.0,"enemies":"Shell Parasite","floor":19.0,"turns":5.0},{"damage":0.0,"enemies":"3 Byrds","floor":20.0,"turns":3.0},{"damage":27.0,"enemies":"Sentry and Sphere","floor":22.0,"turns":4.0},{"damage":4.0,"enemies":"Centurion and Healer","floor":23.0,"turns":6.0},{"damage":7.0,"enemies":"downfall:FleeingMerchant","floor":25.0,"turns":4.0},{"damage":0.0,"enemies":"Slavers","floor":26.0,"turns":2.0},{"damage":14.0,"enemies":"Snecko","floor":27.0,"turns":4.0},{"damage":30.0,"enemies":"Cultist and Chosen","floor":28.0,"turns":7.0},{"damage":18.0,"enemies":"Book of Stabbing","floor":29.0,"turns":4.0},{"damage":4.0,"enemies":"Centurion and Healer","floor":30.0,"turns":4.0},{"damage":14.0,"enemies":"Sentry and Sphere","floor":31.0,"turns":4.0},{"damage":0.0,"enemies":"Snake Plant","floor":32.0,"turns":1.0},{"damage":8.0,"enemies":"DF_ARCHETYPE_CLAW","floor":33.0,"turns":5.0},{"damage":48,"enemies":"3 Shapes","floor":36,"turns":7},{"damage":75,"enemies":"Orb Walker","floor":38,"turns":5}],"seed_played":"-4311666960607440544","potions_obtained":[{"floor":4.0,"key":"DistilledChaos"},{"floor":11.0,"key":"SpeedPotion"},{"floor":22.0,"key":"Explosive Potion"},{"floor":28.0,"key":"Fire Potion"},{"floor":29.0,"key":"EntropicBrew"},{"floor":30.0,"key":"Strength Potion"},{"floor":32.0,"key":"GamblersBrew"},{"floor":36,"key":"champ:CounterPotion"}],"is_trial":false,"path_per_floor":["R","M","M","M","?","R","T","?","?","M","E","M","R","T","M","B",null,"R","M","M","?","M","M","T","$","E","M","M","E","M","M","M","B",null,"R","M","?","M"],"character_chosen":"THE_SNECKO","items_purchased":["Sling","sneckomod:UnknownRarePower","sneckomod:UnknownRareAttack"],"campfire_rested":0,"item_purchase_floors":[25,25,25],"current_hp_per_floor":[99,98,98,96,96,96,96,96,96,90,55,41,41,41,41,21,99,99,95,95,95,68,64,64,63,63,49,19,19,15,11,11,3,99,109,61,61,0,0,0],"gold":363,"neow_bonus":"TEN_PERCENT_HP_BONUS","is_daily":false,"chose_seed":false,"campfire_upgraded":2,"win_rate":0.0,"timestamp":1611803460,"path_taken":["R","M","?","M","?","R","T","?","?","?","E","?","R","?","M","BOSS","R","M","M","?","M","?","T","?","E","M","M","E","M","?","M","BOSS","R","M","?","M"],"items_purchased_type":["Relic","Card","Card"],"build_version":"2020-12-22","purchased_purges":1,"victory":false,"max_hp_per_floor":[99,99,99,99,99,99,99,99,99,99,99,99,99,99,99,99,99,99,99,99,99,99,99,99,99,99,99,99,99,99,99,99,99,99,109,109,109,109,109,109],"card_choices":[{"not_picked":["sneckomod:MixItUp","sneckomod:QuickMove"],"picked":"sneckomod:UnknownStrength","floor":2.0},{"not_picked":["sneckomod:SoulRoll","sneckomod:UnknownCommonAttack"],"picked":"sneckomod:WideSting","floor":3.0},{"not_picked":["sneckomod:QuickBite","sneckomod:ImprovisedAttack"],"picked":"sneckomod:UnknownCommonAttack","floor":4.0},{"not_picked":["sneckomod:DiceBlock","sneckomod:SoulRoll"],"picked":"sneckomod:UnknownBlock","floor":10.0},{"not_picked":["sneckomod:ImprovisedAttack","sneckomod:UnknownStrength"],"picked":"sneckomod:UnknownExhaust","floor":11.0},{"not_picked":["sneckomod:Mudshield","sneckomod:WideSting"],"picked":"sneckomod:UnknownBlock","floor":12.0},{"not_picked":["sneckomod:UnknownCommonSkill","sneckomod:SoulDraw"],"picked":"sneckomod:SnakeSap","floor":15.0},{"not_picked":["sneckomod:Mudshield","sneckomod:Cheat"],"picked":"sneckomod:UnknownRareAttack","floor":16.0},{"not_picked":["sneckomod:Nope","sneckomod:SoulRoll"],"picked":"sneckomod:CheapStock","floor":19.0},{"not_picked":["sneckomod:DiceBlock","sneckomod:SoulDraw"],"picked":"sneckomod:UnknownBlock","floor":20.0},{"not_picked":["sneckomod:Nope","sneckomod:UnknownBlock"],"picked":"sneckomod:UnknownExhaust+1","floor":22.0},{"not_picked":["sneckomod:SoulRoll+1","sneckomod:DefensiveFlair+1"],"picked":"sneckomod:UnknownExhaust","floor":23.0},{"not_picked":["sneckomod:SoulRoll+1","sneckomod:UnknownClassBLUE"],"picked":"sneckomod:UnknownDraw","floor":25.0},{"not_picked":["sneckomod:Rotation","sneckomod:RainOfDice"],"picked":"sneckomod:Unknown0Cost","floor":26.0},{"not_picked":["sneckomod:CheapStock","sneckomod:UnknownBlock+1"],"picked":"sneckomod:UnknownClassPURPLE+1","floor":27.0},{"not_picked":["sneckomod:UnknownClassBLUE+1","sneckomod:DiceCrush"],"picked":"sneckomod:ImprovisedAttack+1","floor":28.0},{"not_picked":["sneckomod:UnknownUncommonAttack","sneckomod:MixItUp"],"picked":"sneckomod:UnknownBoss","floor":29.0},{"not_picked":["sneckomod:DiceCrush","sneckomod:UnknownBlock"],"picked":"sneckomod:SnakeSap","floor":30.0},{"not_picked":["sneckomod:UnknownClassPURPLE+1","sneckomod:QuickBite"],"picked":"sneckomod:UnknownUncommonAttack+1","floor":31.0},{"not_picked":["sneckomod:DefensiveFlair","sneckomod:SoulDraw"],"picked":"sneckomod:UnknownUncommonPower","floor":32.0},{"not_picked":["sneckomod:Transmogrify","sneckomod:UnknownRareAttack"],"picked":"sneckomod:Unknown3Cost","floor":33.0},{"not_picked":["sneckomod:WideSting","sneckomod:Unknown1Cost+1"],"picked":"sneckomod:UnknownColorless","floor":36},{"not_picked":["expansioncontent:Chronoboost","expansioncontent:YouAreMine"],"picked":"expansioncontent:DashGenerateEvil","floor":37}],"player_experience":2521791,"relics_obtained":[{"floor":7.0,"key":"MawBank"},{"floor":11.0,"key":"InkBottle"},{"floor":14.0,"key":"Blue Candle"},{"floor":26.0,"key":"Bag of Preparation"},{"floor":29.0,"key":"Kunai"}],"event_choices":[{"damage_healed":0.0,"max_hp_gain":0.0,"max_hp_loss":0.0,"gold_gain":0.0,"event_name":"Accursed Blacksmith","player_choice":"Rummage","floor":21.0,"gold_loss":0.0,"damage_taken":0.0,"relics_obtained":["WarpedTongs"],"cards_obtained":["Pain"]}],"is_beta":false,"boss_relics":[{"not_picked":["Runic Dome","SacredBark"],"picked":"Astrolabe"},{"not_picked":["expansioncontent:StudyCardRelic","Tiny House"],"picked":"Velvet Choker"}],"items_purged_floors":[25],"is_endless":false,"potions_floor_spawned":[4,11,22,23,28,29,30,32,36],"killed_by":"Orb Walker","ascension_level":0}}