{"host":"Troy","time":1611854907,"event":{"mods":["BaseMod","Colored Map","Highlight Path","Minty Spire (QoL Compilation)","Permanent Neow"],"gold_per_floor":[12,31,47,67,67,67,80,109,133,133,133,159,159,179,179,179,179],"floor_reached":16,"language":"ENG","playtime":930,"items_purged":[],"score":224,"play_id":"adba94c0-4913-45af-a338-95e24f9c699a","local_time":"20210128122827","is_ascension_mode":true,"campfire_choices":[{"data":"Acrobatics","floor":10,"key":"SMITH"},{"data":"Grand Finale","floor":15,"key":"SMITH"}],"circlet_count":0,"master_deck":["AscendersBane","Strike_G","Strike_G","Strike_G","Strike_G","Defend_G","Defend_G","Defend_G","Defend_G","Defend_G","Survivor","Neutralize","PiercingWail","Dagger Throw","Deadly Poison","Acrobatics+1","Grand Finale+1","Concentrate"],"relics":["Ring of the Snake","Singing Bowl","Bag of Marbles","Orichalcum"],"acts_visited":["Exordium"],"potions_floor_usage":[8,16,16],"damage_taken":[{"damage":1,"enemies":"Cultist","floor":1,"turns":4},{"damage":6,"enemies":"2 Louse","floor":2,"turns":2},{"damage":5,"enemies":"Small Slimes","floor":3,"turns":4},{"damage":18,"enemies":"Exordium Thugs","floor":4,"turns":7},{"damage":3,"enemies":"Lots of Slimes","floor":7,"turns":2},{"damage":32,"enemies":"Lagavulin","floor":8,"turns":6},{"damage":13,"enemies":"3 Sentries","floor":12,"turns":3},{"damage":0,"enemies":"Exordium Wildlife","floor":14,"turns":3},{"damage":81,"enemies":"Slime Boss","floor":16,"turns":9}],"seed_played":"7098349003572473501","potions_obtained":[{"floor":4,"key":"LiquidMemories"},{"floor":7,"key":"LiquidBronze"},{"floor":8,"key":"Fire Potion"},{"floor":14,"key":"CunningPotion"}],"is_trial":false,"path_per_floor":["M","M","M","M","?","$","M","E","T","R","?","E","?","M","R","B"],"character_chosen":"THE_SILENT","items_purchased":[],"campfire_rested":0,"item_purchase_floors":[],"current_hp_per_floor":[58,52,47,29,66,66,63,31,31,31,24,11,76,78,78,0,0],"gold":179,"neow_bonus":"THREE_RARE_CARDS","is_daily":false,"chose_seed":false,"campfire_upgraded":2,"win_rate":0.0,"timestamp":1611854907,"path_taken":["M","M","M","M","?","?","?","E","T","R","?","E","?","?","R","BOSS"],"items_purchased_type":[],"build_version":"2020-12-18","purchased_purges":0,"victory":false,"max_hp_per_floor":[66,66,66,66,66,66,66,66,66,66,66,66,76,78,78,78,78],"card_choices":[{"not_picked":["Venomology","Die Die Die"],"picked":"Corpse Explosion","floor":0},{"not_picked":["Cloak And Dagger","Deflect","PiercingWail"],"picked":"SKIP","floor":1},{"not_picked":["Dodge and Roll","All Out Attack"],"picked":"PiercingWail","floor":2},{"not_picked":["Blade Dance","PiercingWail"],"picked":"Dagger Throw","floor":3},{"not_picked":["Prepared","Masterful Stab"],"picked":"Deadly Poison","floor":4},{"not_picked":["Sucker Punch","Flying Knee"],"picked":"Acrobatics","floor":7},{"not_picked":["Leg Sweep","Deflect"],"picked":"Grand Finale","floor":8},{"not_picked":["Flechettes","Bouncing Flask"],"picked":"Concentrate","floor":12},{"not_picked":["Sucker Punch","Caltrops","Dagger Spray"],"picked":"Singing Bowl","floor":14}],"player_experience":4091092,"relics_obtained":[{"floor":8,"key":"Singing Bowl"},{"floor":9,"key":"Bag of Marbles"},{"floor":12,"key":"Orichalcum"}],"event_choices":[{"damage_healed":37,"gold_gain":0,"player_choice":"Full Heal","damage_taken":0,"max_hp_gain":0,"max_hp_loss":0,"event_name":"Wheel of Change","floor":5,"gold_loss":0},{"cards_removed":["Strike_G"],"damage_healed":0,"gold_gain":0,"player_choice":"Card Removal","damage_taken":7,"max_hp_gain":0,"max_hp_loss":0,"event_name":"Golden Wing","floor":11,"gold_loss":0},{"cards_removed":["Corpse Explosion"],"damage_healed":55,"gold_gain":0,"player_choice":"Offered Rare","damage_taken":0,"max_hp_gain":10,"max_hp_loss":0,"event_name":"Bonfire Elementals","floor":13,"gold_loss":0}],"is_beta":true,"boss_relics":[],"items_purged_floors":[],"is_endless":false,"potions_floor_spawned":[4,7,8,14],"killed_by":"Slime Boss","ascension_level":20}}