{"host":"1gh1pdv85cipbjj7","time":1611874436,"event":{"mods":["BaseMod","Colored Map","Downfall","GifTheSpireLib","Infinite Spire","Minty Spire (QoL Compilation)","Permanent Neow","StSLib","The Jungle"],"gold_per_floor":[99,114,129,129,142,142,169,196,196,196,196,224,136,166,191,307,319,331,363,375,387,411,423,435,457,489,519,531,543,655,667,696,808,820,832,861,883,895,920,154,178,229,229,242,242,254,266,266,282,300,300],"floor_reached":52,"language":"ENG","playtime":3777,"items_purged":["bronze:Goto"],"score":674,"play_id":"ea03156a-c2d5-4b2b-8123-1566f75e08b3","local_time":"20210128165356","is_ascension_mode":true,"campfire_choices":[{"data":"bronze:OilSpill","floor":1.0,"key":"SMITH"},{"data":"bronze:Frontload","floor":6.0,"key":"SMITH"},{"data":"bronze:Deprecate","floor":9.0,"key":"SMITH"},{"data":"bronze:Constructor","floor":11.0,"key":"SMITH"},{"floor":13.0,"key":"REST"},{"data":"bronze:Verify","floor":18.0,"key":"SMITH"},{"data":"infinitespire:TheBestDefense","floor":23.0,"key":"SMITH"},{"data":"bronze:Library","floor":28.0,"key":"SMITH"},{"data":"bronze:TinkerersToolbox","floor":35.0,"key":"SMITH"},{"data":"expansioncontent:QuickStudy","floor":45,"key":"SMITH"},{"floor":48,"key":"REST"}],"circlet_count":0,"master_deck":["bronze:Replicate","bronze:OilSpill+1","bronze:Deprecate+1","bronze:Frontload+1","bronze:Backtrace","bronze:Constructor+1","bronze:Verify+1","bronze:Repair","bronze:Library+1","bronze:WhirlingStrike","infinitespire:TheBestDefense+1","bronze:Overheat","bronze:Optimize+1","bronze:Separator","bronze:Boost+1","Necronomicurse","bronze:DonuBeam","bronze:Fortify","bronze:CutThrough+1","bronze:TinkerersToolbox+1","bronze:Branch+1","bronze:Terminator","expansioncontent:StudyTheSpire","expansioncontent:QuickStudy+1","bronze:OilSpill+1","bronze:Shell+1","bronze:Mutator","bronze:Optimize"],"relics":["bronze:BronzeCore","Bronze Scales","Mango","Pocketwatch","MawBank","downfall:HeartBlessingGreen","Pandora\u0027s Box","infinitespire:Eraser","Shuriken","Necronomicon","infinitespire:BottledMercury","Philosopher\u0027s Stone","HandDrill","Mercury Hourglass","Gambling Chip","bronze:SilverBullet","MealTicket"],"acts_visited":["Exordium","TheCity","TheBeyond"],"potions_floor_usage":[44,51,51],"damage_taken":[{"damage":0.0,"enemies":"Small Slimes","floor":2.0,"turns":2.0},{"damage":1.0,"enemies":"Jaw Worm","floor":3.0,"turns":4.0},{"damage":0.0,"enemies":"Cultist","floor":5.0,"turns":3.0},{"damage":1.0,"enemies":"3 Sentries","floor":8.0,"turns":6.0},{"damage":8.0,"enemies":"Lagavulin","floor":12.0,"turns":6.0},{"damage":4.0,"enemies":"2 Fungi Beasts","floor":14.0,"turns":2.0},{"damage":0.0,"enemies":"Exordium Wildlife","floor":15.0,"turns":3.0},{"damage":8.0,"enemies":"DF_ARCHETYPE_STREAMLINE","floor":16.0,"turns":9.0},{"damage":0.0,"enemies":"Chosen","floor":19.0,"turns":4.0},{"damage":0.0,"enemies":"Spheric Guardian","floor":22.0,"turns":4.0},{"damage":0.0,"enemies":"Centurion and Healer","floor":25.0,"turns":5.0},{"damage":0.0,"enemies":"Cultist and Chosen","floor":26.0,"turns":4.0},{"damage":0.0,"enemies":"Sentry and Sphere","floor":27.0,"turns":3.0},{"damage":2.0,"enemies":"Sentry and Sphere","floor":30.0,"turns":5.0},{"damage":17.0,"enemies":"Shelled Parasite and Fungi","floor":32.0,"turns":3.0},{"damage":44.0,"enemies":"SI_MIRROR_ARCHETYPE","floor":33.0,"turns":6.0},{"damage":0.0,"enemies":"Orb Walker","floor":36.0,"turns":2.0},{"damage":4.0,"enemies":"3 Shapes","floor":37.0,"turns":3.0},{"damage":9,"enemies":"3 Darklings","floor":39,"turns":4},{"damage":5,"enemies":"downfall:FleeingMerchant","floor":40,"turns":4},{"damage":0,"enemies":"Transient","floor":44,"turns":5},{"damage":9,"enemies":"4 Shapes","floor":46,"turns":2},{"damage":0,"enemies":"Maw","floor":47,"turns":5},{"damage":0,"enemies":"3 Darklings","floor":49,"turns":2},{"damage":7,"enemies":"4 Shapes","floor":50,"turns":3},{"damage":21,"enemies":"IC_BLOCK_ARCHETYPE","floor":51,"turns":8}],"seed_played":"2805488874211359940","potions_obtained":[{"floor":2.0,"key":"Swift Potion"},{"floor":8.0,"key":"Swift Potion"},{"floor":12.0,"key":"Ancient Potion"},{"floor":26.0,"key":"Explosive Potion"},{"floor":36.0,"key":"FearPotion"},{"floor":37.0,"key":"Regen Potion"}],"is_trial":false,"path_per_floor":["R","M","M","?","M","R","T","E","R","T","R","E","R","M","M","B",null,"R","M","?","AVR","M","R","T","M","M","M","R","?","?","T","M","B",null,"R","M","M","AVR","M","$","T","T","?","M","R","M","M","R","M","M","B",null],"character_chosen":"THE_AUTOMATON","items_purchased":["Mercury Hourglass","bronze:Terminator","Gambling Chip","expansioncontent:StudyTheSpire"],"campfire_rested":2,"item_purchase_floors":[40,40,40,40],"current_hp_per_floor":[70,70,69,69,69,69,69,82,82,82,82,74,84,80,80,76,84,84,84,84,84,84,84,84,84,84,84,84,68,76,76,59,25,84,84,84,80,80,81,76,76,76,76,83,83,74,74,84,84,77,79],"gold":300,"neow_bonus":"TRANSFORM_CARD","is_daily":false,"chose_seed":false,"campfire_upgraded":9,"win_rate":0.0,"timestamp":1611874436,"path_taken":["R","M","M","?","M","R","T","E","R","?","R","E","R","M","M","BOSS","R","M","?","AVR","M","R","T","?","M","M","R","?","?","?","M","BOSS","R","M","M","AVR","M","$","T","T","?","M","R","M","M","R","M","M","BOSS"],"items_purchased_type":["Relic","Card","Relic","Card"],"build_version":"2020-12-22","purchased_purges":1,"victory":true,"max_hp_per_floor":[70,70,70,70,70,70,70,84,84,84,84,84,84,84,84,84,84,84,84,84,84,84,84,84,84,84,84,84,84,84,84,84,84,84,84,84,84,84,84,84,84,84,84,84,84,84,84,84,84,84,84],"card_choices":[{"not_picked":["bronze:WildBeam","bronze:DelayedSlice"],"picked":"bronze:Deprecate","floor":2.0},{"not_picked":["bronze:MaxOutput","bronze:BronzeArmor"],"picked":"bronze:Frontload","floor":3.0},{"not_picked":["bronze:Turbo","bronze:DigitalCarnage"],"picked":"bronze:Backtrace","floor":5.0},{"not_picked":["bronze:BronzeArmor","bronze:Safeguard"],"picked":"bronze:Constructor","floor":8.0},{"not_picked":["bronze:Refactor","bronze:Constructor"],"picked":"bronze:WildBeam","floor":12.0},{"not_picked":["bronze:OilSpill","bronze:Shield"],"picked":"bronze:Verify","floor":14.0},{"not_picked":["bronze:Shield","bronze:Turbo"],"picked":"bronze:Repair","floor":15.0},{"not_picked":["bronze:HardenedForm","bronze:Virus"],"picked":"bronze:Library","floor":16.0},{"not_picked":["bronze:Constructor+1","bronze:CloningBeam"],"picked":"bronze:WhirlingStrike","floor":19.0},{"not_picked":["bronze:CutThrough","bronze:Constructor+1"],"picked":"bronze:Overheat","floor":22.0},{"not_picked":["bronze:Constructor","bronze:Turbo"],"picked":"bronze:Optimize+1","floor":25.0},{"not_picked":["bronze:WhirlingStrike","bronze:NullPointer"],"picked":"bronze:Separator","floor":26.0},{"not_picked":["bronze:DelayedGuard","bronze:HardenedForm"],"picked":"bronze:Boost+1","floor":27.0},{"not_picked":[],"picked":"bronze:DonuBeam","floor":30.0},{"not_picked":["bronze:Deprecate","bronze:Shield"],"picked":"bronze:Fortify","floor":30.0},{"not_picked":["bronze:Philosophize","bronze:DigitalCarnage"],"picked":"bronze:CutThrough+1","floor":32.0},{"not_picked":["bronze:FindAndReplace","bronze:Hardcode"],"picked":"bronze:TinkerersToolbox","floor":33.0},{"not_picked":["bronze:BuggyMess+1","bronze:Separator"],"picked":"bronze:Branch+1","floor":36.0},{"not_picked":["bronze:Refactor","bronze:WildBeam","bronze:DelayedGuard"],"picked":"SKIP","floor":37.0},{"not_picked":["bronze:SpaghettiCode","bronze:Frontload+1","bronze:WildBeam"],"picked":"SKIP","floor":39},{"not_picked":["bronze:DelayedGuard+1","bronze:WhirlingStrike","bronze:Refactor+1"],"picked":"SKIP","floor":40},{"not_picked":["expansioncontent:YouAreMine","expansioncontent:DashGenerateEvil"],"picked":"expansioncontent:QuickStudy","floor":43},{"not_picked":["bronze:DarkDash","bronze:Optimize+1"],"picked":"bronze:OilSpill+1","floor":44},{"not_picked":["bronze:CutThrough","bronze:BronzeArmor+1"],"picked":"bronze:Shell+1","floor":46},{"not_picked":["bronze:Fortify+1","bronze:Frontload"],"picked":"bronze:Mutator","floor":47},{"not_picked":["bronze:BitShift+1","bronze:ChildClass+1","bronze:WildBeam+1"],"picked":"SKIP","floor":49},{"not_picked":["bronze:BronzeArmor+1","bronze:ForceShield+1"],"picked":"bronze:Optimize","floor":50}],"player_experience":783433,"relics_obtained":[{"floor":7.0,"key":"Bronze Scales"},{"floor":8.0,"key":"Mango"},{"floor":10.0,"key":"Pocketwatch"},{"floor":12.0,"key":"MawBank"},{"floor":24.0,"key":"Shuriken"},{"floor":29.0,"key":"Necronomicon"},{"floor":31.0,"key":"infinitespire:BottledMercury"},{"floor":41,"key":"bronze:SilverBullet"},{"floor":42,"key":"MealTicket"}],"event_choices":[{"cards_removed":["bronze:WildBeam"],"damage_healed":5.0,"max_hp_gain":0.0,"max_hp_loss":0.0,"gold_gain":0.0,"event_name":"Bonfire Elementals","player_choice":"Offered Common","floor":20.0,"gold_loss":0.0,"damage_taken":0.0},{"cards_removed":["bronze:WildBeam"],"damage_healed":5.0,"max_hp_gain":0.0,"max_hp_loss":0.0,"gold_gain":0.0,"event_name":"Bonfire Elementals","player_choice":"Offered Special","floor":20.0,"gold_loss":0.0,"damage_taken":0.0}],"is_beta":false,"boss_relics":[{"not_picked":["SlaversCollar","infinitespire:Cupcake"],"picked":"Pandora\u0027s Box"},{"not_picked":["bronze:MakeshiftBattery","Astrolabe"],"picked":"Philosopher\u0027s Stone"}],"items_purged_floors":[38],"is_endless":false,"potions_floor_spawned":[2,8,12,22,26,30,36,37,39],"ascension_level":1}}