{"host":"f0gpob8hq9vgebej","time":1611823862,"event":{"mods":["AchievementEnabler","BaseMod","Minty Spire (QoL Compilation)","Quick Restart","SuperFastMode"],"gold_per_floor":[115,130,142,62,72,72,99,117,117,117,117,129,129,164,164,266,266,284,303,317,144,154,183,183,183,183,183,98,116,16,31,31,130,130,144,194,69,69,69],"floor_reached":38,"language":"KOR","playtime":1083,"items_purged":["Strike_B","Meteor Strike+1","Defend_B"],"score":609,"play_id":"37972685-a8de-4692-a52f-8bb16531f0b5","local_time":"20210128175102","is_ascension_mode":true,"campfire_choices":[{"data":"Echo Form","floor":6.0,"key":"SMITH"},{"data":"Recycle","floor":11.0,"key":"SMITH"},{"data":"Storm","floor":15.0,"key":"SMITH"},{"floor":24,"key":"REST"},{"data":"Capacitor","floor":27,"key":"SMITH"},{"data":"Zap","floor":32,"key":"SMITH"}],"circlet_count":0,"master_deck":["AscendersBane","Defend_B","Defend_B","Zap+1","Dualcast","Echo Form+1","Ball Lightning","Recycle+1","BootSequence","Capacitor+1","Storm+1","Double Energy","Glacier","White Noise","Steam Power","Thunder Strike","Sweeping Beam+1","Rip and Tear+1","Barrage","Loop+1","Cold Snap","Finesse","Conserve Battery","Steam Power","Amplify","Force Field+1"],"relics":["Cracked Core","Pantograph","Eternal Feather","Nunchaku","Symbiotic Virus","Astrolabe","Potion Belt","Bottled Tornado","Boot","Nuclear Battery","Peace Pipe"],"acts_visited":["Exordium","TheCity","TheBeyond"],"potions_floor_usage":[22,22,22,23,23,23],"damage_taken":[{"damage":8.0,"enemies":"Small Slimes","floor":1.0,"turns":3.0},{"damage":2.0,"enemies":"Jaw Worm","floor":2.0,"turns":3.0},{"damage":1.0,"enemies":"Cultist","floor":3.0,"turns":3.0},{"damage":1.0,"enemies":"Exordium Thugs","floor":5.0,"turns":4.0},{"damage":20.0,"enemies":"Lagavulin","floor":7.0,"turns":7.0},{"damage":0.0,"enemies":"Red Slaver","floor":8.0,"turns":4.0},{"damage":17.0,"enemies":"3 Louse","floor":12.0,"turns":4.0},{"damage":33.0,"enemies":"Gremlin Nob","floor":14.0,"turns":5.0},{"damage":51.0,"enemies":"The Guardian","floor":16.0,"turns":11.0},{"damage":29,"enemies":"2 Thieves","floor":18,"turns":3},{"damage":11,"enemies":"Spheric Guardian","floor":19,"turns":3},{"damage":36,"enemies":"Snake Plant","floor":20,"turns":4},{"damage":3,"enemies":"Chosen and Byrds","floor":22,"turns":4},{"damage":2,"enemies":"Gremlin Leader","floor":23,"turns":6},{"damage":7,"enemies":"Centurion and Healer","floor":29,"turns":6},{"damage":12,"enemies":"Snake Plant","floor":31,"turns":3},{"damage":13,"enemies":"Champ","floor":33,"turns":8},{"damage":0,"enemies":"Orb Walker","floor":35,"turns":3},{"damage":6,"enemies":"Mind Bloom Boss Battle","floor":36,"turns":6},{"damage":72,"enemies":"2 Orb Walkers","floor":38,"turns":4}],"seed_played":"4962548081392224355","potions_obtained":[{"floor":3.0,"key":"PotionOfCapacity"},{"floor":5.0,"key":"FairyPotion"},{"floor":7.0,"key":"FairyPotion"},{"floor":16.0,"key":"EntropicBrew"},{"floor":20,"key":"Fire Potion"},{"floor":33,"key":"CultistPotion"},{"floor":35,"key":"FocusPotion"}],"is_trial":false,"path_per_floor":["M","M","M","$","M","R","E","M","T","?","R","M","?","E","R","B",null,"M","M","M","$","M","E","R","?","T","R","?","M","$","M","R","B",null,"M","?","$","?"],"character_chosen":"DEFECT","items_purchased":["Capacitor","Finesse"],"campfire_rested":1,"item_purchase_floors":[4,21],"current_hp_per_floor":[60,58,57,57,56,56,36,36,36,36,45,28,28,22,34,8,58,29,18,7,7,4,2,39,39,39,54,54,47,47,35,50,62,72,72,69,69,0,0],"gold":69,"neow_bonus":"ONE_RANDOM_RARE_CARD","is_daily":false,"chose_seed":false,"campfire_upgraded":5,"win_rate":0.0,"timestamp":1611823862,"path_taken":["M","M","M","$","M","R","E","M","T","?","R","M","?","E","R","BOSS","M","M","M","$","M","E","R","?","T","R","?","M","$","M","R","BOSS","M","?","$","?"],"items_purchased_type":["Card","Card"],"build_version":"2020-12-22","purchased_purges":3,"victory":false,"max_hp_per_floor":[75,75,75,75,75,75,75,75,75,75,75,75,75,75,75,75,75,75,75,75,75,75,75,75,75,75,75,75,75,75,75,75,75,75,75,75,75,75,75],"card_choices":[{"not_picked":["Rebound","Stack"],"picked":"Ball Lightning","floor":1.0},{"not_picked":["FTL","Beam Cell"],"picked":"Recycle","floor":2.0},{"not_picked":["Steam Power","Streamline"],"picked":"BootSequence","floor":3.0},{"not_picked":["Hologram","Redo"],"picked":"Storm","floor":5.0},{"not_picked":["Rip and Tear","Turbo"],"picked":"Double Energy","floor":7.0},{"not_picked":["Stack","Multi-Cast"],"picked":"Glacier","floor":8.0},{"not_picked":["Fusion","Chaos"],"picked":"White Noise","floor":12.0},{"not_picked":["Glacier","Fusion"],"picked":"Steam Power","floor":14.0},{"not_picked":["Multi-Cast","Echo Form"],"picked":"Thunder Strike","floor":16.0},{"not_picked":["Scrape+1","Barrage","Streamline"],"picked":"SKIP","floor":18},{"not_picked":["Scrape+1","Streamline"],"picked":"Barrage","floor":18},{"not_picked":["Hologram","Capacitor"],"picked":"Loop+1","floor":19},{"not_picked":["Barrage+1","Skim"],"picked":"Cold Snap","floor":20},{"not_picked":["Cold Snap","Tempest+1","Undo"],"picked":"SKIP","floor":22},{"not_picked":["Rebound","Beam Cell"],"picked":"Conserve Battery","floor":23},{"not_picked":["Rainbow","Aggregate+1","Lockon+1"],"picked":"SKIP","floor":29},{"not_picked":["Rebound+1","Compile Driver"],"picked":"Steam Power","floor":31},{"not_picked":["Thunder Strike","Seek"],"picked":"Amplify","floor":33},{"not_picked":["Rebound+1","Hello World"],"picked":"Force Field+1","floor":35}],"player_experience":266945,"relics_obtained":[{"floor":7.0,"key":"Pantograph"},{"floor":9.0,"key":"Eternal Feather"},{"floor":14.0,"key":"Symbiotic Virus"},{"floor":23,"key":"Potion Belt"},{"floor":26,"key":"Bottled Tornado"},{"floor":36,"key":"Peace Pipe"}],"event_choices":[{"damage_healed":0.0,"max_hp_gain":0.0,"max_hp_loss":0.0,"gold_gain":0.0,"event_name":"Dead Adventurer","player_choice":"Searched \u00271\u0027 times","floor":10.0,"gold_loss":0.0,"damage_taken":0.0,"relics_obtained":["Nunchaku"]},{"damage_healed":0.0,"max_hp_gain":0.0,"max_hp_loss":0.0,"gold_gain":0.0,"event_name":"Liars Game","player_choice":"Ignored","floor":13.0,"gold_loss":0.0,"damage_taken":0.0},{"cards_removed":["Defend_B"],"damage_healed":0,"gold_gain":0,"player_choice":"Elegance","damage_taken":0,"max_hp_gain":0,"max_hp_loss":0,"event_name":"Back to Basics","floor":25,"gold_loss":0},{"damage_healed":0,"gold_gain":0,"player_choice":"Obtained Relic","damage_taken":0,"relics_obtained":["Boot"],"max_hp_gain":0,"max_hp_loss":0,"event_name":"Addict","floor":28,"gold_loss":85},{"damage_healed":0,"gold_gain":0,"player_choice":"Fight","damage_taken":0,"max_hp_gain":0,"max_hp_loss":0,"event_name":"MindBloom","floor":36,"gold_loss":0},{"damage_healed":0,"gold_gain":0,"player_choice":"Fight","damage_taken":0,"max_hp_gain":0,"max_hp_loss":0,"event_name":"Mysterious Sphere","floor":38,"gold_loss":0}],"is_beta":false,"boss_relics":[{"not_picked":["Empty Cage","SacredBark"],"picked":"Astrolabe"},{"not_picked":["Runic Pyramid","Coffee Dripper"],"picked":"Nuclear Battery"}],"items_purged_floors":[21,30,37],"is_endless":false,"potions_floor_spawned":[3,5,7,16,20,22,33,35],"killed_by":"2 Orb Walkers","ascension_level":10}}