{"host":"gop1q6bv59twswbp","time":1611798561,"event":{"mods":["AlwaysNeverKeys","BaseMod","Downfall","Hermit","Minty Spire (QoL Compilation)","Permanent Neow","Rare Cards Sparkle","StSLib","The Cursed"],"gold_per_floor":[99,112,128,143,153,53,78,111,11,26,26,126,141,168,180,279,279,179,194,2,34,134,134,159,177,214,233,92,120,135,54,83,196,255,255,276,335,410,438,448,471,481,170,231,258,24,33,73,93,93,93,93],"floor_reached":50,"language":"ENG","playtime":4313,"items_purged":["champ:Defend","champ:Strike"],"score":623,"play_id":"b7e4cab2-5b2b-4386-b22a-d6321a6889a0","local_time":"20210127204921","is_ascension_mode":false,"campfire_choices":[{"data":"champ:Taunt","floor":1.0,"key":"SMITH"},{"data":"champ:BerserkersShout","floor":6.0,"key":"SMITH"},{"floor":9.0,"key":"REST"},{"data":"champ:BerserkersShout","floor":18.0,"key":"SMITH"},{"data":"champ:RageSigil","floor":23.0,"key":"SMITH"},{"data":"champ:Lariat","floor":35.0,"key":"SMITH"}],"circlet_count":0,"master_deck":["champ:Strike","champ:Strike","champ:Strike","champ:Defend","champ:Defend","champ:Defend","champ:Execute","champ:Taunt+1","downfall:Icky","champ:DeathBlow","champ:BerserkersShout+1","champ:BerserkersShout+1","champ:StanceDance","Parasite","champ:Endure","champ:EnGarde","champ:MurderStrike+1","champ:FocusedBerserking+1","champ:RageSigil+1","champ:StanceDance","champ:Lariat+1","champ:FanOfKnives","Ghostly+1","champ:FocusedBerserking","champ:Backstep","champ:EnragedBash","champ:UltimateStance","champ:HeartStrike+1","champ:Shatter","champ:Backstep+1","champ:ArenaPreparation","champ:BerserkersShout+1","champ:BerserkerStyle","champ:RageSigil+1","champ:EnGarde+1","Apotheosis+1","Clumsy","champ:Endure+1"],"relics":["champ:ChampionCrown","Du-Vu Doll","downfall:HeartBlessingBlue","Oddly Smooth Stone","Vajra","downfall:HeartBlessingGreen","White Beast Statue","sneckomod:BlankCard","Runic Dome","downfall:HeartBlessingRed","Guardian:PocketSentry","Red Mask","champ:BlackKnightHelmet","Pear","Lantern","CeramicFish","Tiny House","Pocketwatch","Ancient Tea Set","Mummified Hand","Chemical X","Thread and Needle","Potion Belt"],"acts_visited":["Exordium","TheCity","TheBeyond"],"potions_floor_usage":[50,50,50],"damage_taken":[{"damage":10.0,"enemies":"Small Slimes","floor":2.0,"turns":5.0},{"damage":30.0,"enemies":"Jaw Worm","floor":3.0,"turns":3.0},{"damage":28.0,"enemies":"Cultist","floor":4.0,"turns":4.0},{"damage":59.0,"enemies":"Exordium Thugs","floor":5.0,"turns":6.0},{"damage":59.0,"enemies":"Gremlin Nob","floor":8.0,"turns":4.0},{"damage":20.0,"enemies":"2 Fungi Beasts","floor":10.0,"turns":2.0},{"damage":114.0,"enemies":"downfall:LadyInBlue","floor":12.0,"turns":11.0},{"damage":39.0,"enemies":"Exordium Wildlife","floor":13.0,"turns":4.0},{"damage":40.0,"enemies":"Exordium Thugs","floor":15.0,"turns":4.0},{"damage":134.0,"enemies":"WA_ARCHETYPE_RETAIN","floor":16.0,"turns":8.0},{"damage":45.0,"enemies":"Spheric Guardian","floor":19.0,"turns":5.0},{"damage":55.0,"enemies":"downfall:FleeingMerchant","floor":20.0,"turns":4.0},{"damage":76.0,"enemies":"Masked Bandits","floor":21.0,"turns":5.0},{"damage":85.0,"enemies":"Masked Bandits","floor":22.0,"turns":5.0},{"damage":40.0,"enemies":"Shell Parasite","floor":25.0,"turns":3.0},{"damage":67.0,"enemies":"Gremlin Leader","floor":26.0,"turns":6.0},{"damage":80.0,"enemies":"Centurion and Healer","floor":27.0,"turns":4.0},{"damage":60.0,"enemies":"Cultist and Chosen","floor":29.0,"turns":4.0},{"damage":21.0,"enemies":"Snake Plant","floor":30.0,"turns":3.0},{"damage":59.0,"enemies":"downfall:FleeingMerchant","floor":31.0,"turns":4.0},{"damage":55.0,"enemies":"Sentry and Sphere","floor":32.0,"turns":2.0},{"damage":174.0,"enemies":"DF_ARCHETYPE_CLAW","floor":33.0,"turns":8.0},{"damage":75.0,"enemies":"3 Shapes","floor":36.0,"turns":2.0},{"damage":90.0,"enemies":"3 Shapes","floor":37.0,"turns":7.0},{"damage":28.0,"enemies":"Orb Walker","floor":39.0,"turns":3.0},{"damage":83.0,"enemies":"Spire Growth","floor":40.0,"turns":4.0},{"damage":115.0,"enemies":"Maw","floor":42.0,"turns":7.0},{"damage":35.0,"enemies":"downfall:FleeingMerchant","floor":43.0,"turns":3.0},{"damage":83,"enemies":"2 Orb Walkers","floor":44,"turns":3},{"damage":97,"enemies":"Writhing Mass","floor":45,"turns":4},{"damage":62,"enemies":"Nemesis","floor":48,"turns":5},{"damage":43,"enemies":"3 Darklings","floor":49,"turns":4},{"damage":180,"enemies":"IC_BLOCK_ARCHETYPE","floor":50,"turns":8}],"seed_played":"2621494863495314750","potions_obtained":[{"floor":5.0,"key":"champ:CounterPotion"},{"floor":8.0,"key":"BlessingOfTheForge"},{"floor":10.0,"key":"FearPotion"},{"floor":12.0,"key":"AttackPotion"},{"floor":12.0,"key":"bronze:BurnAndBuffPotion"},{"floor":12.0,"key":"Regen Potion"},{"floor":13.0,"key":"champ:TechniquePotion"},{"floor":15.0,"key":"PowerPotion"},{"floor":16.0,"key":"CultistPotion"},{"floor":19.0,"key":"Regen Potion"},{"floor":20.0,"key":"Fire Potion"},{"floor":21.0,"key":"ColorlessPotion"},{"floor":22.0,"key":"LiquidBronze"},{"floor":25.0,"key":"CultistPotion"},{"floor":27.0,"key":"champ:TechniquePotion"},{"floor":29.0,"key":"DuplicationPotion"},{"floor":31.0,"key":"ColorlessPotion"},{"floor":33.0,"key":"Weak Potion"},{"floor":36.0,"key":"AttackPotion"},{"floor":38.0,"key":"downfall:CursedFountainPotion"},{"floor":44,"key":"SkillPotion"},{"floor":48,"key":"DuplicationPotion"},{"floor":49,"key":"ColorlessPotion"}],"is_trial":false,"path_per_floor":["R","M","M","M","M","R","T","E","R","M","?","?","M","T","M","B",null,"R","M","$","?","?","R","T","M","E","M","?","M","M","$","M","B",null,"R","M","?","?","M","M","T","M","?","?","M","$","?","E","M","B"],"character_chosen":"THE_CHAMP","items_purchased":["Guardian:PocketSentry","champ:StanceDance","Mummified Hand","champ:BerserkerStyle","Chemical X","Fruit Juice","Apotheosis","LiquidMemories"],"campfire_rested":1,"item_purchase_floors":[20,20,43,43,43,43,46,46],"current_hp_per_floor":[90,90,80,72,58,68,68,39,69,64,89,65,61,61,51,23,100,100,100,100,89,106,106,106,106,94,94,94,94,103,99,99,68,115,115,115,115,115,112,99,99,99,89,101,100,100,100,116,116,0,0,0],"gold":93,"neow_bonus":"ONE_RARE_RELIC","is_daily":false,"chose_seed":false,"campfire_upgraded":5,"win_rate":0.0,"timestamp":1611798561,"path_taken":["R","M","M","M","M","R","T","E","R","M","?","?","?","?","M","BOSS","R","M","$","?","?","R","T","M","E","M","?","M","M","$","M","BOSS","R","M","?","?","?","M","T","M","?","?","M","$","?","E","M","BOSS"],"items_purchased_type":["Relic","Card","Relic","Card","Relic","Potion","Card","Potion"],"build_version":"2020-12-22","purchased_purges":2,"victory":false,"max_hp_per_floor":[90,90,90,90,90,100,100,100,100,100,100,100,100,100,100,100,100,100,100,100,100,110,110,110,110,110,110,110,110,110,110,110,110,115,115,115,115,115,115,115,115,115,120,120,120,120,120,120,120,120,120,120],"card_choices":[{"not_picked":["champ:EnGarde","champ:HeartStrike"],"picked":"champ:DeathBlow","floor":2.0},{"not_picked":["champ:ArenaPreparation","champ:Endure"],"picked":"champ:BerserkersShout","floor":3.0},{"not_picked":["champ:DefensiveShout","champ:Lariat"],"picked":"champ:BerserkersShout","floor":4.0},{"not_picked":["champ:GutPunch","champ:PreemptiveStrike","champ:DeathBlow"],"picked":"SKIP","floor":5.0},{"not_picked":["champ:ShieldSlam","champ:DefensiveStyle"],"picked":"champ:StanceDance","floor":8.0},{"not_picked":["champ:ShieldThrow","champ:FocusedDefense","champ:ViciousMockery"],"picked":"SKIP","floor":10.0},{"not_picked":["champ:PerfectedStrike","champ:BringItOn"],"picked":"champ:Endure","floor":12.0},{"not_picked":["champ:BerserkersShout","champ:BringItOn"],"picked":"champ:EnGarde","floor":13.0},{"not_picked":["champ:CrownThrow","champ:IronFortress","champ:DeathBlow"],"picked":"SKIP","floor":15.0},{"not_picked":["champ:Devastate","champ:ShieldThrow"],"picked":"champ:MurderStrike","floor":16.0},{"not_picked":["champ:DefensiveShout+1","champ:IronFortress"],"picked":"champ:FocusedBerserking+1","floor":19.0},{"not_picked":["champ:SwordSigil","champ:FocusedDefense"],"picked":"champ:RageSigil","floor":20.0},{"not_picked":["champ:RecklessLeap","champ:GladiatorStyle","champ:FalseCounter"],"picked":"SKIP","floor":25.0},{"not_picked":["champ:PreciseThrust","champ:FlashCut+1"],"picked":"champ:Lariat","floor":26.0},{"not_picked":["champ:RecklessLeap","champ:BringItOn"],"picked":"champ:FanOfKnives","floor":27.0},{"not_picked":["champ:SwordSigil","champ:RecklessLeap"],"picked":"champ:FocusedBerserking","floor":29.0},{"not_picked":["champ:CrownThrow","champ:GutPunch+1","champ:HeavySlash"],"picked":"SKIP","floor":30.0},{"not_picked":["champ:IronFortress","champ:ShieldSigil"],"picked":"champ:Backstep","floor":31.0},{"not_picked":["champ:Circumvent","champ:CrownThrow"],"picked":"champ:EnragedBash","floor":32.0},{"not_picked":["champ:HeavySlash","champ:LastStand"],"picked":"champ:UltimateStance","floor":33.0},{"not_picked":["champ:ShieldSigil","champ:GutPunch"],"picked":"champ:HeartStrike+1","floor":34.0},{"not_picked":["champ:CrownThrow+1","champ:SkillfulDodge"],"picked":"champ:Shatter","floor":36.0},{"not_picked":["champ:ShieldSigil","champ:BladeFlurry"],"picked":"champ:Backstep+1","floor":37.0},{"not_picked":["champ:CrookedStrike+1","champ:BerserkerStyle+1"],"picked":"champ:ArenaPreparation","floor":39.0},{"not_picked":["champ:CrownThrow","champ:RecklessLeap","champ:FocusedDefense+1"],"picked":"SKIP","floor":40.0},{"not_picked":["champ:FocusedDefense","champ:HeartStrike","champ:FanOfKnives"],"picked":"SKIP","floor":42.0},{"not_picked":["champ:StanceDance","champ:BringItOn"],"picked":"champ:BerserkersShout+1","floor":43.0},{"not_picked":["champ:DefensiveStyle+1","champ:VampiricStrike"],"picked":"champ:RageSigil+1","floor":44},{"not_picked":["champ:FlashCut+1","champ:RecklessLeap"],"picked":"champ:EnGarde+1","floor":45},{"not_picked":["champ:FalseCounter","champ:EnchantSword"],"picked":"champ:Endure+1","floor":48},{"not_picked":["champ:DeathBlow+1","champ:Backstep","champ:FanOfKnives"],"picked":"SKIP","floor":49}],"player_experience":849334,"relics_obtained":[{"floor":7.0,"key":"Oddly Smooth Stone"},{"floor":8.0,"key":"Vajra"},{"floor":12.0,"key":"White Beast Statue"},{"floor":14.0,"key":"sneckomod:BlankCard"},{"floor":21.0,"key":"Red Mask"},{"floor":22.0,"key":"champ:BlackKnightHelmet"},{"floor":22.0,"key":"Pear"},{"floor":24.0,"key":"Lantern"},{"floor":26.0,"key":"CeramicFish"},{"floor":37.0,"key":"Pocketwatch"},{"floor":41.0,"key":"Ancient Tea Set"},{"floor":44,"key":"Thread and Needle"},{"floor":48,"key":"Potion Belt"}],"event_choices":[{"damage_healed":25.0,"max_hp_gain":0.0,"max_hp_loss":0.0,"gold_gain":0.0,"event_name":"Mushrooms","player_choice":"Healed and dodged fight","floor":11.0,"gold_loss":0.0,"damage_taken":0.0,"cards_obtained":["Parasite"]},{"damage_healed":0.0,"max_hp_gain":0.0,"max_hp_loss":0.0,"gold_gain":0.0,"event_name":"Masked Bandits","player_choice":"Fought Bandits","floor":21.0,"gold_loss":0.0,"damage_taken":0.0},{"damage_healed":0,"gold_gain":0,"player_choice":"Fight","damage_taken":0,"max_hp_gain":0,"max_hp_loss":0,"event_name":"Mysterious Sphere","floor":44,"gold_loss":0}],"is_beta":false,"boss_relics":[{"not_picked":["champ:PowerArmor","Calling Bell"],"picked":"Runic Dome"},{"not_picked":["Velvet Choker","Astrolabe"],"picked":"Tiny House"}],"items_purged_floors":[31,43],"is_endless":false,"potions_floor_spawned":[5,8,10,12,13,15,16,19,20,21,22,25,26,27,29,30,31,32,33,36,37,39,40,42,43,44,45,48,49],"killed_by":"IC_BLOCK_ARCHETYPE","ascension_level":0}}