{"host":"uvmuduost5bzvojs","time":1611860426,"event":{"mods":["Aspiration","Bard","BaseMod","Better Match","Block Reminder","Conspire","Hermit","Highlight Path","Hubris","Infinite Spire","Jorbs\u0027s Wanderer Trilogy","Mad Scientist","Marisa????????","Mimic Mod","Minty Spire (QoL Compilation)","Potionbrewer","Replay The Spire","Robot Space Explorer","StSLib","The Blackbeard","The Construct","The Cursed","The Disciple","The Hayseed","The Hierophant","The Juggle","The Jungle","The Poker Player","The Runesmith","The Servant 0.9.4","The Spell Scribe","The Valiant","TheBandit"],"gold_per_floor":[117,117,47,66,66,96,96,112,112,139,139,106,106,138,138,239,239,252,252,269,302,76,101,101,101,101],"floor_reached":25,"language":"ENG","playtime":1830,"items_purged":["bard:Strike+1","bard:BucklerBash"],"score":250,"play_id":"6d2219f5-542a-4d0b-9c25-ba3af21a2977","local_time":"20210128140026","is_ascension_mode":false,"campfire_choices":[{"data":"bard:DiscordantVoice","floor":7,"key":"SMITH"},{"data":"bard:Flourish","floor":11,"key":"SMITH"},{"data":"bard:DiscordantVoice","floor":13,"key":"SMITH"},{"data":"bard:Gamble","floor":15,"key":"SMITH"},{"data":"bard:Invisibility","floor":24,"key":"SMITH"}],"circlet_count":0,"master_deck":["bard:Strike+1","bard:Strike+1","bard:Strike+1","bard:Defend","bard:Defend","bard:Defend","bard:Defend","bard:Riposte","bard:Inspire","bard:Demoralize+1","bard:DiscordantVoice+1","bard:Thunderwave","bard:DiscordantVoice+1","bard:Doot","bard:Flourish+1","bard:MantleOfInspiration","bard:Gamble+1","bard:Sonata","bard:Accelerando","bard:Parry","bard:Gamble","bard:Demoralize","bard:EnGarde","bard:SplendidForm","bard:Invisibility+1"],"relics":["bard:PitchPipe","bard:BagPipes","NeowsBlessing","Letter Opener","Replay:Mystery Machine","Replay:Bottled Eggs","Replay:Rubber Ducky","Ancient Tea Set","Replay:Bronze Core","Strawberry","Eternal Feather","potionbrewer:BoosterPack","Replay:Ringing Soul"],"acts_visited":["Exordium","TheCity"],"potions_floor_usage":[10],"damage_taken":[{"damage":0,"enemies":"Small Slimes","floor":1,"turns":1},{"damage":0,"enemies":"Cultist","floor":4,"turns":1},{"damage":0,"enemies":"Lagavulin","floor":6,"turns":1},{"damage":6,"enemies":"conspire:RoseBush","floor":8,"turns":3},{"damage":24,"enemies":"Replay:BlueRogue","floor":10,"turns":4},{"damage":0,"enemies":"2 Fungi Beasts","floor":14,"turns":5},{"damage":15,"enemies":"Fading Forest","floor":16,"turns":11},{"damage":15,"enemies":"3 Byrds","floor":18,"turns":5},{"damage":12,"enemies":"Spheric Guardian","floor":20,"turns":4},{"damage":5,"enemies":"Shelled Parasite and Fungi","floor":21,"turns":8},{"damage":31,"enemies":"conspire:SneckoGhost","floor":23,"turns":9},{"damage":0,"enemies":"Shelled Parasite and Fungi","floor":25,"turns":2}],"seed_played":"-1077601571921694747","potions_obtained":[{"floor":1,"key":"potionbrewer:ToxicPotion"},{"floor":8,"key":"SkillPotion"},{"floor":16,"key":"SteroidPotion"},{"floor":18,"key":"potionbrewer:SplittingPotion"}],"is_trial":false,"path_per_floor":["M","?","$","M","?","E","R","M","T","E","R","$","R","MIM","R","B",null,"M","AVR","M","MIM","$","E","R","M"],"character_chosen":"BARD","items_purchased":["bard:DiscordantVoice","bard:MantleOfInspiration","potionbrewer:BoosterPack"],"campfire_rested":0,"item_purchase_floors":[3,12,22],"current_hp_per_floor":[70,70,70,70,70,70,70,64,64,40,40,40,40,40,40,35,70,55,62,50,45,45,17,32,32,32],"gold":101,"neow_bonus":"THREE_ENEMY_KILL","is_daily":false,"chose_seed":false,"campfire_upgraded":5,"win_rate":0.0,"timestamp":1611860426,"path_taken":["M","?","?","M","?","E","R","M","T","E","R","$","R","?","R","BOSS","M","AVR","M","?","$","E","R","M"],"items_purchased_type":["Card","Card","Relic"],"build_version":"2020-12-22","purchased_purges":2,"victory":false,"max_hp_per_floor":[70,70,70,70,70,70,70,70,70,70,70,70,70,70,70,70,70,70,77,77,77,77,80,80,80,80],"card_choices":[{"not_picked":["bard:TinyHut","bard:Flourish"],"picked":"bard:Demoralize","floor":1},{"not_picked":["bard:HideousLaughter","bard:EchoEcho"],"picked":"bard:Thunderwave","floor":4},{"not_picked":["bard:StudiedStrike","bard:QuickSong"],"picked":"bard:DiscordantVoice","floor":6},{"not_picked":["bard:LingeringEcho","bard:FaerieFire"],"picked":"bard:Doot","floor":8},{"not_picked":["bard:Thunderwave","bard:FeastOnFear"],"picked":"bard:Flourish","floor":10},{"not_picked":["bard:FeastOnFear","bard:ThickOfTheFight"],"picked":"bard:Gamble","floor":14},{"not_picked":["bard:BottledSong","bard:CovetousAura"],"picked":"bard:Sonata","floor":16},{"not_picked":["bard:BestowCurse","bard:EnGarde","bard:Greatness"],"picked":"SKIP","floor":18},{"not_picked":["bard:LifeDrain","bard:FeastOnFear+1"],"picked":"bard:Accelerando","floor":20},{"not_picked":["bard:Fermata","bard:BucklerBash+1"],"picked":"bard:Invisibility","floor":23}],"player_experience":1891124,"relics_obtained":[{"floor":5,"key":"Letter Opener"},{"floor":6,"key":"Replay:Mystery Machine"},{"floor":9,"key":"Replay:Bottled Eggs"},{"floor":10,"key":"Replay:Rubber Ducky"},{"floor":14,"key":"Ancient Tea Set"},{"floor":21,"key":"Eternal Feather"},{"floor":23,"key":"Replay:Ringing Soul"}],"event_choices":[{"damage_healed":0,"gold_gain":0,"player_choice":"Upgraded","damage_taken":0,"max_hp_gain":0,"max_hp_loss":0,"event_name":"Upgrade Shrine","floor":2,"gold_loss":0,"cards_upgraded":["bard:Demoralize"]}],"is_beta":false,"boss_relics":[{"not_picked":["Fusion Hammer","Calling Bell"],"picked":"Replay:Bronze Core"}],"items_purged_floors":[19,22],"is_endless":false,"potions_floor_spawned":[1,8,16,18,23],"killed_by":"Shelled Parasite and Fungi","ascension_level":0}}