{"host":"fr3ip57hl52y255p","time":1611829940,"event":{"mods":["Act Like it!","Arknights The Spire","BaseMod","Challenge The Spire","Colored Powertips","Downfall","Good Game Mod","Luminous","Mari Mod (Legacy)","Mari\u0027s V1 Patch","Minty Spire (QoL Compilation)","READ ME - Guardian Mod","Relic Filter Mod","Relic Stats","StSLib","The Cursed","The Hierophant","[GremlinLeader]The Maniac"],"gold_per_floor":[115,125,145,157,173,200,200,228,255,255,270,50,50,50,50,153,153,167,182,15,34,52,52,52],"floor_reached":23,"language":"ZHS","playtime":2497,"items_purged":["TheCursedMod:Defend_TheCursed","TheCursedMod:Strike_TheCursed"],"score":294,"play_id":"e77a3085-0dfb-4226-a1aa-904ff901156c","local_time":"20210128183220","is_ascension_mode":true,"campfire_choices":[{"data":"TheCursedMod:CleanUpWorkshop","floor":7,"key":"SMITH"},{"floor":10,"key":"REST"},{"data":"Deep Breath","floor":13,"key":"SMITH"},{"data":"TheCursedMod:CursedSpellbook","floor":15,"key":"SMITH"}],"circlet_count":0,"master_deck":["TheCursedMod:Strike_TheCursed","TheCursedMod:Strike_TheCursed","TheCursedMod:Strike_TheCursed","TheCursedMod:Defend_TheCursed+1","TheCursedMod:Defend_TheCursed","TheCursedMod:Defend_TheCursed","TheCursedMod:CursedWand","TheCursedMod:CleanUpWorkshop+1","TheCursedMod:Dregs","Deep Breath+1","Reboot+1","TheCursedMod:SoulCrush","TheCursedMod:RapidMovement","TheCursedMod:CursedSpellbook+1","TheCursedMod:DemonicPact","TheCursedMod:SurpriseAttack","TheCursedMod:SurpriseAttack","TheCursedMod:SpitefulPlan","TheCursedMod:AshesToAshes"],"relics":["TheCursedMod:BlackMagic101","REME:ComplimentaryCards","Anchor","Mummified Hand","Omamori","Bag of Preparation","TheCursedMod:OminousMark"],"acts_visited":["Exordium","TheCity"],"potions_floor_usage":[6,8,16,16,22,23],"damage_taken":[{"damage":1.0,"enemies":"2 Louse","floor":1.0,"turns":3.0},{"damage":1,"enemies":"Jaw Worm","floor":2,"turns":4},{"damage":1,"enemies":"Cultist","floor":3,"turns":3},{"damage":8,"enemies":"2 Fungi Beasts","floor":4,"turns":4},{"damage":0,"enemies":"Gremlin Gang","floor":5,"turns":4},{"damage":27,"enemies":"Lagavulin","floor":6,"turns":4},{"damage":23,"enemies":"3 Sentries","floor":8,"turns":7},{"damage":0,"enemies":"Lots of Slimes","floor":11,"turns":6},{"damage":3,"enemies":"Hexaghost","floor":16,"turns":8},{"damage":12,"enemies":"Shell Parasite","floor":18,"turns":6},{"damage":9,"enemies":"Spheric Guardian","floor":19,"turns":5},{"damage":7,"enemies":"Snake Plant","floor":21,"turns":3},{"damage":19,"enemies":"Snecko","floor":22,"turns":5},{"damage":16,"enemies":"Gremlin Leader","floor":23,"turns":5}],"seed_played":"250183199669700490","potions_obtained":[{"floor":1.0,"key":"PowerPotion"},{"floor":2,"key":"AttackPotion"},{"floor":4,"key":"AttackPotion"},{"floor":11,"key":"DuplicationPotion"},{"floor":16,"key":"Strength Potion"},{"floor":18,"key":"champ:CounterPotion"},{"floor":19,"key":"Explosive Potion"},{"floor":22,"key":"Weak Potion"}],"is_trial":false,"path_per_floor":["M","M","M","M","M","E","R","E","T","R","M","$","R","?","R","B",null,"M","M","$","M","M","E"],"character_chosen":"THE_CURSED","items_purchased":["Bag of Preparation","TheCursedMod:SpitefulPlan"],"campfire_rested":1,"item_purchase_floors":[12,20],"current_hp_per_floor":[74,73,72,64,64,37,37,14,14,36,36,36,36,21,21,18,75,63,54,54,47,28,12,12],"gold":52,"neow_bonus":"RANDOM_COLORLESS","is_daily":false,"chose_seed":false,"campfire_upgraded":3,"win_rate":0.0,"timestamp":1611829940,"path_taken":["M","M","M","M","M","E","R","E","T","R","M","$","R","?","R","BOSS","M","M","$","M","M","E"],"items_purchased_type":["Relic","Card"],"build_version":"2020-12-22","purchased_purges":2,"victory":false,"max_hp_per_floor":[75,75,75,75,75,75,75,75,75,75,75,75,75,75,75,75,75,75,75,75,75,75,75,75],"relic_stats":{"counters":[14,67],"Mummified Hand":[11],"Bag of Preparation":[12],"obtain_stats":[{"TheCursedMod:BlackMagic101":0,"REME:ComplimentaryCards":0,"Anchor":6,"TheCursedMod:OminousMark":17,"Mummified Hand":8,"Omamori":9,"Bag of Preparation":12},{"TheCursedMod:BlackMagic101":0,"REME:ComplimentaryCards":0,"Anchor":6,"TheCursedMod:OminousMark":9,"Mummified Hand":7,"Omamori":7,"Bag of Preparation":8},{"TheCursedMod:BlackMagic101":0,"REME:ComplimentaryCards":0,"Anchor":22,"TheCursedMod:OminousMark":43,"Mummified Hand":29,"Omamori":29,"Bag of Preparation":35}]},"card_choices":[{"not_picked":["Swift Strike","Jack Of All Trades"],"picked":"Deep Breath","floor":0.0},{"not_picked":["TheCursedMod:TacticalStrike","TheCursedMod:SmokeScreen","TheCursedMod:Stigma"],"picked":"SKIP","floor":1.0},{"not_picked":["TheCursedMod:TacticalStrike","TheCursedMod:Obscuration"],"picked":"TheCursedMod:SoulCrush","floor":2},{"not_picked":["TheCursedMod:CursedAmulet","TheCursedMod:SaltUponWound","TheCursedMod:CircleOfBlood"],"picked":"SKIP","floor":3},{"not_picked":["TheCursedMod:AntiAging","TheCursedMod:CircleOfCorruption","TheCursedMod:BloodBarrier"],"picked":"SKIP","floor":4},{"not_picked":["TheCursedMod:CircleOfBlood","TheCursedMod:TacticalStrike","TheCursedMod:CursedBlade"],"picked":"SKIP","floor":5},{"not_picked":["TheCursedMod:WearCloak","TheCursedMod:CircleOfCorruption"],"picked":"TheCursedMod:RapidMovement","floor":6},{"not_picked":["TheCursedMod:AntiAging","TheCursedMod:SaltUponWound","TheCursedMod:ParallelWorld"],"picked":"SKIP","floor":8},{"not_picked":["TheCursedMod:CursedBoomerang","TheCursedMod:CursedShiv"],"picked":"TheCursedMod:CursedSpellbook","floor":11},{"not_picked":["TheCursedMod:DarkBarrier","TheCursedMod:AntiAging"],"picked":"TheCursedMod:DemonicPact","floor":16},{"not_picked":["TheCursedMod:SoulCrush","TheCursedMod:HellsGateOpen"],"picked":"TheCursedMod:SurpriseAttack","floor":18},{"not_picked":["TheCursedMod:Torture","TheCursedMod:CircleOfCorruption+1"],"picked":"TheCursedMod:SurpriseAttack","floor":19},{"not_picked":["TheCursedMod:EmpowerCircles","TheCursedMod:CursedRelics","TheCursedMod:RapidMovement+1"],"picked":"SKIP","floor":21},{"not_picked":["TheCursedMod:SpitefulStrike+1","TheCursedMod:PrepareRite+1"],"picked":"TheCursedMod:AshesToAshes","floor":22}],"player_experience":189378,"relics_obtained":[{"floor":6,"key":"Anchor"},{"floor":8,"key":"Mummified Hand"},{"floor":9,"key":"Omamori"}],"event_choices":[{"damage_healed":0,"gold_gain":0,"player_choice":"Entered Light","damage_taken":15,"max_hp_gain":0,"max_hp_loss":0,"event_name":"Shining Light","floor":14,"gold_loss":0,"cards_upgraded":["Reboot","TheCursedMod:Defend_TheCursed"]}],"is_beta":false,"boss_relics":[{"not_picked":["Astrolabe","TheCursedMod:BlackMagicAdvanced"],"picked":"TheCursedMod:OminousMark"}],"items_purged_floors":[12,20],"is_endless":false,"potions_floor_spawned":[1,2,4,11,16,18,19,22],"killed_by":"Gremlin Leader","ascension_level":1}}