{"host":"f0gpob8hq9vgebej","time":1611850263,"event":{"mods":["AchievementEnabler","BaseMod","Minty Spire (QoL Compilation)","Quick Restart","SuperFastMode"],"gold_per_floor":[116,130,130,150,175,175,208,208,278,278,278],"floor_reached":10,"language":"KOR","playtime":155,"items_purged":[],"score":116,"play_id":"caf64093-52b9-4b43-a794-44de99482686","local_time":"20210129011103","is_ascension_mode":true,"campfire_choices":[{"data":"Corruption","floor":6,"key":"SMITH"},{"data":"Juggernaut","floor":8,"key":"SMITH"}],"circlet_count":0,"master_deck":["AscendersBane","Strike_R","Strike_R","Strike_R","Strike_R","Defend_R","Defend_R","Defend_R","Defend_R","Bash","Corruption+1","Spot Weakness","Shrug It Off","Pommel Strike","Juggernaut+1","Power Through"],"relics":["Burning Blood","Golden Idol","Bird Faced Urn","Meat on the Bone"],"acts_visited":["Exordium"],"potions_floor_usage":[7,7],"damage_taken":[{"damage":13,"enemies":"Jaw Worm","floor":1,"turns":5},{"damage":0,"enemies":"2 Louse","floor":2,"turns":3},{"damage":8,"enemies":"Cultist","floor":4,"turns":4},{"damage":6,"enemies":"Blue Slaver","floor":5,"turns":5},{"damage":28,"enemies":"Gremlin Nob","floor":7,"turns":4},{"damage":30,"enemies":"3 Sentries","floor":10,"turns":4}],"seed_played":"-3249058817576334667","potions_obtained":[{"floor":2,"key":"Weak Potion"},{"floor":4,"key":"CultistPotion"}],"is_trial":false,"path_per_floor":["M","M","?","M","M","R","E","R","T","E"],"character_chosen":"IRONCLAD","items_purchased":[],"campfire_rested":0,"item_purchase_floors":[],"current_hp_per_floor":[61,67,49,47,47,47,25,25,25,0,0],"gold":278,"neow_bonus":"TRANSFORM_CARD","is_daily":false,"chose_seed":false,"campfire_upgraded":2,"win_rate":0.0,"timestamp":1611850263,"path_taken":["M","M","?","M","M","R","E","R","T","E"],"items_purchased_type":[],"build_version":"2020-12-22","purchased_purges":0,"victory":false,"max_hp_per_floor":[75,75,75,75,75,75,75,75,75,75,75],"card_choices":[{"not_picked":["Heavy Blade","Battle Trance"],"picked":"Spot Weakness","floor":1},{"not_picked":["Burning Pact","Spot Weakness"],"picked":"Shrug It Off","floor":2},{"not_picked":["Wild Strike","Headbutt"],"picked":"Pommel Strike","floor":4},{"not_picked":["Clothesline","Intimidate"],"picked":"Juggernaut","floor":5},{"not_picked":["Carnage","Battle Trance"],"picked":"Power Through","floor":7}],"player_experience":283573,"relics_obtained":[{"floor":7,"key":"Bird Faced Urn"},{"floor":9,"key":"Meat on the Bone"}],"event_choices":[{"damage_healed":0,"gold_gain":0,"player_choice":"Take Damage","damage_taken":18,"relics_obtained":["Golden Idol"],"max_hp_gain":0,"max_hp_loss":0,"event_name":"Golden Idol","floor":3,"gold_loss":0}],"is_beta":false,"boss_relics":[],"items_purged_floors":[],"is_endless":false,"potions_floor_spawned":[2,4,5],"killed_by":"3 Sentries","ascension_level":14}}