{"host":"v711dtdb46xe9u7l","time":1611844768,"event":{"mods":["BaseMod","Bestiary","Highlight Path","Minty Spire (QoL Compilation)","Quick Restart","StSLib"],"gold_per_floor":[115,134,146,146,146,175,175,210,210,210,230,230,256,273,273,375,375,389,402,417,417,44,44,73,85,163,180,180,36,49,81,81,185,185,196,219,229,229,252,278,278,288,288,322,322,333,345,375,375,375,375,375,29,58,58],"floor_reached":56,"language":"ENG","playtime":2982,"items_purged":["Shame","Strike_P"],"score":1751,"play_id":"5b6496b6-534c-4596-821b-f32fcd8f9a0f","local_time":"20210128143928","is_ascension_mode":true,"campfire_choices":[{"floor":7.0,"key":"REST"},{"floor":10.0,"key":"REST"},{"data":"Vigilance","floor":15.0,"key":"SMITH"},{"data":"Defend_P","floor":23.0,"key":"SMITH"},{"data":"Defend_P","floor":28.0,"key":"SMITH"},{"floor":32.0,"key":"REST"},{"data":"Defend_P","floor":41.0,"key":"SMITH"},{"floor":45.0,"key":"RECALL"},{"floor":49.0,"key":"REST"},{"data":"WaveOfTheHand","floor":52.0,"key":"SMITH"}],"circlet_count":0,"master_deck":["Defend_P+1","Defend_P+1","Defend_P+1","Defend_P+1","Vigilance+1","Alpha+1","WheelKick","LikeWater+1","LikeWater+1","EmptyBody+1","InnerPeace+1","ThirdEye+1","LikeWater+1","FlyingSleeves+1","SignatureMove+1","Swivel+1","DeceiveReality+1","ClearTheMind+1","WaveOfTheHand+1"],"relics":["PureWater","Frozen Egg 2","Gambling Chip","TungstenRod","Odd Mushroom","Sozu","Bag of Preparation","Lantern","Happy Flower","Kunai","Oddly Smooth Stone","Bronze Scales","Astrolabe","Bag of Marbles","Pen Nib","Blood Vial","Potion Belt","Smiling Mask","Bottled Lightning","War Paint","Medical Kit","Strawberry"],"acts_visited":["Exordium","TheCity","TheBeyond","TheEnding"],"potions_floor_usage":[55],"damage_taken":[{"damage":0.0,"enemies":"2 Louse","floor":1.0,"turns":1.0},{"damage":9.0,"enemies":"Small Slimes","floor":2.0,"turns":3.0},{"damage":0.0,"enemies":"Cultist","floor":3.0,"turns":3.0},{"damage":44.0,"enemies":"Gremlin Nob","floor":6.0,"turns":5.0},{"damage":19.0,"enemies":"3 Sentries","floor":8.0,"turns":3.0},{"damage":12.0,"enemies":"The Mushroom Lair","floor":11.0,"turns":3.0},{"damage":3.0,"enemies":"Red Slaver","floor":14.0,"turns":3.0},{"damage":0.0,"enemies":"Hexaghost","floor":16.0,"turns":7.0},{"damage":1.0,"enemies":"Shell Parasite","floor":18.0,"turns":4.0},{"damage":4.0,"enemies":"Spheric Guardian","floor":19.0,"turns":4.0},{"damage":17.0,"enemies":"Shelled Parasite and Fungi","floor":20.0,"turns":4.0},{"damage":0.0,"enemies":"Book of Stabbing","floor":24.0,"turns":6.0},{"damage":0.0,"enemies":"Snake Plant","floor":25.0,"turns":5.0},{"damage":0.0,"enemies":"Centurion and Healer","floor":27.0,"turns":4.0},{"damage":0.0,"enemies":"Chosen and Byrds","floor":30.0,"turns":4.0},{"damage":11.0,"enemies":"Gremlin Leader","floor":31.0,"turns":5.0},{"damage":4.0,"enemies":"Collector","floor":33.0,"turns":8.0},{"damage":0.0,"enemies":"Orb Walker","floor":35.0,"turns":3.0},{"damage":0.0,"enemies":"3 Shapes","floor":37.0,"turns":4.0},{"damage":0.0,"enemies":"Nemesis","floor":40.0,"turns":7.0},{"damage":6.0,"enemies":"Writhing Mass","floor":42.0,"turns":5.0},{"damage":0.0,"enemies":"Giant Head","floor":44.0,"turns":8.0},{"damage":0.0,"enemies":"3 Darklings","floor":46.0,"turns":3.0},{"damage":0.0,"enemies":"Sphere and 2 Shapes","floor":47.0,"turns":5.0},{"damage":37.0,"enemies":"Reptomancer","floor":48.0,"turns":4.0},{"damage":6.0,"enemies":"Donu and Deca","floor":50.0,"turns":7.0},{"damage":0,"enemies":"Shield and Spear","floor":54,"turns":7},{"damage":52,"enemies":"The Heart","floor":55,"turns":11}],"seed_played":"-6634095504835967496","potions_obtained":[{"floor":3.0,"key":"Strength Potion"},{"floor":8.0,"key":"BlessingOfTheForge"},{"floor":14.0,"key":"Dexterity Potion"}],"is_trial":false,"path_per_floor":["M","M","M","?","?","E","R","E","T","R","?","?","T","M","R","B",null,"M","M","M","?","$","R","E","M","T","M","R","$","M","E","R","B",null,"M","T","M","?","T","E","R","M","T","E","R","M","M","E","R","B",null,"R","$","E","B",null],"character_chosen":"WATCHER","items_purchased":["Bag of Preparation","Lantern","Oddly Smooth Stone","War Paint","Medical Kit"],"campfire_rested":4,"item_purchase_floors":[22,22,29,53,53],"current_hp_per_floor":[65,56,56,56,61,17,40,21,21,44,32,26,26,23,23,23,64,63,59,42,42,42,42,42,42,42,42,42,42,42,31,54,50,70,70,70,70,70,70,70,70,66,66,68,68,70,72,36,57,53,68,68,68,77,27],"gold":58,"neow_bonus":"THREE_RARE_CARDS","is_daily":false,"chose_seed":false,"campfire_upgraded":5,"win_rate":0.0,"timestamp":1611844768,"path_taken":["M","M","M","?","?","E","R","E","T","R","?","?","?","M","R","BOSS","M","M","M","?","$","R","E","M","T","M","R","$","?","E","R","BOSS","M","?","?","?","?","E","R","M","T","E","R","?","M","E","R","BOSS","R","$","E","BOSS"],"items_purchased_type":["Relic","Relic","Relic","Relic","Relic"],"build_version":"2020-12-22","purchased_purges":2,"victory":true,"max_hp_per_floor":[72,72,72,72,77,77,77,77,77,77,77,77,77,77,77,77,77,77,77,77,77,77,77,77,77,77,77,77,77,77,77,77,77,77,77,77,77,73,73,73,73,73,73,73,73,73,73,73,73,73,73,73,73,80,80],"card_choices":[{"not_picked":["ConjureBlade","Brilliance"],"picked":"Alpha","floor":0.0},{"not_picked":["BowlingBash","CrushJoints"],"picked":"WheelKick","floor":1.0},{"not_picked":["Indignation","Consecrate","BowlingBash"],"picked":"SKIP","floor":2.0},{"not_picked":["Vengeance","WheelKick","Worship"],"picked":"SKIP","floor":3.0},{"not_picked":["DeceiveReality","EmptyBody"],"picked":"LikeWater+1","floor":6.0},{"not_picked":["CrushJoints","EmptyBody"],"picked":"LikeWater+1","floor":8.0},{"not_picked":["CutThroughFate","TalkToTheHand"],"picked":"EmptyBody","floor":11.0},{"not_picked":["Consecrate","JustLucky","Prostrate"],"picked":"SKIP","floor":14.0},{"not_picked":["Indignation","FlyingSleeves","SandsOfTime"],"picked":"SKIP","floor":18.0},{"not_picked":["Swivel","Conclude+1"],"picked":"InnerPeace","floor":19.0},{"not_picked":["Crescendo","Halt+1"],"picked":"ThirdEye+1","floor":20.0},{"not_picked":["Conclude","Alpha","Consecrate"],"picked":"SKIP","floor":24.0},{"not_picked":["Crescendo+1","Perseverance","ThirdEye"],"picked":"SKIP","floor":25.0},{"not_picked":["Weave","FlyingSleeves"],"picked":"LikeWater+1","floor":27.0},{"not_picked":["Study+1","Consecrate","CutThroughFate"],"picked":"SKIP","floor":30.0},{"not_picked":["WindmillStrike","Study+1","Wallop"],"picked":"SKIP","floor":31.0},{"not_picked":["SashWhip","Pray+1","Collect"],"picked":"SKIP","floor":35.0},{"not_picked":["InnerPeace+1","FlyingSleeves"],"picked":"DeceiveReality+1","floor":37.0},{"not_picked":["Establishment+1","Fasting2+1","MasterReality+1"],"picked":"SKIP","floor":40.0},{"not_picked":["Establishment+1","Fasting2+1","MasterReality+1"],"picked":"SKIP","floor":40.0},{"not_picked":["JustLucky","WreathOfFlame","BowlingBash"],"picked":"SKIP","floor":42.0},{"not_picked":["SandsOfTime+1","Consecrate+1","Weave"],"picked":"SKIP","floor":44.0},{"not_picked":["EmptyBody","CutThroughFate+1"],"picked":"ClearTheMind+1","floor":46.0},{"not_picked":["SignatureMove+1","JustLucky"],"picked":"WaveOfTheHand","floor":47.0},{"not_picked":["EmptyBody","Conclude+1","Blasphemy"],"picked":"SKIP","floor":48.0},{"not_picked":["SandsOfTime+1","BattleHymn+1","ConjureBlade"],"picked":"SKIP","floor":54}],"player_experience":398362,"relics_obtained":[{"floor":6.0,"key":"Frozen Egg 2"},{"floor":8.0,"key":"Gambling Chip"},{"floor":9.0,"key":"TungstenRod"},{"floor":11.0,"key":"Odd Mushroom"},{"floor":24.0,"key":"Happy Flower"},{"floor":26.0,"key":"Kunai"},{"floor":31.0,"key":"Bronze Scales"},{"floor":36.0,"key":"Bag of Marbles"},{"floor":39.0,"key":"Pen Nib"},{"floor":40.0,"key":"Blood Vial"},{"floor":43.0,"key":"Potion Belt"},{"floor":44.0,"key":"Smiling Mask"},{"floor":48.0,"key":"Bottled Lightning"},{"floor":54,"key":"Strawberry"}],"event_choices":[{"damage_healed":0.0,"max_hp_gain":0.0,"max_hp_loss":0.0,"gold_gain":0.0,"event_name":"Living Wall","player_choice":"Grow","floor":4.0,"gold_loss":0.0,"damage_taken":0.0,"cards_upgraded":["Alpha"]},{"damage_healed":0.0,"max_hp_gain":5.0,"max_hp_loss":0.0,"gold_gain":0.0,"event_name":"Big Fish","player_choice":"Donut","floor":5.0,"gold_loss":0.0,"damage_taken":0.0},{"damage_healed":0.0,"max_hp_gain":0.0,"max_hp_loss":0.0,"gold_gain":0.0,"event_name":"Mushrooms","player_choice":"Fought Mushrooms","floor":11.0,"gold_loss":0.0,"damage_taken":0.0},{"cards_removed":["Strike_P"],"damage_healed":0.0,"max_hp_gain":0.0,"max_hp_loss":0.0,"gold_gain":0.0,"event_name":"Golden Wing","player_choice":"Card Removal","floor":12.0,"gold_loss":0.0,"damage_taken":7.0},{"damage_healed":0.0,"max_hp_gain":0.0,"max_hp_loss":0.0,"gold_gain":0.0,"event_name":"Accursed Blacksmith","player_choice":"Forge","floor":21.0,"gold_loss":0.0,"damage_taken":0.0,"cards_upgraded":["EmptyBody"]},{"damage_healed":0.0,"max_hp_gain":0.0,"max_hp_loss":4.0,"gold_gain":0.0,"event_name":"Winding Halls","player_choice":"Max HP","floor":38.0,"gold_loss":0.0,"damage_taken":0.0}],"is_beta":false,"boss_relics":[{"not_picked":["Empty Cage","Coffee Dripper"],"picked":"Sozu"},{"not_picked":["Black Star","Cursed Key"],"picked":"Astrolabe"}],"items_purged_floors":[22,53],"is_endless":false,"potions_floor_spawned":[3,8,14,16,18,19,20,25,27,35,37,46,48,54],"ascension_level":6}}