{"host":"g1wmg2w41xhsnw8g","time":1611857430,"event":{"mods":["100% Spire Juice","2.2 Compatiblity","Act Like it!","Aspiration","BaseMod","Better Altar","Better Match","Better Note","Better Sensory Stone","Better Skull","Better Third Choice","BetterRewards","Booster Modes","CapriCore","Colored Map","Colored Powertips","Defuse TimeMaze Blight","Displayed Cursed Tome","Evolution","Fox Events","Friendly Minions","GifTheSpireLib","Good Game Mod","Googly Eyes","Infinite Spire","Minty Spire (QoL Compilation)","Monster B Gone","Red Circlet Mod","Relic Filter Mod","Relic Sorter","Reliquary","SCP261 Mod","Shop Mod","Smile Girya","Spicy Shops","Spikes Relics","StSLib","Strawberry Spire","Stuff the Spire","The Runesmith","The Sage","Trackpad","Transform Curses","Wandering Minibosses","Weighted Paths","????"],"gold_per_floor":[115,133,98,98,98,136,136,177,251,251,282,282,282,282,8,8,8],"floor_reached":16,"language":"ENG","playtime":888,"items_purged":[],"score":139,"play_id":"2819ea5f-d5d1-44ce-ab35-d68d2159329d","local_time":"20210128131030","daily_mods":["SealedDeck","Specialized","Heirloom","Elite Swarm"],"is_ascension_mode":false,"campfire_choices":[{"data":"LessonLearned","floor":7,"key":"SMITH"},{"floor":12,"key":"REST"}],"circlet_count":0,"master_deck":["Runesmith:HammerAndChisel","Runesmith:HammerAndChisel","Runesmith:HammerAndChisel","Runesmith:HammerAndChisel","Moonworks:StiffCrystal+1","Runesmith:ArcReactor","aspiration:UnbridledHammer","Runesmith:HeatExchange","Runesmith:ChiselStab","Moonworks:JonathanRush","Moonworks:CloudOfSeagulls","Moonworks:WindyEnchantment","Runesmith:EarthShield","Runesmith:CraftObretio","Runesmith:Superposition","Moonworks:LulusLuckyEgg","Injury","Injury","LessonLearned+1","Runesmith:GrandSlam","Moonworks:CrystalBarrier+1","Moonworks:SubspaceTunnel","Shame","Intolerance","infinitespire:DeathsTouch","Runesmith:CraftPrismatica","Moonworks:NicePresent","Apotheosis+1"],"relics":["Moonworks:BrokenBomb","Moonworks:Homemark","EVO:Axolotl","REME:ComplimentaryCards","Prayer Wheel","Frozen Egg 2","Golden Idol","strawberrySpire:CharschorBlot","Bottled Flame","reliquary:PurpleTingedLeaf","Chemical X","strawberrySpire:TinySteamboat"],"acts_visited":["Exordium"],"potions_floor_usage":[8,11],"damage_taken":[{"damage":6,"enemies":"Cultist","floor":1,"turns":3},{"damage":1,"enemies":"2 Louse","floor":2,"turns":2},{"damage":36,"enemies":"3 Sentries","floor":6,"turns":5},{"damage":6,"enemies":"Lagavulin","floor":8,"turns":6},{"damage":21,"enemies":"3 Sentries","floor":11,"turns":7},{"damage":32,"enemies":"The Guardian","floor":16,"turns":2}],"seed_played":"7334031512973391237","potions_obtained":[{"floor":6,"key":"EssenceOfSteel"},{"floor":8,"key":"PowerPotion"}],"is_trial":true,"path_per_floor":["M","M","?","?","?","E","R","E","T","?","E","R","?","?","R","B"],"character_chosen":"THE_STARBREAKER","items_purchased":["Chemical X","strawberrySpire:TinySteamboat"],"campfire_rested":1,"item_purchase_floors":[15,15],"current_hp_per_floor":[62,61,68,68,68,32,32,26,26,26,5,25,25,25,25,0,0],"gold":8,"neow_bonus":"","is_daily":false,"chose_seed":false,"campfire_upgraded":1,"win_rate":0.0,"timestamp":1611857430,"path_taken":["M","M","?","?","?","E","R","E","T","?","E","R","?","?","R","BOSS"],"items_purchased_type":["Relic","Relic"],"build_version":"2020-12-22","purchased_purges":0,"victory":false,"max_hp_per_floor":[68,68,68,68,68,68,68,68,68,68,68,68,68,68,68,68,68],"card_choices":[{"not_picked":["Moonworks:JonathanRush","Moonworks:BeyondHell"],"picked":"Runesmith:Superposition","floor":1},{"not_picked":["Moonworks:ExtendedPhotonRifle","Moonworks:Poppoformation","Moonworks:BeyondHell"],"picked":"SKIP","floor":1},{"not_picked":["Moonworks:ImOnFire","Runesmith:MakeshiftArmor"],"picked":"Moonworks:LulusLuckyEgg","floor":2},{"not_picked":["Runesmith:MakeshiftArmor","Runesmith:HeatedChisel","Moonworks:IndiscriminateFireSupport"],"picked":"SKIP","floor":2},{"not_picked":["Runesmith:CraftIndustria","Runesmith:ReplicatingBarrier+1"],"picked":"Runesmith:GrandSlam","floor":6},{"not_picked":["Moonworks:SinkOrSwim+1","Moonworks:ShieldCounter"],"picked":"Moonworks:SubspaceTunnel","floor":8},{"not_picked":["infinitespire:Punishment","infinitespire:Menacing"],"picked":"infinitespire:DeathsTouch","floor":10},{"not_picked":["Moonworks:WeAreWaruda","Runesmith:Duplicate"],"picked":"Runesmith:CraftPrismatica","floor":11},{"not_picked":["Runesmith:StaticCage","Runesmith:UnstableHammer"],"picked":"Moonworks:NicePresent","floor":12}],"player_experience":918037,"relics_obtained":[{"floor":6,"key":"strawberrySpire:CharschorBlot"},{"floor":8,"key":"Dream Catcher"},{"floor":9,"key":"Bottled Flame"},{"floor":11,"key":"reliquary:PurpleTingedLeaf"}],"event_choices":[{"damage_healed":17,"gold_gain":0,"player_choice":"Healed","damage_taken":0,"max_hp_gain":0,"max_hp_loss":0,"event_name":"The Cleric","floor":3,"gold_loss":35},{"damage_healed":0,"gold_gain":0,"player_choice":"Take Wound","damage_taken":0,"relics_obtained":["Golden Idol"],"max_hp_gain":0,"max_hp_loss":0,"event_name":"Golden Idol","floor":5,"gold_loss":0,"cards_obtained":["Injury"]},{"damage_healed":25,"gold_gain":0,"player_choice":"Protect","damage_taken":0,"max_hp_gain":0,"max_hp_loss":68,"event_name":"betterThird:BetterShining","floor":13,"gold_loss":1},{"damage_healed":0,"gold_gain":1,"player_choice":"LEAVE","damage_taken":0,"max_hp_gain":0,"max_hp_loss":0,"event_name":"betterThird:BetterScrap","floor":14,"gold_loss":0,"cards_obtained":["StuffTheSpire:Resist"]}],"is_beta":false,"boss_relics":[],"items_purged_floors":[],"is_endless":false,"potions_floor_spawned":[6,8],"killed_by":"The Guardian","ascension_level":0}}