{"host":"kpzitzpzyl580zr6","time":1611796491,"event":{"mods":["AchievementEnabler","BaseMod","Better Altar","Better Third Choice","BetterRewards","Block Reminder","Disable Question Mark Monsters","Hubris","Infinite Spire","Minty Spire (QoL Compilation)","Rare Cards Sparkle","Relic Filter","Relic Stats","Replay The Spire","StSLib","The Senshi","Transform Curses"],"gold_per_floor":[111,111,111,186,117,117,117,44,74,74,74,74,100,100,100,119,119,219,219,232,182,194,194,209,209,222,222,222,261,279,298,307,307,307,307,307],"floor_reached":35,"language":"ENG","playtime":4850,"items_purged":[],"score":329,"play_id":"97f5273c-26fa-4afd-8690-166fa8398d99","local_time":"20210127171451","is_ascension_mode":false,"campfire_choices":[{"floor":15,"key":"RECALL"},{"floor":17,"key":"DIG"},{"floor":25,"key":"DIG"},{"floor":27,"key":"REST"},{"floor":34,"key":"REST"}],"circlet_count":0,"master_deck":["theSenshi:SailorKick","theSenshi:SailorKick","theSenshi:SailorBlock","theSenshi:SailorBlock","theSenshi:SailorBlock+1","theSenshi:SailorBlock","theSenshi:RoseThrow","theSenshi:MoonPrismPowerMakeUp+1","theSenshi:MoonSpiralHeartAttack","theSenshi:MoonCosmicPowerMakeUp","theSenshi:MoonHealingEscalation","theSenshi:RainbowMoonHeartAche","theSenshi:YouCanTalk+1","theSenshi:StudyParty","theSenshi:MoonPunch","theSenshi:MoonKick","theSenshi:SailorVenusAssists","theSenshi:SailorV+1","theSenshi:MoonTiaraMagic","theSenshi:MoonEternalMakeUp","theSenshi:MoonTiaraMagic","theSenshi:MoonCrystalPowerMakeUp","theSenshi:TuxedoSmokingBomber+1","infinitespire:Gouge"],"relics":["theSenshi:TransformationBroochRelic","NeowsBlessing","hubris:MysteriousPyramids","ReplayTheSpireMod:Ninjato","Peace Pipe","Shovel","Ice Cream","Black Star","PreservedInsect","infinitespire:ShieldingShard","Replay:Rubber Ducky","CeramicFish","War Paint","ChewingGum"],"acts_visited":["Exordium","TheCity"],"potions_floor_usage":[18,18,24],"damage_taken":[{"damage":0,"enemies":"Jaw Worm","floor":1,"turns":1},{"damage":0,"enemies":"Gremlin Nob","floor":9,"turns":1},{"damage":0,"enemies":"Lagavulin","floor":13,"turns":1},{"damage":7,"enemies":"2 Louse","floor":16,"turns":4},{"damage":72,"enemies":"Fading Forest","floor":18,"turns":11},{"damage":72,"enemies":"Spheric Guardian","floor":20,"turns":28},{"damage":29,"enemies":"Shell Parasite","floor":22,"turns":14},{"damage":34,"enemies":"Centurion and Healer","floor":24,"turns":9},{"damage":26,"enemies":"Snake Plant","floor":26,"turns":7},{"damage":19,"enemies":"Replay:Snechameleon","floor":29,"turns":6},{"damage":0,"enemies":"Snecko","floor":31,"turns":6},{"damage":53,"enemies":"Collector","floor":35,"turns":6}],"seed_played":"2486689340491278221","potions_obtained":[{"floor":13,"key":"Swift Potion"},{"floor":16,"key":"Languid Potion"},{"floor":20,"key":"Languid Potion"},{"floor":22,"key":"Fire Potion"},{"floor":31,"key":"Elixir"}],"is_trial":false,"path_per_floor":["M","?","?","?","$","PTL","PTL","$","E","?","T","?","E","?","R","M","R","B",null,"M","$","M","?","M","R","M","R","T","E","?","M","?","AVR","R","B"],"character_chosen":"THE_SENSHI","items_purchased":["theSenshi:MoonCosmicPowerMakeUp","theSenshi:SteeledNerves","theSenshi:MoonKick"],"campfire_rested":2,"item_purchase_floors":[5,8,21],"current_hp_per_floor":[75,75,75,68,68,68,68,68,68,68,68,68,68,68,68,66,66,4,75,68,68,64,75,51,51,30,52,52,38,38,43,26,26,48,0,0],"gold":307,"neow_bonus":"THREE_ENEMY_KILL","is_daily":false,"chose_seed":false,"campfire_upgraded":0,"win_rate":0.0,"timestamp":1611796491,"path_taken":["M","?","?","?","?","PTL","PTL","$","E","?","T","?","E","?","R","M","R","BOSS","M","?","M","?","?","R","M","R","T","E","?","M","?","AVR","R","BOSS"],"items_purchased_type":["Card","Card","Card"],"build_version":"2020-12-22","purchased_purges":0,"victory":false,"max_hp_per_floor":[75,75,75,75,75,75,75,75,75,75,75,75,75,75,75,75,75,75,75,75,75,75,75,75,75,75,75,75,75,75,75,75,75,75,75,75],"relic_stats":{"Peace Pipe":0,"Shovel":2,"counters":[12,94],"CeramicFish":45,"PreservedInsect":37,"Black Star":1,"War Paint":["theSenshi:YouCanTalk","theSenshi:SailorBlock"],"obtain_stats":[{"Ice Cream":17,"ReplayTheSpireMod:Ninjato":9,"NeowsBlessing":0,"CeramicFish":29,"PreservedInsect":25,"hubris:MysteriousPyramids":2,"War Paint":33,"Replay:Rubber Ducky":29,"Peace Pipe":11,"theSenshi:TransformationBroochRelic":0,"Shovel":13,"infinitespire:ShieldingShard":28,"ChewingGum":33,"Black Star":19},{"Ice Cream":4,"ReplayTheSpireMod:Ninjato":2,"NeowsBlessing":0,"CeramicFish":10,"PreservedInsect":8,"hubris:MysteriousPyramids":1,"War Paint":11,"Replay:Rubber Ducky":10,"Peace Pipe":2,"theSenshi:TransformationBroochRelic":0,"Shovel":3,"infinitespire:ShieldingShard":9,"ChewingGum":11,"Black Star":5},{"Ice Cream":7,"ReplayTheSpireMod:Ninjato":2,"NeowsBlessing":0,"CeramicFish":82,"PreservedInsect":69,"hubris:MysteriousPyramids":1,"War Paint":88,"Replay:Rubber Ducky":82,"Peace Pipe":2,"theSenshi:TransformationBroochRelic":0,"Shovel":3,"infinitespire:ShieldingShard":76,"ChewingGum":88,"Black Star":18}]},"card_choices":[{"not_picked":["theSenshi:EncouragingSpeech","theSenshi:SailorUranusAssists"],"picked":"theSenshi:MoonSpiralHeartAttack","floor":1},{"not_picked":["theSenshi:PlutosSolemnity","theSenshi:SailorMercuryAssists"],"picked":"theSenshi:EncouragingSpeech","floor":9},{"not_picked":["theSenshi:TallSilhouette","theSenshi:SailorStarHealerAssists"],"picked":"theSenshi:RainbowMoonHeartAche","floor":13},{"not_picked":["theSenshi:EncouragingSpeech","theSenshi:SailorV"],"picked":"theSenshi:YouCanTalk","floor":16},{"not_picked":["theSenshi:IWillPunishYou","theSenshi:GlimpseOfThePast"],"picked":"theSenshi:StudyParty","floor":18},{"not_picked":["theSenshi:SailorJupiterAssists","theSenshi:MoonPower+1"],"picked":"theSenshi:MoonPunch","floor":20},{"not_picked":["theSenshi:TallSilhouette","theSenshi:OdangoHead"],"picked":"theSenshi:SailorVenusAssists","floor":22},{"not_picked":["theSenshi:MoonPower","theSenshi:SailorMercuryAssists"],"picked":"theSenshi:SailorV+1","floor":24},{"not_picked":["theSenshi:SailorJupiterAssists","theSenshi:LunasBite"],"picked":"theSenshi:MoonTiaraMagic","floor":26},{"not_picked":["theSenshi:SupersonicWaves","theSenshi:RainbowMoonHeartAche+1"],"picked":"theSenshi:MoonEternalMakeUp","floor":29},{"not_picked":["theSenshi:LunasBite","theSenshi:KlutzyLuck"],"picked":"theSenshi:TuxedoSmokingBomber+1","floor":31},{"not_picked":["infinitespire:Menacing","ReplayTheSpireMod:Black Plague"],"picked":"infinitespire:Gouge","floor":32}],"player_experience":482864,"relics_obtained":[{"floor":2,"key":"hubris:MysteriousPyramids"},{"floor":9,"key":"ReplayTheSpireMod:Ninjato"},{"floor":11,"key":"Peace Pipe"},{"floor":13,"key":"Shovel"},{"floor":17,"key":"Ice Cream"},{"floor":25,"key":"PreservedInsect"},{"floor":28,"key":"infinitespire:ShieldingShard"},{"floor":29,"key":"Replay:Rubber Ducky"},{"floor":29,"key":"CeramicFish"}],"event_choices":[{"damage_healed":0,"gold_gain":0,"player_choice":"Ignored","damage_taken":0,"max_hp_gain":0,"max_hp_loss":0,"event_name":"Purifier","floor":3,"gold_loss":0},{"damage_healed":0,"gold_gain":75,"player_choice":"Touch","damage_taken":7,"max_hp_gain":0,"max_hp_loss":0,"event_name":"FaceTrader","floor":4,"gold_loss":0},{"damage_healed":0,"gold_gain":0,"cards_transformed":["theSenshi:EncouragingSpeech"],"player_choice":"Transformed","damage_taken":0,"max_hp_gain":0,"max_hp_loss":0,"event_name":"Transmorgrifier","floor":10,"gold_loss":0,"cards_obtained":["theSenshi:MoonHealingEscalation"]},{"damage_healed":0,"gold_gain":0,"player_choice":"Leave","damage_taken":0,"max_hp_gain":0,"max_hp_loss":0,"event_name":"The Cleric","floor":12,"gold_loss":0},{"damage_healed":0,"gold_gain":0,"player_choice":"Upgraded","damage_taken":0,"max_hp_gain":0,"max_hp_loss":0,"event_name":"Upgrade Shrine","floor":14,"gold_loss":0,"cards_upgraded":["theSenshi:MoonPrismPowerMakeUp"]},{"cards_removed":["theSenshi:SteeledNerves"],"damage_healed":11,"gold_gain":0,"player_choice":"Offered Uncommon","damage_taken":0,"max_hp_gain":0,"max_hp_loss":0,"event_name":"Bonfire Elementals","floor":23,"gold_loss":0},{"damage_healed":0,"gold_gain":0,"cards_transformed":["theSenshi:SailorKick","theSenshi:SailorKick"],"player_choice":"Became Test Subject","damage_taken":0,"max_hp_gain":0,"max_hp_loss":0,"event_name":"Drug Dealer","floor":30,"gold_loss":0,"cards_obtained":["theSenshi:MoonTiaraMagic","theSenshi:MoonCrystalPowerMakeUp"]}],"is_beta":false,"boss_relics":[{"not_picked":["hubris:ScarierMask","hubris:Stopwatch"],"picked":"Black Star"}],"items_purged_floors":[],"is_endless":false,"potions_floor_spawned":[13,16,20,22,31],"killed_by":"Collector","ascension_level":0}}