{"host":"8a72fthmlk1o8pdb","time":1611815870,"event":{"mods":["AchievementEnabler","Aspiration","Astrologer","Bard","BaseMod","Beaked The Cultist","Better Skull","Better Third Choice","Colored Map","Colored Powertips","Downfall","Friendly Minions","GifTheSpireLib","Googly Eyes","Gremlin Mod","Hermit","Jorbs\u0027s Wanderer Trilogy","Marisa????????","Minty Spire (QoL Compilation)","Permanent Neow","Random Character Button","Rare Cards Sparkle","Robot Space Explorer","Shop Mod","Somnambulant","StSLib","The Animator","The Construct","The Cursed","The Disciple","The Hayseed","The Hierophant","The Marked","The Necromancer","The Poker Player","The Problem Sleuth","The Runesmith","thorton"],"gold_per_floor":[226,241,256,365,389,422,422,449,449,449,106,106,106,121,121,221,221,221,221],"floor_reached":18,"language":"ENG","playtime":22376,"items_purged":[],"score":179,"play_id":"bd1c7488-ef21-4dfe-80a2-ce13cf4ac115","local_time":"20210127223750","is_ascension_mode":true,"campfire_choices":[{"floor":7,"key":"REST"},{"floor":10,"key":"REST"},{"data":"animator:QuestionMark","floor":13,"key":"SMITH"},{"data":"animator:Tet","floor":15,"key":"SMITH"}],"circlet_count":0,"master_deck":["animator:Strike_NoGameNoLife","animator:Defend_NoGameNoLife","animator:Strike","animator:Strike","animator:Strike","animator:Defend","animator:Defend","animator:Defend","animator:DolaSchwi","animator:DolaCouronne","animator:DolaRiku","animator:Tet+1","animator:Jibril","animator:DolaRiku","animator:QuestionMark+1"],"relics":["animator:LivingPicture","animator:TheMissingPiece","Regal Pillow","Mercury Hourglass","Sundial","aspiration:SecretTechniqueScroll"],"acts_visited":["Exordium","TheCity"],"potions_floor_usage":[],"damage_taken":[{"damage":0,"enemies":"Cultist","floor":1,"turns":4},{"damage":8,"enemies":"Jaw Worm","floor":2,"turns":5},{"damage":0,"enemies":"Small Slimes","floor":3,"turns":4},{"damage":8,"enemies":"Exordium Wildlife","floor":5,"turns":4},{"damage":12,"enemies":"Lagavulin","floor":6,"turns":5},{"damage":24,"enemies":"Gremlin Nob","floor":8,"turns":5},{"damage":0,"enemies":"Looter","floor":14,"turns":3},{"damage":40,"enemies":"Slime Boss","floor":16,"turns":7},{"damage":13,"enemies":"Shell Parasite","floor":18,"turns":3}],"seed_played":"6466473598354605263","potions_obtained":[{"floor":3,"key":"Ancient Potion"},{"floor":5,"key":"Guardian:BlockOnCardUsePotion"},{"floor":8,"key":"CultistPotion"}],"is_trial":false,"path_per_floor":["M","M","M","?","M","E","R","E","T","R","$","?","R","M","R","B",null,"M"],"character_chosen":"THE_ANIMATOR","items_purchased":["animator:QuestionMark","Sundial"],"campfire_rested":2,"item_purchase_floors":[11,11],"current_hp_per_floor":[66,59,59,52,44,32,52,28,28,63,63,63,63,63,63,23,67,54,54],"gold":221,"neow_bonus":"HUNDRED_GOLD","is_daily":false,"chose_seed":false,"campfire_upgraded":2,"win_rate":0.0,"timestamp":1611815870,"path_taken":["M","?","M","?","?","E","R","E","T","R","?","?","R","M","R","BOSS","M"],"items_purchased_type":["Card","Relic"],"build_version":"2020-12-22","purchased_purges":0,"victory":false,"max_hp_per_floor":[66,67,67,67,67,67,67,67,67,67,67,67,67,67,67,67,67,67,67],"card_choices":[{"not_picked":["animator:Scar","animator:Ciel"],"picked":"animator:DolaRiku","floor":1},{"not_picked":["animator:SayakaMiki","animator:SilverFang"],"picked":"animator:Tet","floor":2},{"not_picked":["animator:Ain","animator:Sloth","animator:ChaikaBohdan"],"picked":"SKIP","floor":3},{"not_picked":["animator:ChlammyZell","animator:IzunaHatsuse"],"picked":"animator:Jibril","floor":5},{"not_picked":["animator:Alexander","animator:Assassin","animator:MetalKnight"],"picked":"SKIP","floor":6},{"not_picked":["animator:Tet","animator:Add"],"picked":"animator:DolaRiku","floor":8},{"not_picked":["animator:Berserker","animator:Viivi","animator:MetalKnight"],"picked":"SKIP","floor":14}],"player_experience":52981,"relics_obtained":[{"floor":8,"key":"Regal Pillow"},{"floor":9,"key":"Mercury Hourglass"}],"event_choices":[{"damage_healed":0,"gold_gain":109,"player_choice":"GO ","damage_taken":8,"relics_obtained":[],"max_hp_gain":0,"max_hp_loss":0,"event_name":"betterSkull:BetterSkull","floor":4,"gold_loss":0,"cards_upgraded":[]},{"damage_healed":0,"gold_gain":0,"player_choice":"Ignored","damage_taken":0,"max_hp_gain":0,"max_hp_loss":0,"event_name":"Golden Idol","floor":12,"gold_loss":0}],"is_beta":false,"boss_relics":[{"not_picked":["Runesmith:UraniumAnvil","aspiration:MobileForge"],"picked":"aspiration:SecretTechniqueScroll"}],"items_purged_floors":[],"is_endless":false,"potions_floor_spawned":[3,5,8],"killed_by":"Shell Parasite","ascension_level":1}}