{"host":"ty7uytdfitsmf36k","time":1611854710,"event":{"mods":["AchievementEnabler","BaseMod","Colored Map","Colored Powertips","DeckTracker","Downfall","Infinite Spire","Minty Spire (QoL Compilation)","Relic Stats","Replay The Spire","Spire Arcade","StSLib","SuperFastMode","The Jungle","Wandering Minibosses"],"gold_per_floor":[117,137,153,168,185,210,210,210,234,254,264,282,316,328,328,427,427,445,445,445,260,271,271,285,135,205,205,205,217,217,217,217,313,313,326,341,355,371,391,418,418,452,452,452,208,234,284,284,284,284],"floor_reached":51,"language":"ENG","playtime":1967,"items_purged":["Strike_R","Strike_R","Bash","Parasite"],"score":1239,"play_id":"ae2ad00f-1d34-47fa-b1ac-79ad89e2a98d","local_time":"20210128122510","is_ascension_mode":true,"campfire_choices":[{"data":"ReplayTheSpireMod:LeadingStrike","floor":7.0,"key":"SMITH"},{"data":"Body Slam","floor":23.0,"key":"SMITH"},{"data":"Evolve","floor":28.0,"key":"SMITH"},{"data":"ReplayTheSpireMod:Book of Names","floor":30.0,"key":"SMITH"},{"floor":32.0,"key":"REST"},{"data":"Shrug It Off","floor":41,"key":"SMITH"},{"data":"Shrug It Off","floor":44,"key":"SMITH"},{"data":"Ghostly Armor","floor":49,"key":"SMITH"}],"circlet_count":0,"master_deck":["AscendersBane","Defend_R+1","Defend_R","Defend_R","Defend_R+1","Immolate","ReplayTheSpireMod:LeadingStrike+1","Shrug It Off+1","Shrug It Off+1","Headbutt","Ghostly Armor+1","Body Slam+1","Seeing Red","Impervious","CurseOfTheBell","Fire Breathing+1","Evolve+1","ReplayTheSpireMod:Book of Names+1","True Grit+1","Impervious+1","Shockwave+1","Second Wind+1","Burning Pact+1","Feel No Pain+1","Pot Of Greed","Pot Of Greed","Pot Of Greed","Entrench+1"],"relics":["Burning Blood","TungstenRod","Anchor","Regal Pillow","Calling Bell","Singing Bowl","Calipers","Simple Rune","Kunai","theJungle:Creamberry","infinitespire:WardingShard","theJungle:BirthdayCakeSlice","Philosopher\u0027s Stone","ReplayTheSpireMod:TigerMarble","Strawberry","Golden Egg","Medical Kit","Grinning Jar","Ice Cream","Toolbox"],"acts_visited":["Exordium","theJungle:Jungle","TheBeyond"],"potions_floor_usage":[40,40,50],"damage_taken":[{"damage":0.0,"enemies":"2 Louse","floor":1.0,"turns":1.0},{"damage":1.0,"enemies":"Cultist","floor":2.0,"turns":3.0},{"damage":7.0,"enemies":"Small Slimes","floor":3.0,"turns":2.0},{"damage":3.0,"enemies":"Blue Slaver","floor":4.0,"turns":5.0},{"damage":22.0,"enemies":"Large Slime","floor":5.0,"turns":6.0},{"damage":32.0,"enemies":"Gremlin Nob","floor":6.0,"turns":4.0},{"damage":14.0,"enemies":"Exordium Thugs","floor":10.0,"turns":5.0},{"damage":3.0,"enemies":"3 Louse","floor":11.0,"turns":3.0},{"damage":5.0,"enemies":"Large Slime","floor":12.0,"turns":6.0},{"damage":7.0,"enemies":"Replay:BlueRogue","floor":13.0,"turns":7.0},{"damage":0.0,"enemies":"Blue Slaver","floor":14.0,"turns":3.0},{"damage":20.0,"enemies":"The Guardian","floor":16.0,"turns":11.0},{"damage":4.0,"enemies":"theJungle:MUSHROOMGANG","floor":18.0,"turns":5.0},{"damage":11.0,"enemies":"Shell Parasite","floor":22.0,"turns":6.0},{"damage":9.0,"enemies":"theJungle:Lyon","floor":24.0,"turns":9.0},{"damage":30.0,"enemies":"theJungle:2_Snecko_Cultists","floor":29.0,"turns":5.0},{"damage":62.0,"enemies":"theJungle:TotemBoss","floor":33.0,"turns":12.0},{"damage":0.0,"enemies":"3 Shapes","floor":35.0,"turns":4.0},{"damage":4.0,"enemies":"3 Darklings","floor":36.0,"turns":5.0},{"damage":15.0,"enemies":"Spire Growth","floor":37.0,"turns":6.0},{"damage":0.0,"enemies":"4 Shapes","floor":38.0,"turns":3.0},{"damage":8,"enemies":"Writhing Mass","floor":39,"turns":7},{"damage":15,"enemies":"Nightmare","floor":40,"turns":9},{"damage":0,"enemies":"R_Hoarder","floor":42,"turns":8},{"damage":0,"enemies":"Giant Head","floor":46,"turns":8},{"damage":0,"enemies":"Mind Bloom Boss Battle","floor":47,"turns":7},{"damage":6,"enemies":"Time Eater","floor":50,"turns":15}],"seed_played":"1913379553982227451","potions_obtained":[{"floor":1.0,"key":"Elixir"},{"floor":5.0,"key":"Elixir"},{"floor":11.0,"key":"Strength Potion"},{"floor":12.0,"key":"Explosive Potion"},{"floor":13.0,"key":"ColorlessPotion"},{"floor":16.0,"key":"Energy Potion"},{"floor":18.0,"key":"hexamod:SoulburnPotion"},{"floor":29.0,"key":"BlessingOfTheForge"},{"floor":33.0,"key":"Explosive Potion"},{"floor":35.0,"key":"Guardian:BlockOnCardUsePotion"},{"floor":36.0,"key":"SkillPotion"},{"floor":39,"key":"PowerPotion"},{"floor":46,"key":"EssenceOfSteel"}],"is_trial":false,"path_per_floor":["M","M","M","M","M","E","R","?","T","M","M","M","E","M","R_BF","B",null,"M","?","AVR","?","M","R","M","$","T","?","R","M","R","?","R","B",null,"M","M","M","M","M","NM","R","E","T","R","$","E","?","AVR","R","B",null],"character_chosen":"IRONCLAD","items_purchased":["Evolve","Medical Kit"],"campfire_rested":1,"item_purchase_floors":[25,45],"current_hp_per_floor":[78,80,79,80,64,38,38,38,38,30,33,34,33,39,39,25,66,70,70,70,70,67,67,64,64,64,43,43,19,19,24,65,9,69,75,77,70,78,76,69,69,82,82,82,82,88,96,96,96,96],"gold":284,"neow_bonus":"TRANSFORM_CARD","is_daily":false,"chose_seed":false,"campfire_upgraded":7,"win_rate":0.0,"timestamp":1611854710,"path_taken":["M","M","M","M","M","E","R","?","T","M","M","?","E","M","R_BF","BOSS","M","?","AVR","?","M","R","M","$","T","?","R","M","R","?","R","BOSS","M","M","M","M","M","NM","R","E","T","R","$","E","?","AVR","R","BOSS"],"items_purchased_type":["Card","Relic"],"build_version":"2020-12-22","purchased_purges":4,"victory":true,"max_hp_per_floor":[80,80,80,80,80,80,80,80,80,80,80,80,80,80,80,80,80,82,82,82,82,84,84,84,84,84,84,84,84,84,89,89,89,89,89,89,91,93,93,95,95,102,102,102,102,102,104,101,101,101],"relic_stats":{"Regal Pillow":15,"Singing Bowl":12,"counters":[27,165],"Kunai":[6],"Medical Kit":[1],"obtain_stats":[{"Ice Cream":47,"Golden Egg":43,"Regal Pillow":13,"Calipers":17,"Singing Bowl":17,"theJungle:Creamberry":21,"Medical Kit":45,"Burning Blood":0,"Calling Bell":17,"Anchor":9,"infinitespire:WardingShard":26,"theJungle:BirthdayCakeSlice":31,"Strawberry":42,"Toolbox":48,"Simple Rune":17,"Philosopher\u0027s Stone":34,"ReplayTheSpireMod:TigerMarble":40,"Kunai":20,"Grinning Jar":46,"TungstenRod":6},{"Ice Cream":26,"Golden Egg":24,"Regal Pillow":10,"Calipers":12,"Singing Bowl":12,"theJungle:Creamberry":13,"Medical Kit":24,"Burning Blood":0,"Calling Bell":12,"Anchor":6,"infinitespire:WardingShard":15,"theJungle:BirthdayCakeSlice":16,"Strawberry":24,"Toolbox":26,"Simple Rune":12,"Philosopher\u0027s Stone":17,"ReplayTheSpireMod:TigerMarble":23,"Kunai":13,"Grinning Jar":25,"TungstenRod":6},{"Ice Cream":150,"Golden Egg":135,"Regal Pillow":42,"Calipers":56,"Singing Bowl":56,"theJungle:Creamberry":61,"Medical Kit":135,"Burning Blood":0,"Calling Bell":56,"Anchor":21,"infinitespire:WardingShard":76,"theJungle:BirthdayCakeSlice":81,"Strawberry":135,"Toolbox":150,"Simple Rune":56,"Philosopher\u0027s Stone":93,"ReplayTheSpireMod:TigerMarble":127,"Kunai":61,"Grinning Jar":143,"TungstenRod":21}],"Burning Blood":157,"TungstenRod":45},"card_choices":[{"not_picked":["Headbutt","Body Slam"],"picked":"ReplayTheSpireMod:LeadingStrike","floor":1.0},{"not_picked":["True Grit","Thunderclap"],"picked":"Shrug It Off","floor":2.0},{"not_picked":["Havoc","Iron Wave"],"picked":"Shrug It Off","floor":3.0},{"not_picked":["Sword Boomerang","Twin Strike","Wild Strike"],"picked":"SKIP","floor":4.0},{"not_picked":["Infernal Blade","True Grit"],"picked":"Headbutt","floor":5.0},{"not_picked":["Spot Weakness","Run Through"],"picked":"Ghostly Armor","floor":6.0},{"not_picked":["Pummel","infinitespire:OneForAll","Run Through"],"picked":"SKIP","floor":10.0},{"not_picked":["ReplayTheSpireMod:Strike From Hell","Warcry"],"picked":"Body Slam","floor":11.0},{"not_picked":["Limit Break","Armaments","Body Slam"],"picked":"SKIP","floor":12.0},{"not_picked":["Limit Break","Warcry","Twin Strike"],"picked":"SKIP","floor":13.0},{"not_picked":["Perfected Strike","Twin Strike","Rupture"],"picked":"SKIP","floor":14.0},{"not_picked":["Eclipse","Exhume"],"picked":"Impervious","floor":16.0},{"not_picked":["ReplayTheSpireMod:Muscle Training","Twin Strike","Whirlwind"],"picked":"Singing Bowl","floor":18.0},{"not_picked":["Run Through+1","Blood for Blood+1","Life Link+1"],"picked":"Singing Bowl","floor":22.0},{"not_picked":["Rage+1","True Grit"],"picked":"Fire Breathing+1","floor":24.0},{"not_picked":["infinitespire:TheBestDefense","infinitespire:SealOfDarkness+"],"picked":"ReplayTheSpireMod:Book of Names","floor":27.0},{"not_picked":["Body Slam","Juggernaut+1"],"picked":"True Grit+1","floor":29.0},{"not_picked":["Eclipse+1","Limit Break+1"],"picked":"Impervious+1","floor":33.0},{"not_picked":["Abandon+1","Armaments"],"picked":"Shockwave+1","floor":35.0},{"not_picked":["Anger","Fire Breathing+1"],"picked":"Second Wind+1","floor":36.0},{"not_picked":["Intimidate+1","Pommel Strike+1","Shockwave+1"],"picked":"Singing Bowl","floor":37.0},{"not_picked":["Demonic Infusion+1","ReplayTheSpireMod:LeadingStrike+1","Iron Wave+1"],"picked":"Singing Bowl","floor":38.0},{"not_picked":["Sword Boomerang","Thunderclap+1"],"picked":"Burning Pact+1","floor":39},{"not_picked":["Heavy Blade","Searing Blow+1","Twin Strike+1"],"picked":"Singing Bowl","floor":40},{"not_picked":["Abandon+1","Intimidate+1"],"picked":"Feel No Pain+1","floor":42},{"not_picked":["True Grit+1","ReplayTheSpireMod:Strike From Hell+1"],"picked":"Entrench+1","floor":46},{"not_picked":["infinitespire:OneForAll+1","Second Wind+1","Heavy Blade+1"],"picked":"Singing Bowl","floor":47}],"player_experience":196648,"relics_obtained":[{"floor":6.0,"key":"TungstenRod"},{"floor":9.0,"key":"Anchor"},{"floor":13.0,"key":"Regal Pillow"},{"floor":17.0,"key":"Singing Bowl"},{"floor":17.0,"key":"Calipers"},{"floor":17.0,"key":"Simple Rune"},{"floor":26.0,"key":"infinitespire:WardingShard"},{"floor":40,"key":"ReplayTheSpireMod:TigerMarble"},{"floor":42,"key":"Strawberry"},{"floor":43,"key":"Golden Egg"},{"floor":46,"key":"Grinning Jar"},{"floor":47,"key":"Ice Cream"}],"event_choices":[{"cards_removed":["Strike_R"],"damage_healed":0.0,"max_hp_gain":0.0,"max_hp_loss":0.0,"gold_gain":0.0,"event_name":"Bonfire Elementals","player_choice":"Offered Basic","floor":8.0,"gold_loss":0.0,"damage_taken":0.0},{"damage_healed":0.0,"max_hp_gain":0.0,"max_hp_loss":0.0,"gold_gain":0.0,"event_name":"The Woman in Blue","player_choice":"Bought 0 Potions","floor":19.0,"gold_loss":0.0,"damage_taken":0.0},{"damage_healed":0,"gold_gain":0,"player_choice":"Fight","damage_taken":0,"max_hp_gain":0,"max_hp_loss":0,"event_name":"MindBloom","floor":47,"gold_loss":0}],"is_beta":false,"boss_relics":[{"not_picked":["Ooze Armor","Kintsugi"],"picked":"Calling Bell"},{"not_picked":["Painkiller Herb","Astrolabe"],"picked":"Philosopher\u0027s Stone"}],"items_purged_floors":[20,25,45,48],"is_endless":false,"potions_floor_spawned":[1,5,11,12,13,14,16,18,29,33,35,36,39,46],"ascension_level":10}}