{"host":"w01zow3jg16g8jdh","time":1611848525,"event":{"mods":["AchievementEnabler","BaseMod","DeckTracker","Keyboard Shortcuts","Minty Spire (QoL Compilation)","Permanent Neow","StSLib","SuperFastMode"],"gold_per_floor":[109,109,109,123,135,135,170,182,230,248,39,39,50,65,65,136,136,96,96,115,115,115,143,143,169,196,225,225,225],"floor_reached":28,"language":"KOR","playtime":806,"items_purged":[],"score":556,"play_id":"e9409571-7216-4001-bd32-a09bd5e72df0","local_time":"20210129004205","is_ascension_mode":true,"campfire_choices":[{"data":"Flechettes","floor":6.0,"key":"SMITH"},{"data":"Apotheosis","floor":15.0,"key":"SMITH"},{"floor":24.0,"key":"REST"}],"circlet_count":0,"master_deck":["AscendersBane","Strike_G","Strike_G","Strike_G","Strike_G","Defend_G","Defend_G","Defend_G","Defend_G","Defend_G","Survivor","Neutralize","Burst","Flechettes+1","Reflex","Cloak And Dagger","Calculated Gamble","Tactician","Escape Plan","Apotheosis+1","Expertise","Acrobatics","PiercingWail","After Image","Acrobatics","Malaise"],"relics":["Ring of the Snake","Pear","Toy Ornithopter","Fusion Hammer","Centennial Puzzle","Tiny Chest","Ninja Scroll"],"acts_visited":["Exordium","TheCity"],"potions_floor_usage":[],"damage_taken":[{"damage":0.0,"enemies":"2 Louse","floor":1.0,"turns":3.0},{"damage":0.0,"enemies":"Small Slimes","floor":4.0,"turns":4.0},{"damage":1.0,"enemies":"Cultist","floor":5.0,"turns":4.0},{"damage":25.0,"enemies":"3 Sentries","floor":7.0,"turns":11.0},{"damage":3.0,"enemies":"Blue Slaver","floor":8.0,"turns":5.0},{"damage":5.0,"enemies":"2 Fungi Beasts","floor":10.0,"turns":6.0},{"damage":0.0,"enemies":"3 Louse","floor":13.0,"turns":4.0},{"damage":5.0,"enemies":"Exordium Wildlife","floor":14.0,"turns":4.0},{"damage":37.0,"enemies":"Slime Boss","floor":16.0,"turns":13.0},{"damage":5.0,"enemies":"2 Thieves","floor":18.0,"turns":5.0},{"damage":6.0,"enemies":"Spheric Guardian","floor":20.0,"turns":3.0},{"damage":26.0,"enemies":"Book of Stabbing","floor":23.0,"turns":10.0},{"damage":43.0,"enemies":"Gremlin Leader","floor":25.0,"turns":9.0},{"damage":14.0,"enemies":"Book of Stabbing","floor":27.0,"turns":9.0},{"damage":9,"enemies":"Chosen and Byrds","floor":28,"turns":6}],"seed_played":"-3739297026445351832","potions_obtained":[{"floor":1.0,"key":"DuplicationPotion"},{"floor":8.0,"key":"Strength Potion"},{"floor":10.0,"key":"Ancient Potion"},{"floor":14.0,"key":"Block Potion"},{"floor":23.0,"key":"CunningPotion"},{"floor":25.0,"key":"SkillPotion"}],"is_trial":false,"path_per_floor":["M","?","?","M","M","R","E","M","T","M","$","?","M","M","R","B",null,"M","?","M","?","?","E","R","E","T","E","M"],"character_chosen":"THE_SILENT","items_purchased":["Apotheosis"],"campfire_rested":1,"item_purchase_floors":[11],"current_hp_per_floor":[59,64,64,64,63,63,48,45,45,40,40,40,40,35,35,3,62,62,62,56,56,56,30,54,16,16,7,0,0],"gold":225,"neow_bonus":"ONE_RANDOM_RARE_CARD","is_daily":false,"chose_seed":false,"campfire_upgraded":2,"win_rate":0.0,"timestamp":1611848525,"path_taken":["M","?","?","M","M","R","E","M","T","M","$","?","M","?","R","BOSS","M","?","M","?","?","E","R","E","T","E","M"],"items_purchased_type":["Card"],"build_version":"2020-12-22","purchased_purges":0,"victory":false,"max_hp_per_floor":[66,71,71,71,71,71,81,81,81,81,81,81,81,81,81,81,81,81,81,81,81,81,81,81,81,81,81,81,81],"card_choices":[{"not_picked":["Flying Knee","Quick Slash"],"picked":"Flechettes","floor":1.0},{"not_picked":["PiercingWail","Backstab"],"picked":"Reflex","floor":4.0},{"not_picked":["Masterful Stab","Skewer"],"picked":"Cloak And Dagger","floor":5.0},{"not_picked":["Bane","Dagger Spray"],"picked":"Calculated Gamble","floor":7.0},{"not_picked":["Dagger Throw","Cloak And Dagger"],"picked":"Tactician","floor":8.0},{"not_picked":["Concentrate","Deflect"],"picked":"Escape Plan","floor":10.0},{"not_picked":["Blur","PiercingWail"],"picked":"Acrobatics","floor":13.0},{"not_picked":["Skewer","Setup"],"picked":"PiercingWail","floor":14.0},{"not_picked":["Night Terror","Wraith Form v2"],"picked":"After Image","floor":16.0},{"not_picked":["Dagger Throw","Setup","PiercingWail"],"picked":"SKIP","floor":18.0},{"not_picked":["Footwork","Skewer"],"picked":"Acrobatics","floor":20.0},{"not_picked":["Riddle With Holes","Blade Dance"],"picked":"Malaise","floor":23.0},{"not_picked":["Dagger Spray+1","All Out Attack","Outmaneuver"],"picked":"SKIP","floor":25.0},{"not_picked":["PiercingWail","Choke","Malaise"],"picked":"SKIP","floor":27.0}],"player_experience":327398,"relics_obtained":[{"floor":7.0,"key":"Pear"},{"floor":9.0,"key":"Toy Ornithopter"},{"floor":23.0,"key":"Centennial Puzzle"},{"floor":25.0,"key":"Tiny Chest"},{"floor":27.0,"key":"Ninja Scroll"}],"event_choices":[{"damage_healed":0.0,"max_hp_gain":5.0,"max_hp_loss":0.0,"gold_gain":0.0,"event_name":"Big Fish","player_choice":"Donut","floor":2.0,"gold_loss":0.0,"damage_taken":0.0},{"damage_healed":0.0,"max_hp_gain":0.0,"max_hp_loss":0.0,"gold_gain":0.0,"event_name":"Liars Game","player_choice":"Ignored","floor":3.0,"gold_loss":0.0,"damage_taken":0.0},{"damage_healed":0.0,"max_hp_gain":0.0,"max_hp_loss":0.0,"gold_gain":0.0,"cards_transformed":["Strike_G"],"event_name":"Transmorgrifier","player_choice":"Transformed","floor":12.0,"gold_loss":0.0,"damage_taken":0.0,"cards_obtained":["Expertise"]},{"damage_healed":0.0,"max_hp_gain":0.0,"max_hp_loss":0.0,"gold_gain":0.0,"event_name":"The Mausoleum","player_choice":"Ignored","floor":19.0,"gold_loss":0.0,"damage_taken":0.0},{"damage_healed":0.0,"max_hp_gain":0.0,"max_hp_loss":0.0,"gold_gain":0.0,"event_name":"Vampires","player_choice":"Ignored","floor":21.0,"gold_loss":0.0,"damage_taken":0.0},{"damage_healed":0.0,"max_hp_gain":0.0,"max_hp_loss":0.0,"gold_gain":0.0,"event_name":"Cursed Tome","player_choice":"Ignored","floor":22.0,"gold_loss":0.0,"damage_taken":0.0}],"is_beta":false,"boss_relics":[{"not_picked":["Philosopher\u0027s Stone","Ectoplasm"],"picked":"Fusion Hammer"}],"items_purged_floors":[],"is_endless":false,"potions_floor_spawned":[1,8,10,13,14,23,25],"killed_by":"Chosen and Byrds","ascension_level":20}}