{"host":"e1pm3b7xpcm97e5w","time":1611861562,"event":{"mods":["BaseMod","Better Skull","Googly Eyes","Minty Spire (QoL Compilation)","Relic Stats","Shop Mod","Spicy Shops","StSLib"],"gold_per_floor":[114,129,144,159,179,204,223,51,74,94,105,105,120,147,147,251,251,293,293,312,312,312],"floor_reached":21,"language":"ENG","playtime":1251,"items_purged":[],"score":355,"play_id":"59b3599b-a3be-40a3-a78a-43f19297d7b1","local_time":"20210128141922","is_ascension_mode":true,"campfire_choices":[{"floor":12.0,"key":"REST"},{"floor":15.0,"key":"REST"}],"circlet_count":0,"master_deck":["AscendersBane","Strike_P+1","Strike_P+1","Strike_P+1","Defend_P+1","Defend_P+1","Defend_P+1","Eruption+1","Vigilance+1","LessonLearned+1","TalkToTheHand","BowlingBash","ThirdEye+1","InnerPeace+1","TalkToTheHand+1","Weave","ClearTheMind","Protect","Establishment","FlyingSleeves+1","Wish+1","Protect+1","JustLucky+1","Necronomicurse","ThirdEye+1"],"relics":["PureWater","Juzu Bracelet","PreservedInsect","Art of War","Astrolabe","Necronomicon"],"acts_visited":["Exordium","TheCity"],"potions_floor_usage":[],"damage_taken":[{"damage":4.0,"enemies":"Cultist","floor":1.0,"turns":4.0},{"damage":2.0,"enemies":"2 Louse","floor":2.0,"turns":5.0},{"damage":0.0,"enemies":"Small Slimes","floor":3.0,"turns":2.0},{"damage":18.0,"enemies":"Blue Slaver","floor":4.0,"turns":6.0},{"damage":3.0,"enemies":"Gremlin Gang","floor":5.0,"turns":3.0},{"damage":26.0,"enemies":"Lagavulin","floor":6.0,"turns":4.0},{"damage":1.0,"enemies":"Red Slaver","floor":7.0,"turns":5.0},{"damage":0.0,"enemies":"Large Slime","floor":10.0,"turns":6.0},{"damage":5.0,"enemies":"2 Fungi Beasts","floor":11.0,"turns":3.0},{"damage":7.0,"enemies":"Gremlin Gang","floor":13.0,"turns":3.0},{"damage":0.0,"enemies":"Gremlin Nob","floor":14.0,"turns":4.0},{"damage":16.0,"enemies":"The Guardian","floor":16.0,"turns":19.0},{"damage":18.0,"enemies":"Chosen","floor":18.0,"turns":8.0},{"damage":4.0,"enemies":"3 Byrds","floor":20.0,"turns":4.0},{"damage":17,"enemies":"Sentry and Sphere","floor":21,"turns":7}],"seed_played":"-2843191155091190439","potions_obtained":[{"floor":1.0,"key":"SteroidPotion"},{"floor":4.0,"key":"Strength Potion"},{"floor":7.0,"key":"DuplicationPotion"},{"floor":11.0,"key":"Strength Potion"},{"floor":13.0,"key":"Block Potion"},{"floor":14.0,"key":"Strength Potion"},{"floor":18.0,"key":"LiquidBronze"}],"is_trial":false,"path_per_floor":["M","M","M","M","M","E","M","$","T","M","M","R","M","E","R","B",null,"M","?","M","M"],"character_chosen":"WATCHER","items_purchased":["TalkToTheHand"],"campfire_rested":2,"item_purchase_floors":[8],"current_hp_per_floor":[61,59,59,41,38,12,11,11,11,11,6,25,18,18,37,21,54,36,20,16,0,0],"gold":312,"neow_bonus":"THREE_RARE_CARDS","is_daily":false,"chose_seed":false,"campfire_upgraded":0,"win_rate":0.0,"timestamp":1611861562,"path_taken":["M","M","M","M","M","E","M","?","T","M","M","R","M","E","R","BOSS","M","?","M","M"],"items_purchased_type":["Card"],"build_version":"2020-12-22","purchased_purges":0,"victory":false,"max_hp_per_floor":[65,65,65,65,65,65,65,65,65,65,65,65,65,65,65,65,65,65,65,65,65,65],"relic_stats":{"counters":[15,83],"Astrolabe":["FlyingSleeves","Wish","Protect"],"PreservedInsect":22,"Juzu Bracelet":0,"Art of War":[4],"Necronomicon":[2],"obtain_stats":[{"Astrolabe":17,"PreservedInsect":9,"Juzu Bracelet":6,"Art of War":14,"Necronomicon":19,"PureWater":0},{"Astrolabe":12,"PreservedInsect":7,"Juzu Bracelet":6,"Art of War":11,"Necronomicon":13,"PureWater":0},{"Astrolabe":64,"PreservedInsect":29,"Juzu Bracelet":24,"Art of War":45,"Necronomicon":72,"PureWater":0}]},"card_choices":[{"not_picked":["Judgement","Establishment"],"picked":"LessonLearned","floor":0.0},{"not_picked":["CarveReality","ThirdEye"],"picked":"TalkToTheHand","floor":1.0},{"not_picked":["Evaluate","EmptyBody"],"picked":"BowlingBash","floor":2.0},{"not_picked":["Study","Prostrate"],"picked":"Consecrate","floor":3.0},{"not_picked":["Fasting2","Study"],"picked":"ThirdEye","floor":4.0},{"not_picked":["Collect","FlyingSleeves","MasterReality"],"picked":"SKIP","floor":5.0},{"not_picked":["Indignation","ForeignInfluence"],"picked":"InnerPeace","floor":6.0},{"not_picked":["FollowUp","Pray","FlurryOfBlows"],"picked":"SKIP","floor":7.0},{"not_picked":["SashWhip","ThirdEye","Consecrate"],"picked":"SKIP","floor":10.0},{"not_picked":["BowlingBash","Vengeance"],"picked":"Weave","floor":11.0},{"not_picked":["BowlingBash","CrushJoints"],"picked":"ClearTheMind","floor":13.0},{"not_picked":["Swivel","WheelKick"],"picked":"Protect","floor":14.0},{"not_picked":["Scrawl","Omniscience"],"picked":"Establishment","floor":16.0},{"not_picked":["SandsOfTime","Evaluate"],"picked":"JustLucky+1","floor":18.0},{"not_picked":["Protect","MentalFortress"],"picked":"ThirdEye+1","floor":20.0}],"player_experience":600373,"relics_obtained":[{"floor":6.0,"key":"Juzu Bracelet"},{"floor":9.0,"key":"PreservedInsect"},{"floor":14.0,"key":"Art of War"},{"floor":19.0,"key":"Necronomicon"}],"event_choices":[{"damage_healed":0.0,"max_hp_gain":0.0,"max_hp_loss":0.0,"gold_gain":0.0,"event_name":"Cursed Tome","player_choice":"Obtained Book","floor":19.0,"gold_loss":0.0,"damage_taken":16.0}],"is_beta":false,"boss_relics":[{"not_picked":["Pandora\u0027s Box","VioletLotus"],"picked":"Astrolabe"}],"items_purged_floors":[],"is_endless":false,"potions_floor_spawned":[1,4,7,11,13,14,18],"killed_by":"Sentry and Sphere","ascension_level":12}}