{"host":"mi9s3oixpfie23oh","time":1611827371,"event":{"mods":["AchievementEnabler","BaseMod","DeckTracker","Minty Spire (QoL Compilation)","Permanent Neow","Quick Restart","StSLib"],"gold_per_floor":[119,69,85,97,272,272,284,284,308,333,343,343,343,368,368,368,368],"floor_reached":16,"language":"ENG","playtime":670,"items_purged":[],"score":155,"play_id":"5c7cf664-3f27-49b6-bcf8-5b9375971855","local_time":"20210128114931","is_ascension_mode":true,"campfire_choices":[{"data":"Dagger Spray","floor":6,"key":"SMITH"},{"data":"Trip","floor":8,"key":"SMITH"},{"floor":12,"key":"REST"},{"floor":15,"key":"REST"}],"circlet_count":0,"master_deck":["AscendersBane","Strike_G","Strike_G","Strike_G","Strike_G","Defend_G","Defend_G","Defend_G","Defend_G","Defend_G","Survivor","Neutralize","Trip+1","Flying Knee","Dagger Spray+1","Doubt","Footwork","Cloak And Dagger","After Image","Cloak And Dagger"],"relics":["Ring of the Snake","Juzu Bracelet","Dream Catcher","Potion Belt","Odd Mushroom"],"acts_visited":["Exordium"],"potions_floor_usage":[10,11,16],"damage_taken":[{"damage":0,"enemies":"2 Louse","floor":1,"turns":3},{"damage":1,"enemies":"Small Slimes","floor":3,"turns":4},{"damage":0,"enemies":"Jaw Worm","floor":4,"turns":3},{"damage":8,"enemies":"Blue Slaver","floor":7,"turns":4},{"damage":25,"enemies":"3 Sentries","floor":10,"turns":9},{"damage":0,"enemies":"Lots of Slimes","floor":11,"turns":3},{"damage":10,"enemies":"The Mushroom Lair","floor":14,"turns":4},{"damage":55,"enemies":"Hexaghost","floor":16,"turns":15}],"seed_played":"-4257048838671510983","potions_obtained":[{"floor":3,"key":"GhostInAJar"},{"floor":7,"key":"SpeedPotion"},{"floor":14,"key":"EssenceOfSteel"}],"is_trial":false,"path_per_floor":["M","?","M","M","?","R","M","R","T","E","M","R","?","?","R","B"],"character_chosen":"THE_SILENT","items_purchased":[],"campfire_rested":2,"item_purchase_floors":[],"current_hp_per_floor":[63,63,62,62,62,62,54,54,54,29,29,50,43,33,54,0,0],"gold":368,"neow_bonus":"RANDOM_COLORLESS","is_daily":false,"chose_seed":false,"campfire_upgraded":2,"win_rate":0.0,"timestamp":1611827371,"path_taken":["M","?","M","M","?","R","M","R","T","E","M","R","?","?","R","BOSS"],"items_purchased_type":[],"build_version":"2020-12-22","purchased_purges":0,"victory":false,"max_hp_per_floor":[70,70,70,70,70,70,70,70,70,70,70,70,70,70,70,70,70],"card_choices":[{"not_picked":["Purity","PanicButton"],"picked":"Trip","floor":0},{"not_picked":["Acrobatics","Skewer"],"picked":"Flying Knee","floor":1},{"not_picked":["Quick Slash","Predator"],"picked":"Dagger Spray","floor":3},{"not_picked":["Caltrops","Deflect","Choke"],"picked":"SKIP","floor":4},{"not_picked":["PiercingWail","Masterful Stab","Slice"],"picked":"SKIP","floor":7},{"not_picked":["Dodge and Roll","Terror"],"picked":"Footwork","floor":10},{"not_picked":["Quick Slash","Expertise","Terror"],"picked":"SKIP","floor":11},{"not_picked":["Bane","Dash"],"picked":"Cloak And Dagger","floor":12},{"not_picked":["Blade Dance","Slice"],"picked":"After Image","floor":14},{"not_picked":["Deadly Poison","Eviscerate"],"picked":"Cloak And Dagger","floor":15}],"player_experience":363037,"relics_obtained":[{"floor":9,"key":"Juzu Bracelet"},{"floor":10,"key":"Dream Catcher"},{"floor":14,"key":"Odd Mushroom"}],"event_choices":[{"cards_removed":["Strike_G"],"damage_healed":0,"gold_gain":0,"player_choice":"Card Removal","damage_taken":0,"max_hp_gain":0,"max_hp_loss":0,"event_name":"The Cleric","floor":2,"gold_loss":50},{"damage_healed":0,"gold_gain":175,"player_choice":"AGREE","damage_taken":0,"max_hp_gain":0,"max_hp_loss":0,"event_name":"Liars Game","floor":5,"gold_loss":0,"cards_obtained":["Doubt"]},{"damage_healed":0,"gold_gain":0,"player_choice":"Success","damage_taken":7,"relics_obtained":["Potion Belt"],"max_hp_gain":0,"max_hp_loss":0,"event_name":"Scrap Ooze","floor":13,"gold_loss":0},{"damage_healed":0,"gold_gain":0,"player_choice":"Fought Mushrooms","damage_taken":0,"max_hp_gain":0,"max_hp_loss":0,"event_name":"Mushrooms","floor":14,"gold_loss":0}],"is_beta":false,"boss_relics":[],"items_purged_floors":[],"is_endless":false,"potions_floor_spawned":[3,7,14],"killed_by":"Hexaghost","ascension_level":11}}