{"host":"5gc11emcm5chfr5t","time":1611853071,"event":{"mods":["2.2 Compatiblity","AchievementEnabler","BaseMod","Bestiary","Better Note","Colored Map","Colored Powertips","Downfall","Googly Eyes","Minty Spire (QoL Compilation)","Rare Cards Sparkle","StSLib"],"gold_per_floor":[109,123,182,201,253,253,285,285,336,336,367,380,415,3,3,76,76,89,89,106,106,144,174,206,206,206,218,218,218,218],"floor_reached":28,"language":"ENG","playtime":1521,"items_purged":[],"score":927,"play_id":"4c5deed1-0e86-42e8-8fb3-bf6c2b08c631","local_time":"20210128115751","daily_mods":["Hoarder","Heirloom","DeadlyEvents"],"is_ascension_mode":true,"campfire_choices":[{"data":"sneckomod:TailWhip","floor":6,"key":"SMITH"},{"data":"sneckomod:UnknownRareSkill","floor":10,"key":"SMITH"},{"floor":15,"key":"REST"}],"circlet_count":0,"master_deck":["AscendersBane","sneckomod:Strike","sneckomod:Strike","sneckomod:Strike","sneckomod:Defend","sneckomod:Defend","sneckomod:Defend","sneckomod:TailWhip+1","sneckomod:SnekBite","sneckomod:Unknown","sneckomod:Unknown","sneckomod:DiceBoulder","sneckomod:DiceBoulder","sneckomod:DiceBoulder","sneckomod:SoulRoll","sneckomod:SoulRoll","sneckomod:SoulRoll","sneckomod:UnknownRareSkill+1","sneckomod:UnknownRareSkill","sneckomod:UnknownRareSkill","sneckomod:UnlimitedRolls","sneckomod:UnlimitedRolls","sneckomod:UnlimitedRolls","sneckomod:UnknownWeak","sneckomod:UnknownWeak","sneckomod:UnknownWeak","sneckomod:UnknownBlock","sneckomod:UnknownBlock","sneckomod:UnknownBlock+1","sneckomod:UnknownVulnerable","sneckomod:UnknownVulnerable","sneckomod:UnknownVulnerable","Magnetism","Magnetism","Magnetism","sneckomod:WideSting","sneckomod:WideSting","sneckomod:WideSting","sneckomod:MorePower","sneckomod:MorePower","sneckomod:MorePower","sneckomod:Unknown3Cost","sneckomod:Unknown3Cost","sneckomod:Unknown3Cost","sneckomod:SlitherStrike","sneckomod:SlitherStrike","sneckomod:SlitherStrike","sneckomod:DangerNoodle","sneckomod:DangerNoodle","sneckomod:DangerNoodle","sneckomod:UnknownUncommonAttack","sneckomod:UnknownUncommonAttack","sneckomod:UnknownUncommonAttack","hexamod:SixthSeal","hexamod:SixthSeal","hexamod:SixthSeal","sneckomod:Rotation","sneckomod:Rotation","sneckomod:Rotation","sneckomod:UnknownBoss","sneckomod:UnknownBoss","sneckomod:UnknownBoss","sneckomod:UnknownDraw","sneckomod:UnknownDraw","sneckomod:UnknownDraw","sneckomod:Restock","sneckomod:Restock+1","sneckomod:Restock","sneckomod:UnknownColorless","sneckomod:UnknownColorless","sneckomod:UnknownColorless+1","sneckomod:UnknownColorless","sneckomod:UnknownColorless","sneckomod:UnknownColorless"],"relics":["Snecko Eye","Gambling Chip","Bronze Scales","Bag of Preparation","Tiny Chest","Bottled Lightning","Eternal Feather","Vajra","sneckomod:SneckoTalon","Pantograph","Nilry\u0027s Codex","Anchor","Bottled Flame","The Courier","Question Card"],"acts_visited":["Exordium","TheCity"],"potions_floor_usage":[16,16,23,23],"damage_taken":[{"damage":7,"enemies":"Jaw Worm","floor":1,"turns":4},{"damage":0,"enemies":"Cultist","floor":2,"turns":2},{"damage":15,"enemies":"Small Slimes","floor":4,"turns":2},{"damage":11,"enemies":"3 Sentries","floor":7,"turns":3},{"damage":0,"enemies":"Lagavulin","floor":11,"turns":3},{"damage":14,"enemies":"Red Slaver","floor":12,"turns":2},{"damage":8,"enemies":"Gremlin Nob","floor":13,"turns":3},{"damage":13,"enemies":"The Guardian","floor":16,"turns":5},{"damage":0,"enemies":"2 Thieves","floor":18,"turns":2},{"damage":15,"enemies":"Shell Parasite","floor":20,"turns":3},{"damage":0,"enemies":"Chosen and Byrds","floor":22,"turns":4},{"damage":25,"enemies":"Slavers","floor":23,"turns":4},{"damage":0,"enemies":"Book of Stabbing","floor":24,"turns":3},{"damage":9,"enemies":"Centurion and Healer","floor":27,"turns":2},{"damage":11,"enemies":"Cultist and Chosen","floor":28,"turns":2}],"seed_played":"-8251657553197928252","potions_obtained":[{"floor":7,"key":"hexamod:SoulburnPotion"},{"floor":11,"key":"LiquidMemories"},{"floor":20,"key":"Guardian:BlockOnCardUsePotion"},{"floor":22,"key":"Swift Potion"},{"floor":24,"key":"bronze:BurnAndBuffPotion"}],"is_trial":true,"path_per_floor":["M","M","?","M","T","R","E","?","T","R","E","M","E","$","R","B",null,"M","T","M","?","M","E","E","T","T","M","M"],"character_chosen":"THE_SNECKO","items_purchased":["Magnetism","Vajra","sneckomod:WideSting"],"campfire_rested":1,"item_purchase_floors":[14,14,14],"current_hp_per_floor":[68,68,68,61,61,61,50,50,50,50,50,36,28,28,73,69,80,80,80,65,44,44,19,19,19,19,10,0,0,0],"gold":218,"neow_bonus":"","is_daily":false,"chose_seed":false,"campfire_upgraded":2,"win_rate":0.0,"timestamp":1611853071,"path_taken":["M","M","?","M","?","R","?","?","T","R","E","M","E","$","R","BOSS","M","?","M","?","M","E","?","?","T","M","M"],"items_purchased_type":["Card","Relic","Card"],"build_version":"2020-12-22","purchased_purges":0,"victory":false,"max_hp_per_floor":[83,83,83,83,83,83,83,83,83,83,83,83,83,83,83,83,83,83,83,83,83,83,83,83,83,83,83,83,83,83],"card_choices":[{"not_picked":["sneckomod:SoulDraw","sneckomod:UnknownCommonAttack"],"picked":"sneckomod:DiceBoulder","floor":1},{"not_picked":["sneckomod:DiceCrush","sneckomod:CheapStock"],"picked":"sneckomod:SoulRoll","floor":2},{"not_picked":["sneckomod:UnknownX","sneckomod:DiceBlock","sneckomod:DiceCrush"],"picked":"SKIP","floor":4},{"not_picked":["sneckomod:Rotation","sneckomod:SoulRoll"],"picked":"sneckomod:UnknownRareSkill","floor":7},{"not_picked":["sneckomod:DefensiveFlair","sneckomod:Nope"],"picked":"sneckomod:UnknownWeak","floor":11},{"not_picked":["sneckomod:RainOfDice","sneckomod:UnknownX"],"picked":"sneckomod:UnknownBlock","floor":12},{"not_picked":["sneckomod:UnknownExhaust","sneckomod:MasterEye"],"picked":"sneckomod:UnknownVulnerable","floor":13},{"not_picked":["sneckomod:GlitteringGambit","sneckomod:SerpentMind"],"picked":"sneckomod:MorePower","floor":16},{"not_picked":["sneckomod:UnknownWeak","sneckomod:UnknownRareSkill"],"picked":"sneckomod:Unknown3Cost","floor":18},{"not_picked":["sneckomod:Unknown0Cost","sneckomod:UnknownStrike"],"picked":"sneckomod:SlitherStrike","floor":18},{"not_picked":["sneckomod:Unknown2Cost","sneckomod:RainOfDice","sneckomod:UnknownClassHEXA_GHOST_PURPLE"],"picked":"SKIP","floor":20},{"not_picked":["sneckomod:UnknownExhaust","sneckomod:UnknownUncommonPower"],"picked":"sneckomod:DangerNoodle","floor":22},{"not_picked":["sneckomod:MixItUp","sneckomod:SnekBeam"],"picked":"sneckomod:UnknownUncommonAttack","floor":22},{"not_picked":["hexamod:FourthSeal","hexamod:ThirdSeal"],"picked":"hexamod:SixthSeal","floor":22},{"not_picked":["sneckomod:Memorize","sneckomod:IronFang"],"picked":"sneckomod:Rotation","floor":22},{"not_picked":["sneckomod:UnknownRareAttack","sneckomod:SnakeSap"],"picked":"sneckomod:UnknownBoss","floor":23},{"not_picked":["sneckomod:WideSting","sneckomod:SoulDraw"],"picked":"sneckomod:UnknownDraw","floor":23},{"not_picked":["sneckomod:Cheat","sneckomod:WideSting"],"picked":"sneckomod:Restock","floor":24},{"not_picked":["sneckomod:UnknownClassRED","sneckomod:UnlimitedRolls"],"picked":"sneckomod:UnknownColorless","floor":24},{"not_picked":["sneckomod:Nope","sneckomod:UnknownVulnerable","sneckomod:UnknownCommonAttack+1"],"picked":"sneckomod:UnknownColorless","floor":27}],"player_experience":570615,"relics_obtained":[{"floor":5,"key":"Bronze Scales"},{"floor":7,"key":"Bag of Preparation"},{"floor":9,"key":"Tiny Chest"},{"floor":11,"key":"Bottled Lightning"},{"floor":13,"key":"Eternal Feather"},{"floor":19,"key":"Pantograph"},{"floor":21,"key":"Nilry\u0027s Codex"},{"floor":23,"key":"Anchor"},{"floor":24,"key":"Bottled Flame"},{"floor":25,"key":"The Courier"},{"floor":26,"key":"Question Card"}],"event_choices":[{"damage_healed":0,"gold_gain":59,"player_choice":"Gained Gold","damage_taken":0,"max_hp_gain":0,"max_hp_loss":0,"event_name":"Golden Wing","floor":3,"gold_loss":0},{"damage_healed":0,"gold_gain":0,"player_choice":"1 cards matched","damage_taken":0,"max_hp_gain":0,"max_hp_loss":0,"event_name":"Match and Keep!","floor":8,"gold_loss":0,"cards_obtained":["sneckomod:UnlimitedRolls"]},{"damage_healed":0,"gold_gain":0,"player_choice":"Obtained Book","damage_taken":21,"max_hp_gain":0,"max_hp_loss":0,"event_name":"Cursed Tome","floor":21,"gold_loss":0}],"is_beta":false,"boss_relics":[{"not_picked":["Sozu","Cursed Key"],"picked":"sneckomod:SneckoTalon"}],"items_purged_floors":[],"is_endless":true,"potions_floor_spawned":[7,11,13,20,22,24],"killed_by":"Cultist and Chosen","ascension_level":20}}