{"host":"9ahx8fyo8ahtgkt3","time":1613560334,"event":{"mods":["BaseMod","Bestiary","Better Third Choice","BetterRewards","Colored Powertips","Conspire","Curses Come First","Downfall","Evolution","Hubris","Infinite Spire","Minty Spire (QoL Compilation)","Quick Restart","Replay The Spire","Shop Mod","Spicy Shops","StSLib","Synergy Search"],"gold_per_floor":[109,109,121,121,121,121,148,148,148,158,158,178,33,33,33,132,132,146,157,157,182,194,194,225,237,249,261,289,301,342,354,366,473,485,511,573,601,628,659,700,712,318,318,345,345,374,388,399,399,503,503,507,507,28,24,0,0,0],"floor_reached":57,"language":"DEU","playtime":9966,"items_purged":["Strike_B"],"score":1286,"play_id":"d1f47e47-ba3f-4027-826c-17eb157515ae","local_time":"20210217121214","is_ascension_mode":true,"campfire_choices":[{"floor":6.0,"key":"RECALL"},{"floor":11.0,"key":"REST"},{"floor":15.0,"key":"REST"},{"floor":23.0,"key":"REST"},{"floor":32.0,"key":"REST"},{"floor":41.0,"key":"REST"},{"floor":45.0,"key":"REST"},{"floor":49.0,"key":"REST"}],"circlet_count":0,"master_deck":["Strike_B","Strike_B","Strike_B+1","Defend_B","Defend_B","Defend_B","Defend_B","Zap","Dualcast","Heatsinks","ReplayTheSpireMod:Brewmster","Seek","Panache","Loop+1","Hello World+1","Echo Form","Chill","Loop","Aggregate","Buffer","Echo Form","Sickly","Vigilance","Creative AI+1","ReplayTheSpireMod:Private Reserves","ReplayTheSpireMod:Chaos Vortex","Coolheaded","conspire:SharedLibrary+1","Conserve Battery","ReplayTheSpireMod:Dual Polarity","Hello World","ReplayTheSpireMod:GoodbyeWorld","Compile Driver","Buffer","Barrage+1","Reinforced Body","Skim","Force Field","Self Repair","FTL+1","Consume+1","Fission","Coolheaded+1","Conserve Battery+1","FIFO Queue","Transmutation","Bandage Up","Rainbow","Undo+1","Go for the Eyes","Streamline","Beam Cell","Conserve Battery+1","ReplayRNGCard","Turbo","Steam Power","Defragment","Self Repair","Barrage"],"relics":["Cracked Core","EVO:Axolotl","Lee\u0027s Waffle","ReplayTheSpireMod:TigerMarble","conspire:GiftBox","White Beast Statue","hubris:BottledRain","Kunai","Strange Spoon","ReplayTheSpireMod:SealedPack","hubris:TenFootPole","Red Mask","MawBank","Garlic","Solar Panel","conspire:SpecialSausage","Prayer Wheel","Pondfish Scales","hubris:TenFootPole","Ice Cream","infinitespire:SolderingIron","ReplayTheSpireMod:Lightbulb","Inserter","Medical Kit","infinitespire:Bottled Soul","betterThird:SlimedRelic"],"acts_visited":["Exordium","TheCity","TheBeyond","Exordium"],"potions_floor_usage":[57,57,57],"damage_taken":[{"damage":1.0,"enemies":"Jaw Worm","floor":1.0,"turns":3.0},{"damage":4.0,"enemies":"Cultist","floor":3.0,"turns":4.0},{"damage":31.0,"enemies":"Lagavulin","floor":7.0,"turns":5.0},{"damage":0.0,"enemies":"conspire:RoseBush","floor":10.0,"turns":2.0},{"damage":7.0,"enemies":"Looter","floor":12.0,"turns":5.0},{"damage":6.0,"enemies":"The Guardian","floor":16.0,"turns":8.0},{"damage":11.0,"enemies":"2 Thieves","floor":18.0,"turns":5.0},{"damage":26.0,"enemies":"Spheric Guardian","floor":19.0,"turns":7.0},{"damage":67.0,"enemies":"Masked Bandits","floor":21.0,"turns":6.0},{"damage":1.0,"enemies":"Cultist and Chosen","floor":22.0,"turns":10.0},{"damage":0.0,"enemies":"conspire:SneckoGhost","floor":24.0,"turns":12.0},{"damage":0.0,"enemies":"Chosen and Byrds","floor":28.0,"turns":5.0},{"damage":22.0,"enemies":"Slavers","floor":30.0,"turns":5.0},{"damage":17.0,"enemies":"hubris:MusketHawk","floor":33.0,"turns":9.0},{"damage":0.0,"enemies":"3 Darklings","floor":35.0,"turns":8.0},{"damage":0.0,"enemies":"Mind Bloom Boss Battle","floor":36.0,"turns":11.0},{"damage":0.0,"enemies":"3 Shapes","floor":37.0,"turns":6.0},{"damage":0.0,"enemies":"Sphere and 2 Shapes","floor":38.0,"turns":7.0},{"damage":16.0,"enemies":"Transient","floor":39.0,"turns":5.0},{"damage":60.0,"enemies":"Reptomancer","floor":40.0,"turns":10.0},{"damage":0.0,"enemies":"Giant Head","floor":44.0,"turns":12.0},{"damage":56.0,"enemies":"Nightmare","floor":46.0,"turns":7.0},{"damage":0.0,"enemies":"Jaw Worm Horde","floor":47.0,"turns":5.0},{"damage":0.0,"enemies":"3 Darklings","floor":48.0,"turns":6.0},{"damage":0.0,"enemies":"Donu and Deca","floor":50.0,"turns":11.0},{"damage":0.0,"enemies":"2 Louse","floor":52.0,"turns":3.0},{"damage":0.0,"enemies":"Small Slimes","floor":55.0,"turns":4.0},{"damage":159,"enemies":"Nightmare","floor":57,"turns":6}],"seed_played":"2754453188677038297","potions_obtained":[{"floor":3.0,"key":"PowerPotion"},{"floor":7.0,"key":"champ:CounterPotion"},{"floor":10.0,"key":"Milkshake"},{"floor":12.0,"key":"Energy Potion"},{"floor":16.0,"key":"DistilledChaos"},{"floor":18.0,"key":"FairyPotion"},{"floor":19.0,"key":"EssenceOfSteel"},{"floor":21.0,"key":"DuplicationPotion"},{"floor":24.0,"key":"AttackPotion"},{"floor":27.0,"key":"LiquidMemories"},{"floor":27.0,"key":"Fire Potion"},{"floor":27.0,"key":"Explosive Potion"},{"floor":28.0,"key":"Fire Potion"},{"floor":30.0,"key":"hexamod:SoulburnPotion"},{"floor":33.0,"key":"FocusPotion"},{"floor":36.0,"key":"Doom Potion"},{"floor":37.0,"key":"Energy Potion"},{"floor":40.0,"key":"Flashbang"},{"floor":46.0,"key":"Adrenaline Potion"},{"floor":47.0,"key":"Energy Potion"},{"floor":48.0,"key":"sneckomod:MuddlingPotion"},{"floor":50.0,"key":"Energy Potion"},{"floor":52.0,"key":"Milkshake"},{"floor":55.0,"key":"Reflective Coating"}],"is_trial":false,"path_per_floor":["M","?","M","?","T","R","E","?","T","M","R","M","$","?","R","B",null,"M","M","AVR","?","M","R","E","?","T","?","M","?","E","?","R","B",null,"M","?","M","M","M","E","R","$","T","E","R","NM","M","M","R","B",null,"M","?","$","M","?","NM"],"character_chosen":"DEFECT","items_purchased":["Lee\u0027s Waffle","ReplayTheSpireMod:TigerMarble","Heatsinks","ReplayTheSpireMod:Brewmster","Strange Spoon","FIFO Queue","Transmutation","Bandage Up","Medical Kit","infinitespire:Bottled Soul","Defragment"],"campfire_rested":7,"item_purchase_floors":[0,0,0,0,13,42,42,42,54,54,54],"current_hp_per_floor":[81,81,77,70,70,70,39,23,23,24,48,41,41,41,65,59,83,72,60,60,44,43,67,67,67,67,67,67,62,40,40,66,60,88,88,88,88,88,72,19,45,45,45,62,88,39,43,60,86,88,88,88,88,88,88,86,0,0],"gold":0,"neow_bonus":"","is_daily":false,"chose_seed":false,"campfire_upgraded":0,"win_rate":0.0,"timestamp":1613560334,"path_taken":["M","?","?","?","?","R","E","?","T","M","R","M","?","?","R","BOSS","M","?","AVR","?","M","R","E","?","T","?","?","?","E","?","R","BOSS","M","?","M","M","M","E","R","$","T","E","R","NM","M","M","R","BOSS","M","?","?","M","?","NM"],"items_purchased_type":["Relic","Relic","Card","Card","Relic","Card","Card","Card","Relic","Relic","Card"],"build_version":"2020-12-22","purchased_purges":1,"victory":false,"max_hp_per_floor":[82,82,82,82,82,82,82,82,82,83,83,83,83,83,83,83,83,83,83,83,83,83,83,83,83,83,83,83,88,88,88,88,88,88,88,88,88,88,88,88,88,88,88,88,88,88,88,88,88,88,88,88,88,88,88,88,88,88],"card_choices":[{"not_picked":["Meteor Strike","Fission"],"picked":"Seek","floor":0.0},{"not_picked":["Coolheaded","ReplayTheSpireMod:System Scan"],"picked":"Loop","floor":1.0},{"not_picked":["Turbo","BasicCrystalCard"],"picked":"Hello World","floor":3.0},{"not_picked":["Redo","Conserve Battery"],"picked":"Echo Form","floor":7.0},{"not_picked":["Heatsinks","Compile Driver"],"picked":"Chill","floor":10.0},{"not_picked":["Streamline","Hologram"],"picked":"Loop","floor":12.0},{"not_picked":["Thunder Strike","All For One"],"picked":"Echo Form","floor":16.0},{"not_picked":["Guardian:CurlUp","hubris:MerchantsHand"],"picked":"Vigilance","floor":17.0},{"not_picked":["All For One","ReplayRNGCard"],"picked":"Creative AI","floor":17.0},{"not_picked":["Specialist","Replay:Sssssssssstrike"],"picked":"ReplayTheSpireMod:Private Reserves","floor":17.0},{"not_picked":["ReplayTheSpireMod:Black Plague","infinitespire:Fortify"],"picked":"ReplayTheSpireMod:Chaos Vortex","floor":17.0},{"not_picked":["Steam+1","Stack+1"],"picked":"Coolheaded","floor":18.0},{"not_picked":["Redo+1","Ball Lightning"],"picked":"conspire:SharedLibrary+1","floor":19.0},{"not_picked":["Panic Button","All For One"],"picked":"Conserve Battery","floor":21.0},{"not_picked":["Barrage","Streamline"],"picked":"ReplayTheSpireMod:Dual Polarity","floor":22.0},{"not_picked":["FTL","Genetic Algorithm"],"picked":"Hello World","floor":24.0},{"not_picked":["Sweeping Beam","Leap+1"],"picked":"ReplayTheSpireMod:GoodbyeWorld","floor":28.0},{"not_picked":["Sweeping Beam","Biased Cognition"],"picked":"Compile Driver","floor":30.0},{"not_picked":["Thunder Strike","hubris:SpecializedCircuitry"],"picked":"Buffer","floor":33.0},{"not_picked":["Chill","Reinforced Body"],"picked":"Barrage+1","floor":35.0},{"not_picked":["Compile Driver","Ball Lightning+1"],"picked":"Reinforced Body","floor":35.0},{"not_picked":["Leap","Static Discharge"],"picked":"Skim","floor":36.0},{"not_picked":["Panic Button","Streamline"],"picked":"Force Field","floor":37.0},{"not_picked":["Panic Button","Redo+1"],"picked":"Self Repair","floor":37.0},{"not_picked":["Cold Snap","ReplayTheSpireMod:System Scan+1"],"picked":"FTL+1","floor":38.0},{"not_picked":["Coolheaded","Steam"],"picked":"Consume+1","floor":38.0},{"not_picked":["Stack","Redo"],"picked":"Fission","floor":39.0},{"not_picked":["Sweeping Beam","Streamline+1"],"picked":"Coolheaded+1","floor":39.0},{"not_picked":["Reinforced Body","Chill"],"picked":"Conserve Battery+1","floor":40.0},{"not_picked":["Scrape+1","Lockon"],"picked":"Rainbow","floor":44.0},{"not_picked":["Conserve Battery","ReplayTheSpireMod:Calculation Training+1"],"picked":"Undo+1","floor":46.0},{"not_picked":["Stack","Conserve Battery"],"picked":"Go for the Eyes","floor":47.0},{"not_picked":["Sweeping Beam+1","Gash+1"],"picked":"Streamline","floor":47.0},{"not_picked":["Compile Driver","Barrage+1"],"picked":"Beam Cell","floor":48.0},{"not_picked":["Leap+1","hubris:PowerSurge+1"],"picked":"Conserve Battery+1","floor":48.0},{"not_picked":["ReplayTheSpireMod:Omega Cannon","All For One"],"picked":"ReplayRNGCard","floor":50.0},{"not_picked":["Gash","Leap"],"picked":"Turbo","floor":52.0},{"not_picked":["Conserve Battery","BootSequence"],"picked":"Steam Power","floor":52.0},{"not_picked":["Chaos","Beam Cell"],"picked":"Self Repair","floor":55.0},{"not_picked":["BasicCrystalCard","Cold Snap"],"picked":"Barrage","floor":55.0}],"player_experience":142806,"relics_obtained":[{"floor":5.0,"key":"hubris:BottledRain"},{"floor":7.0,"key":"Kunai"},{"floor":21.0,"key":"Red Mask"},{"floor":24.0,"key":"MawBank"},{"floor":26.0,"key":"Garlic"},{"floor":30.0,"key":"Solar Panel"},{"floor":36.0,"key":"Pondfish Scales"},{"floor":40.0,"key":"hubris:TenFootPole"},{"floor":43.0,"key":"Ice Cream"},{"floor":44.0,"key":"infinitespire:SolderingIron"},{"floor":46.0,"key":"ReplayTheSpireMod:Lightbulb"}],"event_choices":[{"damage_healed":0.0,"max_hp_gain":0.0,"max_hp_loss":0.0,"gold_gain":0.0,"event_name":"Upgrade Shrine","player_choice":"Upgraded","floor":2.0,"gold_loss":0.0,"damage_taken":0.0,"cards_upgraded":["Loop"]},{"damage_healed":0.0,"max_hp_gain":0.0,"max_hp_loss":0.0,"gold_gain":0.0,"event_name":"betterThird:BetterScrap","player_choice":"Relic ","floor":4.0,"gold_loss":0.0,"damage_taken":7.0,"cards_obtained":["Battle Trance"]},{"damage_healed":39.0,"max_hp_gain":0.0,"max_hp_loss":82.0,"gold_gain":0.0,"event_name":"betterThird:BetterShining","player_choice":"Upgrade","floor":8.0,"gold_loss":0.0,"damage_taken":16.0,"cards_upgraded":["Hello World","Strike_B"]},{"damage_healed":0.0,"max_hp_gain":0.0,"max_hp_loss":0.0,"gold_gain":0.0,"event_name":"Match and Keep!","player_choice":"2 cards matched","floor":14.0,"gold_loss":0.0,"damage_taken":0.0,"cards_obtained":["Aggregate","Buffer"]},{"damage_healed":0.0,"max_hp_gain":0.0,"max_hp_loss":0.0,"gold_gain":0.0,"event_name":"Masked Bandits","player_choice":"Fought Bandits","floor":21.0,"gold_loss":0.0,"damage_taken":0.0},{"damage_healed":0.0,"max_hp_gain":0.0,"max_hp_loss":0.0,"gold_gain":0.0,"event_name":"Lab","player_choice":"Got Potions","floor":27.0,"gold_loss":0.0,"damage_taken":0.0},{"damage_healed":0.0,"max_hp_gain":5.0,"max_hp_loss":0.0,"gold_gain":0.0,"event_name":"Forgotten Altar","player_choice":"Shed Blood","floor":29.0,"gold_loss":0.0,"damage_taken":21.0},{"damage_healed":0.0,"max_hp_gain":0.0,"max_hp_loss":0.0,"gold_gain":0.0,"event_name":"MindBloom","player_choice":"Fight","floor":36.0,"gold_loss":0.0,"damage_taken":0.0},{"damage_healed":0.0,"max_hp_gain":0.0,"max_hp_loss":0.0,"gold_gain":0.0,"event_name":"The Woman in Blue","player_choice":"Bought 0 Potions","floor":53.0,"gold_loss":0.0,"damage_taken":0.0},{"damage_healed":0.0,"max_hp_gain":0.0,"max_hp_loss":0.0,"gold_gain":0.0,"event_name":"betterThird:BetterGoop","player_choice":"Slimed","floor":56.0,"gold_loss":24.0,"damage_taken":11.0}],"is_beta":false,"boss_relics":[{"not_picked":["Kintsugi","Fusion Hammer"],"picked":"ReplayTheSpireMod:SealedPack"},{"not_picked":["hubris:TerracottaHorce","infinitespire:Cupcake"],"picked":"conspire:SpecialSausage"},{"not_picked":["hubris:VirtuousBlindfold","Cursed Key"],"picked":"Inserter"}],"items_purged_floors":[42],"is_endless":true,"potions_floor_spawned":[3,7,10,12,16,18,19,21,22,24,28,30,33,35,36,37,38,39,40,44,46,47,48,50,52,55],"killed_by":"Nightmare","ascension_level":1}}