{"host":"tr0r177cvmpvg89h","time":1613566928,"event":{"mods":["BaseMod","Colored Map","DeckTracker","Minty Spire (QoL Compilation)","StSLib","SuperFastMode"],"gold_per_floor":[14,14,14,14,27,27,47,47,117,117,132,159,179,195,195,195,195],"floor_reached":16,"language":"KOR","playtime":1134,"items_purged":[],"score":104,"play_id":"c4e637d5-5b08-4635-b30e-4142b359a80a","local_time":"20210217220208","is_ascension_mode":false,"campfire_choices":[{"data":"Footwork","floor":6,"key":"SMITH"},{"data":"Escape Plan","floor":8,"key":"SMITH"},{"data":"Burst","floor":10,"key":"SMITH"},{"data":"Catalyst","floor":15,"key":"SMITH"}],"circlet_count":0,"master_deck":["Strike_G","Strike_G","Strike_G","Strike_G","Strike_G","Defend_G","Defend_G","Defend_G","Defend_G","Defend_G","Survivor","Neutralize","Burst+1","Slice","Footwork+1","Bane","Escape Plan+1","Calculated Gamble","Catalyst+1"],"relics":["Ring of the Snake","Bottled Lightning","Mummified Hand","CaptainsWheel"],"acts_visited":["Exordium"],"potions_floor_usage":[12,12,16,16],"damage_taken":[{"damage":1,"enemies":"Cultist","floor":1,"turns":4},{"damage":0,"enemies":"2 Louse","floor":2,"turns":3},{"damage":0,"enemies":"Jaw Worm","floor":5,"turns":5},{"damage":12,"enemies":"Lots of Slimes","floor":7,"turns":6},{"damage":0,"enemies":"Blue Slaver","floor":11,"turns":5},{"damage":22,"enemies":"Lagavulin","floor":12,"turns":10},{"damage":1,"enemies":"3 Louse","floor":13,"turns":4},{"damage":6,"enemies":"Large Slime","floor":14,"turns":10},{"damage":28,"enemies":"The Guardian","floor":16,"turns":8}],"seed_played":"-3522094049193266266","potions_obtained":[{"floor":1,"key":"CultistPotion"},{"floor":5,"key":"SpeedPotion"},{"floor":11,"key":"GamblersBrew"},{"floor":12,"key":"Poison Potion"}],"is_trial":false,"path_per_floor":["M","M","T","$","M","R","M","R","T","R","M","E","M","M","R","B"],"character_chosen":"THE_SILENT","items_purchased":[],"campfire_rested":0,"item_purchase_floors":[],"current_hp_per_floor":[69,69,69,69,69,69,57,57,57,57,57,35,34,28,28,0,0],"gold":195,"neow_bonus":"THREE_RARE_CARDS","is_daily":false,"chose_seed":false,"campfire_upgraded":4,"win_rate":0.0,"timestamp":1613566928,"path_taken":["M","M","?","$","M","R","M","R","T","R","M","E","?","M","R","BOSS"],"items_purchased_type":[],"build_version":"2020-12-22","purchased_purges":0,"victory":false,"max_hp_per_floor":[70,70,70,70,70,70,70,70,70,70,70,70,70,70,70,70,70],"card_choices":[{"not_picked":["Glass Knife","Wraith Form v2"],"picked":"Burst","floor":0},{"not_picked":["Flechettes","Sucker Punch"],"picked":"Slice","floor":1},{"not_picked":["Backflip","Bane"],"picked":"Footwork","floor":2},{"not_picked":["Deflect","Deadly Poison"],"picked":"Bane","floor":5},{"not_picked":["Prepared","Backstab"],"picked":"Escape Plan","floor":7},{"not_picked":["Acrobatics","Deadly Poison","Terror"],"picked":"SKIP","floor":11},{"not_picked":["Deflect","Backstab","Terror"],"picked":"SKIP","floor":12},{"not_picked":["Deadly Poison","Prepared"],"picked":"Calculated Gamble","floor":13},{"not_picked":["Dagger Throw","Flying Knee"],"picked":"Catalyst","floor":14}],"player_experience":102737,"relics_obtained":[{"floor":3,"key":"Bottled Lightning"},{"floor":9,"key":"Mummified Hand"},{"floor":12,"key":"CaptainsWheel"}],"event_choices":[],"is_beta":false,"boss_relics":[],"items_purged_floors":[],"is_endless":false,"potions_floor_spawned":[1,5,11,12],"killed_by":"The Guardian","ascension_level":0}}