{"host":"j8x383u4ey4fpdv7","time":1613588657,"event":{"mods":["Act Like it!","BaseMod","BetterRewards","CapriCore","Colored Map","Colored Powertips","Hubris","Infinite Spire","Minty Spire (QoL Compilation)","Rare Cards Sparkle","Replay The Spire","Spicy Shops","StSLib","The Marked","Yuri Mod"],"gold_per_floor":[116,116,116,116,140,165,178,222,222,222,222],"floor_reached":10,"language":"ENG","playtime":450,"items_purged":[],"score":68,"play_id":"b070c414-1bc0-43e6-8129-e705e0165d41","local_time":"20210217110417","is_ascension_mode":false,"campfire_choices":[],"circlet_count":0,"master_deck":["theMarked:Strike","theMarked:Strike","theMarked:Strike","theMarked:Strike","theMarked:Strike","theMarked:Defend","theMarked:Defend","theMarked:Defend","theMarked:Defend","theMarked:SoldierOfQuellstein","theMarked:SwordAndMagic","theMarked:ComboAttacks","theMarked:ResourceFulStrike","theMarked:Overcharge","theMarked:MagusForm"],"relics":["theMarked:ArtifactOfAir","Golden Idol","Unceasing Top"],"acts_visited":["Exordium"],"potions_floor_usage":[],"damage_taken":[{"damage":1,"enemies":"Jaw Worm","floor":1,"turns":4},{"damage":10,"enemies":"Small Slimes","floor":5,"turns":3},{"damage":6,"enemies":"Cultist","floor":6,"turns":3},{"damage":15,"enemies":"2 Fungi Beasts","floor":7,"turns":4},{"damage":21,"enemies":"Gremlin Nob","floor":8,"turns":4},{"damage":22,"enemies":"Lagavulin","floor":10,"turns":2}],"seed_played":"6880791500925659736","potions_obtained":[{"floor":7,"key":"SmokeBomb"},{"floor":8,"key":"Elixir"}],"is_trial":false,"path_per_floor":["M","?","?","?","M","M","M","E","T","E"],"character_chosen":"THE_DEFAULT","items_purchased":[],"campfire_rested":0,"item_purchase_floors":[],"current_hp_per_floor":[78,73,73,73,63,57,42,21,21,0,0],"gold":222,"neow_bonus":"TEN_PERCENT_HP_BONUS","is_daily":false,"chose_seed":false,"campfire_upgraded":0,"win_rate":0.0,"timestamp":1613588657,"path_taken":["M","?","?","?","M","?","M","E","T","E"],"items_purchased_type":[],"build_version":"2020-12-22","purchased_purges":0,"victory":false,"max_hp_per_floor":[79,73,73,73,73,73,73,73,73,73,73],"card_choices":[{"not_picked":["theMarked:Overthink","theMarked:Memento"],"picked":"theMarked:SwordAndMagic","floor":1},{"not_picked":["theMarked:Parkour","theMarked:TakeCover"],"picked":"theMarked:ComboAttacks","floor":5},{"not_picked":["theMarked:Parkour","theMarked:Frustration"],"picked":"theMarked:ResourceFulStrike","floor":6},{"not_picked":["theMarked:KeepCalmAndFight","theMarked:Opportunist"],"picked":"theMarked:Overcharge","floor":7},{"not_picked":["theMarked:ChainLightning","theMarked:Improvise"],"picked":"theMarked:MagusForm","floor":8}],"player_experience":57150,"relics_obtained":[{"floor":8,"key":"Unceasing Top"}],"event_choices":[{"damage_healed":0,"gold_gain":0,"player_choice":"Lose Max HP","damage_taken":0,"relics_obtained":["Golden Idol"],"max_hp_gain":0,"max_hp_loss":6,"event_name":"Golden Idol","floor":2,"gold_loss":0},{"damage_healed":0,"gold_gain":0,"player_choice":"Leave","damage_taken":0,"max_hp_gain":0,"max_hp_loss":0,"event_name":"The Cleric","floor":3,"gold_loss":0},{"damage_healed":0,"gold_gain":0,"player_choice":"Full Heal","damage_taken":0,"max_hp_gain":0,"max_hp_loss":0,"event_name":"Wheel of Change","floor":4,"gold_loss":0}],"is_beta":false,"boss_relics":[],"items_purged_floors":[],"is_endless":false,"potions_floor_spawned":[7,8],"killed_by":"Lagavulin","ascension_level":0}}