{"host":"phniwng9zo19jwdb","time":1613603584,"event":{"mods":["AchievementEnabler","BaseMod","Colored Powertips","Dark Map","Faster Ascension Climbing","GifTheSpireLib","Minty Spire (QoL Compilation)","Permanent Neow","Rare Cards Sparkle","Relic Filter Mod","StSLib","Weighted Paths"],"gold_per_floor":[117,117,117,26,45,73,73,73,73,93,128,146,178,178,178,178,178],"floor_reached":16,"language":"ENG","playtime":396,"items_purged":[],"score":236,"play_id":"0c89c6a8-dde9-47bc-a84d-6909e67bfeaa","local_time":"20210218001304","is_ascension_mode":true,"campfire_choices":[{"data":"Reflex","floor":7.0,"key":"SMITH"},{"data":"Noxious Fumes","floor":15,"key":"SMITH"}],"circlet_count":0,"master_deck":["AscendersBane","Strike_G","Strike_G","Strike_G","Defend_G+1","Defend_G","Defend_G","Defend_G","Defend_G+1","Survivor","Neutralize+1","Reflex+1","Bandage Up","Deadly Poison","Blade Dance","Backflip","Noxious Fumes+1"],"relics":["SlaversCollar","Dead Branch","Strawberry","Happy Flower","Oddly Smooth Stone"],"acts_visited":["Exordium"],"potions_floor_usage":[],"damage_taken":[{"damage":2.0,"enemies":"Small Slimes","floor":1.0,"turns":4.0},{"damage":2.0,"enemies":"2 Louse","floor":5.0,"turns":3.0},{"damage":16.0,"enemies":"Lagavulin","floor":6.0,"turns":8.0},{"damage":0.0,"enemies":"Jaw Worm","floor":10.0,"turns":3.0},{"damage":10.0,"enemies":"Gremlin Nob","floor":11.0,"turns":3.0},{"damage":0.0,"enemies":"2 Fungi Beasts","floor":12.0,"turns":3.0},{"damage":16,"enemies":"Lagavulin","floor":13,"turns":7},{"damage":28,"enemies":"Slime Boss","floor":16,"turns":6}],"seed_played":"-4787941734980956144","potions_obtained":[{"floor":5.0,"key":"Fire Potion"},{"floor":6.0,"key":"LiquidBronze"},{"floor":12.0,"key":"Weak Potion"}],"is_trial":false,"path_per_floor":["M","?","?","$","M","E","R","?","T","M","E","M","E","?","R","B"],"character_chosen":"THE_SILENT","items_purchased":["Bandage Up"],"campfire_rested":0,"item_purchase_floors":[4],"current_hp_per_floor":[57,50,50,50,52,40,40,20,27,31,25,29,17,17,17,0,0],"gold":178,"neow_bonus":"BOSS_RELIC","is_daily":false,"chose_seed":false,"campfire_upgraded":2,"win_rate":0.0,"timestamp":1613603584,"path_taken":["M","?","?","$","M","E","R","?","T","?","E","M","E","?","R","BOSS"],"items_purchased_type":["Card"],"build_version":"2020-12-22","purchased_purges":0,"victory":false,"max_hp_per_floor":[66,66,66,66,66,66,66,66,73,73,73,73,73,73,73,73,73],"card_choices":[{"not_picked":["Slice","Deflect"],"picked":"Reflex","floor":1.0},{"not_picked":["Dagger Spray","Choke"],"picked":"Deadly Poison","floor":5.0},{"not_picked":["Distraction","Slice","Outmaneuver"],"picked":"SKIP","floor":6.0},{"not_picked":["Finisher","Dagger Throw"],"picked":"Blade Dance","floor":10.0},{"not_picked":["Poisoned Stab","Concentrate","Distraction"],"picked":"SKIP","floor":11.0},{"not_picked":["Concentrate","Poisoned Stab"],"picked":"Backflip","floor":12.0},{"not_picked":["Leg Sweep","Sucker Punch"],"picked":"Noxious Fumes","floor":13}],"player_experience":158220,"relics_obtained":[{"floor":6.0,"key":"Dead Branch"},{"floor":9.0,"key":"Strawberry"},{"floor":11.0,"key":"Happy Flower"},{"floor":13,"key":"Oddly Smooth Stone"}],"event_choices":[{"cards_removed":["Strike_G"],"damage_healed":0.0,"max_hp_gain":0.0,"max_hp_loss":0.0,"gold_gain":0.0,"event_name":"Golden Wing","player_choice":"Card Removal","floor":2.0,"gold_loss":0.0,"damage_taken":7.0},{"damage_healed":0.0,"max_hp_gain":0.0,"max_hp_loss":0.0,"gold_gain":0.0,"event_name":"Living Wall","player_choice":"Grow","floor":3.0,"gold_loss":0.0,"damage_taken":0.0,"cards_upgraded":["Neutralize"]},{"damage_healed":0.0,"max_hp_gain":0.0,"max_hp_loss":0.0,"gold_gain":0.0,"event_name":"Shining Light","player_choice":"Entered Light","floor":8.0,"gold_loss":0.0,"damage_taken":20.0,"cards_upgraded":["Defend_G","Defend_G"]},{"cards_removed":["Strike_G"],"damage_healed":0,"gold_gain":0,"player_choice":"Card Removal","damage_taken":0,"max_hp_gain":0,"max_hp_loss":0,"event_name":"Wheel of Change","floor":14,"gold_loss":0}],"is_beta":false,"boss_relics":[],"items_purged_floors":[],"is_endless":false,"potions_floor_spawned":[5,6,12],"killed_by":"Slime Boss","ascension_level":20}}