{"host":"126yiuos2nq86se7","time":1613537981,"event":{"mods":["2.2 Compatiblity","AchievementEnabler","Act Like it!","BaseMod","Colored Map","Colored Powertips","Friendly Minions","Hermit","Highlight Path","KomeijiMod","Minty Spire (QoL Compilation)","StSLib","SuperFastMode","The Bug Knight"],"gold_per_floor":[117,117,117,117,117,117,141,165,190,231,231,252,102,116,116,244,244,264,40,40,55,55,55,55,74,74,88,108,23,38,62,62,181,181,199,219,552,113,163,163,13,13,13,13,24,24,24,24,24,24],"floor_reached":51,"language":"ENG","playtime":3524,"items_purged":["Dualcast","Zap","Strike_B+1","Strike_B+1"],"score":707,"play_id":"cfbf6653-cfef-4c23-8710-da4f5878dd27","local_time":"20210217155941","is_ascension_mode":true,"campfire_choices":[{"floor":6,"key":"REST"},{"floor":11,"key":"REST"},{"data":"Mayhem","floor":15,"key":"SMITH"},{"data":"Loop","floor":23,"key":"SMITH"},{"floor":32,"key":"REST"},{"floor":40,"key":"REST"},{"data":"Defragment","floor":42,"key":"SMITH"},{"data":"Undo","floor":44,"key":"SMITH"},{"floor":46,"key":"REST"},{"data":"Gash","floor":49,"key":"SMITH"}],"circlet_count":0,"master_deck":["Strike_B+1","Strike_B+1","Defend_B+1","Defend_B+1","Defend_B+1","Defend_B+1","Mayhem+1","Undo+1","Gash+1","Gash","Loop+1","Rebound","Compile Driver","Leap","Conserve Battery","Machine Learning","Glacier+1","Gash","Defragment+1","Coolheaded","Rebound","Defragment+1","Rebound+1","Coolheaded","All For One","Force Field+1","Machine Learning"],"relics":["Cracked Core","ThirstyCross","Orichalcum","Strawberry","Question Card","Sozu","MutagenicStrength","Gremlin Horn","WingedGreaves","Cursed Key","Dead Branch","Incense Burner"],"acts_visited":["Exordium","TheCity","TheBeyond"],"potions_floor_usage":[10,10,33],"damage_taken":[{"damage":9,"enemies":"Jaw Worm","floor":1,"turns":4},{"damage":3,"enemies":"2 Louse","floor":7,"turns":3},{"damage":0,"enemies":"Small Slimes","floor":8,"turns":2},{"damage":0,"enemies":"HollowMod:MossKnight","floor":10,"turns":6},{"damage":3,"enemies":"2 Fungi Beasts","floor":12,"turns":3},{"damage":4,"enemies":"Large Slime","floor":14,"turns":4},{"damage":8,"enemies":"The Guardian","floor":16,"turns":9},{"damage":10,"enemies":"Shell Parasite","floor":18,"turns":5},{"damage":9,"enemies":"3 Byrds","floor":21,"turns":4},{"damage":7,"enemies":"Sentry and Sphere","floor":25,"turns":5},{"damage":1,"enemies":"Shelled Parasite and Fungi","floor":27,"turns":6},{"damage":3,"enemies":"Centurion and Healer","floor":28,"turns":5},{"damage":4,"enemies":"Snake Plant","floor":30,"turns":5},{"damage":0,"enemies":"Cultist and Chosen","floor":31,"turns":5},{"damage":30,"enemies":"Collector","floor":33,"turns":7},{"damage":30,"enemies":"3 Darklings","floor":35,"turns":5},{"damage":5,"enemies":"3 Shapes","floor":36,"turns":4},{"damage":3,"enemies":"Mind Bloom Boss Battle","floor":39,"turns":7},{"damage":10,"enemies":"Spire Growth","floor":45,"turns":6},{"damage":48,"enemies":"Awakened One","floor":50,"turns":18}],"seed_played":"5734969978912775248","potions_obtained":[{"floor":1,"key":"BlessingOfTheForge"},{"floor":7,"key":"DuplicationPotion"},{"floor":16,"key":"AttackPotion"}],"is_trial":false,"path_per_floor":["M","?","?","?","?","R","M","M","T","E","R","M","$","M","R","B",null,"M","$","?","M","?","R","?","M","T","M","M","?","M","M","R","B",null,"M","M","?","$","?","R","$","R","T","R","M","R","?","?","R","B",null],"character_chosen":"DEFECT","items_purchased":["Compile Driver","Leap","Gash","Defragment","Dead Branch"],"campfire_rested":5,"item_purchase_floors":[13,13,19,19,38],"current_hp_per_floor":[59,59,42,39,25,45,42,42,49,49,71,68,68,64,64,56,75,65,65,65,56,56,56,56,49,49,48,45,45,41,41,63,33,75,45,40,40,40,37,59,59,59,59,59,49,71,71,71,71,23],"gold":24,"neow_bonus":"RANDOM_COLORLESS_2","is_daily":false,"chose_seed":false,"campfire_upgraded":5,"win_rate":0.0,"timestamp":1613537981,"path_taken":["M","?","?","?","?","R","M","M","T","E","R","M","$","M","R","BOSS","M","$","?","M","?","R","?","M","T","M","M","?","M","M","R","BOSS","M","M","?","$","?","R","?","R","T","R","M","R","?","?","R","BOSS"],"items_purchased_type":["Card","Card","Card","Card","Relic"],"build_version":"2020-12-22","purchased_purges":4,"victory":true,"max_hp_per_floor":[68,68,68,68,68,68,68,68,75,75,75,75,75,75,75,75,75,75,75,75,75,75,75,75,75,75,75,75,75,75,75,75,75,75,75,75,75,75,75,75,75,75,75,75,75,75,75,75,75,75],"card_choices":[{"not_picked":["Panache","Secret Weapon"],"picked":"Mayhem","floor":0},{"not_picked":["Recycle","Beam Cell"],"picked":"Undo","floor":1},{"not_picked":["Leap","Ball Lightning"],"picked":"Gash","floor":7},{"not_picked":["Glacier","Cold Snap"],"picked":"Gash","floor":8},{"not_picked":["Fission","Heatsinks"],"picked":"Loop","floor":10},{"not_picked":["Barrage","Steam","Stack"],"picked":"Rebound","floor":12},{"not_picked":["Hologram","Chaos","Barrage"],"picked":"Conserve Battery","floor":14},{"not_picked":["Electrodynamics","Meteor Strike","Reboot"],"picked":"Machine Learning","floor":16},{"not_picked":["Turbo","Coolheaded","Leap+1"],"picked":"Glacier+1","floor":18},{"not_picked":["Storm","Go for the Eyes","Leap"],"picked":"Coolheaded","floor":21},{"not_picked":["Tempest+1","Steam Power","Chaos"],"picked":"Rebound","floor":25},{"not_picked":["Heatsinks","Loop","White Noise"],"picked":"Defragment+1","floor":27},{"not_picked":["Glacier","Conserve Battery","Beam Cell"],"picked":"Rebound+1","floor":28},{"not_picked":["Go for the Eyes+1","Creative AI","Hologram","Steam+1"],"picked":"SKIP","floor":30},{"not_picked":["Hologram","Cold Snap+1","Streamline+1"],"picked":"Coolheaded","floor":31},{"not_picked":["Biased Cognition","Creative AI","Seek"],"picked":"All For One","floor":33},{"not_picked":["Turbo","Recycle+1","Barrage"],"picked":"Force Field+1","floor":35},{"not_picked":["Stack","Leap+1","Force Field","Hologram"],"picked":"SKIP","floor":36},{"not_picked":["Chill","Melter+1","Aggregate"],"picked":"Machine Learning","floor":45}],"player_experience":1540334,"relics_obtained":[{"floor":9,"key":"Strawberry"},{"floor":10,"key":"Question Card"},{"floor":26,"key":"Gremlin Horn"},{"floor":39,"key":"Incense Burner"}],"event_choices":[{"damage_healed":0,"gold_gain":0,"player_choice":"Take Damage","damage_taken":17,"relics_obtained":["Golden Idol"],"max_hp_gain":0,"max_hp_loss":0,"event_name":"Golden Idol","floor":3,"gold_loss":0},{"damage_healed":0,"gold_gain":0,"player_choice":"Success","damage_taken":3,"relics_obtained":["Orichalcum"],"max_hp_gain":0,"max_hp_loss":0,"event_name":"Scrap Ooze","floor":4,"gold_loss":0},{"damage_healed":0,"gold_gain":0,"player_choice":"Entered Light","damage_taken":14,"max_hp_gain":0,"max_hp_loss":0,"event_name":"Shining Light","floor":5,"gold_loss":0,"cards_upgraded":["Defend_B","Strike_B"]},{"damage_healed":0,"gold_gain":0,"player_choice":"Ignored","damage_taken":0,"max_hp_gain":0,"max_hp_loss":0,"event_name":"The Mausoleum","floor":20,"gold_loss":0},{"damage_healed":0,"gold_gain":0,"player_choice":"Simplicity","damage_taken":0,"max_hp_gain":0,"max_hp_loss":0,"event_name":"Back to Basics","floor":22,"gold_loss":0,"cards_upgraded":["Strike_B","Strike_B","Strike_B","Defend_B","Defend_B","Defend_B"]},{"damage_healed":0,"gold_gain":0,"player_choice":"Inject Mutagens","damage_taken":0,"relics_obtained":["MutagenicStrength"],"max_hp_gain":0,"max_hp_loss":0,"event_name":"Drug Dealer","floor":24,"gold_loss":0},{"damage_healed":0,"gold_gain":0,"player_choice":"Obtained Relic","damage_taken":0,"relics_obtained":["WingedGreaves"],"max_hp_gain":0,"max_hp_loss":0,"event_name":"Addict","floor":29,"gold_loss":85},{"damage_healed":0,"gold_gain":333,"player_choice":"Gave Idol","damage_taken":0,"max_hp_gain":0,"max_hp_loss":0,"event_name":"The Moai Head","floor":37,"relics_lost":["Golden Idol"],"gold_loss":0},{"damage_healed":0,"gold_gain":0,"player_choice":"Fight","damage_taken":0,"max_hp_gain":0,"max_hp_loss":0,"event_name":"MindBloom","floor":39,"gold_loss":0},{"damage_healed":0,"gold_gain":0,"player_choice":"Ignored","damage_taken":0,"max_hp_gain":0,"max_hp_loss":0,"event_name":"Mysterious Sphere","floor":47,"gold_loss":0},{"damage_healed":0,"gold_gain":0,"player_choice":"0 cards matched","damage_taken":0,"max_hp_gain":0,"max_hp_loss":0,"event_name":"Match and Keep!","floor":48,"gold_loss":0,"cards_obtained":[]}],"is_beta":false,"boss_relics":[{"not_picked":["Black Star","Coffee Dripper"],"picked":"Sozu"},{"not_picked":["Nuclear Battery","Snecko Eye"],"picked":"Cursed Key"}],"items_purged_floors":[13,19,38,41],"is_endless":false,"potions_floor_spawned":[1,7,16,18,28,30,31,39],"ascension_level":2}}