{"host":"b5jaqh8y266k2cz4","time":1613520163,"event":{"mods":["AchievementEnabler","Aspiration","BaseMod","Colored Powertips","Conspire","Dio Mod","Downfall","Googly Eyes","Hermit","Highlight Path","Hubris","Infinite Spire","MarisaÅiñ∂âJÅ@ñÇóùçπÅj","Mimic Mod","Minty Spire (QoL Compilation)","Quick Restart","Replay The Spire","Spikes Relics","StSLib","Synergy Search","Td1madao Mod","The Animator","The Cursed","The Jungle","The Necromancer","The Servant 0.9.4","The Wild Card","slay the spire mod where everything is the same but ironclad has a cowboy hat"],"gold_per_floor":[118,118,132,132,6,40,40,52,82,82,104,104,104,126,126,142,142],"floor_reached":16,"language":"ENG","playtime":569,"items_purged":["Defend_C"],"score":131,"play_id":"af056473-e11c-4319-a0d8-85ce0c51daf1","local_time":"20210216190243","is_ascension_mode":true,"campfire_choices":[{"data":"Provocative","floor":10,"key":"SMITH"},{"data":"Chip","floor":15,"key":"SMITH"}],"circlet_count":0,"master_deck":["Strike_C","Strike_C","Strike_C","Defend_C","Defend_C","Defend_C","Knight Kick","Chip+1","Provocative+1","Lunge"],"relics":["Apod","NeowsBlessing","BrokenLever","Replay:Bandana","hubris:Towel","Bottled Lightning"],"acts_visited":["Exordium"],"potions_floor_usage":[9,16],"damage_taken":[{"damage":0,"enemies":"Jaw Worm","floor":1,"turns":1},{"damage":0,"enemies":"2 Louse","floor":3,"turns":1},{"damage":0,"enemies":"3 Sentries","floor":6,"turns":2},{"damage":0,"enemies":"Cultist","floor":8,"turns":2},{"damage":8,"enemies":"Blue Slaver","floor":9,"turns":14},{"damage":5,"enemies":"Blue Slaver","floor":11,"turns":3},{"damage":0,"enemies":"2 Fungi Beasts","floor":14,"turns":2},{"damage":68,"enemies":"Fading Forest","floor":16,"turns":11}],"seed_played":"-4348867761737277698","potions_obtained":[{"floor":3,"key":"Weak Potion"},{"floor":6,"key":"Toxic Potion"},{"floor":14,"key":"hexamod:SoulburnPotion"}],"is_trial":false,"path_per_floor":["M","?","M","?","$","E","?","M","MIM","R","M","?","T","M","R","B"],"character_chosen":"TD1MADAO_CLASS","items_purchased":["Provocative"],"campfire_rested":0,"item_purchase_floors":[5],"current_hp_per_floor":[70,70,70,63,63,63,70,70,62,62,57,57,57,57,57,0,0],"gold":142,"neow_bonus":"THREE_ENEMY_KILL","is_daily":false,"chose_seed":false,"campfire_upgraded":2,"win_rate":0.0,"timestamp":1613520163,"path_taken":["M","?","M","?","$","E","?","?","MIM","R","M","?","?","M","R","BOSS"],"items_purchased_type":["Card"],"build_version":"2020-12-22","purchased_purges":1,"victory":false,"max_hp_per_floor":[70,70,70,70,70,70,70,70,70,70,70,70,70,70,70,70,70],"card_choices":[{"not_picked":["Paralysis","Preparedness","Black Shadow"],"picked":"SKIP","floor":1},{"not_picked":["Rupture","Awareness","Black Execution"],"picked":"SKIP","floor":3},{"not_picked":["Furious","Perfect Defend"],"picked":"Lunge","floor":6},{"not_picked":["Resistance","Oblique Hack","Preloading"],"picked":"SKIP","floor":8},{"not_picked":["Resistance","Oblique Hack","Preloading"],"picked":"SKIP","floor":8},{"not_picked":["Black Execution","Ruin Defend","Recovery Mechanism"],"picked":"SKIP","floor":11},{"not_picked":["Sudden Beat","White Contract","Perfect Defend"],"picked":"SKIP","floor":14}],"player_experience":393904,"relics_obtained":[{"floor":6,"key":"BrokenLever"},{"floor":9,"key":"Replay:Bandana"},{"floor":13,"key":"Bottled Lightning"}],"event_choices":[{"cards_removed":["Strike_C"],"damage_healed":0,"gold_gain":0,"player_choice":"Card Removal","damage_taken":7,"max_hp_gain":0,"max_hp_loss":0,"event_name":"Golden Wing","floor":4,"gold_loss":0}],"is_beta":false,"boss_relics":[],"items_purged_floors":[5],"is_endless":false,"potions_floor_spawned":[3,6,14],"killed_by":"Fading Forest","ascension_level":1}}