{"host":"xumidyqji6pg2yy3","time":1613580582,"event":{"mods":["ATMod(阿瑾Mod)","BaseMod","Colored Map","Minty Spire (QoL Compilation)","MostiFishMod","Quick Restart","StSLib","[功能]功能增强和修复MOD"],"gold_per_floor":[109,109,109,48,67,111,126,126,126,126,126],"floor_reached":10,"language":"ZHS","playtime":453,"items_purged":["Strike_B","Strike_B","Strike_B","Defend_B","Defend_B"],"score":69,"play_id":"bacc47c9-6768-4870-954f-97f331c3196a","local_time":"20210218004942","is_ascension_mode":true,"campfire_choices":[{"data":"AT_ThistleTea","floor":8,"key":"SMITH"}],"circlet_count":0,"master_deck":["Defend_B","Defend_B","Zap","Dualcast","AT_ThistleTea+1","Chill","AT_ThunderBolt","MostiFishMod:Impulse"],"relics":["AT_ATBox","DaveBox","ImprovedEquipment","Busted Crown","SynthV:TestCard","Golden Idol","Ornamental Fan","Pantograph"],"acts_visited":["Exordium"],"potions_floor_usage":[],"damage_taken":[{"damage":4,"enemies":"Jaw Worm","floor":1,"turns":3},{"damage":0,"enemies":"Small Slimes","floor":5,"turns":4},{"damage":48,"enemies":"Gremlin Nob","floor":6,"turns":5},{"damage":0,"enemies":"Cultist","floor":7,"turns":4},{"damage":9,"enemies":"3 Sentries","floor":10,"turns":1}],"seed_played":"-1116172300010455","potions_obtained":[{"floor":1,"key":"SkillPotion"},{"floor":5,"key":"FearPotion"}],"is_trial":false,"path_per_floor":["M","?","?","$","M","E","M","R","T","E"],"character_chosen":"DEFECT","items_purchased":["AT_ThunderBolt"],"campfire_rested":0,"item_purchase_floors":[4],"current_hp_per_floor":[71,53,53,53,53,5,5,5,5,0,0],"gold":126,"neow_bonus":"BOSS_RELIC","is_daily":false,"chose_seed":false,"campfire_upgraded":1,"win_rate":0.0,"timestamp":1613580582,"path_taken":["M","?","?","$","M","E","M","R","T","E"],"items_purchased_type":["Card"],"build_version":"2020-12-22","purchased_purges":5,"victory":false,"max_hp_per_floor":[75,75,75,75,75,75,75,75,75,75,75],"card_choices":[{"not_picked":["Compile Driver"],"picked":"SKIP","floor":1},{"not_picked":["Chaos","Turbo"],"picked":"MostiFishMod:Impulse","floor":5},{"not_picked":["AT_RobotInSpace","Stack","Reinforced Body"],"picked":"SKIP","floor":6},{"not_picked":["AT_RobotInSpace","Stack","Reinforced Body"],"picked":"SKIP","floor":6},{"not_picked":["Gash","Go for the Eyes","Conserve Battery"],"picked":"SKIP","floor":7}],"player_experience":61487,"relics_obtained":[{"floor":1,"key":"SynthV:TestCard"},{"floor":6,"key":"Ornamental Fan"},{"floor":9,"key":"Pantograph"}],"event_choices":[{"damage_healed":0,"gold_gain":0,"player_choice":"Take Damage","damage_taken":18,"relics_obtained":["Golden Idol"],"max_hp_gain":0,"max_hp_loss":0,"event_name":"Golden Idol","floor":2,"gold_loss":0},{"damage_healed":0,"gold_gain":0,"cards_transformed":["Strike_B"],"player_choice":"Change","damage_taken":0,"max_hp_gain":0,"max_hp_loss":0,"event_name":"Living Wall","floor":3,"gold_loss":0,"cards_obtained":["Chill"]}],"is_beta":false,"boss_relics":[],"items_purged_floors":[4,4,4,4,4],"is_endless":false,"potions_floor_spawned":[1,5],"killed_by":"3 Sentries","ascension_level":1}}