{"host":"rscpjn8a96s7s6w9","time":1613531440,"event":{"mods":["AchievementEnabler","BaseMod","Colored Map","Hermit","Minty Spire (QoL Compilation)","StSLib","The Bug Knight"],"gold_per_floor":[116,126,126,126,141,174,185,204,281,291,32,32,45,45,45,142,142,82,82],"floor_reached":18,"language":"KOR","playtime":1337,"items_purged":["HollowMod:WraithStrike"],"score":164,"play_id":"9eed8d51-4969-4c04-8ab0-0c74cb1cd1f2","local_time":"20210217121040","is_ascension_mode":false,"campfire_choices":[{"data":"HollowMod:theNailsmith","floor":12,"key":"SMITH"},{"data":"HollowMod:NewGlowingWomb","floor":15,"key":"SMITH"}],"circlet_count":0,"master_deck":["HollowMod:NailStrikeStart","HollowMod:NailStrikeStart","HollowMod:NailStrikeStart","HollowMod:NailStrikeStart","HollowMod:QuickDashStart","HollowMod:QuickDashStart+1","HollowMod:QuickDashStart","HollowMod:QuickDashStart","HollowMod:FocusHealStart+1","HollowMod:PogoStrike","HollowMod:CycloneSlash","HollowMod:SoulStrike","HollowMod:theNailsmith+1","HollowMod:CrystalDash","HollowMod:NewGlowingWomb+1","HollowMod:SoulShaman+1","HollowMod:MothsMistake","HollowMod:InfectionAssault","HollowMod:ShapeofUnn","HollowMod:AwokenDreamNail"],"relics":["HollowMod:VesselMask","NeowsBlessing","War Paint","Meat on the Bone","Membership Card","Black Star"],"acts_visited":["TheCity"],"potions_floor_usage":[8,16,18,18],"damage_taken":[{"damage":0.0,"enemies":"Jaw Worm","floor":1.0,"turns":2.0},{"damage":0.0,"enemies":"2 Louse","floor":2.0,"turns":1.0},{"damage":0.0,"enemies":"Small Slimes","floor":5.0,"turns":1.0},{"damage":27.0,"enemies":"Gremlin Nob","floor":6.0,"turns":4.0},{"damage":7.0,"enemies":"HollowMod:HuskWarrior","floor":7.0,"turns":7.0},{"damage":5,"enemies":"Gremlin Gang","floor":8,"turns":2},{"damage":1,"enemies":"Lots of Slimes","floor":10,"turns":3},{"damage":3,"enemies":"Large Slime","floor":13,"turns":6},{"damage":56,"enemies":"Hexaghost","floor":16,"turns":11},{"damage":56,"enemies":"2 Thieves","floor":18,"turns":5}],"seed_played":"9196463947425939013","potions_obtained":[{"floor":1.0,"key":"Fire Potion"},{"floor":7.0,"key":"BlessingOfTheForge"},{"floor":8,"key":"AttackPotion"},{"floor":10,"key":"Regen Potion"},{"floor":13,"key":"DuplicationPotion"},{"floor":16,"key":"SkillPotion"}],"is_trial":false,"path_per_floor":["M","M","?","?","M","E","M","M","T","M","$","R","M","?","R","B",null,"M"],"character_chosen":"THE_BUGKNIGHT","items_purchased":["Membership Card","HollowMod:MothsMistake","HollowMod:InfectionAssault"],"campfire_rested":0,"item_purchase_floors":[11,11,11],"current_hp_per_floor":[75,75,75,75,75,48,53,54,54,59,59,59,66,66,66,32,75,63,63],"gold":82,"neow_bonus":"THREE_ENEMY_KILL","is_daily":false,"chose_seed":false,"campfire_upgraded":2,"win_rate":0.0,"timestamp":1613531440,"path_taken":["M","M","?","?","M","E","M","M","T","?","$","R","M","?","R","BOSS","M"],"items_purchased_type":["Relic","Card","Card"],"build_version":"2020-12-22","purchased_purges":1,"victory":false,"max_hp_per_floor":[75,75,75,75,75,75,75,75,75,75,75,75,75,75,75,75,75,75,75],"card_choices":[{"not_picked":["HollowMod:QuirrelsAssistance","HollowMod:ChannelNail"],"picked":"HollowMod:WraithStrike","floor":1.0},{"not_picked":["HollowMod:SharpenedShadows","HollowMod:TaintedHusks"],"picked":"HollowMod:CycloneSlash","floor":2.0},{"not_picked":["HollowMod:VengefulVoid","HollowMod:NewLittleFool"],"picked":"HollowMod:SoulStrike","floor":5.0},{"not_picked":["HollowMod:SiblingsSouls","HollowMod:InfectedCysts"],"picked":"HollowMod:theNailsmith","floor":6.0},{"not_picked":["HollowMod:MothsMistake","HollowMod:SharpenedNail"],"picked":"HollowMod:CrystalDash","floor":7.0},{"not_picked":["HollowMod:MothsMistake","HollowMod:SiblingsSouls"],"picked":"HollowMod:NewGlowingWomb","floor":8},{"not_picked":["HollowMod:InfectedCysts","HollowMod:MonarchWings"],"picked":"HollowMod:SoulShaman","floor":10},{"not_picked":["HollowMod:HeavyBlow","HollowMod:HowlingWraiths"],"picked":"HollowMod:ShapeofUnn","floor":13},{"not_picked":["HollowMod:Hiveblood","HollowMod:SoulMaster"],"picked":"HollowMod:AwokenDreamNail","floor":16}],"player_experience":589010,"relics_obtained":[{"floor":6.0,"key":"War Paint"},{"floor":9,"key":"Meat on the Bone"}],"event_choices":[{"damage_healed":0.0,"max_hp_gain":0.0,"max_hp_loss":0.0,"gold_gain":0.0,"event_name":"Liars Game","player_choice":"Ignored","floor":3.0,"gold_loss":0.0,"damage_taken":0.0},{"damage_healed":0,"gold_gain":0,"player_choice":"Upgraded","damage_taken":0,"max_hp_gain":0,"max_hp_loss":0,"event_name":"Upgrade Shrine","floor":14,"gold_loss":0,"cards_upgraded":["HollowMod:SoulShaman"]}],"is_beta":false,"boss_relics":[{"not_picked":["Calling Bell","Sozu"],"picked":"Black Star"}],"items_purged_floors":[11],"is_endless":false,"potions_floor_spawned":[1,7,8,10,13,16],"killed_by":"2 Thieves","ascension_level":0}}