{"host":"7fyy23rucerupe6i","time":1613536130,"event":{"mods":["AchievementEnabler","Act Like it!","Aspiration","BaseMod","Better Note","BetterRewards","Colored Map","Colored Powertips","Conspire","Curses Come First","Custom Start","Downfall","Googly Eyes","Hallownest","Marisa£®ÏF”Í°°ƒß¿Ì…≥£©","Minty Spire (QoL Compilation)","Quick Restart","Relic Stats","Remilia£®¿Ÿ√◊¿Ú—«£©","Shop Mod","ShortenTheSpire","Spicy Shops","StSLib","SuperFastMode","The Blackbeard","The Bug Knight","The Construct","The Cursed","The Senshi","The Servant 0.9.4"],"gold_per_floor":[119,139,159,190,210,210,230,259,259,271,302,334,346,393,405,521,533,557,569,598,610,622,667,689,727,739,751,793,823,867,905,917,1029,1041,1072,578,278,298,298,329,329,361,361,373,400,412,412,428,428,428],"floor_reached":51,"language":"ZHS","playtime":2260,"items_purged":["HollowMod:NailStrikeStart","HollowMod:QuickDashStart","Expertise"],"score":1044,"play_id":"ecdc73c1-c490-41b6-9352-d428b227bb04","local_time":"20210217122850","is_ascension_mode":true,"campfire_choices":[{"floor":6,"key":"DIG"},{"floor":10,"key":"DIG"},{"floor":13,"key":"DIG"},{"floor":15,"key":"DIG"},{"floor":27,"key":"DIG"},{"floor":32,"key":"DIG"},{"floor":41,"key":"DIG"},{"floor":49,"key":"DIG"}],"circlet_count":0,"master_deck":["HollowMod:NailStrikeStart","HollowMod:NailStrikeStart","HollowMod:NailStrikeStart","HollowMod:FocusHealStart","HollowMod:PogoStrike","HollowMod:HornetsHelp+1","HollowMod:DesolateDive+1","HollowMod:CycloneSlash","HollowMod:DashSlash","HollowMod:MantisMark","HollowMod:DashSlash","HollowMod:CloakDash","HollowMod:Weaversong","Doppelganger","conspire:DoublingDagger","HollowMod:PureVessel+1","HollowMod:MantisMark+1","Mayhem+1","HollowMod:NewLastStag"],"relics":["HollowMod:VesselMask","Membership Card","Shovel","Singing Bowl","Sundial","aspiration:HummingbirdHeart","Vajra","Pear","MawBank","Ice Cream","Torii","aspiration:FetidBarrel","Bottled Lightning","Fusion Hammer","Frozen Egg 2","Centennial Puzzle","bronze:BronzeIdol","conspire:GiftBox","Blue Candle","aspiration:AnachronicSnailShell","Happy Flower","HollowMod:PaleOreRelic","Whetstone","Coffee Dripper","Matryoshka","HollowMod:MillibellesNoteRelic","HornCleat","MerchantsRug","PreservedInsect","MealTicket","aspiration:ChemicalBlood","Lantern","conspire:DecoderRing","conspire:Flyswatter","Calipers"],"acts_visited":["Hallownest:Greenpath","Hallownest:CityofTears","Hallownest:KingdomsEdge"],"potions_floor_usage":[8,16],"damage_taken":[{"damage":0,"enemies":"Hallownest:2_Baldur","floor":1,"turns":5},{"damage":10,"enemies":"2_ Uuma","floor":2,"turns":3},{"damage":4,"enemies":"Hallownest:monsterHuskWarrior","floor":3,"turns":3},{"damage":5,"enemies":"Hallownest:eliteVengeflyKing","floor":4,"turns":5},{"damage":5,"enemies":"Hallownest:2_Tiktiks_1_Baldur_1_Crawlid","floor":5,"turns":2},{"damage":0,"enemies":"Hallownest:monsterAspidMother","floor":7,"turns":4},{"damage":17,"enemies":"Hallownest:eliteCrystalGuardian","floor":8,"turns":4},{"damage":2,"enemies":"Hallownest:monsterFoolEater","floor":11,"turns":3},{"damage":3,"enemies":"Hallownest:1_Baldur_1_Crawlid_1_Warrior","floor":12,"turns":3},{"damage":0,"enemies":"Hallownest:eliteMossKnight","floor":14,"turns":3},{"damage":23,"enemies":"Hallownest:BossFalseKnight","floor":16,"turns":8},{"damage":0,"enemies":"Hallownest:Guard_and_Sentry","floor":18,"turns":3},{"damage":0,"enemies":"Hallownest:3_Youths","floor":20,"turns":5},{"damage":1,"enemies":"Hallownest:eliteWatcherKnight","floor":23,"turns":8},{"damage":1,"enemies":"Hallownest:2_Husk_Sentries","floor":24,"turns":3},{"damage":0,"enemies":"Hallownest:Nosk","floor":25,"turns":5},{"damage":8,"enemies":"Hallownest:eliteSoulWarrior","floor":28,"turns":5},{"damage":0,"enemies":"Hallownest:Warrior_and_Youth","floor":29,"turns":3},{"damage":1,"enemies":"Hallownest:Nosk","floor":30,"turns":5},{"damage":23,"enemies":"Hallownest:BossMantisLord","floor":33,"turns":5},{"damage":1,"enemies":"Hallownest:Shield_Heavy","floor":35,"turns":3},{"damage":8,"enemies":"Hallownest:3_Siblings","floor":38,"turns":4},{"damage":6,"enemies":"Hallownest:eliteCollector","floor":40,"turns":4},{"damage":10,"enemies":"Hallownest:eliteHiveKnight","floor":42,"turns":4},{"damage":3,"enemies":"Hallownest:2_Soldiers_and_1_Guardian","floor":44,"turns":3},{"damage":16,"enemies":"Hallownest:StalkingDevout","floor":45,"turns":5},{"damage":6,"enemies":"Hallownest:2_Wing_and_1_Kings","floor":46,"turns":3},{"damage":5,"enemies":"Hallownest:Shield_Sturdy","floor":48,"turns":4},{"damage":12,"enemies":"Hallownest:BossGreyPrinceZote","floor":50,"turns":5}],"seed_played":"-8586733893549948611","potions_obtained":[{"floor":1,"key":"bronze:BurnAndBuffPotion"},{"floor":4,"key":"Fire Potion"},{"floor":7,"key":"LiquidMemories"},{"floor":12,"key":"Weak Potion"},{"floor":18,"key":"AttackPotion"},{"floor":20,"key":"Fire Potion"},{"floor":44,"key":"Fire Potion"},{"floor":45,"key":"Weak Potion"}],"is_trial":false,"path_per_floor":["M","M","M","?","M","R","M","E","T","R","M","M","R","E","R","B",null,"M","?","M","?","?","E","M","E","T","R","E","M","E","T","R","B",null,"M","$","?","M","?","E","R","E","T","M","E","M","?","M","R","B",null],"character_chosen":"THE_BUGKNIGHT","items_purchased":["Membership Card","HollowMod:HornetsHelp","Shovel","Singing Bowl","HollowMod:DesolateDive","Sundial","HollowMod:RecoilStrike","Matryoshka","HollowMod:MillibellesNoteRelic","HornCleat","MerchantsRug","Mayhem+1"],"campfire_rested":0,"item_purchase_floors":[0,0,0,0,0,0,0,36,36,36,36,36],"current_hp_per_floor":[46,42,46,53,48,48,48,43,43,43,41,46,46,48,48,31,95,97,97,99,99,99,101,102,103,105,105,105,107,106,106,106,91,111,112,112,112,106,106,108,108,106,106,111,103,105,118,121,121,119],"gold":428,"neow_bonus":"","is_daily":false,"chose_seed":false,"campfire_upgraded":0,"win_rate":0.0,"timestamp":1613536130,"path_taken":["M","M","M","?","M","R","M","E","T","R","M","M","R","E","R","BOSS","M","?","M","?","?","E","M","E","T","R","E","?","E","?","R","BOSS","M","$","?","M","?","E","R","E","T","?","E","?","?","M","R","BOSS"],"items_purchased_type":["Relic","Card","Relic","Relic","Card","Relic","Card","Relic","Relic","Relic","Relic","Card"],"build_version":"2020-12-22","purchased_purges":3,"victory":true,"max_hp_per_floor":[75,75,77,79,79,79,79,91,91,91,91,93,93,95,95,95,95,97,97,99,99,99,101,103,103,105,105,107,109,109,109,109,111,111,113,113,113,115,115,117,117,119,119,121,123,125,125,127,127,127],"relic_stats":{"Singing Bowl":42,"Torii":32,"Happy Flower":[13],"counters":[35,147],"Blue Candle":[0],"PreservedInsect":128,"Whetstone":["HollowMod:HornetsHelp","HollowMod:DesolateDive"],"MawBank":324,"Centennial Puzzle":[36],"Shovel":8,"Sundial":[40],"MealTicket":0,"obtain_stats":[{"Ice Cream":10,"Lantern":43,"Calipers":49,"Singing Bowl":0,"Torii":13,"Vajra":6,"HollowMod:VesselMask":0,"Juzu Bracelet":0,"Whetstone":32,"Sling":11,"HollowMod:MillibellesNoteRelic":36,"Old Coin":9,"ClockworkSouvenir":11,"Blood Vial":0,"Centennial Puzzle":23,"Shovel":0,"Matryoshka":36,"HornCleat":36,"Slimebound:StickyStick":8,"Sundial":0,"Strawberry":10,"aspiration:AnachronicSnailShell":28,"conspire:DecoderRing":43,"MealTicket":41,"Fusion Hammer":17,"HollowMod:PaleOreRelic":31,"Hallownest:TeacherSealRelic":7,"aspiration:ChemicalBlood":42,"MerchantsRug":36,"HollowMod:LifeEnderRelic":0,"Pear":8,"Happy Flower":12,"aspiration:FetidBarrel":14,"Blue Candle":27,"PreservedInsect":40,"aspiration:HummingbirdHeart":4,"Frozen Egg 2":19,"MawBank":9,"bronze:BronzeIdol":25,"conspire:GiftBox":26,"Hallownest:BankAccountRelic":2,"Coffee Dripper":34,"Membership Card":0,"Bottled Lightning":15,"aspiration:HatOfInfinitePower":0,"conspire:Flyswatter":45},{"Ice Cream":13,"Lantern":30,"Calipers":34,"Singing Bowl":6,"Torii":15,"Vajra":11,"HollowMod:VesselMask":0,"Juzu Bracelet":0,"Whetstone":25,"Sling":4,"HollowMod:MillibellesNoteRelic":27,"Old Coin":3,"ClockworkSouvenir":4,"Blood Vial":0,"Centennial Puzzle":20,"Shovel":6,"Matryoshka":27,"HornCleat":27,"Slimebound:StickyStick":3,"Sundial":6,"Strawberry":4,"aspiration:AnachronicSnailShell":23,"conspire:DecoderRing":30,"MealTicket":29,"Fusion Hammer":17,"HollowMod:PaleOreRelic":25,"Hallownest:TeacherSealRelic":2,"aspiration:ChemicalBlood":30,"MerchantsRug":27,"HollowMod:LifeEnderRelic":0,"Pear":13,"Happy Flower":4,"aspiration:FetidBarrel":16,"Blue Candle":22,"PreservedInsect":29,"aspiration:HummingbirdHeart":10,"Frozen Egg 2":18,"MawBank":13,"bronze:BronzeIdol":22,"conspire:GiftBox":22,"Hallownest:BankAccountRelic":1,"Coffee Dripper":26,"Membership Card":6,"Bottled Lightning":16,"aspiration:HatOfInfinitePower":0,"conspire:Flyswatter":32},{"Ice Cream":53,"Lantern":127,"Calipers":142,"Singing Bowl":27,"Torii":59,"Vajra":45,"HollowMod:VesselMask":0,"Juzu Bracelet":0,"Whetstone":107,"Sling":19,"HollowMod:MillibellesNoteRelic":115,"Old Coin":12,"ClockworkSouvenir":19,"Blood Vial":0,"Centennial Puzzle":86,"Shovel":27,"Matryoshka":115,"HornCleat":115,"Slimebound:StickyStick":12,"Sundial":27,"Strawberry":19,"aspiration:AnachronicSnailShell":99,"conspire:DecoderRing":127,"MealTicket":123,"Fusion Hammer":70,"HollowMod:PaleOreRelic":107,"Hallownest:TeacherSealRelic":6,"aspiration:ChemicalBlood":127,"MerchantsRug":115,"HollowMod:LifeEnderRelic":0,"Pear":53,"Happy Flower":19,"aspiration:FetidBarrel":62,"Blue Candle":94,"PreservedInsect":123,"aspiration:HummingbirdHeart":43,"Frozen Egg 2":73,"MawBank":53,"bronze:BronzeIdol":94,"conspire:GiftBox":94,"Hallownest:BankAccountRelic":2,"Coffee Dripper":112,"Membership Card":27,"Bottled Lightning":62,"aspiration:HatOfInfinitePower":0,"conspire:Flyswatter":135}]},"card_choices":[{"not_picked":["HollowMod:NewLittleFool","HollowMod:SiblingsShadow"],"picked":"HollowMod:CycloneSlash","floor":1},{"not_picked":["HollowMod:FastStrike","HollowMod:MothsMistake"],"picked":"HollowMod:DashSlash","floor":2},{"not_picked":["HollowMod:MonarchWings","HollowMod:SharpenedShadows","HollowMod:InfectedAttack"],"picked":"Singing Bowl","floor":3},{"not_picked":["HollowMod:GreatSlash","HollowMod:NewLittleFool","HollowMod:HowlingWraiths"],"picked":"Singing Bowl","floor":4},{"not_picked":["HollowMod:NewInfectedGuardian","HollowMod:MawleksShell"],"picked":"HollowMod:MantisMark","floor":5},{"not_picked":["HollowMod:NewJinnsSoul","HollowMod:DesolateDive"],"picked":"HollowMod:DashSlash","floor":7},{"not_picked":["HollowMod:NewGlowingWomb","HollowMod:FallenFury","HollowMod:GreatSlash"],"picked":"Singing Bowl","floor":8},{"not_picked":["HollowMod:InfectedCysts","HollowMod:Grubsong"],"picked":"HollowMod:CloakDash","floor":11},{"not_picked":["HollowMod:DescendingDark","HollowMod:PureNailStrike","HollowMod:CycloneSlash"],"picked":"Singing Bowl","floor":12},{"not_picked":["HollowMod:NewJinnsSoul","HollowMod:GrimmsGift","HollowMod:CornifersMapStart"],"picked":"Singing Bowl","floor":14},{"not_picked":["HollowMod:VoidDash","HollowMod:ElderbugsWisdom"],"picked":"HollowMod:Weaversong","floor":16},{"not_picked":["HollowMod:NewLittleFool","HollowMod:HowlingWraiths","HollowMod:WraithStrike"],"picked":"Singing Bowl","floor":18},{"not_picked":["HollowMod:PureNailStrike+1","HollowMod:InfectedCysts","HollowMod:NewJinnsSoul"],"picked":"Singing Bowl","floor":20},{"not_picked":["HollowMod:DoubleDash","HollowMod:CycloneSlash","HollowMod:SiblingsShadow+1"],"picked":"Singing Bowl","floor":23},{"not_picked":["HollowMod:CycloneSlash+1","HollowMod:DesolateDive","HollowMod:FastStrike"],"picked":"Singing Bowl","floor":24},{"not_picked":["HollowMod:SiblingsShadow","HollowMod:DungDefenderAura"],"picked":"HollowMod:PureVessel+1","floor":25},{"not_picked":["HollowMod:ElderbugsWisdom+1","HollowMod:VoidDash","HollowMod:MidwifesHunger"],"picked":"Singing Bowl","floor":26},{"not_picked":["HollowMod:BaldurShell+1","HollowMod:VengefulSpirit","HollowMod:InfectedAttack+1"],"picked":"Singing Bowl","floor":28},{"not_picked":["HollowMod:RecoilStrike+1","HollowMod:Grubsong+1","HollowMod:SoulSplash"],"picked":"Singing Bowl","floor":29},{"not_picked":["HollowMod:SoulStrike","HollowMod:SharpenedNail"],"picked":"HollowMod:MantisMark+1","floor":30},{"not_picked":["HollowMod:LifebloodCore","HollowMod:theNailsmith","HollowMod:PureVessel+1"],"picked":"Singing Bowl","floor":33},{"not_picked":["HollowMod:LifebloodCocoon","HollowMod:VengefulVoid+1","HollowMod:SiblingsSouls"],"picked":"Singing Bowl","floor":35},{"not_picked":["HollowMod:CloakDash","HollowMod:NewLittleFool","HollowMod:ZotesMagnificence"],"picked":"Singing Bowl","floor":38},{"not_picked":["HollowMod:PureNailStrike","HollowMod:FallenFury+1","HollowMod:NewGlowingWomb+1"],"picked":"Singing Bowl","floor":40},{"not_picked":["HollowMod:SharpenedShadows+1","HollowMod:TaintedHusks","HollowMod:GoodIntentions"],"picked":"Singing Bowl","floor":42},{"not_picked":["HollowMod:InfectedAttack+1","HollowMod:ChannelNail","HollowMod:GoodIntentions"],"picked":"Singing Bowl","floor":44},{"not_picked":["HollowMod:SiblingsShadow","HollowMod:DoubleDash","HollowMod:VoidDash"],"picked":"Singing Bowl","floor":45},{"not_picked":["HollowMod:GoodIntentions","HollowMod:LifebloodCocoon","HollowMod:FallenFury"],"picked":"Singing Bowl","floor":46},{"not_picked":["HollowMod:DashSlash+1","HollowMod:HeavyBlow","HollowMod:CycloneSlash"],"picked":"Singing Bowl","floor":48}],"player_experience":596362,"relics_obtained":[{"floor":4,"key":"aspiration:HummingbirdHeart"},{"floor":6,"key":"Vajra"},{"floor":8,"key":"Pear"},{"floor":9,"key":"MawBank"},{"floor":10,"key":"Ice Cream"},{"floor":13,"key":"Torii"},{"floor":14,"key":"aspiration:FetidBarrel"},{"floor":15,"key":"Bottled Lightning"},{"floor":23,"key":"Centennial Puzzle"},{"floor":25,"key":"bronze:BronzeIdol"},{"floor":26,"key":"conspire:GiftBox"},{"floor":27,"key":"Blue Candle"},{"floor":28,"key":"aspiration:AnachronicSnailShell"},{"floor":30,"key":"Happy Flower"},{"floor":31,"key":"HollowMod:PaleOreRelic"},{"floor":32,"key":"Whetstone"},{"floor":40,"key":"PreservedInsect"},{"floor":41,"key":"MealTicket"},{"floor":42,"key":"aspiration:ChemicalBlood"},{"floor":43,"key":"Lantern"},{"floor":43,"key":"conspire:DecoderRing"},{"floor":45,"key":"conspire:Flyswatter"},{"floor":49,"key":"Calipers"}],"event_choices":[],"is_beta":false,"boss_relics":[{"not_picked":["SlaversCollar","bronze:MakeshiftBattery"],"picked":"Fusion Hammer"},{"not_picked":["conspire:SlowCooker","Velvet Choker"],"picked":"Coffee Dripper"}],"items_purged_floors":[0,0,36],"is_endless":false,"potions_floor_spawned":[1,4,7,12,14,18,20,23,30,44,45],"ascension_level":1}}