{"host":"y4fuci1jk2rsxnep","time":1613572605,"event":{"mods":["AchievementEnabler","BaseMod","Colored Powertips","Custom Start","Defuse TimeMaze Blight","Dio Mod","Downfall","Hermit","Hero for Fun","Hubris","Hunter ??","Infinite Spire","Minty Spire (QoL Compilation)","Quick Restart","Reliquary","Remove Card Discount Mod","Replay The Spire","StSLib","The Blackbeard","The Bug Knight","The Mystic","The Runesmith"],"gold_per_floor":[116,134,134,134,153,153,187,187,212,228,238,238,254,254,254,354,354,373,393,403,403,403,403],"floor_reached":22,"language":"ENG","playtime":2171,"items_purged":[],"score":238,"play_id":"ab60ead6-021d-452f-8b98-a7096ffebdf8","local_time":"20210217153645","is_ascension_mode":false,"campfire_choices":[{"data":"Runesmith:CraftFirestone","floor":6,"key":"SMITH"},{"floor":8,"key":"REST"},{"floor":12,"key":"REST"},{"data":"Runesmith:Supernova","floor":15,"key":"SMITH"}],"circlet_count":0,"master_deck":["Runesmith:Strike_RS","Runesmith:Strike_RS","Runesmith:Strike_RS","Runesmith:Strike_RS","Runesmith:Defend_RS","Runesmith:Defend_RS","Runesmith:Defend_RS","Runesmith:Defend_RS","Runesmith:CraftFirestone+1","Runesmith:Fortify","Sickly","Runesmith:Firestorm+1","Runesmith:CraftProtectio","Runesmith:HeatExchange","Runesmith:BackupBattery+1","Runesmith:EarthShield","Runesmith:CraftMagma","Runesmith:HammerThrow","Runesmith:Supernova+1","Runesmith:DuctTape","Runesmith:Augment","Runesmith:RuneHurl"],"relics":["Runesmith:BrokenRuby","hubris:Zylophone","hubris:Towel","Turnip","reliquary:Buckler","Cursed Key"],"acts_visited":["Exordium","TheCity"],"potions_floor_usage":[11,22],"damage_taken":[{"damage":7,"enemies":"2 Louse","floor":1,"turns":4},{"damage":0,"enemies":"Small Slimes","floor":2,"turns":3},{"damage":1,"enemies":"Cultist","floor":5,"turns":4},{"damage":48,"enemies":"Gremlin Nob","floor":7,"turns":5},{"damage":6,"enemies":"2 Fungi Beasts","floor":10,"turns":3},{"damage":17,"enemies":"Gremlin Gang","floor":11,"turns":4},{"damage":4,"enemies":"Large Slime","floor":13,"turns":5},{"damage":3,"enemies":"Fading Forest","floor":16,"turns":11},{"damage":17,"enemies":"Shell Parasite","floor":18,"turns":7},{"damage":19,"enemies":"3 Byrds","floor":19,"turns":4},{"damage":30,"enemies":"Snecko","floor":20,"turns":10},{"damage":8,"enemies":"Masked Bandits","floor":22,"turns":2}],"seed_played":"-4987283168157646128","potions_obtained":[{"floor":1,"key":"Swift Potion"},{"floor":5,"key":"Weak Potion"},{"floor":7,"key":"ColorlessPotion"},{"floor":13,"key":"Fire Potion"},{"floor":19,"key":"bronze:BurnAndBuffPotion"}],"is_trial":false,"path_per_floor":["M","M","?","?","M","R","E","R","T","M","M","R","M","?","R","B",null,"M","M","M","?","?"],"character_chosen":"RUNESMITH_CLASS","items_purchased":[],"campfire_rested":2,"item_purchase_floors":[],"current_hp_per_floor":[63,63,63,63,62,62,14,35,35,29,12,33,29,29,29,48,70,53,34,4,4,0,0],"gold":403,"neow_bonus":"ONE_RARE_RELIC","is_daily":false,"chose_seed":false,"campfire_upgraded":2,"win_rate":0.0,"timestamp":1613572605,"path_taken":["M","M","?","?","?","R","E","R","T","M","M","R","M","?","R","BOSS","M","?","M","?","?"],"items_purchased_type":[],"build_version":"2020-12-22","purchased_purges":0,"victory":false,"max_hp_per_floor":[70,70,70,70,70,70,70,70,70,70,70,70,70,70,70,70,70,70,70,70,70,70,70],"card_choices":[{"not_picked":["Runesmith:Firewall","Runesmith:MakeshiftArmor"],"picked":"Runesmith:Firestorm","floor":1},{"not_picked":["Runesmith:EarthShield","Runesmith:RuneHurl"],"picked":"Runesmith:CraftProtectio","floor":2},{"not_picked":["Runesmith:Electrocute","Runesmith:NegativeSpace"],"picked":"Runesmith:HeatExchange","floor":5},{"not_picked":["Runesmith:Repurpose","Runesmith:MetallurgicalResearch"],"picked":"Runesmith:BackupBattery","floor":7},{"not_picked":["Runesmith:Malloc","Runesmith:PoweredAnvil"],"picked":"Runesmith:EarthShield","floor":10},{"not_picked":["Runesmith:Firewall","Runesmith:HeatExchange"],"picked":"Runesmith:CraftMagma","floor":11},{"not_picked":["Runesmith:UnstableHammer","Runesmith:CraftProtectio"],"picked":"Runesmith:HammerThrow","floor":13},{"not_picked":["Runesmith:ReplicatingBarrier","Runesmith:LightningRod"],"picked":"Runesmith:DuctTape","floor":16},{"not_picked":["Runesmith:CraftProtectio+1","Runesmith:BackupBattery"],"picked":"Runesmith:Augment","floor":18},{"not_picked":["Runesmith:Terraform","Runesmith:BackupBattery+1","Runesmith:ShiftingStrike+1"],"picked":"SKIP","floor":19},{"not_picked":["Runesmith:UnstableHammer+1","Runesmith:Reinforce"],"picked":"Runesmith:RuneHurl","floor":20}],"player_experience":634384,"relics_obtained":[{"floor":7,"key":"Turnip"},{"floor":9,"key":"reliquary:Buckler"}],"event_choices":[{"damage_healed":0,"gold_gain":0,"player_choice":"Ignored","damage_taken":0,"max_hp_gain":0,"max_hp_loss":0,"event_name":"NoteForYourself","floor":4,"gold_loss":0},{"damage_healed":0,"gold_gain":0,"player_choice":"1 cards matched","damage_taken":0,"max_hp_gain":0,"max_hp_loss":0,"event_name":"Match and Keep!","floor":14,"gold_loss":0,"cards_obtained":["Runesmith:Supernova"]},{"damage_healed":0,"gold_gain":0,"player_choice":"Fought Bandits","damage_taken":0,"max_hp_gain":0,"max_hp_loss":0,"event_name":"Masked Bandits","floor":22,"gold_loss":0}],"is_beta":false,"boss_relics":[{"not_picked":["Replay:Drink Me","Coffee Dripper"],"picked":"Cursed Key"}],"items_purged_floors":[],"is_endless":false,"potions_floor_spawned":[1,5,7,13,18,19],"killed_by":"Masked Bandits","ascension_level":0}}