{"host":"7aztypw0akju96e4","time":1613554813,"event":{"mods":["Aspiration","BaseMod","Hubris","Minty Spire (QoL Compilation)","Replay The Spire","Spire Arcade","StSLib","Wandering Minibosses","slay the spire mod where everything is the same but ironclad has a cowboy hat"],"gold_per_floor":[112,130,130,143,143,170,170,17,17,51,51,82,121,121,121,131,131],"floor_reached":16,"language":"ENG","playtime":27057,"items_purged":[],"score":160,"play_id":"644874b8-10fc-46b4-9b93-59e242d1ef86","local_time":"20210217034013","is_ascension_mode":true,"campfire_choices":[{"data":"hubris:TrickCloak","floor":7,"key":"SMITH"},{"floor":11,"key":"REST"}],"circlet_count":0,"master_deck":["Strike_G","Strike_G","Strike_G","Strike_G","Strike_G","Defend_G","Defend_G","Defend_G","Defend_G+1","Defend_G","Survivor","Neutralize","Hidden Blade","Quick Slash","hubris:TrickCloak+1","Acrobatics","Toxin Wave","Blade Dance","Backstab+1"],"relics":["Ring of the Snake","aspiration:Nostalgia","Cracked Core","hubris:SlimyHat","Replay:Bandana","Blood Vial","Frozen Egg 2","Pen Nib"],"acts_visited":["Exordium"],"potions_floor_usage":[6],"damage_taken":[{"damage":0,"enemies":"2 Louse","floor":1,"turns":3},{"damage":0,"enemies":"Small Slimes","floor":2,"turns":2},{"damage":0,"enemies":"Jaw Worm","floor":4,"turns":4},{"damage":37,"enemies":"Gremlin Nob","floor":6,"turns":5},{"damage":6,"enemies":"Looter","floor":10,"turns":3},{"damage":0,"enemies":"Large Slime","floor":12,"turns":5},{"damage":26,"enemies":"3 Sentries","floor":13,"turns":7},{"damage":65,"enemies":"The Guardian","floor":16,"turns":11}],"seed_played":"9156574469337087147","potions_obtained":[{"floor":2,"key":"Poison Potion"},{"floor":6,"key":"Dexterity Potion"},{"floor":10,"key":"CultistPotion"},{"floor":12,"key":"Milkshake"},{"floor":13,"key":"Milkshake"}],"is_trial":false,"path_per_floor":["M","M","?","M","?","E","R","$","T","M","R","M","E","$","R","B"],"character_chosen":"THE_SILENT","items_purchased":["Blood Vial"],"campfire_rested":1,"item_purchase_floors":[8],"current_hp_per_floor":[63,63,63,63,56,19,19,19,19,15,36,38,14,14,35,0,0],"gold":131,"neow_bonus":"NOSTALGIA","is_daily":false,"chose_seed":false,"campfire_upgraded":1,"win_rate":0.0,"timestamp":1613554813,"path_taken":["M","M","?","M","?","E","R","?","T","M","R","M","E","$","R","BOSS"],"items_purchased_type":["Relic"],"build_version":"2020-12-22","purchased_purges":0,"victory":false,"max_hp_per_floor":[70,70,70,70,70,70,70,70,70,70,70,70,70,70,70,70,70],"card_choices":[{"not_picked":["Prepared","Reflex"],"picked":"Hidden Blade","floor":1},{"not_picked":["Flying Knee","PiercingWail"],"picked":"Quick Slash","floor":2},{"not_picked":["Blade Dance","Dodge and Roll"],"picked":"hubris:TrickCloak","floor":4},{"not_picked":["Tactician","Grand Finale"],"picked":"Acrobatics","floor":6},{"not_picked":["Crippling Poison","Bane"],"picked":"Toxin Wave","floor":10},{"not_picked":["Slice","Sucker Punch"],"picked":"Blade Dance","floor":12},{"not_picked":["Dash","Quick Slash"],"picked":"Backstab","floor":13}],"player_experience":575569,"relics_obtained":[{"floor":6,"key":"Replay:Bandana"},{"floor":9,"key":"Frozen Egg 2"},{"floor":13,"key":"Pen Nib"}],"event_choices":[{"damage_healed":0,"gold_gain":0,"player_choice":"Success","damage_taken":7,"relics_obtained":["hubris:SlimyHat"],"max_hp_gain":0,"max_hp_loss":0,"event_name":"Scrap Ooze","floor":5,"gold_loss":0}],"is_beta":false,"boss_relics":[],"items_purged_floors":[],"is_endless":false,"potions_floor_spawned":[2,6,10,12,13],"killed_by":"The Guardian","ascension_level":9}}