{"host":"zxkjcgzis4pm3za5","time":1613574565,"event":{"mods":["2.2 Compatiblity","AchievementEnabler","BaseMod","Colored Map","Colored Powertips","Minty Spire (QoL Compilation)","Quick Restart","Random Character Button","Relic Filter Mod","Relic Sorter","Relic Stats","StSLib"],"gold_per_floor":[15,15,29,179,51,83,83,113,113,78,92,92,104,136,136,210,210,222,137,37,54,104,139,139,153,207,237,263,263,263],"floor_reached":29,"language":"ENG","playtime":819,"items_purged":["Doubt","Strike_B"],"score":562,"play_id":"185cec34-fe39-4c71-8700-21095da13e70","local_time":"20210217203925","is_ascension_mode":true,"campfire_choices":[{"data":"Zap","floor":7.0,"key":"SMITH"},{"data":"Electrodynamics","floor":12.0,"key":"SMITH"},{"data":"Echo Form","floor":15.0,"key":"SMITH"},{"data":"Biased Cognition","floor":24.0,"key":"SMITH"}],"circlet_count":0,"master_deck":["AscendersBane","Strike_B","Strike_B","Strike_B","Defend_B","Defend_B","Defend_B","Defend_B","Zap+1","Dualcast","Biased Cognition+1","Undo","Conserve Battery","Ball Lightning","Glacier","Electrodynamics+1","Skim","Tempest","Echo Form+1","Seek","FTL","Biased Cognition+1","Capacitor+1","Coolheaded"],"relics":["Cracked Core","Gremlin Horn","DataDisk","Strawberry","Philosopher\u0027s Stone","Ancient Tea Set","Omamori","CeramicFish","White Beast Statue"],"acts_visited":["Exordium","TheCity"],"potions_floor_usage":[],"damage_taken":[{"damage":7.0,"enemies":"Jaw Worm","floor":1.0,"turns":3.0},{"damage":5.0,"enemies":"2 Louse","floor":3.0,"turns":3.0},{"damage":15.0,"enemies":"Lagavulin","floor":6.0,"turns":5.0},{"damage":10.0,"enemies":"Gremlin Nob","floor":8.0,"turns":3.0},{"damage":1.0,"enemies":"Small Slimes","floor":11.0,"turns":2.0},{"damage":7.0,"enemies":"Red Slaver","floor":13.0,"turns":2.0},{"damage":2.0,"enemies":"Lagavulin","floor":14.0,"turns":6.0},{"damage":20.0,"enemies":"Hexaghost","floor":16.0,"turns":8.0},{"damage":2.0,"enemies":"Spheric Guardian","floor":18.0,"turns":3.0},{"damage":12.0,"enemies":"Shell Parasite","floor":21.0,"turns":4.0},{"damage":8.0,"enemies":"Gremlin Leader","floor":23.0,"turns":3.0},{"damage":12.0,"enemies":"Shelled Parasite and Fungi","floor":25.0,"turns":4.0},{"damage":8.0,"enemies":"Slavers","floor":27.0,"turns":2.0},{"damage":0.0,"enemies":"Sentry and Sphere","floor":28.0,"turns":3.0},{"damage":24,"enemies":"Gremlin Leader","floor":29,"turns":2}],"seed_played":"7173550826158368664","potions_obtained":[{"floor":6.0,"key":"Explosive Potion"},{"floor":8.0,"key":"SteroidPotion"},{"floor":13.0,"key":"SkillPotion"},{"floor":18.0,"key":"Swift Potion"},{"floor":21.0,"key":"DuplicationPotion"},{"floor":25.0,"key":"AttackPotion"},{"floor":28.0,"key":"ColorlessPotion"}],"is_trial":false,"path_per_floor":["M","?","M","?","$","E","R","E","T","?","M","R","M","E","R","B",null,"M","?","$","M","?","E","R","M","T","E","M","E"],"character_chosen":"DEFECT","items_purchased":["Ball Lightning"],"campfire_rested":0,"item_purchase_floors":[5],"current_hp_per_floor":[57,57,52,52,52,37,37,27,27,44,43,43,36,41,41,21,64,62,62,62,50,43,35,35,23,23,15,15,0,0],"gold":263,"neow_bonus":"THREE_RARE_CARDS","is_daily":false,"chose_seed":false,"campfire_upgraded":4,"win_rate":0.0,"timestamp":1613574565,"path_taken":["M","?","M","?","?","E","R","E","T","?","?","R","M","E","R","BOSS","M","?","$","M","?","E","R","M","T","E","?","E"],"items_purchased_type":["Card"],"build_version":"2020-12-22","purchased_purges":2,"victory":false,"max_hp_per_floor":[71,71,71,71,71,71,71,71,71,71,71,71,71,78,78,78,78,78,78,78,78,78,78,78,78,78,78,78,78,78],"relic_stats":{"Gremlin Horn":[7,7],"counters":[15,53],"CeramicFish":9,"obtain_stats":[{"DataDisk":8,"Gremlin Horn":6,"Strawberry":14,"CeramicFish":26,"Philosopher\u0027s Stone":17,"Omamori":23,"Cracked Core":0,"Ancient Tea Set":19,"White Beast Statue":27},{"DataDisk":4,"Gremlin Horn":3,"Strawberry":7,"CeramicFish":12,"Philosopher\u0027s Stone":8,"Omamori":11,"Cracked Core":0,"Ancient Tea Set":9,"White Beast Statue":13},{"DataDisk":14,"Gremlin Horn":11,"Strawberry":24,"CeramicFish":46,"Philosopher\u0027s Stone":32,"Omamori":42,"Cracked Core":0,"Ancient Tea Set":35,"White Beast Statue":48}]},"card_choices":[{"not_picked":["Reboot","Rainbow"],"picked":"Biased Cognition","floor":0.0},{"not_picked":["Turbo","Capacitor"],"picked":"Undo","floor":1.0},{"not_picked":["Reinforced Body","Blizzard"],"picked":"Conserve Battery","floor":3.0},{"not_picked":["Defragment","Sweeping Beam"],"picked":"Glacier","floor":6.0},{"not_picked":["Steam Power","Fission"],"picked":"Electrodynamics","floor":8.0},{"not_picked":["Heatsinks","Turbo"],"picked":"Skim","floor":11.0},{"not_picked":["Beam Cell","Leap"],"picked":"Tempest","floor":13.0},{"not_picked":["Compile Driver","Stack"],"picked":"Echo Form","floor":14.0},{"not_picked":["Buffer","Creative AI"],"picked":"Seek","floor":16.0},{"not_picked":["Streamline","Ball Lightning"],"picked":"FTL","floor":18.0},{"not_picked":["Steam+1","Beam Cell"],"picked":"Biased Cognition","floor":21.0},{"not_picked":["Conserve Battery","Barrage","Beam Cell"],"picked":"SKIP","floor":23.0},{"not_picked":["Conserve Battery","Barrage","Beam Cell"],"picked":"SKIP","floor":23.0},{"not_picked":["Coolheaded+1","Beam Cell"],"picked":"Capacitor+1","floor":25.0},{"not_picked":["Streamline","Loop","Gash"],"picked":"SKIP","floor":27.0},{"not_picked":["Sunder","Recycle"],"picked":"Coolheaded","floor":28.0}],"player_experience":386558,"relics_obtained":[{"floor":6.0,"key":"Gremlin Horn"},{"floor":8.0,"key":"DataDisk"},{"floor":14.0,"key":"Strawberry"},{"floor":23.0,"key":"Omamori"},{"floor":26.0,"key":"CeramicFish"},{"floor":27.0,"key":"White Beast Statue"}],"event_choices":[{"damage_healed":0.0,"max_hp_gain":0.0,"max_hp_loss":0.0,"gold_gain":0.0,"event_name":"Living Wall","player_choice":"Grow","floor":2.0,"gold_loss":0.0,"damage_taken":0.0,"cards_upgraded":["Biased Cognition"]},{"damage_healed":0.0,"max_hp_gain":0.0,"max_hp_loss":0.0,"gold_gain":150.0,"event_name":"Liars Game","player_choice":"AGREE","floor":4.0,"gold_loss":0.0,"damage_taken":0.0,"cards_obtained":["Doubt"]},{"damage_healed":17.0,"max_hp_gain":0.0,"max_hp_loss":0.0,"gold_gain":0.0,"event_name":"The Cleric","player_choice":"Healed","floor":10.0,"gold_loss":35.0,"damage_taken":0.0},{"damage_healed":0.0,"max_hp_gain":0.0,"max_hp_loss":0.0,"gold_gain":0.0,"event_name":"Addict","player_choice":"Obtained Relic","floor":19.0,"gold_loss":85.0,"damage_taken":0.0,"relics_obtained":["Ancient Tea Set"]},{"damage_healed":0.0,"max_hp_gain":0.0,"max_hp_loss":0.0,"gold_gain":50.0,"event_name":"FaceTrader","player_choice":"Touch","floor":22.0,"gold_loss":0.0,"damage_taken":7.0}],"is_beta":false,"boss_relics":[{"not_picked":["SacredBark","Busted Crown"],"picked":"Philosopher\u0027s Stone"}],"items_purged_floors":[5,20],"is_endless":false,"potions_floor_spawned":[6,8,13,18,21,25,28],"killed_by":"Gremlin Leader","ascension_level":20}}