{"host":"nlbr7nnijupf3yfg","time":1613540384,"event":{"mods":["AchievementEnabler","BaseMod","BetterRewards","Card Forge","Colored Powertips","DeckTracker","Downfall","Hubris","Infinite Spire","Minty Spire (QoL Compilation)","Quick Restart","Relic Stats","Replay The Spire","Shop Mod","StSLib","SuperFastMode"],"gold_per_floor":[117,292,217,227,241,241,257,357,357,367,367,402,402,461,461,564,564,577,590,710,710,725,725,755,755,808,819,819,819,819,819,819,920,920,940,940,957,957,975,975,975,975,975],"floor_reached":42,"language":"ENG","playtime":947,"items_purged":["Doubt"],"score":560,"play_id":"4fb90861-827f-4e01-abe1-e75f4acc70dd","local_time":"20210217003944","is_ascension_mode":true,"campfire_choices":[{"data":"Blade Dance","floor":6,"key":"SMITH"},{"floor":15,"key":"REST"},{"floor":23,"key":"REST"},{"floor":25,"key":"REST"},{"floor":28,"key":"REST"},{"floor":32,"key":"REST"},{"floor":40,"key":"REST"}],"circlet_count":0,"master_deck":["Strike_G+1","Strike_G","Strike_G","Defend_G","Defend_G","Defend_G","Defend_G","Defend_G","Survivor","Neutralize+1","Flechettes+1","Dash","Blade Dance+1","Blade Dance+1","CurseOfTheBell","CurseOfTheBell","Replay:Bag of Tricks","Bouncing Flask+1","Hidden Blade","Heel Hook","Noxious Fumes","ReplayTheSpireMod:From All Sides+1","Hidden Blade+1","Cloak And Dagger+1","ReplayTheSpireMod:Splinters","Hidden Blade","Deflect+1","Poisoned Stab","Outmaneuver","Masterful Stab","Writhe","Necronomicurse","Poison Darts","Dash+1","Bouncing Flask","Specialist","Outmaneuver+1"],"relics":["Hammer of Thor","Seething Fire","Anvil of the Gods","hubris:RunicObelisk","downfall:ExtraCursedBell","Gremlin Food","Replay:WaspNest","hubris:MedicalManual","hexamod:CandleOfCauterizing","Matryoshka","PreservedInsect","expansioncontent:StudyCardRelic","Anchor","hubris:TenFootPole","Sundial","hubris:CuriousFeather","ReplayTheSpireMod:TigerMarble","Juzu Bracelet","Mummified Hand","Necronomicon","sneckomod:SneckoTalon","Gremlin Horn"],"acts_visited":["Exordium","TheCity","TheBeyond"],"potions_floor_usage":[33,33,42,42],"damage_taken":[{"damage":2,"enemies":"2 Louse","floor":1,"turns":3},{"damage":0,"enemies":"Small Slimes","floor":4,"turns":3},{"damage":0,"enemies":"Jaw Worm","floor":5,"turns":2},{"damage":1,"enemies":"Exordium Thugs","floor":7,"turns":4},{"damage":2,"enemies":"3 Louse","floor":10,"turns":3},{"damage":15,"enemies":"Lagavulin","floor":12,"turns":5},{"damage":2,"enemies":"3 Sentries","floor":14,"turns":5},{"damage":45,"enemies":"Fading Forest","floor":16,"turns":11},{"damage":5,"enemies":"3 Byrds","floor":18,"turns":4},{"damage":18,"enemies":"Spheric Guardian","floor":19,"turns":4},{"damage":41,"enemies":"Cultist and Chosen","floor":22,"turns":6},{"damage":23,"enemies":"Book of Stabbing","floor":24,"turns":4},{"damage":25,"enemies":"Snecko","floor":27,"turns":4},{"damage":41,"enemies":"Automaton","floor":33,"turns":7},{"damage":0,"enemies":"Orb Walker","floor":35,"turns":3},{"damage":22,"enemies":"3 Darklings","floor":37,"turns":4},{"damage":0,"enemies":"Transient","floor":39,"turns":5},{"damage":75,"enemies":"Nightmare","floor":42,"turns":4}],"seed_played":"5967778037025245142","potions_obtained":[{"floor":4,"key":"Adrenaline Potion"},{"floor":5,"key":"Cursed Concoction"},{"floor":10,"key":"ColorlessPotion"}],"is_trial":false,"path_per_floor":["M","?","$","M","M","R","M","?","T","M","$","E","?","?","R","B",null,"M","M","?","AVR","M","R","E","R","T","M","R","?","?","$","R","B",null,"M","AVR","M","?","M","R","?","NM"],"character_chosen":"THE_SILENT","items_purchased":[],"campfire_rested":6,"item_purchase_floors":[],"current_hp_per_floor":[68,68,68,68,68,68,67,72,72,70,70,55,55,53,75,30,75,70,52,52,52,11,33,10,32,32,7,29,29,22,22,44,3,75,75,75,53,53,53,75,75,0,0],"gold":975,"neow_bonus":"BOSS_RELIC","is_daily":false,"chose_seed":false,"campfire_upgraded":1,"win_rate":0.0,"timestamp":1613540384,"path_taken":["M","?","$","M","M","R","M","?","T","M","?","E","?","?","R","BOSS","M","M","?","AVR","M","R","E","R","T","M","R","?","?","$","R","BOSS","M","AVR","M","?","M","R","?","NM"],"items_purchased_type":[],"build_version":"2020-12-22","purchased_purges":1,"victory":false,"max_hp_per_floor":[70,70,70,70,70,70,70,75,75,75,75,75,75,75,75,75,75,75,75,75,75,75,75,75,75,75,75,75,75,75,75,75,75,75,75,75,75,75,75,75,75,75,75],"relic_stats":{"Gremlin Horn":[2,2],"counters":[18,80],"Sundial":[0],"Mummified Hand":[15],"PreservedInsect":148,"Juzu Bracelet":1,"Necronomicon":[6],"obtain_stats":[{"Gremlin Food":8,"hexamod:CandleOfCauterizing":9,"Gremlin Horn":36,"Hammer of Thor":0,"Replay:WaspNest":8,"hubris:MedicalManual":8,"PreservedInsect":14,"expansioncontent:StudyCardRelic":17,"Juzu Bracelet":26,"Seething Fire":0,"hubris:RunicObelisk":0,"sneckomod:SneckoTalon":34,"Anchor":20,"Matryoshka":12,"Anvil of the Gods":0,"Sundial":21,"Mummified Hand":29,"hubris:CuriousFeather":24,"hubris:TenFootPole":20,"ReplayTheSpireMod:TigerMarble":26,"Necronomicon":30,"downfall:ExtraCursedBell":8,"Ring of the Snake":0},{"Gremlin Food":4,"hexamod:CandleOfCauterizing":4,"Gremlin Horn":15,"Hammer of Thor":0,"Replay:WaspNest":4,"hubris:MedicalManual":4,"PreservedInsect":6,"expansioncontent:StudyCardRelic":8,"Juzu Bracelet":12,"Seething Fire":0,"hubris:RunicObelisk":0,"sneckomod:SneckoTalon":14,"Anchor":10,"Matryoshka":6,"Anvil of the Gods":0,"Sundial":10,"Mummified Hand":13,"hubris:CuriousFeather":12,"hubris:TenFootPole":10,"ReplayTheSpireMod:TigerMarble":12,"Necronomicon":13,"downfall:ExtraCursedBell":4,"Ring of the Snake":0},{"Gremlin Food":12,"hexamod:CandleOfCauterizing":12,"Gremlin Horn":67,"Hammer of Thor":0,"Replay:WaspNest":12,"hubris:MedicalManual":12,"PreservedInsect":20,"expansioncontent:StudyCardRelic":36,"Juzu Bracelet":53,"Seething Fire":0,"hubris:RunicObelisk":0,"sneckomod:SneckoTalon":64,"Anchor":44,"Matryoshka":20,"Anvil of the Gods":0,"Sundial":44,"Mummified Hand":57,"hubris:CuriousFeather":53,"hubris:TenFootPole":44,"ReplayTheSpireMod:TigerMarble":53,"Necronomicon":57,"downfall:ExtraCursedBell":12,"Ring of the Snake":0}]},"card_choices":[{"not_picked":["Prepared","Eviscerate"],"picked":"Flechettes","floor":1},{"not_picked":["Dagger Throw","hubris:SlightOfHand"],"picked":"Dash","floor":4},{"not_picked":["Catalyst","Hidden Blade"],"picked":"Blade Dance","floor":5},{"not_picked":["Flying Knee","PiercingWail"],"picked":"Blade Dance","floor":7},{"not_picked":["Poisoned Stab","Riddle With Holes"],"picked":"Bouncing Flask","floor":10},{"not_picked":["Finisher","Slice"],"picked":"Hidden Blade","floor":12},{"not_picked":["Quick Slash","Reflex"],"picked":"Noxious Fumes","floor":14},{"not_picked":["Unload","infinitespire:Neurotoxin"],"picked":"ReplayTheSpireMod:From All Sides","floor":16},{"not_picked":["hubris:SlightOfHand","Backflip"],"picked":"Hidden Blade+1","floor":18},{"not_picked":["Choke","Prepared"],"picked":"Cloak And Dagger+1","floor":19},{"not_picked":["Prepared","Flying Knee"],"picked":"Hidden Blade","floor":20},{"not_picked":["Predator","Acrobatics"],"picked":"Deflect+1","floor":20},{"not_picked":["Replay:Poison Smokescreen","Slice"],"picked":"Poisoned Stab","floor":22},{"not_picked":["Tools of the Trade","ReplayTheSpireMod:Speed Training"],"picked":"Outmaneuver","floor":24},{"not_picked":["Eviscerate","Dagger Throw"],"picked":"Masterful Stab","floor":27},{"not_picked":["Adrenaline","ReplayTheSpireMod:From All Sides"],"picked":"Poison Darts","floor":33},{"not_picked":["Deflect","Quick Slash+1"],"picked":"Dash+1","floor":35},{"not_picked":["Bane","Calculated Gamble"],"picked":"Bouncing Flask","floor":37},{"not_picked":["Deep Breath","ReplayTheSpireMod:Necrogeddon"],"picked":"Specialist","floor":38},{"not_picked":["ReplayTheSpireMod:Shiv Toss","Quick Slash"],"picked":"Outmaneuver+1","floor":39}],"player_experience":96003,"relics_obtained":[{"floor":8,"key":"Gremlin Food"},{"floor":8,"key":"Replay:WaspNest"},{"floor":8,"key":"hubris:MedicalManual"},{"floor":9,"key":"hexamod:CandleOfCauterizing"},{"floor":12,"key":"Matryoshka"},{"floor":20,"key":"Anchor"},{"floor":20,"key":"hubris:TenFootPole"},{"floor":24,"key":"hubris:CuriousFeather"},{"floor":26,"key":"ReplayTheSpireMod:TigerMarble"},{"floor":26,"key":"Juzu Bracelet"},{"floor":30,"key":"Necronomicon"}],"event_choices":[{"damage_healed":0,"gold_gain":175,"player_choice":"AGREE","damage_taken":0,"max_hp_gain":0,"max_hp_loss":0,"event_name":"Liars Game","floor":2,"gold_loss":0,"cards_obtained":["Doubt"]},{"damage_healed":0,"gold_gain":0,"cards_transformed":["Strike_G"],"player_choice":"Change","damage_taken":0,"max_hp_gain":0,"max_hp_loss":0,"event_name":"Living Wall","floor":13,"gold_loss":0,"cards_obtained":["Heel Hook"]},{"damage_healed":0,"gold_gain":30,"player_choice":"Searched \u00273\u0027 times","damage_taken":0,"relics_obtained":["PreservedInsect"],"max_hp_gain":0,"max_hp_loss":0,"event_name":"Dead Adventurer","floor":14,"gold_loss":0},{"damage_healed":0,"gold_gain":0,"player_choice":"Opened","damage_taken":0,"relics_obtained":["Mummified Hand"],"max_hp_gain":0,"max_hp_loss":0,"event_name":"The Mausoleum","floor":29,"gold_loss":0,"cards_obtained":["Writhe"]},{"damage_healed":0,"gold_gain":0,"player_choice":"Obtained Book","damage_taken":16,"max_hp_gain":0,"max_hp_loss":0,"event_name":"Cursed Tome","floor":30,"gold_loss":0},{"damage_healed":0,"gold_gain":0,"player_choice":"Memory 1","damage_taken":0,"max_hp_gain":0,"max_hp_loss":0,"event_name":"SensoryStone","floor":38,"gold_loss":0},{"cards_removed":["Strike_G"],"damage_healed":0,"gold_gain":0,"player_choice":"Removed Attack","damage_taken":0,"max_hp_gain":0,"max_hp_loss":0,"event_name":"Falling","floor":41,"gold_loss":0}],"is_beta":false,"boss_relics":[{"not_picked":["hubris:TerracottaHorce","Ectoplasm"],"picked":"expansioncontent:StudyCardRelic"},{"not_picked":["HoveringKite","Painkiller Herb"],"picked":"sneckomod:SneckoTalon"}],"items_purged_floors":[3],"is_endless":false,"potions_floor_spawned":[4,5,10,12,18,22,24,27],"killed_by":"Nightmare","ascension_level":1}}