{"host":"it04jaz8eul1eh3d","time":1613558034,"event":{"mods":["AchievementEnabler","BaseMod","Colored Map","DeckTracker","Keyboard Shortcuts","Minty Spire (QoL Compilation)","SuperFastMode"],"gold_per_floor":[114,114,128,49,59,91,91,126,126,145,145,145,145],"floor_reached":12,"language":"KOR","playtime":201,"items_purged":[],"score":88,"play_id":"b74433be-70a8-473b-b86f-77c80e77db2c","local_time":"20210217193354","is_ascension_mode":false,"campfire_choices":[{"floor":11.0,"key":"REST"}],"circlet_count":0,"master_deck":["Strike_R","Strike_R+1","Strike_R","Strike_R","Defend_R","Defend_R","Defend_R","Defend_R","Bash+1","Iron Wave","Spot Weakness","Flame Barrier"],"relics":["Burning Blood","NeowsBlessing","Molten Egg 2","Whetstone","Bottled Lightning"],"acts_visited":["Exordium"],"potions_floor_usage":[],"damage_taken":[{"damage":0.0,"enemies":"2 Louse","floor":1.0,"turns":1.0},{"damage":0.0,"enemies":"Cultist","floor":3.0,"turns":1.0},{"damage":0.0,"enemies":"Small Slimes","floor":5.0,"turns":1.0},{"damage":34.0,"enemies":"3 Sentries","floor":6.0,"turns":11.0},{"damage":41.0,"enemies":"Gremlin Nob","floor":8.0,"turns":5.0},{"damage":11.0,"enemies":"Blue Slaver","floor":10.0,"turns":4.0},{"damage":0,"enemies":"3 Sentries","floor":12,"turns":1}],"seed_played":"5117205312712012932","potions_obtained":[{"floor":5.0,"key":"Block Potion"},{"floor":6.0,"key":"DistilledChaos"}],"is_trial":false,"path_per_floor":["M","?","M","$","M","E","?","E","T","M","R","E"],"character_chosen":"IRONCLAD","items_purchased":["Spot Weakness"],"campfire_rested":1,"item_purchase_floors":[4],"current_hp_per_floor":[80,80,80,80,80,52,52,17,17,12,36,36,36],"gold":145,"neow_bonus":"THREE_ENEMY_KILL","is_daily":false,"chose_seed":false,"campfire_upgraded":0,"win_rate":0.0,"timestamp":1613558034,"path_taken":["M","?","M","$","M","E","?","E","T","M","R","E"],"items_purchased_type":["Card"],"build_version":"2020-12-22","purchased_purges":0,"victory":false,"max_hp_per_floor":[80,80,80,80,80,80,80,80,80,80,80,80,80],"card_choices":[{"not_picked":["Clash","Seeing Red","Sword Boomerang"],"picked":"SKIP","floor":1.0},{"not_picked":["Thunderclap","Body Slam"],"picked":"Iron Wave","floor":3.0},{"not_picked":["Shrug It Off","Iron Wave","Blood for Blood"],"picked":"SKIP","floor":5.0},{"not_picked":["Seeing Red","Anger+1","Clash+1"],"picked":"SKIP","floor":6.0},{"not_picked":["Clash+1","Immolate+1","Clothesline+1"],"picked":"SKIP","floor":8.0},{"not_picked":["Evolve","Havoc"],"picked":"Flame Barrier","floor":10.0}],"player_experience":171356,"relics_obtained":[{"floor":6.0,"key":"Molten Egg 2"},{"floor":8.0,"key":"Whetstone"},{"floor":9.0,"key":"Bottled Lightning"}],"event_choices":[{"cards_removed":["Strike_R"],"damage_healed":0.0,"max_hp_gain":0.0,"max_hp_loss":0.0,"gold_gain":0.0,"event_name":"Living Wall","player_choice":"Forget","floor":2.0,"gold_loss":0.0,"damage_taken":0.0},{"damage_healed":0.0,"max_hp_gain":0.0,"max_hp_loss":0.0,"gold_gain":0.0,"event_name":"The Woman in Blue","player_choice":"Bought 0 Potions","floor":7.0,"gold_loss":0.0,"damage_taken":0.0}],"is_beta":false,"boss_relics":[],"items_purged_floors":[],"is_endless":false,"potions_floor_spawned":[5,6],"killed_by":"3 Sentries","ascension_level":0}}