{"host":"szp1d6dso4pv7ddl","time":1613534832,"event":{"mods":["AchievementEnabler","Alarm Clock","BaseMod","Bestiary","Block Reminder","Colored Map","Colored Powertips","Curses Come First","Dark Map","Displayed Cursed Tome","Highlight Path","Minty Spire (QoL Compilation)","Permanent Neow","Quick Restart","Relic Sorter","Relic Stats","StSLib","Synergy Search"],"gold_per_floor":[113,113,133,152,162,162,197,197,223,252,252,232,262,9,9,9,9],"floor_reached":16,"language":"ENG","playtime":1141,"items_purged":["Strike_G"],"score":236,"play_id":"2a728731-e8b3-4a5b-9571-f55aff005b17","local_time":"20210216200712","is_ascension_mode":true,"campfire_choices":[{"data":"Acrobatics","floor":6,"key":"SMITH"},{"data":"Acrobatics","floor":8,"key":"SMITH"},{"floor":11,"key":"REST"},{"data":"Adrenaline","floor":15,"key":"SMITH"}],"circlet_count":0,"master_deck":["AscendersBane","Strike_G","Strike_G","Strike_G","Strike_G","Defend_G","Defend_G","Defend_G","Defend_G","Defend_G","Survivor","Neutralize","Acrobatics+1","Unload","Acrobatics+1","Underhanded Strike","Quick Slash","Underhanded Strike","Adrenaline+1"],"relics":["Busted Crown","Akabeko","Centennial Puzzle","Lantern","Anchor"],"acts_visited":["Exordium"],"potions_floor_usage":[5,7,13,16],"damage_taken":[{"damage":1,"enemies":"Small Slimes","floor":1,"turns":5},{"damage":0,"enemies":"Cultist","floor":3,"turns":3},{"damage":0,"enemies":"Jaw Worm","floor":4,"turns":3},{"damage":16,"enemies":"Exordium Thugs","floor":5,"turns":4},{"damage":2,"enemies":"3 Sentries","floor":7,"turns":8},{"damage":16,"enemies":"Gremlin Nob","floor":10,"turns":4},{"damage":6,"enemies":"3 Sentries","floor":13,"turns":5},{"damage":45,"enemies":"Slime Boss","floor":16,"turns":5}],"seed_played":"-6094397789935277223","potions_obtained":[{"floor":3,"key":"BlessingOfTheForge"},{"floor":4,"key":"Energy Potion"},{"floor":10,"key":"Energy Potion"},{"floor":12,"key":"BlessingOfTheForge"}],"is_trial":false,"path_per_floor":["M","?","M","M","M","R","E","R","T","E","R","?","E","$","R","B"],"character_chosen":"THE_SILENT","items_purchased":["Adrenaline"],"campfire_rested":1,"item_purchase_floors":[14],"current_hp_per_floor":[58,58,58,58,42,42,40,40,40,24,43,43,37,37,37,0,0],"gold":9,"neow_bonus":"BOSS_RELIC","is_daily":false,"chose_seed":false,"campfire_upgraded":3,"win_rate":0.0,"timestamp":1613534832,"path_taken":["M","?","M","M","?","R","E","R","T","E","R","?","E","?","R","BOSS"],"items_purchased_type":["Card"],"build_version":"2020-12-22","purchased_purges":1,"victory":false,"max_hp_per_floor":[66,66,66,66,66,66,66,66,66,66,66,66,66,66,66,66,66],"relic_stats":{"Centennial Puzzle":[9],"Busted Crown":14,"counters":[8,37],"obtain_stats":[{"Centennial Puzzle":9,"Lantern":10,"Anchor":13,"Busted Crown":0,"Akabeko":7,"Ring of the Snake":0},{"Centennial Puzzle":5,"Lantern":6,"Anchor":7,"Busted Crown":0,"Akabeko":5,"Ring of the Snake":0},{"Centennial Puzzle":23,"Lantern":27,"Anchor":32,"Busted Crown":0,"Akabeko":23,"Ring of the Snake":0}]},"card_choices":[{"not_picked":[],"picked":"Acrobatics","floor":1},{"not_picked":[],"picked":"Acrobatics","floor":3},{"not_picked":[],"picked":"Underhanded Strike","floor":4},{"not_picked":[],"picked":"Quick Slash","floor":5},{"not_picked":[],"picked":"Underhanded Strike","floor":7},{"not_picked":["Flying Knee"],"picked":"SKIP","floor":10},{"not_picked":["Backflip"],"picked":"SKIP","floor":13}],"player_experience":1594384,"relics_obtained":[{"floor":7,"key":"Akabeko"},{"floor":9,"key":"Centennial Puzzle"},{"floor":10,"key":"Lantern"},{"floor":13,"key":"Anchor"}],"event_choices":[{"damage_healed":0,"gold_gain":0,"player_choice":"1 cards matched","damage_taken":0,"max_hp_gain":0,"max_hp_loss":0,"event_name":"Match and Keep!","floor":2,"gold_loss":0,"cards_obtained":["Unload"]},{"damage_healed":0,"gold_gain":0,"player_choice":"Bought 1 Potion","damage_taken":0,"max_hp_gain":0,"max_hp_loss":0,"event_name":"The Woman in Blue","floor":12,"gold_loss":0}],"is_beta":false,"boss_relics":[],"items_purged_floors":[14],"is_endless":false,"potions_floor_spawned":[3,4,10],"killed_by":"Slime Boss","ascension_level":20}}