{"host":"m48o97djpbc1ji22","time":1613595671,"event":{"mods":["BaseMod","Colored Map","Minty Spire (QoL Compilation)","Permanent Neow","Relic Stats","StSLib"],"gold_per_floor":[109,109,127,127,138,157,157,168,168,185,255,255,272,282,282,386,386,402,402,402,402],"floor_reached":20,"language":"ENG","playtime":609,"items_purged":[],"score":218,"play_id":"99619a02-b299-44fa-be37-bcbfecc96586","local_time":"20210217230111","is_ascension_mode":true,"campfire_choices":[{"data":"Uppercut","floor":7,"key":"SMITH"},{"data":"Armaments","floor":15,"key":"SMITH"}],"circlet_count":0,"master_deck":["Strike_R","Strike_R","Strike_R","Strike_R","Bash","Anger","Perfected Strike","Headbutt","Uppercut+1","Perfected Strike","Wild Strike","Armaments+1","Double Tap","Clothesline","Twin Strike","Feed","Burning Pact+1","Rage+1","Hemokinesis+1","Ghostly","Ghostly","Ghostly","Ghostly","Ghostly"],"relics":["Burning Blood","Pantograph","Paper Frog","Shuriken","Astrolabe"],"acts_visited":["Exordium","TheCity"],"potions_floor_usage":[13,14,20,20],"damage_taken":[{"damage":7,"enemies":"Jaw Worm","floor":1,"turns":2},{"damage":0,"enemies":"Small Slimes","floor":3,"turns":3},{"damage":1,"enemies":"Cultist","floor":5,"turns":3},{"damage":6,"enemies":"Looter","floor":6,"turns":2},{"damage":11,"enemies":"2 Fungi Beasts","floor":8,"turns":3},{"damage":9,"enemies":"Blue Slaver","floor":10,"turns":2},{"damage":0,"enemies":"Red Slaver","floor":13,"turns":1},{"damage":25,"enemies":"Gremlin Gang","floor":14,"turns":4},{"damage":13,"enemies":"Slime Boss","floor":16,"turns":7},{"damage":11,"enemies":"Spheric Guardian","floor":18,"turns":3},{"damage":43,"enemies":"3 Byrds","floor":20,"turns":6}],"seed_played":"-568168028220266718","potions_obtained":[{"floor":5,"key":"AttackPotion"},{"floor":8,"key":"Weak Potion"},{"floor":10,"key":"BloodPotion"},{"floor":14,"key":"FearPotion"},{"floor":16,"key":"Dexterity Potion"}],"is_trial":false,"path_per_floor":["M","?","M","?","M","M","R","M","T","M","T","?","M","M","R","B",null,"M","?","M"],"character_chosen":"IRONCLAD","items_purchased":[],"campfire_rested":0,"item_purchase_floors":[],"current_hp_per_floor":[79,72,78,60,65,65,65,60,60,57,57,57,63,60,60,73,80,75,40,0,0],"gold":402,"neow_bonus":"TRANSFORM_CARD","is_daily":false,"chose_seed":false,"campfire_upgraded":2,"win_rate":0.0,"timestamp":1613595671,"path_taken":["M","?","M","?","M","M","R","M","T","M","?","?","M","?","R","BOSS","M","?","M"],"items_purchased_type":[],"build_version":"2020-12-22","purchased_purges":0,"victory":false,"max_hp_per_floor":[80,80,80,80,80,80,80,80,80,80,80,80,80,80,80,80,80,80,40,43,43],"relic_stats":{"counters":[11,36],"Shuriken":[6],"Pantograph":20,"Astrolabe":["Burning Pact","Rage","Hemokinesis"],"obtain_stats":[{"Shuriken":11,"Pantograph":4,"Astrolabe":17,"Burning Blood":0,"Paper Frog":9},{"Shuriken":6,"Pantograph":2,"Astrolabe":9,"Burning Blood":0,"Paper Frog":5},{"Shuriken":15,"Pantograph":5,"Astrolabe":27,"Burning Blood":0,"Paper Frog":13}],"Burning Blood":60},"card_choices":[{"not_picked":["Warcry","Wild Strike"],"picked":"Perfected Strike","floor":1},{"not_picked":["Seeing Red","Carnage"],"picked":"Headbutt","floor":3},{"not_picked":["Rage","Havoc"],"picked":"Uppercut","floor":5},{"not_picked":["Warcry","Rage"],"picked":"Perfected Strike","floor":6},{"not_picked":["Armaments","Inflame"],"picked":"Wild Strike","floor":8},{"not_picked":["Shrug It Off","Bloodletting"],"picked":"Armaments","floor":10},{"not_picked":["Fiend Fire","Clash","Clothesline"],"picked":"SKIP","floor":13},{"not_picked":["Iron Wave","Armaments"],"picked":"Twin Strike","floor":14},{"not_picked":["Berserk","Fiend Fire"],"picked":"Feed","floor":16},{"not_picked":["Thunderclap","Armaments+1","Clothesline+1"],"picked":"SKIP","floor":18}],"player_experience":70053,"relics_obtained":[{"floor":9,"key":"Paper Frog"},{"floor":11,"key":"Shuriken"}],"event_choices":[{"cards_removed":["Defend_R"],"damage_healed":0,"gold_gain":0,"player_choice":"Card Removal","damage_taken":7,"max_hp_gain":0,"max_hp_loss":0,"event_name":"Golden Wing","floor":2,"gold_loss":0},{"damage_healed":0,"gold_gain":0,"player_choice":"Success","damage_taken":18,"relics_obtained":["Pantograph"],"max_hp_gain":0,"max_hp_loss":0,"event_name":"Scrap Ooze","floor":4,"gold_loss":0},{"damage_healed":0,"gold_gain":0,"player_choice":"2 cards matched","damage_taken":0,"max_hp_gain":0,"max_hp_loss":0,"event_name":"Match and Keep!","floor":12,"gold_loss":0,"cards_obtained":["Double Tap","Clothesline"]},{"damage_healed":0,"gold_gain":0,"player_choice":"Became a Ghost","damage_taken":0,"max_hp_gain":0,"max_hp_loss":40,"event_name":"Ghosts","floor":19,"gold_loss":0,"cards_obtained":["Ghostly","Ghostly","Ghostly","Ghostly","Ghostly"]}],"is_beta":false,"boss_relics":[{"not_picked":["Snecko Eye","Ectoplasm"],"picked":"Astrolabe"}],"items_purged_floors":[],"is_endless":false,"potions_floor_spawned":[5,8,10,14,16],"killed_by":"3 Byrds","ascension_level":3}}