{"host":"7zq0fgva91iwgkd5","time":1613524310,"event":{"mods":["AchievementEnabler","BaseMod","Bestiary","Colored Map","Curses Come First","DeckTracker","Minty Spire (QoL Compilation)","Rare Cards Sparkle","StSLib","Unceasing Turn Reminder"],"gold_per_floor":[214,234,234,244,394,394,406,421,421,441,441,460,80,106,106,185,185,198,198,217,217,19,19,47,47,96,96,96,116,170,180,180,180,180],"floor_reached":33,"language":"ENG","playtime":867,"items_purged":["Doubt"],"score":492,"play_id":"f50efef8-d510-4695-be94-4ac54e187805","local_time":"20210217021150","is_ascension_mode":true,"campfire_choices":[{"data":"Carnage","floor":6,"key":"SMITH"},{"floor":11,"key":"DIG"},{"floor":15,"key":"DIG"},{"floor":23,"key":"DIG"},{"floor":25,"key":"REST"},{"floor":28,"key":"DIG"},{"floor":32,"key":"DIG"}],"circlet_count":0,"master_deck":["AscendersBane","Defend_R+1","Defend_R+1","Defend_R+1","Defend_R+1","Bash","Thunderclap","Anger","Perfected Strike","Carnage+1","Flame Barrier+1","Twin Strike","Iron Wave","Flex+1","Reaper","Decay","Shockwave+1","Spot Weakness","Bite","Bite","Bite","Bite","Bite"],"relics":["Burning Blood","Shovel","Matryoshka","Tiny Chest","Toy Ornithopter","Torii","Singing Bowl","Philosopher\u0027s Stone","ClockworkSouvenir","Dream Catcher","Letter Opener","Vajra","Nunchaku","War Paint","Kunai","Ancient Tea Set","Pantograph"],"acts_visited":["Exordium","TheCity"],"potions_floor_usage":[14,14,20,24,33],"damage_taken":[{"damage":16,"enemies":"2 Louse","floor":1,"turns":3},{"damage":1,"enemies":"Cultist","floor":2,"turns":4},{"damage":9,"enemies":"Small Slimes","floor":4,"turns":3},{"damage":4,"enemies":"2 Fungi Beasts","floor":7,"turns":2},{"damage":0,"enemies":"Large Slime","floor":8,"turns":4},{"damage":14,"enemies":"3 Louse","floor":10,"turns":3},{"damage":10,"enemies":"2 Fungi Beasts","floor":12,"turns":3},{"damage":18,"enemies":"3 Sentries","floor":14,"turns":5},{"damage":48,"enemies":"Slime Boss","floor":16,"turns":10},{"damage":26,"enemies":"Chosen","floor":18,"turns":5},{"damage":9,"enemies":"3 Byrds","floor":20,"turns":3},{"damage":56,"enemies":"Slavers","floor":24,"turns":7},{"damage":11,"enemies":"Centurion and Healer","floor":29,"turns":7},{"damage":0,"enemies":"Cultist and Chosen","floor":31,"turns":4},{"damage":74,"enemies":"Champ","floor":33,"turns":6}],"seed_played":"-7742153237397800497","potions_obtained":[{"floor":4,"key":"Energy Potion"},{"floor":12,"key":"PowerPotion"},{"floor":14,"key":"LiquidMemories"},{"floor":18,"key":"Regen Potion"}],"is_trial":false,"path_per_floor":["M","M","?","M","?","R","M","M","T","M","R","M","$","E","R","B",null,"M","?","M","?","$","R","E","R","T","?","R","M","T","M","R","B"],"character_chosen":"IRONCLAD","items_purchased":["Tiny Chest","Toy Ornithopter","ClockworkSouvenir","BloodPotion"],"campfire_rested":1,"item_purchase_floors":[13,13,22,22],"current_hp_per_floor":[58,63,63,60,60,60,62,68,68,60,60,56,56,54,54,12,59,47,47,66,66,66,66,50,73,73,55,55,53,53,59,59,0,0],"gold":180,"neow_bonus":"HUNDRED_GOLD","is_daily":false,"chose_seed":false,"campfire_upgraded":1,"win_rate":0.0,"timestamp":1613524310,"path_taken":["M","M","?","?","?","R","M","M","T","M","R","M","$","E","R","BOSS","M","?","M","?","$","R","E","R","T","?","R","M","?","M","R","BOSS"],"items_purchased_type":["Relic","Relic","Relic","Potion"],"build_version":"2020-12-22","purchased_purges":1,"victory":false,"max_hp_per_floor":[75,75,75,75,75,75,75,75,75,75,75,75,75,75,75,75,75,77,77,77,77,77,77,79,79,79,55,55,57,57,59,59,59,59],"card_choices":[{"not_picked":["Wild Strike","Bloodletting"],"picked":"Thunderclap","floor":1},{"not_picked":["Whirlwind","Thunderclap"],"picked":"Anger","floor":2},{"not_picked":["Perfected Strike","Clothesline"],"picked":"Carnage","floor":4},{"not_picked":["Brutality","Anger"],"picked":"Flame Barrier","floor":7},{"not_picked":["Rupture","Body Slam"],"picked":"Twin Strike","floor":8},{"not_picked":["Sword Boomerang","Clash"],"picked":"Iron Wave","floor":10},{"not_picked":["Power Through","Havoc","Clothesline"],"picked":"SKIP","floor":12},{"not_picked":["Exhume","Wild Strike"],"picked":"Flex","floor":14},{"not_picked":["Berserk","Brutality"],"picked":"Reaper","floor":16},{"not_picked":["Reckless Charge+1","Infernal Blade","Headbutt"],"picked":"Singing Bowl","floor":18},{"not_picked":["Sword Boomerang","Iron Wave"],"picked":"Shockwave+1","floor":20},{"not_picked":["Heavy Blade+1","Shrug It Off","Exhume"],"picked":"Singing Bowl","floor":24},{"not_picked":["Perfected Strike","Warcry"],"picked":"Spot Weakness","floor":25},{"not_picked":["Havoc","Body Slam","Burning Pact"],"picked":"Singing Bowl","floor":29},{"not_picked":["Warcry+1","Headbutt","Clash"],"picked":"Singing Bowl","floor":31}],"player_experience":174438,"relics_obtained":[{"floor":9,"key":"Shovel"},{"floor":11,"key":"Matryoshka"},{"floor":14,"key":"Torii"},{"floor":15,"key":"Singing Bowl"},{"floor":23,"key":"Dream Catcher"},{"floor":24,"key":"Letter Opener"},{"floor":26,"key":"Vajra"},{"floor":26,"key":"Nunchaku"},{"floor":28,"key":"War Paint"},{"floor":30,"key":"Kunai"},{"floor":30,"key":"Ancient Tea Set"},{"floor":32,"key":"Pantograph"}],"event_choices":[{"damage_healed":0,"gold_gain":0,"cards_transformed":["Strike_R"],"player_choice":"Transformed","damage_taken":0,"max_hp_gain":0,"max_hp_loss":0,"event_name":"Transmorgrifier","floor":3,"gold_loss":0,"cards_obtained":["Perfected Strike"]},{"damage_healed":0,"gold_gain":150,"player_choice":"AGREE","damage_taken":0,"max_hp_gain":0,"max_hp_loss":0,"event_name":"Liars Game","floor":5,"gold_loss":0,"cards_obtained":["Doubt"]},{"damage_healed":0,"gold_gain":0,"player_choice":"Smashed Altar","damage_taken":0,"max_hp_gain":0,"max_hp_loss":0,"event_name":"Forgotten Altar","floor":19,"gold_loss":0,"cards_obtained":["Decay"]},{"damage_healed":0,"gold_gain":0,"player_choice":"Simplicity","damage_taken":0,"max_hp_gain":0,"max_hp_loss":0,"event_name":"Back to Basics","floor":21,"gold_loss":0,"cards_upgraded":["Strike_R","Strike_R","Strike_R","Strike_R","Defend_R","Defend_R","Defend_R","Defend_R"]},{"damage_healed":0,"gold_gain":0,"player_choice":"Became a vampire","damage_taken":0,"max_hp_gain":0,"max_hp_loss":24,"event_name":"Vampires","floor":27,"gold_loss":0,"cards_obtained":["Bite","Bite","Bite","Bite","Bite"]}],"is_beta":false,"boss_relics":[{"not_picked":["Ectoplasm","Coffee Dripper"],"picked":"Philosopher\u0027s Stone"}],"items_purged_floors":[13],"is_endless":false,"potions_floor_spawned":[4,12,14,18],"killed_by":"Champ","ascension_level":15}}