{"host":"kaame4qwxxqnygv7","time":1613548046,"event":{"mods":["AchievementEnabler","BaseMod","Better Match","Better Skull","Better Third Choice","BetterRewards","Block Reminder","Bossed Relics","DeckTracker","Energized Spire","GungeonMod","Minty Spire (QoL Compilation)","Quick Restart","Red Circlet Mod","StSLib","SuperFastMode","The Blue Laboratory"],"gold_per_floor":[113,113,113,140,140,140,140,105,105,136,61,61,74,94,94,94,94],"floor_reached":16,"language":"KOR","playtime":379,"items_purged":["DemoMod:Strike_Huntress"],"score":182,"play_id":"043e85f4-7125-4a6e-a3d8-ea4a2a98f729","local_time":"20210217164726","is_ascension_mode":true,"campfire_choices":[{"floor":6.0,"key":"REST"},{"floor":12,"key":"REST"},{"floor":15,"key":"REST"}],"circlet_count":0,"master_deck":["AscendersBane","DemoMod:Strike_Huntress","DemoMod:Strike_Huntress","DemoMod:Defend_Huntress","DemoMod:Defend_Huntress","DemoMod:Defend_Huntress","DemoMod:Roll","DemoMod:ManualReload","DemoMod:RustySidearm","DemoMod:CrossBow","DemoMod:AWP","DemoMod:FullFirepower"],"relics":["DemoMod:Dog","FossilizedHelix","HandDrill","DemoMod:GnawedKey","DemoMod:ClearGuonStone","Centennial Puzzle","Golden Idol","Bag of Marbles","DemoMod:MemoryAlloy","Omamori"],"acts_visited":["Exordium"],"potions_floor_usage":[10],"damage_taken":[{"damage":0.0,"enemies":"Cultist","floor":1.0,"turns":3.0},{"damage":36,"enemies":"3 Sentries","floor":10,"turns":12},{"damage":0,"enemies":"2 Louse","floor":13,"turns":1},{"damage":0,"enemies":"Jaw Worm","floor":14,"turns":1},{"damage":50,"enemies":"Slime Boss","floor":16,"turns":13}],"seed_played":"6411845301802093171","potions_obtained":[{"floor":1.0,"key":"Swift Potion"}],"is_trial":false,"path_per_floor":["M","?","?","T","?","R","?","?","T","E","$","R","M","M","R","B"],"character_chosen":"HUNTRESS","items_purchased":["HandDrill","DemoMod:GnawedKey","DemoMod:ClearGuonStone","Centennial Puzzle","Fire Potion"],"campfire_rested":3,"item_purchase_floors":[0,0,0,0,0],"current_hp_per_floor":[30,23,23,23,23,40,40,54,54,18,18,35,35,35,52,2,2],"gold":94,"neow_bonus":"","is_daily":false,"chose_seed":false,"campfire_upgraded":0,"win_rate":0.0,"timestamp":1613548046,"path_taken":["M","?","?","?","?","R","?","?","T","E","$","R","?","M","R","BOSS"],"items_purchased_type":["Relic","Relic","Relic","Relic","Potion"],"build_version":"2020-12-22","purchased_purges":1,"victory":false,"max_hp_per_floor":[63,63,57,57,57,57,57,57,57,57,57,57,57,57,57,57,57],"card_choices":[{"not_picked":["DemoMod:ChanceBullets","DemoMod:StrategicReserve","DemoMod:TeaPot"],"picked":"SKIP","floor":1.0},{"not_picked":["DemoMod:DoubleSwitch","DemoMod:HardPowerCard"],"picked":"DemoMod:AWP","floor":10},{"not_picked":["DemoMod:Replace","DemoMod:TeaPot","DemoMod:DirectionalPad"],"picked":"SKIP","floor":13},{"not_picked":["DemoMod:MachoBrace","DemoMod:FastSwitch"],"picked":"DemoMod:FullFirepower","floor":14}],"player_experience":305529,"relics_obtained":[{"floor":4.0,"key":"Bag of Marbles"},{"floor":9.0,"key":"DemoMod:MemoryAlloy"},{"floor":10,"key":"Omamori"}],"event_choices":[{"cards_removed":["DemoMod:Defend_Huntress"],"damage_healed":0.0,"max_hp_gain":0.0,"max_hp_loss":0.0,"gold_gain":0.0,"event_name":"Golden Wing","player_choice":"Card Removal","floor":2.0,"gold_loss":0.0,"damage_taken":7.0},{"damage_healed":0.0,"max_hp_gain":0.0,"max_hp_loss":6.0,"gold_gain":0.0,"event_name":"Golden Idol","player_choice":"Lose Max HP","floor":3.0,"gold_loss":0.0,"damage_taken":0.0,"relics_obtained":["Golden Idol"]},{"damage_healed":0.0,"max_hp_gain":0.0,"max_hp_loss":0.0,"gold_gain":0.0,"event_name":"betterThird:BetterScrap","player_choice":"LEAVE","floor":5.0,"gold_loss":0.0,"damage_taken":0.0,"cards_obtained":["Echo Form"]},{"damage_healed":0.0,"max_hp_gain":0.0,"max_hp_loss":0.0,"gold_gain":0.0,"event_name":"betterThird:BetterSerpent","player_choice":"Ignored","floor":7.0,"gold_loss":0.0,"damage_taken":140.0},{"damage_healed":14.0,"max_hp_gain":0.0,"max_hp_loss":0.0,"gold_gain":0.0,"event_name":"The Cleric","player_choice":"Healed","floor":8.0,"gold_loss":35.0,"damage_taken":0.0}],"is_beta":false,"boss_relics":[],"items_purged_floors":[11],"is_endless":false,"potions_floor_spawned":[1],"killed_by":"Slime Boss","ascension_level":18}}