{"host":"0dsi8ju7ih3zb7n8","time":1613549169,"event":{"mods":["2.2 Compatiblity","Act Like it!","Astrologer","BaseMod","Downfall","Hermit","Minty Spire (QoL Compilation)","Robot Space Explorer","Spicy Shops","StSLib","The Marked"],"gold_per_floor":[99,115,133,133,133,133,203,221,221,240,240,240,17,43,53,148,448,448,464,480,199,199,219,219,237,251,351,379,398,398,409,420,523,523,523,533,550,550,88,136,136,150,185,85,113,163,63,63,80,80],"floor_reached":51,"language":"ENG","playtime":3699,"items_purged":["bronze:Strike","bronze:Defend"],"score":827,"play_id":"8ece8d43-7d64-494a-8364-4490e983e9e3","local_time":"20210217090609","is_ascension_mode":false,"campfire_choices":[{"data":"Finesse","floor":1,"key":"SMITH"},{"data":"bronze:Replicate","floor":9,"key":"SMITH"},{"data":"bronze:Shell","floor":12,"key":"SMITH"},{"data":"bronze:SpaghettiCode","floor":18,"key":"SMITH"},{"data":"bronze:RecursiveStrike","floor":30,"key":"SMITH"},{"floor":35,"key":"RECALL"},{"data":"Enlightenment","floor":44,"key":"SMITH"},{"floor":47,"key":"REST"}],"circlet_count":0,"master_deck":["bronze:Strike","bronze:Defend","bronze:Replicate+1","bronze:Goto+1","Finesse+1","bronze:ChosenStrike+1","bronze:Repulsor","bronze:DelayedGuard+1","bronze:ClassDefault","bronze:Shell+1","bronze:Boost","bronze:ChildClass","bronze:FindAndReplace","bronze:SpaghettiCode+1","CurseOfTheBell","bronze:Iterate+1","bronze:ForLoop","bronze:FineTuning","Enlightenment+1","bronze:ItsAFeature","bronze:Allocate+1","bronze:TinkerersToolbox","bronze:RecursiveStrike+1","bronze:ChildClass+1","bronze:Constructor+1","bronze:Verify","bronze:Optimize","bronze:InfiniteLoop+1","bronze:Return+1","bronze:Flail+1","bronze:FineTuning+1","bronze:Mutator"],"relics":["bronze:BronzeCore","Nunchaku","Membership Card","Anchor","Mercury Hourglass","Calling Bell","Akabeko","White Beast Statue","Old Coin","bronze:CableSpool","Bag of Preparation","StoneCalendar","Pen Nib","Darkstone Periapt","Boot","Empty Cage","Shuriken","OrangePellets","Potion Belt","bronze:ProtectiveGoggles","Orichalcum","Regal Pillow","HornCleat","Whetstone","downfall:HeartBlessingRed","Oddly Smooth Stone","Ginger","downfall:HeartBlessingGreen"],"acts_visited":["Exordium","TheCity","TheBeyond"],"potions_floor_usage":[28,31,50],"damage_taken":[{"damage":0,"enemies":"2 Louse","floor":2,"turns":3},{"damage":0,"enemies":"Small Slimes","floor":3,"turns":4},{"damage":0,"enemies":"Cultist","floor":8,"turns":5},{"damage":7,"enemies":"3 Louse","floor":10,"turns":3},{"damage":0,"enemies":"downfall:FleeingMerchant","floor":13,"turns":4},{"damage":0,"enemies":"Lagavulin","floor":14,"turns":6},{"damage":0,"enemies":"Red Slaver","floor":15,"turns":2},{"damage":3,"enemies":"WA_ARCHETYPE_RETAIN","floor":16,"turns":4},{"damage":2,"enemies":"Shell Parasite","floor":19,"turns":6},{"damage":0,"enemies":"Chosen","floor":20,"turns":3},{"damage":5,"enemies":"downfall:FleeingMerchant","floor":21,"turns":4},{"damage":0,"enemies":"downfall:FleeingMerchant","floor":23,"turns":4},{"damage":0,"enemies":"Snake Plant","floor":25,"turns":1},{"damage":0,"enemies":"Snecko","floor":26,"turns":2},{"damage":0,"enemies":"Snecko","floor":27,"turns":2},{"damage":16,"enemies":"Slavers","floor":28,"turns":5},{"damage":0,"enemies":"Centurion and Healer","floor":29,"turns":4},{"damage":0,"enemies":"Snake Plant","floor":31,"turns":4},{"damage":0,"enemies":"Snecko","floor":32,"turns":1},{"damage":1,"enemies":"IC_MUSHROOM_ARCHETYPE","floor":33,"turns":2},{"damage":0,"enemies":"3 Shapes","floor":36,"turns":2},{"damage":9,"enemies":"3 Darklings","floor":37,"turns":6},{"damage":0,"enemies":"Jaw Worm Horde","floor":42,"turns":1},{"damage":15,"enemies":"Reptomancer","floor":43,"turns":4},{"damage":17,"enemies":"Nemesis","floor":45,"turns":5},{"damage":0,"enemies":"Nemesis","floor":46,"turns":2},{"damage":0,"enemies":"4 Shapes","floor":49,"turns":3},{"damage":13,"enemies":"SI_POISON_ARCHETYPE","floor":50,"turns":7}],"seed_played":"-4580685521501763544","potions_obtained":[{"floor":10,"key":"SteroidPotion"},{"floor":14,"key":"bronze:CleanCodePotion"},{"floor":15,"key":"champ:CounterPotion"},{"floor":26,"key":"ColorlessPotion"},{"floor":29,"key":"Energy Potion"},{"floor":31,"key":"bronze:CleanCodePotion"},{"floor":32,"key":"bronze:CleanCodePotion"},{"floor":37,"key":"DuplicationPotion"},{"floor":42,"key":"EssenceOfSteel"},{"floor":43,"key":"LiquidBronze"},{"floor":46,"key":"ColorlessPotion"}],"is_trial":false,"path_per_floor":["R","M","M","?","?","?","T","M","R","M","?","R","$","E","M","B",null,"R","M","M","$","?","$","T","M","M","?","E","M","R","M","M","B",null,"R","M","M","?","$","?","T","M","E","R","E","?","R","$","M","B",null],"character_chosen":"THE_AUTOMATON","items_purchased":["Membership Card","Anchor","bronze:Boost","bronze:CableSpool","Bag of Preparation","Enlightenment","StoneCalendar","bronze:TinkerersToolbox","Pen Nib","Shuriken","OrangePellets","Potion Belt","bronze:Flail","bronze:ProtectiveGoggles","Orichalcum"],"campfire_rested":1,"item_purchase_floors":[13,13,13,21,21,21,23,23,23,39,39,39,39,39,39],"current_hp_per_floor":[70,70,70,70,63,63,63,63,63,56,56,56,56,56,56,53,70,70,68,68,63,63,63,63,63,63,63,47,47,47,47,47,46,70,70,70,61,61,61,61,61,61,46,46,29,29,65,65,65,52],"gold":80,"neow_bonus":"RANDOM_COLORLESS","is_daily":false,"chose_seed":false,"campfire_upgraded":6,"win_rate":0.0,"timestamp":1613549169,"path_taken":["R","M","M","?","?","?","T","M","R","M","?","R","$","E","M","BOSS","R","M","M","$","?","$","T","M","M","?","E","?","R","M","M","BOSS","R","M","M","?","$","?","T","M","E","R","E","?","R","?","M","BOSS"],"items_purchased_type":["Relic","Relic","Card","Relic","Relic","Card","Relic","Card","Relic","Relic","Relic","Relic","Card","Relic","Relic"],"build_version":"2020-12-22","purchased_purges":2,"victory":true,"max_hp_per_floor":[70,70,70,70,70,70,70,70,70,70,70,70,70,70,70,70,70,70,70,70,70,70,70,70,70,70,70,70,70,70,70,70,70,70,70,70,70,70,70,70,70,70,70,70,70,70,70,70,70,70],"card_choices":[{"not_picked":["Deep Breath","Swift Strike"],"picked":"Finesse","floor":0},{"not_picked":["bronze:BronzeOrb","bronze:Boost"],"picked":"bronze:ChosenStrike","floor":2},{"not_picked":["bronze:Deprecate","bronze:BugBarrage"],"picked":"bronze:Repulsor","floor":3},{"not_picked":["bronze:FollowUp","bronze:Deprecate"],"picked":"bronze:ClassDefault","floor":8},{"not_picked":["bronze:WildBeam","bronze:ForLoop"],"picked":"bronze:Shell","floor":10},{"not_picked":["bronze:BugBarrage","bronze:NullPointer","bronze:Frontload"],"picked":"SKIP","floor":13},{"not_picked":["bronze:BugBarrage","bronze:Shell"],"picked":"bronze:ChildClass","floor":14},{"not_picked":["bronze:WildBeam","bronze:Philosophize"],"picked":"bronze:FindAndReplace","floor":15},{"not_picked":["bronze:BurnOut","bronze:ShipIt"],"picked":"bronze:SpaghettiCode","floor":16},{"not_picked":["bronze:DelayedSlice","bronze:CloningBeam"],"picked":"bronze:Iterate+1","floor":19},{"not_picked":["bronze:Branch","bronze:Turbo"],"picked":"bronze:ForLoop","floor":20},{"not_picked":["bronze:Frontload","bronze:Constructor"],"picked":"bronze:FineTuning","floor":21},{"not_picked":["bronze:ForLoop","bronze:Constructor"],"picked":"bronze:Allocate+1","floor":23},{"not_picked":["bronze:BitShift","bronze:CloningBeam","bronze:ForceShield"],"picked":"SKIP","floor":25},{"not_picked":["bronze:BuggyMess","bronze:DelayedSlice"],"picked":"bronze:RecursiveStrike","floor":26},{"not_picked":["bronze:BitShift","bronze:Overheat"],"picked":"bronze:ChildClass+1","floor":27},{"not_picked":["bronze:DelayedGuard","bronze:GetLatest"],"picked":"bronze:Constructor+1","floor":28},{"not_picked":["bronze:CutThrough","bronze:BronzeOrb"],"picked":"bronze:Verify","floor":29},{"not_picked":["bronze:BugBarrage","bronze:BuggyMess","bronze:Frontload"],"picked":"SKIP","floor":31},{"not_picked":["bronze:Separator+1","bronze:WhirlingStrike+1"],"picked":"bronze:Optimize","floor":32},{"not_picked":["bronze:RecursiveStrike","bronze:ThunderWave"],"picked":"bronze:InfiniteLoop","floor":33},{"not_picked":["bronze:Separator","bronze:CloningBeam","bronze:ForLoop+1"],"picked":"SKIP","floor":36},{"not_picked":["bronze:OilSpill+1","bronze:Iterate"],"picked":"bronze:Return+1","floor":37},{"not_picked":["bronze:Safeguard+1","bronze:Shell","bronze:Iterate+1"],"picked":"SKIP","floor":42},{"not_picked":["bronze:Shield+1","bronze:DelayedGuard+1","bronze:OilSpill"],"picked":"SKIP","floor":43},{"not_picked":["bronze:Fortify+1","bronze:Overheat"],"picked":"bronze:FineTuning+1","floor":45},{"not_picked":["bronze:Philosophize","bronze:Repair"],"picked":"bronze:Mutator","floor":49}],"player_experience":866379,"relics_obtained":[{"floor":14,"key":"Mercury Hourglass"},{"floor":17,"key":"Akabeko"},{"floor":17,"key":"White Beast Statue"},{"floor":17,"key":"Old Coin"},{"floor":24,"key":"Darkstone Periapt"},{"floor":28,"key":"Boot"},{"floor":40,"key":"Regal Pillow"},{"floor":41,"key":"HornCleat"},{"floor":43,"key":"Whetstone"},{"floor":45,"key":"Oddly Smooth Stone"},{"floor":46,"key":"Ginger"}],"event_choices":[{"cards_removed":["bronze:Strike"],"damage_healed":0,"gold_gain":0,"player_choice":"Card Removal","damage_taken":0,"max_hp_gain":0,"max_hp_loss":0,"event_name":"The Cleric","floor":4,"gold_loss":0},{"damage_healed":0,"gold_gain":0,"player_choice":"Success","damage_taken":7,"relics_obtained":["Nunchaku"],"max_hp_gain":0,"max_hp_loss":0,"event_name":"Scrap Ooze","floor":5,"gold_loss":0},{"damage_healed":0,"gold_gain":0,"cards_transformed":["bronze:Defend"],"player_choice":"Change","damage_taken":0,"max_hp_gain":0,"max_hp_loss":0,"event_name":"Living Wall","floor":6,"gold_loss":0,"cards_obtained":["bronze:DelayedGuard"]},{"damage_healed":0,"gold_gain":0,"player_choice":"Read","damage_taken":0,"max_hp_gain":0,"max_hp_loss":0,"event_name":"The Library","floor":22,"gold_loss":0,"cards_obtained":["bronze:ItsAFeature"]}],"is_beta":false,"boss_relics":[{"not_picked":["Fusion Hammer","Coffee Dripper"],"picked":"Calling Bell"},{"not_picked":["Pandora\u0027s Box","Black Star"],"picked":"Empty Cage"}],"items_purged_floors":[23,23],"is_endless":false,"potions_floor_spawned":[10,14,15,19,20,21,23,25,26,27,28,29,31,32,33,36,37,42,43,45,46,49],"ascension_level":0}}