{"host":"0cm5wy4nhuju7tij","time":1613596099,"event":{"mods":["100% Spire Juice","2.2 Compatiblity","AchievementEnabler","Aspiration","BaseMod","Better Third Choice","BetterRewards","CCEM2","CapriCore","Colored Powertips","Curses Come First","Displayed Cursed Tome","Downfall","Energized Spire","Evolution","Filter the Spire","Fireblade Mod","Highlight Path","Jess\u0027s Bottle","Minty Spire (QoL Compilation)","Permanent Neow","Poor People Problems","Relic Filter Mod","Relic Stats","Shapeshifter Mod","Shop Mod","Spicy Shops","StSLib","The Cursed","The Servant 0.9.4","TheSurvivalist","TheVacant","Weighted Paths"],"gold_per_floor":[112,122,122,133,149,149,179,179,231,248,266,320,338,369,369,468,468,479,496,512,611,624,641,641,674,701,362,382,435,435,464,464,589,589,618,640,659,693,712,712,755,782,805,814,823,872,30,89,89,119,119],"floor_reached":50,"language":"ENG","playtime":4222,"items_purged":["StSShapeShifter:ShapeShifter_Defend"],"score":635,"play_id":"53fd28ba-2ccf-4b7b-ae8a-33f992423d76","local_time":"20210217160819","is_ascension_mode":false,"campfire_choices":[{"data":"StSShapeShifter:WolfForm","floor":6,"key":"SMITH"},{"data":"StSShapeShifter:Bonk","floor":8,"key":"SMITH"},{"data":"StSShapeShifter:ReplenishingNectar","floor":15,"key":"SMITH"},{"data":"StSShapeShifter:MysticalSeed","floor":24,"key":"SMITH"},{"floor":32,"key":"REST"},{"floor":40,"key":"REST"},{"floor":49,"key":"RECALL"}],"circlet_count":0,"master_deck":["StSShapeShifter:BloomingSlash","StSShapeShifter:BloomingSlash","StSShapeShifter:BloomingSlash","StSShapeShifter:BloomingSlash","StSShapeShifter:ShapeShifter_Defend","StSShapeShifter:ShapeShifter_Defend","StSShapeShifter:ShapeShifter_Defend","StSShapeShifter:ShapeShifter_Defend","StSShapeShifter:Lynx_Form+1","StSShapeShifter:FesteringBite","StSShapeShifter:MonkeyForm","StSShapeShifter:Bonk+1","StSShapeShifter:WolfForm+1","StSShapeShifter:BloomingSlash","StSShapeShifter:Rabid","StSShapeShifter:BurstingSpore","StSShapeShifter:BarkSkin","StSShapeShifter:ReplenishingNectar+1","StSShapeShifter:MysticalSeed+1","StSShapeShifter:DeerForm+1","StSShapeShifter:Roar","StSShapeShifter:MonkeyForm","StSShapeShifter:Guard","StSShapeShifter:FoxForm+1","StSShapeShifter:BarkSkin+1","StSShapeShifter:FallingLeaves","StSShapeShifter:Winter","StSShapeShifter:SunflowerShuriken","StSShapeShifter:FlowerShield+1","StSShapeShifter:ForestFire","StSShapeShifter:PoisonIvy","StSShapeShifter:LeapingSlash+1","StSShapeShifter:GoldenBerries+1","StSShapeShifter:Maul+1","StSShapeShifter:UnicornForm","Mind Blast","StSShapeShifter:BurstingSpore+1","StSShapeShifter:PorcupineForm+1"],"relics":["StSShapeShifter:AnimalHeart","StSShapeShifter:TheShapeShiftersMagnolia","EVO:Axolotl","CCEMRelics:PorcelainBowl","InkBottle","MealTicket","Pen Nib","Pear","Busted Crown","Blood Vial","Bronze Scales","CCEMRelics:DissonantTune","StSShapeShifter:EmeraldPantherFigurine","CeramicFish","jessBottle:WaterBottleRelic","StSShapeShifter:AlchemistsNecklace","CCEMRelics:WarHorn","Lizard Tail","Dead Branch","Meat on the Bone","StSShapeShifter:AlarmClock"],"acts_visited":["Exordium","TheCity","TheBeyond"],"potions_floor_usage":[16,16,25],"damage_taken":[{"damage":0,"enemies":"2 Louse","floor":1,"turns":2},{"damage":0,"enemies":"Cultist","floor":2,"turns":3},{"damage":2,"enemies":"Small Slimes","floor":4,"turns":3},{"damage":0,"enemies":"3 Louse","floor":5,"turns":4},{"damage":23,"enemies":"Gremlin Nob","floor":7,"turns":4},{"damage":20,"enemies":"Large Slime","floor":10,"turns":6},{"damage":16,"enemies":"Blue Slaver","floor":11,"turns":4},{"damage":10,"enemies":"Looter","floor":13,"turns":3},{"damage":19,"enemies":"3 Sentries","floor":14,"turns":5},{"damage":21,"enemies":"Hexaghost","floor":16,"turns":12},{"damage":27,"enemies":"Spheric Guardian","floor":18,"turns":4},{"damage":9,"enemies":"3 Byrds","floor":19,"turns":7},{"damage":42,"enemies":"Shelled Parasite and Fungi","floor":20,"turns":5},{"damage":30,"enemies":"Centurion and Healer","floor":22,"turns":6},{"damage":0,"enemies":"Cultist and Chosen","floor":23,"turns":6},{"damage":73,"enemies":"Slavers","floor":25,"turns":8},{"damage":24,"enemies":"Snake Plant","floor":28,"turns":4},{"damage":46,"enemies":"Gremlin Leader","floor":29,"turns":7},{"damage":15,"enemies":"Centurion and Healer","floor":31,"turns":4},{"damage":74,"enemies":"Collector","floor":33,"turns":12},{"damage":14,"enemies":"3 Shapes","floor":35,"turns":6},{"damage":25,"enemies":"3 Darklings","floor":36,"turns":5},{"damage":46,"enemies":"Transient","floor":37,"turns":5},{"damage":34,"enemies":"Maw","floor":38,"turns":8},{"damage":53,"enemies":"Spire Growth","floor":39,"turns":4},{"damage":60,"enemies":"Reptomancer","floor":41,"turns":8},{"damage":23,"enemies":"Writhing Mass","floor":42,"turns":6},{"damage":46,"enemies":"Nemesis","floor":46,"turns":7},{"damage":23,"enemies":"2 Orb Walkers","floor":48,"turns":6},{"damage":231,"enemies":"Donu and Deca","floor":50,"turns":10}],"seed_played":"-7946439513472118003","potions_obtained":[{"floor":5,"key":"Guardian:BlockOnCardUsePotion"},{"floor":7,"key":"EssenceOfSteel"},{"floor":13,"key":"Block Potion"},{"floor":16,"key":"Slimebound:ThreeZeroPotion"},{"floor":19,"key":"SkillPotion"},{"floor":25,"key":"FairyPotion"}],"is_trial":false,"path_per_floor":["M","M","?","M","M","R","E","R","T","M","M","T","M","E","R","B",null,"M","M","M","?","M","M","R","E","T","$","M","E","?","M","R","B",null,"M","M","M","M","M","R","E","M","T","?","?","E","$","?","R","B"],"character_chosen":"SHAPESHIFTER","items_purchased":["CCEMRelics:DissonantTune","StSShapeShifter:EmeraldPantherFigurine","Lizard Tail","Dead Branch","Meat on the Bone"],"campfire_rested":2,"item_purchase_floors":[27,27,47,47,47],"current_hp_per_floor":[78,78,78,76,78,78,65,65,65,51,38,38,28,37,37,29,88,73,81,50,50,35,70,70,22,22,37,33,25,25,31,57,6,88,80,75,42,48,28,54,28,61,61,61,61,61,76,73,73,0,0],"gold":119,"neow_bonus":"THREE_CARDS","is_daily":false,"chose_seed":false,"campfire_upgraded":4,"win_rate":0.0,"timestamp":1613596099,"path_taken":["M","M","?","M","M","R","E","R","T","?","M","?","M","E","R","BOSS","M","M","M","?","M","M","R","E","T","$","M","E","?","M","R","BOSS","M","M","M","M","M","R","E","M","T","?","?","E","$","?","R","BOSS"],"items_purchased_type":["Relic","Relic","Relic","Relic","Relic"],"build_version":"2020-12-22","purchased_purges":1,"victory":false,"max_hp_per_floor":[78,78,78,78,78,78,78,78,78,78,78,78,78,88,88,88,88,88,88,88,88,88,88,88,88,88,88,88,88,88,88,88,88,88,88,88,88,88,88,88,88,88,88,88,88,88,88,88,88,88,88],"relic_stats":{"Blood Vial":26,"Lizard Tail":44,"Busted Crown":40,"counters":[30,174],"Bronze Scales":[301],"CeramicFish":126,"Dead Branch":[22],"MealTicket":30,"Pen Nib":[21],"obtain_stats":[{"StSShapeShifter:TheShapeShiftersMagnolia":0,"CCEMRelics:PorcelainBowl":3,"StSShapeShifter:AnimalHeart":0,"Pear":14,"CeramicFish":29,"Dead Branch":47,"Pen Nib":12,"EVO:Axolotl":0,"StSShapeShifter:EmeraldPantherFigurine":27,"StSShapeShifter:AlchemistsNecklace":41,"Blood Vial":25,"Lizard Tail":47,"Busted Crown":17,"Bronze Scales":26,"CCEMRelics:DissonantTune":27,"MealTicket":9,"jessBottle:WaterBottleRelic":34,"CCEMRelics:WarHorn":46,"StSShapeShifter:AlarmClock":48,"InkBottle":7,"Meat on the Bone":47},{"StSShapeShifter:TheShapeShiftersMagnolia":0,"CCEMRelics:PorcelainBowl":2,"StSShapeShifter:AnimalHeart":0,"Pear":9,"CeramicFish":18,"Dead Branch":28,"Pen Nib":7,"EVO:Axolotl":0,"StSShapeShifter:EmeraldPantherFigurine":16,"StSShapeShifter:AlchemistsNecklace":26,"Blood Vial":16,"Lizard Tail":28,"Busted Crown":10,"Bronze Scales":16,"CCEMRelics:DissonantTune":16,"MealTicket":5,"jessBottle:WaterBottleRelic":20,"CCEMRelics:WarHorn":28,"StSShapeShifter:AlarmClock":29,"InkBottle":5,"Meat on the Bone":28},{"StSShapeShifter:TheShapeShiftersMagnolia":0,"CCEMRelics:PorcelainBowl":5,"StSShapeShifter:AnimalHeart":0,"Pear":34,"CeramicFish":93,"Dead Branch":158,"Pen Nib":26,"EVO:Axolotl":0,"StSShapeShifter:EmeraldPantherFigurine":82,"StSShapeShifter:AlchemistsNecklace":145,"Blood Vial":82,"Lizard Tail":158,"Busted Crown":46,"Bronze Scales":82,"CCEMRelics:DissonantTune":82,"MealTicket":16,"jessBottle:WaterBottleRelic":109,"CCEMRelics:WarHorn":158,"StSShapeShifter:AlarmClock":164,"InkBottle":16,"Meat on the Bone":158}],"InkBottle":[67],"Meat on the Bone":0},"card_choices":[{"not_picked":["StSShapeShifter:PoisonIvy","StSShapeShifter:VineHandcuffs"],"picked":"StSShapeShifter:FesteringBite","floor":0},{"not_picked":["StSShapeShifter:FesteringBite","StSShapeShifter:Rest"],"picked":"StSShapeShifter:MonkeyForm","floor":1},{"not_picked":["StSShapeShifter:VineHandcuffs","StSShapeShifter:SquirrelForm"],"picked":"StSShapeShifter:Bonk","floor":2},{"not_picked":["StSShapeShifter:EagleForm","StSShapeShifter:PoisonIvy"],"picked":"StSShapeShifter:WolfForm","floor":4},{"not_picked":["StSShapeShifter:Flourish","StSShapeShifter:RestoreBalance"],"picked":"StSShapeShifter:BloomingSlash","floor":5},{"not_picked":["StSShapeShifter:HippoForm","StSShapeShifter:VineHandcuffs","StSShapeShifter:OakBlade"],"picked":"SKIP","floor":7},{"not_picked":["StSShapeShifter:OakBlade","StSShapeShifter:BulwarkOfDiscovery"],"picked":"StSShapeShifter:Rabid","floor":10},{"not_picked":["StSShapeShifter:Roar","StSShapeShifter:Sapling"],"picked":"StSShapeShifter:BurstingSpore","floor":11},{"not_picked":["StSShapeShifter:FlowerShield","StSShapeShifter:ShiftingStrike"],"picked":"StSShapeShifter:BarkSkin","floor":13},{"not_picked":["StSShapeShifter:Bonk","StSShapeShifter:Roar"],"picked":"StSShapeShifter:ReplenishingNectar","floor":14},{"not_picked":["StSShapeShifter:Flood","StSShapeShifter:Earthquake"],"picked":"StSShapeShifter:MysticalSeed","floor":16},{"not_picked":[],"picked":"StSShapeShifter:DeerForm+1","floor":18},{"not_picked":[],"picked":"StSShapeShifter:Roar","floor":19},{"not_picked":[],"picked":"StSShapeShifter:MonkeyForm","floor":20},{"not_picked":["StSShapeShifter:ShiftingStrike"],"picked":"SKIP","floor":22},{"not_picked":["StSShapeShifter:Rest"],"picked":"SKIP","floor":23},{"not_picked":[],"picked":"StSShapeShifter:Guard","floor":25},{"not_picked":[],"picked":"StSShapeShifter:FoxForm+1","floor":28},{"not_picked":[],"picked":"StSShapeShifter:BarkSkin+1","floor":29},{"not_picked":[],"picked":"StSShapeShifter:FallingLeaves","floor":31},{"not_picked":[],"picked":"StSShapeShifter:Winter","floor":33},{"not_picked":[],"picked":"StSShapeShifter:SunflowerShuriken","floor":35},{"not_picked":[],"picked":"StSShapeShifter:FlowerShield+1","floor":36},{"not_picked":[],"picked":"StSShapeShifter:ForestFire","floor":37},{"not_picked":[],"picked":"StSShapeShifter:PoisonIvy","floor":38},{"not_picked":[],"picked":"StSShapeShifter:LeapingSlash+1","floor":39},{"not_picked":[],"picked":"StSShapeShifter:GoldenBerries+1","floor":41},{"not_picked":[],"picked":"StSShapeShifter:Maul+1","floor":42},{"not_picked":[],"picked":"Mind Blast","floor":45},{"not_picked":[],"picked":"StSShapeShifter:BurstingSpore+1","floor":46},{"not_picked":[],"picked":"StSShapeShifter:PorcupineForm+1","floor":48}],"player_experience":441956,"relics_obtained":[{"floor":7,"key":"InkBottle"},{"floor":9,"key":"MealTicket"},{"floor":12,"key":"Pen Nib"},{"floor":14,"key":"Pear"},{"floor":25,"key":"Blood Vial"},{"floor":26,"key":"Bronze Scales"},{"floor":29,"key":"CeramicFish"},{"floor":41,"key":"StSShapeShifter:AlchemistsNecklace"},{"floor":46,"key":"CCEMRelics:WarHorn"},{"floor":48,"key":"StSShapeShifter:AlarmClock"}],"event_choices":[{"cards_removed":["StSShapeShifter:BloomingSlash"],"damage_healed":0,"gold_gain":0,"player_choice":"Gave Card","damage_taken":0,"relics_obtained":["CCEMRelics:PorcelainBowl"],"max_hp_gain":0,"max_hp_loss":0,"event_name":"WeMeetAgain","floor":3,"gold_loss":0},{"damage_healed":0,"gold_gain":99,"player_choice":"Steal","damage_taken":0,"max_hp_gain":0,"max_hp_loss":0,"event_name":"betterThird:BetterNest","floor":21,"gold_loss":0},{"damage_healed":0,"gold_gain":0,"player_choice":"Memory 1","damage_taken":0,"max_hp_gain":0,"max_hp_loss":0,"event_name":"SensoryStone","floor":45,"gold_loss":0},{"damage_healed":0,"gold_gain":0,"player_choice":"Fight","damage_taken":0,"max_hp_gain":0,"max_hp_loss":0,"event_name":"Mysterious Sphere","floor":48,"gold_loss":0}],"is_beta":false,"boss_relics":[{"not_picked":["Tiny House","CCEMRelics:TransientCore"],"picked":"Busted Crown"},{"not_picked":["CCEMRelics:ReaperScythe","CCEMRelics:GreenEgg"],"picked":"jessBottle:WaterBottleRelic"}],"items_purged_floors":[27],"is_endless":false,"potions_floor_spawned":[5,7,10,13,14,16,19,25,28,29,33,36,37,38,41,42],"killed_by":"Donu and Deca","ascension_level":0}}