{"host":"5agrj1fd4s00r127","time":1613569967,"event":{"mods":["BaseMod","Minty Spire (QoL Compilation)","StSLib"],"gold_per_floor":[117,127,127,137,157,157,190,190,265,299,310,310,324,339,339,440,440,458,383,129,129,145,145,145],"floor_reached":23,"language":"RUS","playtime":992,"items_purged":["Strike_B"],"score":228,"play_id":"35b0f44e-13d0-46fa-96ac-ffe106b732a2","local_time":"20210217155247","is_ascension_mode":false,"campfire_choices":[{"data":"Fusion","floor":6,"key":"SMITH"},{"data":"Genetic Algorithm","floor":12,"key":"SMITH"},{"floor":15,"key":"REST"}],"circlet_count":0,"master_deck":["Strike_B","Strike_B","Strike_B","Defend_B","Defend_B","Defend_B","Defend_B+1","Zap+1","Dualcast","Steam","Gash","Fusion+1","Chill+1","Steam Power","Genetic Algorithm+1","Gash","Gash","Amplify","Gash","Beam Cell","Steam+1"],"relics":["Cracked Core","NeowsBlessing","TungstenRod","Darkstone Periapt","Bag of Preparation","Black Star","Pen Nib"],"acts_visited":["Exordium","TheCity"],"potions_floor_usage":[7,10,16,16,23],"damage_taken":[{"damage":0,"enemies":"2 Louse","floor":1,"turns":1},{"damage":0,"enemies":"Small Slimes","floor":2,"turns":1},{"damage":0,"enemies":"Cultist","floor":4,"turns":1},{"damage":4,"enemies":"Large Slime","floor":5,"turns":6},{"damage":4,"enemies":"3 Sentries","floor":7,"turns":8},{"damage":32,"enemies":"Lagavulin","floor":10,"turns":8},{"damage":1,"enemies":"Exordium Wildlife","floor":11,"turns":5},{"damage":1,"enemies":"Blue Slaver","floor":13,"turns":4},{"damage":1,"enemies":"Red Slaver","floor":14,"turns":3},{"damage":13,"enemies":"Hexaghost","floor":16,"turns":9},{"damage":20,"enemies":"Shell Parasite","floor":18,"turns":8},{"damage":20,"enemies":"Chosen","floor":22,"turns":6},{"damage":23,"enemies":"Slavers","floor":23,"turns":3}],"seed_played":"-875997650084504278","potions_obtained":[{"floor":2,"key":"Swift Potion"},{"floor":5,"key":"Strength Potion"},{"floor":11,"key":"PotionOfCapacity"},{"floor":14,"key":"EssenceOfDarkness"},{"floor":18,"key":"LiquidBronze"}],"is_trial":false,"path_per_floor":["M","M","?","M","M","R","E","?","T","E","M","R","M","M","R","B",null,"M","?","$","?","M","E"],"character_chosen":"DEFECT","items_purchased":["Pen Nib","Beam Cell"],"campfire_rested":1,"item_purchase_floors":[20,20],"current_hp_per_floor":[75,75,60,60,56,56,52,52,52,20,19,19,18,17,39,26,75,55,55,55,42,22,0,0],"gold":145,"neow_bonus":"THREE_ENEMY_KILL","is_daily":false,"chose_seed":false,"campfire_upgraded":2,"win_rate":0.0,"timestamp":1613569967,"path_taken":["M","M","?","M","M","R","E","?","T","E","?","R","M","M","R","BOSS","M","?","$","?","M","E"],"items_purchased_type":["Relic","Card"],"build_version":"2020-12-22","purchased_purges":1,"victory":false,"max_hp_per_floor":[75,75,75,75,75,75,75,75,75,75,75,75,75,75,75,75,75,75,75,75,80,80,80,80],"card_choices":[{"not_picked":["Turbo","Chill"],"picked":"Steam","floor":1},{"not_picked":["Streamline","Barrage"],"picked":"Gash","floor":2},{"not_picked":["Ball Lightning","Coolheaded"],"picked":"Fusion","floor":4},{"not_picked":["Steam","Turbo"],"picked":"Chill","floor":5},{"not_picked":["Ball Lightning","Doom and Gloom"],"picked":"Steam Power","floor":7},{"not_picked":["Ball Lightning","Static Discharge"],"picked":"Stack","floor":10},{"not_picked":["Heatsinks","Leap"],"picked":"Genetic Algorithm","floor":11},{"not_picked":["Compile Driver","Rainbow"],"picked":"Gash","floor":13},{"not_picked":["Rebound","Recycle"],"picked":"Gash","floor":14},{"not_picked":["Biased Cognition","Multi-Cast"],"picked":"Amplify","floor":16},{"not_picked":["Compile Driver","Turbo"],"picked":"Gash","floor":18},{"not_picked":["Defragment","Capacitor+1"],"picked":"Steam+1","floor":22}],"player_experience":25583,"relics_obtained":[{"floor":7,"key":"TungstenRod"},{"floor":9,"key":"Darkstone Periapt"},{"floor":10,"key":"Bag of Preparation"}],"event_choices":[{"damage_healed":0,"gold_gain":0,"player_choice":"Entered Light","damage_taken":15,"max_hp_gain":0,"max_hp_loss":0,"event_name":"Shining Light","floor":3,"gold_loss":0,"cards_upgraded":["Defend_B","Zap"]},{"damage_healed":0,"gold_gain":0,"player_choice":"Upgraded","damage_taken":0,"max_hp_gain":0,"max_hp_loss":0,"event_name":"Upgrade Shrine","floor":8,"gold_loss":0,"cards_upgraded":["Chill"]},{"cards_removed":["Stack"],"damage_healed":0,"gold_gain":0,"player_choice":"Gave Gold","damage_taken":0,"max_hp_gain":0,"max_hp_loss":0,"event_name":"Beggar","floor":19,"gold_loss":75},{"damage_healed":0,"gold_gain":0,"player_choice":"Shed Blood","damage_taken":19,"max_hp_gain":5,"max_hp_loss":0,"event_name":"Forgotten Altar","floor":21,"gold_loss":0}],"is_beta":false,"boss_relics":[{"not_picked":["Busted Crown","SacredBark"],"picked":"Black Star"}],"items_purged_floors":[20],"is_endless":false,"potions_floor_spawned":[2,5,11,14,18],"killed_by":"Slavers","ascension_level":0}}