{"host":"9nqlpswyo8o6ezw3","time":1613522560,"event":{"mods":["Act Like it!","BaseMod","Colored Powertips","Downfall","Hallownest","Hermit","Lobotomy","LobotomyExtend","Marisa????????","Minty Spire (QoL Compilation)","StSLib","The Bug Knight","The Cursed"],"gold_per_floor":[111,111,75,90,90,90,106,106,182,193,193,193,213,224,224,323,323,323,340,340,359,359,359,392,392,417,443,453,728,728,745,745,848,848,859,859,877,0,0,0,31,31,56,56,75,75,125,136,136,136,136],"floor_reached":50,"language":"ENG","playtime":4786,"items_purged":[],"score":598,"play_id":"c2f82e92-9cde-44f8-9b8d-3fe88559318a","local_time":"20210216194240","is_ascension_mode":false,"campfire_choices":[{"floor":6,"key":"REST"},{"floor":8,"key":"REST"},{"data":"hermit:CursedWeapon","floor":12,"key":"SMITH"},{"floor":15,"key":"REST"},{"floor":23,"key":"REST"},{"data":"hermit:Deadeye","floor":25,"key":"SMITH"},{"floor":30,"key":"REST"},{"data":"hermit:TakeAim","floor":32,"key":"SMITH"},{"data":"hermit:Roughhouse","floor":40,"key":"SMITH"},{"floor":44,"key":"REST"},{"data":"hermit:Headshot","floor":46,"key":"SMITH"},{"data":"Madness","floor":49,"key":"SMITH"}],"circlet_count":0,"master_deck":["hermit:Strike_Hermit","hermit:Strike_Hermit","hermit:Strike_Hermit","hermit:Strike_Hermit","hermit:Defend_Hermit","hermit:Defend_Hermit","hermit:Defend_Hermit","hermit:Defend_Hermit","hermit:Snapshot","hermit:Covet","MeatLantern","hermit:WideOpen+1","hermit:FlashPowder","SpiderBud","hermit:CursedWeapon+1","Wellcheers","hermit:Enervate+1","ShyLook","hermit:Deadeye+1","Regret","hermit:Quickdraw","OSAHOGD","BigBird","hermit:Headshot+1","hermit:Roughhouse+1","hermit:Feint+1","SilentOrchestra","hermit:PistolWhip","DespairKnight","hermit:Gambit","hermit:TakeAim+1","DreamingCurrent","hermit:LoneWolf+1","Regret","hermit:GoldenBullet","BigBadWolf","hermit:Reprieve","hermit:Snipe+1","hermit:DeadMansHand+1","Madness+1","hermit:EyeOfTheStorm+1","Injury","SingingMachine","hermit:Glare","hermit:HighCaliber+1","GalaxyChild","hermit:ItchyTrigger+1"],"relics":["hermit:Momento","CogitoBucket","RabbitCall","LetterFromLob","Sundial","Darkstone Periapt","Theresia","SlaversCollar","Pen Nib","Juzu Bracelet","Centennial Puzzle","TreeSap","Cursed Key","Red Mask","Boot","Ancient Tea Set","AtMidnight","hermit:RedScarf"],"acts_visited":["Exordium","TheCity","TheBeyond"],"potions_floor_usage":[16,16,27,31,33,45],"damage_taken":[{"damage":2,"enemies":"2 Louse","floor":1,"turns":3},{"damage":50,"enemies":"Cultist","floor":4,"turns":3},{"damage":2,"enemies":"Jaw Worm","floor":7,"turns":4},{"damage":2,"enemies":"Large Slime","floor":10,"turns":6},{"damage":2,"enemies":"Looter","floor":13,"turns":3},{"damage":18,"enemies":"3 Louse","floor":14,"turns":6},{"damage":36,"enemies":"Hexaghost","floor":16,"turns":10},{"damage":2,"enemies":"Shell Parasite","floor":19,"turns":3},{"damage":2,"enemies":"2 Thieves","floor":21,"turns":4},{"damage":8,"enemies":"HollowMod:Nosk","floor":24,"turns":8},{"damage":2,"enemies":"Gremlin Leader","floor":27,"turns":4},{"damage":40,"enemies":"Snake Plant","floor":28,"turns":8},{"damage":9,"enemies":"Snecko","floor":31,"turns":5},{"damage":99,"enemies":"Champ","floor":33,"turns":11},{"damage":2,"enemies":"3 Shapes","floor":35,"turns":2},{"damage":0,"enemies":"Orb Walker","floor":37,"turns":3},{"damage":39,"enemies":"Nemesis","floor":41,"turns":7},{"damage":155,"enemies":"Maw","floor":45,"turns":34},{"damage":21,"enemies":"Mind Bloom Boss Battle","floor":47,"turns":5},{"damage":0,"enemies":"Spire Growth","floor":48,"turns":4},{"damage":101,"enemies":"Donu and Deca","floor":50,"turns":2}],"seed_played":"-5795315035022216312","potions_obtained":[{"floor":1,"key":"SpeedPotion"},{"floor":5,"key":"hexamod:SoulburnPotion"},{"floor":5,"key":"CultistPotion"},{"floor":21,"key":"Energy Potion"},{"floor":24,"key":"bronze:BurnAndBuffPotion"},{"floor":28,"key":"hermit:BlackBile"},{"floor":33,"key":"SteroidPotion"},{"floor":41,"key":"SteroidPotion"},{"floor":47,"key":"SkillPotion"},{"floor":48,"key":"Energy Potion"}],"is_trial":false,"path_per_floor":["M","?","$","M","?","R","M","R","T","M","?","R","M","M","R","B",null,"M","M","?","M","?","R","E","R","T","E","M","?","R","M","R","B",null,"M","?","M","?","?","R","E","?","T","R","M","R","?","M","R","B"],"character_chosen":"HERMIT","items_purchased":["hermit:FlashPowder"],"campfire_rested":6,"item_purchase_floors":[3],"current_hp_per_floor":[73,73,73,23,23,45,43,65,65,66,72,72,73,58,81,48,81,81,79,79,80,65,86,81,81,81,79,45,51,74,72,72,35,77,77,77,77,77,67,67,59,59,65,83,77,77,71,83,83,0,0],"gold":136,"neow_bonus":"","is_daily":false,"chose_seed":false,"campfire_upgraded":6,"win_rate":0.0,"timestamp":1613522560,"path_taken":["M","?","$","M","?","R","M","R","T","?","?","R","M","M","R","BOSS","M","M","?","?","?","R","E","R","T","E","M","?","R","M","R","BOSS","M","?","M","?","?","R","E","?","T","R","M","R","?","M","R","BOSS"],"items_purchased_type":["Card"],"build_version":"2020-12-22","purchased_purges":0,"victory":false,"max_hp_per_floor":[75,75,75,75,75,75,75,75,75,75,81,81,81,81,81,81,81,81,81,81,81,86,86,86,86,86,86,71,77,77,77,77,77,77,77,77,77,77,77,77,77,77,83,83,83,83,83,83,83,83,83],"card_choices":[{"not_picked":["Woodsman","PunishingBird"],"picked":"MeatLantern","floor":1},{"not_picked":["hermit:Spite","hermit:Shortfuse"],"picked":"hermit:WideOpen","floor":1},{"not_picked":["Bloodbath","QueenOfHatred"],"picked":"SpiderBud","floor":4},{"not_picked":["hermit:CalledShot","hermit:Quickdraw"],"picked":"hermit:CursedWeapon","floor":4},{"not_picked":["LittleHelper","BigBird"],"picked":"Wellcheers","floor":7},{"not_picked":["hermit:Glare","hermit:HighCaliber"],"picked":"hermit:Enervate","floor":7},{"not_picked":["Porccubus","Murderer"],"picked":"ShyLook","floor":10},{"not_picked":["hermit:BodyArmor","hermit:Vantage"],"picked":"hermit:Deadeye","floor":10},{"not_picked":["hermit:ItchyTrigger","hermit:WideOpen"],"picked":"hermit:Quickdraw","floor":13},{"not_picked":["SnowQueen","Scorched"],"picked":"OSAHOGD","floor":13},{"not_picked":["BeautyBeast","Scorched"],"picked":"BigBird","floor":14},{"not_picked":["hermit:Malice","hermit:Midnight"],"picked":"hermit:Headshot","floor":14},{"not_picked":["hermit:DeadOrAlive","hermit:RoundhouseKick"],"picked":"hermit:Roughhouse","floor":16},{"not_picked":["hermit:CalledShot","hermit:Desperado+1"],"picked":"hermit:Feint+1","floor":19},{"not_picked":["MHz","PunishingBird"],"picked":"SilentOrchestra","floor":19},{"not_picked":["hermit:Feint+1","hermit:SprayPray"],"picked":"hermit:PistolWhip","floor":21},{"not_picked":["Murderer","Funeral"],"picked":"DespairKnight","floor":24},{"not_picked":["hermit:NoHoldsBarred+1","hermit:LowProfile"],"picked":"hermit:Gambit","floor":24},{"not_picked":["hermit:LoneWolf","hermit:OverwhelmingPower"],"picked":"hermit:TakeAim","floor":27},{"not_picked":["FieryBird","Woodsman"],"picked":"DreamingCurrent","floor":28},{"not_picked":["hermit:LowProfile","hermit:Deadeye"],"picked":"hermit:LoneWolf+1","floor":28},{"not_picked":["OldLady","Funeral","Scorched"],"picked":"Singing Bowl","floor":31},{"not_picked":["hermit:Adapt","hermit:Determination"],"picked":"hermit:GoldenBullet","floor":31},{"not_picked":["QueenOfHatred","PunishingBird"],"picked":"BigBadWolf","floor":33},{"not_picked":["hermit:Adapt","hermit:FinalCanter"],"picked":"hermit:Reprieve","floor":33},{"not_picked":["hermit:Dive+1","hermit:CursedWeapon+1"],"picked":"hermit:Snipe+1","floor":35},{"not_picked":["hermit:PistolWhip+1","hermit:LuckOfTheDraw"],"picked":"hermit:DeadMansHand+1","floor":37},{"not_picked":["hermit:Midnight","hermit:Dive"],"picked":"hermit:EyeOfTheStorm+1","floor":41},{"not_picked":["BackwardClockRelic","SkinProphecyRelic","LuminousBraceletRelic"],"picked":"Singing Bowl","floor":45},{"not_picked":["BeautyBeast","CherryBlossoms"],"picked":"SingingMachine","floor":45},{"not_picked":["hermit:Scavenge+1","hermit:Showdown"],"picked":"hermit:Glare","floor":45},{"not_picked":["hermit:Shortfuse+1","hermit:GhostlyPresence"],"picked":"hermit:HighCaliber+1","floor":47},{"not_picked":["CENSORED","BlackArmy"],"picked":"GalaxyChild","floor":48},{"not_picked":["hermit:Misfire","hermit:LuckOfTheDraw"],"picked":"hermit:ItchyTrigger+1","floor":48}],"player_experience":53990,"relics_obtained":[{"floor":1,"key":"LetterFromLob"},{"floor":9,"key":"Sundial"},{"floor":24,"key":"Pen Nib"},{"floor":26,"key":"Juzu Bracelet"},{"floor":27,"key":"Centennial Puzzle"},{"floor":41,"key":"Boot"},{"floor":43,"key":"Ancient Tea Set"},{"floor":45,"key":"AtMidnight"},{"floor":47,"key":"hermit:RedScarf"}],"event_choices":[{"damage_healed":0,"gold_gain":0,"player_choice":"Grow","damage_taken":0,"max_hp_gain":0,"max_hp_loss":0,"event_name":"Living Wall","floor":2,"gold_loss":0,"cards_upgraded":["hermit:WideOpen"]},{"damage_healed":0,"gold_gain":0,"player_choice":"Got Potions","damage_taken":0,"max_hp_gain":0,"max_hp_loss":0,"event_name":"Lab","floor":5,"gold_loss":0},{"damage_healed":0,"gold_gain":0,"player_choice":"Box","damage_taken":0,"relics_obtained":["Darkstone Periapt"],"max_hp_gain":0,"max_hp_loss":0,"event_name":"Big Fish","floor":11,"gold_loss":0,"cards_obtained":["Regret"]},{"damage_healed":0,"gold_gain":0,"player_choice":"Upgraded","damage_taken":0,"max_hp_gain":0,"max_hp_loss":0,"event_name":"Upgrade Shrine","floor":20,"gold_loss":0,"cards_upgraded":["hermit:Enervate"]},{"damage_healed":0,"gold_gain":0,"player_choice":"Shed Blood","damage_taken":20,"max_hp_gain":5,"max_hp_loss":0,"event_name":"Forgotten Altar","floor":22,"gold_loss":0},{"damage_healed":0,"gold_gain":275,"player_choice":"Desecrate","damage_taken":0,"max_hp_gain":0,"max_hp_loss":0,"event_name":"Golden Shrine","floor":29,"gold_loss":0,"cards_obtained":["Regret"]},{"damage_healed":0,"gold_gain":0,"player_choice":"Paid","damage_taken":0,"relics_obtained":["Red Mask"],"max_hp_gain":0,"max_hp_loss":0,"event_name":"Tomb of Lord Red Mask","floor":38,"gold_loss":877},{"damage_healed":0,"gold_gain":0,"player_choice":"Embrace Madness","damage_taken":10,"max_hp_gain":0,"max_hp_loss":0,"event_name":"Winding Halls","floor":39,"gold_loss":0,"cards_obtained":["Madness","Madness"]},{"cards_removed":["Madness"],"damage_healed":0,"gold_gain":0,"player_choice":"Removed Skill","damage_taken":0,"max_hp_gain":0,"max_hp_loss":0,"event_name":"Falling","floor":42,"gold_loss":0},{"damage_healed":0,"gold_gain":0,"player_choice":"Fight","damage_taken":0,"max_hp_gain":0,"max_hp_loss":0,"event_name":"MindBloom","floor":47,"gold_loss":0}],"is_beta":false,"boss_relics":[{"not_picked":["Fusion Hammer","Ectoplasm"],"picked":"SlaversCollar"},{"not_picked":["Astrolabe","SacredBark"],"picked":"Cursed Key"}],"items_purged_floors":[],"is_endless":false,"potions_floor_spawned":[1,10,21,24,28,33,41,47,48],"killed_by":"Donu and Deca","ascension_level":0}}