{"host":"vxgtqwpb0ulpisda","time":1613532435,"event":{"mods":["BaseMod","Bestiary","Minty Spire (QoL Compilation)","Relic Stats","ojb\u0027s Info Mod"],"gold_per_floor":[109,120,136,149,149,174,174,206,206,220,249,0,0,32,32,129,129,144,144,159,171,86,86,86],"floor_reached":23,"language":"ENG","playtime":1849,"items_purged":[],"score":308,"play_id":"7c2b9ce1-7ddf-4086-be85-550afe0b696c","local_time":"20210216222715","is_ascension_mode":true,"campfire_choices":[{"data":"Eruption","floor":7.0,"key":"SMITH"},{"floor":13.0,"key":"REST"},{"data":"Wireheading","floor":15.0,"key":"SMITH"}],"circlet_count":0,"master_deck":["Strike_P","Strike_P","Defend_P","Defend_P","Defend_P","Defend_P","Eruption+1","Vigilance","Vault+1","InnerPeace+1","EmptyFist","WaveOfTheHand","InnerPeace","JustLucky+1","BattleHymn","CutThroughFate","EmptyBody","LessonLearned","Wireheading+1","SandsOfTime","Judgement+1","DevaForm","ClearTheMind","Meditate"],"relics":["PureWater","Sundial","Juzu Bracelet","Mercury Hourglass","Lizard Tail","Damaru","VioletLotus","Vajra"],"acts_visited":["Exordium","TheCity"],"potions_floor_usage":[23],"damage_taken":[{"damage":0.0,"enemies":"Small Slimes","floor":1.0,"turns":3.0},{"damage":0.0,"enemies":"Cultist","floor":2.0,"turns":2.0},{"damage":0.0,"enemies":"Jaw Worm","floor":3.0,"turns":6.0},{"damage":0.0,"enemies":"2 Fungi Beasts","floor":4.0,"turns":3.0},{"damage":10.0,"enemies":"Gremlin Nob","floor":6.0,"turns":4.0},{"damage":12.0,"enemies":"3 Sentries","floor":8.0,"turns":9.0},{"damage":11.0,"enemies":"Exordium Thugs","floor":10.0,"turns":4.0},{"damage":5.0,"enemies":"Gremlin Nob","floor":11.0,"turns":4.0},{"damage":0.0,"enemies":"Lagavulin","floor":14.0,"turns":4.0},{"damage":13.0,"enemies":"Hexaghost","floor":16.0,"turns":8.0},{"damage":0.0,"enemies":"Spheric Guardian","floor":18.0,"turns":3.0},{"damage":23.0,"enemies":"2 Thieves","floor":20.0,"turns":5.0},{"damage":9.0,"enemies":"Cultist and Chosen","floor":21.0,"turns":6.0},{"damage":67,"enemies":"Book of Stabbing","floor":23,"turns":6}],"seed_played":"8390349073797024004","potions_obtained":[{"floor":2.0,"key":"PowerPotion"},{"floor":3.0,"key":"AttackPotion"},{"floor":4.0,"key":"BlessingOfTheForge"},{"floor":6.0,"key":"DuplicationPotion"},{"floor":14.0,"key":"PowerPotion"},{"floor":18.0,"key":"LiquidBronze"}],"is_trial":false,"path_per_floor":["M","M","M","M","?","E","R","E","T","M","E","$","R","E","R","B",null,"M","?","M","M","?","E"],"character_chosen":"WATCHER","items_purchased":["LessonLearned","Wireheading","SandsOfTime"],"campfire_rested":1,"item_purchase_floors":[12,12,12],"current_hp_per_floor":[65,65,65,65,65,55,55,43,43,32,27,27,46,46,46,33,57,57,46,23,14,14,0,0],"gold":86,"neow_bonus":"TRANSFORM_TWO_CARDS","is_daily":false,"chose_seed":false,"campfire_upgraded":2,"win_rate":0.0,"timestamp":1613532435,"path_taken":["M","M","M","M","?","E","R","E","T","M","E","$","R","E","R","BOSS","M","?","M","M","?","E"],"items_purchased_type":["Card","Card","Card"],"build_version":"2020-12-22","purchased_purges":0,"victory":false,"max_hp_per_floor":[65,65,65,65,65,65,65,65,65,65,65,65,65,65,65,65,65,65,70,70,70,70,70,70],"relic_stats":{"Lizard Tail":35,"counters":[14,67],"Sundial":[8],"VioletLotus":[6],"Juzu Bracelet":1,"obtain_stats":[{"Lizard Tail":11,"Sundial":6,"Damaru":14,"Vajra":22,"VioletLotus":17,"Juzu Bracelet":8,"PureWater":0,"Mercury Hourglass":9},{"Lizard Tail":8,"Sundial":5,"Damaru":9,"Vajra":13,"VioletLotus":10,"Juzu Bracelet":6,"PureWater":0,"Mercury Hourglass":6},{"Lizard Tail":35,"Sundial":18,"Damaru":39,"Vajra":61,"VioletLotus":47,"Juzu Bracelet":27,"PureWater":0,"Mercury Hourglass":27}],"Mercury Hourglass":[114]},"card_choices":[{"not_picked":["JustLucky","Perseverance"],"picked":"EmptyFist","floor":1.0},{"not_picked":["Sanctity","ForeignInfluence"],"picked":"WaveOfTheHand","floor":2.0},{"not_picked":["Consecrate","CrushJoints"],"picked":"InnerPeace","floor":3.0},{"not_picked":["Prostrate","Crescendo"],"picked":"JustLucky","floor":4.0},{"not_picked":["WheelKick","InnerPeace"],"picked":"BattleHymn","floor":6.0},{"not_picked":["ClearTheMind","WaveOfTheHand"],"picked":"CutThroughFate","floor":8.0},{"not_picked":["SashWhip","ClearTheMind"],"picked":"EmptyBody","floor":10.0},{"not_picked":["WreathOfFlame","Swivel","SashWhip"],"picked":"SKIP","floor":11.0},{"not_picked":["Nirvana","MentalFortress"],"picked":"Judgement","floor":14.0},{"not_picked":["Blasphemy","Omniscience"],"picked":"DevaForm","floor":16.0},{"not_picked":["Wallop","Crescendo"],"picked":"ClearTheMind","floor":18.0},{"not_picked":["Prostrate","FollowUp","PathToVictory"],"picked":"SKIP","floor":20.0},{"not_picked":["Study","ForeignInfluence"],"picked":"Meditate","floor":21.0}],"player_experience":411464,"relics_obtained":[{"floor":6.0,"key":"Sundial"},{"floor":8.0,"key":"Juzu Bracelet"},{"floor":9.0,"key":"Mercury Hourglass"},{"floor":11.0,"key":"Lizard Tail"},{"floor":14.0,"key":"Damaru"}],"event_choices":[{"damage_healed":0.0,"max_hp_gain":0.0,"max_hp_loss":0.0,"gold_gain":0.0,"event_name":"Upgrade Shrine","player_choice":"Upgraded","floor":5.0,"gold_loss":0.0,"damage_taken":0.0,"cards_upgraded":["Vault"]},{"damage_healed":0.0,"max_hp_gain":5.0,"max_hp_loss":0.0,"gold_gain":0.0,"event_name":"Forgotten Altar","player_choice":"Shed Blood","floor":19.0,"gold_loss":0.0,"damage_taken":16.0},{"damage_healed":0.0,"max_hp_gain":0.0,"max_hp_loss":0.0,"gold_gain":0.0,"event_name":"Addict","player_choice":"Obtained Relic","floor":22.0,"gold_loss":85.0,"damage_taken":0.0,"relics_obtained":["Vajra"]}],"is_beta":false,"boss_relics":[{"not_picked":["Velvet Choker","Coffee Dripper"],"picked":"VioletLotus"}],"items_purged_floors":[],"is_endless":false,"potions_floor_spawned":[2,3,4,6,14,18],"killed_by":"Book of Stabbing","ascension_level":5}}