{"host":"tr0r177cvmpvg89h","time":1613556496,"event":{"mods":["BaseMod","Colored Map","DeckTracker","Minty Spire (QoL Compilation)","StSLib","SuperFastMode"],"gold_per_floor":[19,32,32,32,44,76,76,89,143,156,171,187,187,206,206,206,206],"floor_reached":16,"language":"KOR","playtime":1321,"items_purged":[],"score":106,"play_id":"dda3a7a3-c5ec-4a83-adae-5e92dff2f785","local_time":"20210217190816","is_ascension_mode":false,"campfire_choices":[{"data":"After Image","floor":7,"key":"SMITH"},{"data":"Footwork","floor":13,"key":"SMITH"},{"data":"Backstab","floor":15,"key":"SMITH"}],"circlet_count":0,"master_deck":["Strike_G","Strike_G","Strike_G","Strike_G","Defend_G","Defend_G","Defend_G","Defend_G","Defend_G","Survivor","Neutralize","After Image+1","Backstab+1","Deflect","Slice","Footwork+1","Well Laid Plans"],"relics":["Ring of the Snake","Blue Candle","Pear","Nunchaku"],"acts_visited":["Exordium"],"potions_floor_usage":[16,16,16],"damage_taken":[{"damage":0,"enemies":"2 Louse","floor":1,"turns":2},{"damage":0,"enemies":"Jaw Worm","floor":2,"turns":3},{"damage":0,"enemies":"Small Slimes","floor":5,"turns":4},{"damage":27,"enemies":"Gremlin Nob","floor":6,"turns":7},{"damage":0,"enemies":"2 Fungi Beasts","floor":8,"turns":4},{"damage":0,"enemies":"Blue Slaver","floor":10,"turns":5},{"damage":0,"enemies":"Gremlin Gang","floor":11,"turns":6},{"damage":0,"enemies":"Lots of Slimes","floor":12,"turns":7},{"damage":2,"enemies":"Red Slaver","floor":14,"turns":5},{"damage":49,"enemies":"Slime Boss","floor":16,"turns":16}],"seed_played":"-3043504370065034537","potions_obtained":[{"floor":5,"key":"DistilledChaos"},{"floor":8,"key":"PowerPotion"},{"floor":11,"key":"Energy Potion"},{"floor":12,"key":"SteroidPotion"}],"is_trial":false,"path_per_floor":["M","M","?","T","M","E","R","M","T","M","M","M","R","M","R","B"],"character_chosen":"THE_SILENT","items_purchased":[],"campfire_rested":0,"item_purchase_floors":[],"current_hp_per_floor":[70,70,70,70,70,53,53,53,53,53,53,53,53,51,51,2,2],"gold":206,"neow_bonus":"THREE_RARE_CARDS","is_daily":false,"chose_seed":false,"campfire_upgraded":3,"win_rate":0.0,"timestamp":1613556496,"path_taken":["M","M","?","?","M","E","R","M","T","M","M","M","R","M","R","BOSS"],"items_purchased_type":[],"build_version":"2020-12-22","purchased_purges":0,"victory":false,"max_hp_per_floor":[70,70,70,70,70,80,80,80,80,80,80,80,80,80,80,80,80],"card_choices":[{"not_picked":["A Thousand Cuts","Envenom"],"picked":"After Image","floor":0},{"not_picked":["Dagger Throw","Riddle With Holes"],"picked":"Backstab","floor":1},{"not_picked":["Choke","Outmaneuver","Expertise"],"picked":"SKIP","floor":2},{"not_picked":["Prepared","Dagger Throw"],"picked":"Deflect","floor":5},{"not_picked":["Finisher","Acrobatics"],"picked":"Slice","floor":6},{"not_picked":["Riddle With Holes","Distraction"],"picked":"Footwork","floor":8},{"not_picked":["Underhanded Strike","Flying Knee","Infinite Blades"],"picked":"SKIP","floor":10},{"not_picked":["Outmaneuver","Poisoned Stab","Dodge and Roll"],"picked":"SKIP","floor":11},{"not_picked":["Glass Knife","Bane"],"picked":"Well Laid Plans","floor":12},{"not_picked":["Finisher","Riddle With Holes","Sucker Punch"],"picked":"SKIP","floor":14}],"player_experience":95629,"relics_obtained":[{"floor":4,"key":"Blue Candle"},{"floor":6,"key":"Pear"},{"floor":9,"key":"Nunchaku"}],"event_choices":[{"cards_removed":["Strike_G"],"damage_healed":0,"gold_gain":0,"player_choice":"Forget","damage_taken":0,"max_hp_gain":0,"max_hp_loss":0,"event_name":"Living Wall","floor":3,"gold_loss":0}],"is_beta":false,"boss_relics":[],"items_purged_floors":[],"is_endless":false,"potions_floor_spawned":[5,8,11,12],"killed_by":"Slime Boss","ascension_level":0}}