{"host":"rwzz6mk6bpmb57ql","time":1613538071,"event":{"mods":["AchievementEnabler","BaseMod","Better Third Choice","BetterRewards","Colored Map","Highlight Path","Hubris","Infinite Spire","Minty Spire (QoL Compilation)","Replay The Spire","StSLib","Wandering Minibosses"],"gold_per_floor":[113,113,4907,4907,4907,4907,4919,4919,4919,4935,4103,4133,3432,3432,3432,3505,3505,3521,3521,3521,3534,3546,3566,3566,3614,3614,3642,4661,4661,4695,4695,4768,4768,4768],"floor_reached":33,"language":"ENG","playtime":1053,"items_purged":["Sickly","Strike_R","Strike_R"],"score":987,"play_id":"1eb646df-ce71-4c01-9917-1e82a2d2c978","local_time":"20210216230111","is_ascension_mode":true,"campfire_choices":[{"data":"Bash","floor":6.0,"key":"SMITH"},{"data":"Defend_R","floor":8.0,"key":"SMITH"},{"data":"Inflame","floor":15.0,"key":"SMITH"},{"data":"infinitespire:SevenWalls","floor":26,"key":"SMITH"},{"data":"Entrench","floor":29,"key":"SMITH"},{"data":"Barricade","floor":31,"key":"SMITH"}],"circlet_count":0,"master_deck":["AscendersBane","Strike_R+1","Strike_R+1","Defend_R+1","Defend_R+1","Bash+1","Entrench+1","Pommel Strike","Inflame+1","Inflame+1","Barricade+1","Cleave+1","Run Through+1","Shrug It Off","infinitespire:SevenWalls+1","infinitespire:OneForAll","CurseOfTheBell"],"relics":["Burning Blood","NeowsBlessing","ReplayTheSpireMod:Ring of Collecting","Replay:Wax Seal","infinitespire:ShieldingShard","Brimstone","infinitespire:EmpoweringShard","hubris:Teleporter","Replay:Bottled Eggs","Simple Rune","Bird Faced Urn","DollysMirror","Astrolabe","hubris:ScarierMask","Blood Vial","Magic Flower","wanderingMiniBosses:LockLocket","hubris:Spice","Calling Bell","hubris:SphereOfDissonance","Pocketwatch"],"acts_visited":["Exordium","TheCity","TheBeyond"],"potions_floor_usage":[23,28,32,32,32],"damage_taken":[{"damage":0.0,"enemies":"2 Louse","floor":1.0,"turns":1.0},{"damage":0.0,"enemies":"Small Slimes","floor":7.0,"turns":2.0},{"damage":0.0,"enemies":"Jaw Worm","floor":10.0,"turns":1.0},{"damage":26.0,"enemies":"Lagavulin","floor":12.0,"turns":4.0},{"damage":73.0,"enemies":"Hexaghost","floor":16.0,"turns":7.0},{"damage":7.0,"enemies":"Spheric Guardian","floor":18.0,"turns":3.0},{"damage":22,"enemies":"Shell Parasite","floor":21,"turns":4},{"damage":0,"enemies":"Snake Plant","floor":22,"turns":1},{"damage":10,"enemies":"Centurion and Healer","floor":23,"turns":3},{"damage":0,"enemies":"Book of Stabbing","floor":27,"turns":1},{"damage":0,"enemies":"Snecko","floor":28,"turns":3},{"damage":54,"enemies":"Gremlin Leader","floor":30,"turns":7},{"damage":35,"enemies":"Collector","floor":32,"turns":5}],"seed_played":"6149940066425648529","potions_obtained":[{"floor":1.0,"key":"FearPotion"},{"floor":16.0,"key":"Adrenaline Potion"},{"floor":22,"key":"Strength Potion"},{"floor":27,"key":"Block Potion"},{"floor":30,"key":"Regen Potion"},{"floor":32,"key":"PowerPotion"}],"is_trial":false,"path_per_floor":["M","?","$","?","?","R","M","R","T","M","$","E","$","?","R","B",null,"M","AVR","?","M","M","M","?","T","R","E","M","R","E","R","B",null],"character_chosen":"IRONCLAD","items_purchased":["Replay:Wax Seal","infinitespire:ShieldingShard","Brimstone","CultistPotion","EssenceOfSteel","Entrench","hubris:Teleporter","Replay:Bottled Eggs","Wild Strike","Bird Faced Urn","Inflame","DollysMirror"],"campfire_rested":0,"item_purchase_floors":[3,3,3,3,3,11,11,11,11,13,13,13],"current_hp_per_floor":[74,74,144,144,144,144,145,145,145,145,145,125,125,81,81,18,113,116,116,116,102,108,108,137,137,137,145,145,145,111,111,116,152,152],"gold":4768,"neow_bonus":"THREE_ENEMY_KILL","is_daily":false,"chose_seed":false,"campfire_upgraded":6,"win_rate":0.0,"timestamp":1613538071,"path_taken":["M","?","$","?","?","R","M","R","T","M","?","E","$","?","R","BOSS","M","AVR","?","M","M","?","?","T","R","E","M","R","E","R","BOSS"],"items_purchased_type":["Relic","Relic","Relic","Potion","Potion","Card","Relic","Relic","Card","Relic","Card","Relic"],"build_version":"2020-12-22","purchased_purges":3,"victory":false,"max_hp_per_floor":[75,75,145,145,145,145,145,145,145,145,145,145,145,145,145,145,145,145,145,145,145,145,145,145,145,145,145,145,145,153,153,153,161,161],"card_choices":[{"not_picked":["Sword Boomerang","Run Through","Abandon"],"picked":"SKIP","floor":1.0},{"not_picked":["Sword Boomerang","Run Through","Abandon"],"picked":"SKIP","floor":1.0},{"not_picked":["Warcry","Anger","Bludgeon"],"picked":"SKIP","floor":7.0},{"not_picked":["Warcry","Anger","Bludgeon"],"picked":"SKIP","floor":7.0},{"not_picked":["Thunderclap","Run Through","Havoc"],"picked":"SKIP","floor":10.0},{"not_picked":["Iron Wave","Flame Barrier"],"picked":"Pommel Strike","floor":12.0},{"not_picked":["Demonic Infusion","Impervious"],"picked":"Barricade","floor":16.0},{"not_picked":["Replay:Undeath\u0027s Touch","Warcry"],"picked":"Shrug It Off","floor":18.0},{"not_picked":["Seeing Red","Headbutt","Battle Trance"],"picked":"SKIP","floor":21},{"not_picked":["Replay:Undeath\u0027s Touch","Headbutt","Perfected Strike"],"picked":"SKIP","floor":22},{"not_picked":["Clothesline","Clash","hubris:CleavingFinish"],"picked":"SKIP","floor":23},{"not_picked":["Replay:Many Hands","Pummel","Thunderclap"],"picked":"SKIP","floor":27},{"not_picked":["Replay:Many Hands","Pummel","Thunderclap"],"picked":"SKIP","floor":27},{"not_picked":["Sword Boomerang","Pommel Strike","Iron Wave"],"picked":"SKIP","floor":28},{"not_picked":["Sword Boomerang","Pommel Strike","Iron Wave"],"picked":"SKIP","floor":28},{"not_picked":["Heavy Blade","Bloodletting","Reckless Charge"],"picked":"SKIP","floor":30}],"player_experience":223374,"relics_obtained":[{"floor":2.0,"key":"ReplayTheSpireMod:Ring of Collecting"},{"floor":9.0,"key":"infinitespire:EmpoweringShard"},{"floor":12.0,"key":"Simple Rune"},{"floor":25,"key":"Blood Vial"},{"floor":27,"key":"Magic Flower"},{"floor":28,"key":"wanderingMiniBosses:LockLocket"},{"floor":30,"key":"hubris:Spice"},{"floor":33,"key":"hubris:SphereOfDissonance"},{"floor":33,"key":"Pocketwatch"},{"floor":33,"key":"hubris:Spice"}],"event_choices":[{"damage_healed":0.0,"max_hp_gain":0.0,"max_hp_loss":0.0,"gold_gain":0.0,"event_name":"betterThird:BetterSerpent","player_choice":"Ignored","floor":4.0,"gold_loss":0.0,"damage_taken":4907.0},{"damage_healed":125.0,"max_hp_gain":0.0,"max_hp_loss":145.0,"gold_gain":0.0,"event_name":"betterThird:BetterShining","player_choice":"Upgrade","floor":14.0,"gold_loss":0.0,"damage_taken":44.0,"cards_upgraded":["Inflame","Strike_R"]},{"damage_healed":0,"gold_gain":0,"cards_transformed":["Burning Pact"],"player_choice":"Transformed","damage_taken":0,"max_hp_gain":0,"max_hp_loss":0,"event_name":"Transmorgrifier","floor":20,"gold_loss":0,"cards_obtained":["infinitespire:OneForAll"]},{"damage_healed":29,"gold_gain":0,"player_choice":"Heal","damage_taken":0,"max_hp_gain":0,"max_hp_loss":0,"event_name":"The Library","floor":24,"gold_loss":0}],"is_beta":false,"boss_relics":[{"not_picked":["Cursed Key","Velvet Choker"],"picked":"Astrolabe"},{"not_picked":["infinitespire:Burning Sword","Pandora\u0027s Box"],"picked":"Calling Bell"}],"items_purged_floors":[3,11,13],"is_endless":false,"potions_floor_spawned":[1,16,22,27,30,32],"ascension_level":20}}