{"host":"m6rwrrl4vtok99e8","time":1613544561,"event":{"mods":["ATMod(??Mod)","Act Like it!","Arknights","Aspiration","BaseMod","Colored Powertips","Downfall","GungeonMod","Koishi","KomeijiMod","LagranYue(???·?)","Lobotomy","Marisa????????","Minty Spire (QoL Compilation)","Quick Restart","Relic Stats","Reliquary","Remilia??????","Replay The Spire","Spicy Shops","StSLib","The Bug Knight","The Hierophant","The Servant 0.9.4","Waifu the Spire","WarShipGirlsR/????R mod","Yakumo Yukari mod","Youmu??????","Yuri Mod","Yuyuko"],"gold_per_floor":[99,114,132,132,132,203,256,14,25,25,41,59,59,44,60,162,162,162,178,453,472,489,489,516,16,34,49,64,49,49,0,12,107,107,185,205,225,225,280,280,280],"floor_reached":40,"language":"ZHS","playtime":1952,"items_purged":["Strike_S"],"score":480,"play_id":"c41e3f2a-201a-4630-b49b-076df75b70a8","local_time":"20210217144921","is_ascension_mode":false,"campfire_choices":[{"data":"Exchange","floor":1.0,"key":"SMITH"},{"floor":13.0,"key":"REST"},{"data":"SilverBlades","floor":18.0,"key":"SMITH"},{"floor":30.0,"key":"REST"}],"circlet_count":0,"master_deck":["Strike_S","Strike_S","Defend_S","Defend_S","Defend_S","Defend_S","KidneyShot","Exchange+1","SurpressingFire","SurpressingFire","KillingDoll","SilverBlades+1","Contraction","Luminosity","Rearm","FloweringNight","Collapse+1"],"relics":["Uniform","AT_ATBox","LagranYue:RandomDrawCardRelic","Snack Pack","Potion Belt","LagranYue:SoulBurningRelic","Strawberry","DemoMod:PinkGuonStone","reliquary:PartyBalloon","Sozu","aspiration:HummingbirdHeart"],"acts_visited":["Exordium","TheCity","TheBeyond"],"potions_floor_usage":[],"damage_taken":[{"damage":12.0,"enemies":"ats:Genji","floor":2.0,"turns":4.0},{"damage":0.0,"enemies":"Small Slimes","floor":3.0,"turns":3.0},{"damage":0.0,"enemies":"downfall:FleeingMerchant","floor":8.0,"turns":4.0},{"damage":7.0,"enemies":"2 Louse","floor":9.0,"turns":4.0},{"damage":15.0,"enemies":"Blue Slaver","floor":11.0,"turns":4.0},{"damage":15.0,"enemies":"Red Slaver","floor":12.0,"turns":3.0},{"damage":4.0,"enemies":"downfall:FleeingMerchant","floor":14.0,"turns":4.0},{"damage":0.0,"enemies":"downfall:LooterAlt","floor":15.0,"turns":4.0},{"damage":43.0,"enemies":"DF_ARCHETYPE_STREAMLINE","floor":16.0,"turns":12.0},{"damage":0.0,"enemies":"Shell Parasite","floor":19.0,"turns":7.0},{"damage":25.0,"enemies":"3 Byrds","floor":21.0,"turns":8.0},{"damage":30.0,"enemies":"Snake Plant","floor":22.0,"turns":7.0},{"damage":1.0,"enemies":"downfall:FleeingMerchant","floor":25.0,"turns":4.0},{"damage":0.0,"enemies":"Cultist and Chosen","floor":26.0,"turns":6.0},{"damage":12.0,"enemies":"Chosen and Byrds","floor":27.0,"turns":12.0},{"damage":0.0,"enemies":"Snake Plant","floor":28.0,"turns":3.0},{"damage":0.0,"enemies":"downfall:FleeingMerchant","floor":29.0,"turns":4.0},{"damage":0.0,"enemies":"3 Cultists","floor":32.0,"turns":6.0},{"damage":7.0,"enemies":"SI_MIRROR_ARCHETYPE","floor":33.0,"turns":15.0},{"damage":7.0,"enemies":"Orb Walker","floor":36.0,"turns":4.0},{"damage":18.0,"enemies":"3 Shapes","floor":37.0,"turns":3.0},{"damage":61,"enemies":"Transient","floor":40,"turns":5}],"seed_played":"1876963306195501533","potions_obtained":[{"floor":9.0,"key":"DemoMod:LeadSkinPotion"},{"floor":10.0,"key":"LiquidBronze"},{"floor":10.0,"key":"Death Potion"},{"floor":10.0,"key":"Toxic Potion"},{"floor":11.0,"key":"champ:CounterPotion"},{"floor":15.0,"key":"Regen Potion"},{"floor":16.0,"key":"champ:CounterPotion"},{"floor":21.0,"key":"PowerPotion"},{"floor":22.0,"key":"Block Potion"},{"floor":27.0,"key":"LifebloodPotion"},{"floor":32.0,"key":"LiquidBronze"},{"floor":33.0,"key":"EssenceOfSteel"}],"is_trial":false,"path_per_floor":["R","M","M","?","?","T","T","$","M","?","M","M","R","$","M","B",null,"R","M","?","M","M","?","T","$","M","M","M","$","R","?","M","B",null,"R","M","M","?","?","M"],"character_chosen":"THE_SERVANT","items_purchased":["KillingDoll","SilverBlades","DemoMod:PinkGuonStone","reliquary:PartyBalloon"],"campfire_rested":2,"item_purchase_floors":[8,8,25,25],"current_hp_per_floor":[71,59,59,59,59,59,59,63,58,58,43,28,49,45,45,19,71,71,71,71,48,18,18,24,29,30,19,19,20,44,95,95,90,95,95,88,70,70,47,0,0],"gold":280,"neow_bonus":"TEN_PERCENT_HP_BONUS","is_daily":false,"chose_seed":false,"campfire_upgraded":2,"win_rate":0.0,"timestamp":1613544561,"path_taken":["R","M","M","?","?","?","T","?","?","?","M","M","R","?","M","BOSS","R","M","?","M","?","?","T","?","M","M","M","$","R","?","M","BOSS","R","M","M","?","?","?"],"items_purchased_type":["Card","Card","Relic","Relic"],"build_version":"2020-12-22","purchased_purges":1,"victory":false,"max_hp_per_floor":[71,71,71,71,71,71,71,71,71,71,71,71,71,71,71,71,71,71,71,71,71,71,71,78,85,85,85,85,85,85,95,95,95,95,95,95,95,95,95,95,95],"relic_stats":{"Sozu":3,"counters":[22,126],"obtain_stats":[{"Potion Belt":7,"AT_ATBox":0,"LagranYue:RandomDrawCardRelic":0,"reliquary:PartyBalloon":25,"LagranYue:SoulBurningRelic":17,"DemoMod:GlassGuonStoneRelic":3,"DemoMod:PinkGuonStone":25,"Uniform":0,"aspiration:HummingbirdHeart":39,"Sozu":34,"downfall:BrokenWingStatue":4,"Strawberry":24,"Snack Pack":6},{"Potion Belt":2,"AT_ATBox":0,"LagranYue:RandomDrawCardRelic":0,"reliquary:PartyBalloon":13,"LagranYue:SoulBurningRelic":9,"DemoMod:GlassGuonStoneRelic":2,"DemoMod:PinkGuonStone":13,"Uniform":0,"aspiration:HummingbirdHeart":21,"Sozu":19,"downfall:BrokenWingStatue":2,"Strawberry":12,"Snack Pack":2},{"Potion Belt":7,"AT_ATBox":0,"LagranYue:RandomDrawCardRelic":0,"reliquary:PartyBalloon":68,"LagranYue:SoulBurningRelic":42,"DemoMod:GlassGuonStoneRelic":7,"DemoMod:PinkGuonStone":68,"Uniform":0,"aspiration:HummingbirdHeart":121,"Sozu":114,"downfall:BrokenWingStatue":7,"Strawberry":64,"Snack Pack":7}]},"card_choices":[{"not_picked":["Alleviate","BottledTime"],"picked":"SurpressingFire","floor":2.0},{"not_picked":["Spin","ShiftingGears","TimeWarp"],"picked":"SKIP","floor":3.0},{"not_picked":["StarChef","FastForward"],"picked":"SurpressingFire","floor":8.0},{"not_picked":["MoonPhase","Manipulate","ForgedInTime"],"picked":"SKIP","floor":9.0},{"not_picked":["BottledTime","TimeWarp","MoonPhase"],"picked":"SKIP","floor":11.0},{"not_picked":["Replace","Hightail"],"picked":"Contraction","floor":12.0},{"not_picked":["BottledTime","Potential","Alleviate"],"picked":"SKIP","floor":14.0},{"not_picked":["Replace","InstantArmor","DualDimension"],"picked":"SKIP","floor":15.0},{"not_picked":["Potential","Snipe","Defy+1"],"picked":"SKIP","floor":19.0},{"not_picked":["Rewind","Revamp","Replace"],"picked":"SKIP","floor":21.0},{"not_picked":["Replace","Starlight","Manipulate"],"picked":"SKIP","floor":22.0},{"not_picked":["Revamp+1","Starlight","Alleviate+1"],"picked":"SKIP","floor":25.0},{"not_picked":["Read","Unruled+1"],"picked":"Luminosity","floor":26.0},{"not_picked":["Solidify","BottledTime","TimeWarp"],"picked":"SKIP","floor":27.0},{"not_picked":["Comet","FastForward","Starlight"],"picked":"SKIP","floor":28.0},{"not_picked":["DualDimension","ReturningBlade","Potential"],"picked":"SKIP","floor":29.0},{"not_picked":["Unruled","Dilation"],"picked":"Rearm","floor":32.0},{"not_picked":["Solidify","PendulumOfEternity"],"picked":"FloweringNight","floor":33.0},{"not_picked":["Advance","Rearm"],"picked":"Collapse+1","floor":36.0},{"not_picked":["Moondial","Alleviate","Rewind"],"picked":"SKIP","floor":37.0}],"player_experience":35025,"relics_obtained":[{"floor":6.0,"key":"Snack Pack"},{"floor":7.0,"key":"Potion Belt"},{"floor":24.0,"key":"Strawberry"},{"floor":39.0,"key":"aspiration:HummingbirdHeart"}],"event_choices":[{"damage_healed":0.0,"max_hp_gain":0.0,"max_hp_loss":0.0,"gold_gain":0.0,"event_name":"Lab","player_choice":"Got Potions","floor":10.0,"gold_loss":0.0,"damage_taken":0.0}],"is_beta":false,"boss_relics":[{"not_picked":["reliquary:RedPaperclip","aspiration:RunicSpoon"],"picked":"LagranYue:SoulBurningRelic"},{"not_picked":["reliquary:Ember","aspiration:SilentSkillbook"],"picked":"Sozu"}],"items_purged_floors":[25],"is_endless":false,"potions_floor_spawned":[9,11,15,16,21,22,27,32,33,36,37],"killed_by":"Transient","ascension_level":0}}