{"host":"znvnxllcillb3rtw","time":1613556696,"event":{"mods":["BaseMod","DeckTracker","Minty Spire (QoL Compilation)","Relic Stats","StSLib","SuperFastMode","everything is the same but u backflip on backflip"],"gold_per_floor":[111,111,125,25,45,45,58,58,58,58,68,102,102,118,118,118,118],"floor_reached":16,"language":"KOR","playtime":406,"items_purged":["Doubt"],"score":254,"play_id":"fe14ddcd-f2c0-47c9-bfaa-a95e2cf3d194","local_time":"20210217191136","is_ascension_mode":true,"campfire_choices":[{"data":"Consume","floor":6,"key":"SMITH"},{"data":"Chaos","floor":8,"key":"SMITH"},{"floor":10,"key":"REST"},{"data":"Coolheaded","floor":15,"key":"SMITH"}],"circlet_count":0,"master_deck":["AscendersBane","Strike_B","Strike_B","Defend_B","Defend_B","Zap","Dualcast","Consume+1","Loop","Streamline","Force Field","Chaos+1","Barrage","Barrage","Self Repair","Hologram","Glacier","Coolheaded+1"],"relics":["Cracked Core","Unceasing Top","Du-Vu Doll"],"acts_visited":["Exordium"],"potions_floor_usage":[12,14,16],"damage_taken":[{"damage":13,"enemies":"Small Slimes","floor":1,"turns":3},{"damage":6,"enemies":"Cultist","floor":3,"turns":4},{"damage":9,"enemies":"2 Louse","floor":5,"turns":3},{"damage":13,"enemies":"2 Fungi Beasts","floor":7,"turns":4},{"damage":31,"enemies":"Large Slime","floor":11,"turns":4},{"damage":0,"enemies":"Lagavulin","floor":12,"turns":4},{"damage":16,"enemies":"Lots of Slimes","floor":14,"turns":3},{"damage":8,"enemies":"Hexaghost","floor":16,"turns":9}],"seed_played":"8921398993587848434","potions_obtained":[{"floor":3,"key":"Dexterity Potion"},{"floor":12,"key":"PowerPotion"},{"floor":14,"key":"Swift Potion"}],"is_trial":false,"path_per_floor":["M","?","M","$","M","R","M","R","T","R","M","E","?","M","R","B"],"character_chosen":"DEFECT","items_purchased":["Barrage"],"campfire_rested":1,"item_purchase_floors":[4],"current_hp_per_floor":[51,51,45,45,36,36,23,23,23,44,20,27,20,4,4,0,0],"gold":118,"neow_bonus":"TRANSFORM_TWO_CARDS","is_daily":false,"chose_seed":false,"campfire_upgraded":3,"win_rate":0.0,"timestamp":1613556696,"path_taken":["M","?","?","$","?","R","M","R","T","R","M","E","?","M","R","BOSS"],"items_purchased_type":["Card"],"build_version":"2020-12-22","purchased_purges":1,"victory":false,"max_hp_per_floor":[71,71,71,71,71,71,71,71,71,71,71,71,71,71,71,71,71],"relic_stats":{"counters":[8,34],"obtain_stats":[{"Du-Vu Doll":12,"Cracked Core":0,"Unceasing Top":9},{"Du-Vu Doll":6,"Cracked Core":0,"Unceasing Top":4},{"Du-Vu Doll":22,"Cracked Core":0,"Unceasing Top":14}],"Unceasing Top":[0]},"card_choices":[{"not_picked":["Compile Driver","Steam"],"picked":"Streamline","floor":1},{"not_picked":["Static Discharge","Sunder"],"picked":"Chaos","floor":3},{"not_picked":["Stack","Genetic Algorithm"],"picked":"Barrage","floor":5},{"not_picked":["Hologram","Thunder Strike"],"picked":"Self Repair","floor":7},{"not_picked":["Beam Cell","Steam"],"picked":"Hologram","floor":11},{"not_picked":["Stack","Coolheaded"],"picked":"Glacier","floor":12},{"not_picked":["Beam Cell","Hello World"],"picked":"Coolheaded","floor":14}],"player_experience":2911628,"relics_obtained":[{"floor":9,"key":"Unceasing Top"},{"floor":12,"key":"Du-Vu Doll"}],"event_choices":[{"damage_healed":0,"gold_gain":0,"cards_transformed":["Strike_B"],"player_choice":"Transformed","damage_taken":0,"max_hp_gain":0,"max_hp_loss":0,"event_name":"Transmorgrifier","floor":2,"gold_loss":0,"cards_obtained":["Force Field"]},{"cards_removed":["Defend_B"],"damage_healed":0,"gold_gain":0,"player_choice":"Card Removal","damage_taken":7,"max_hp_gain":0,"max_hp_loss":0,"event_name":"Golden Wing","floor":13,"gold_loss":0}],"is_beta":false,"boss_relics":[],"items_purged_floors":[4],"is_endless":false,"potions_floor_spawned":[3,12,14],"killed_by":"Hexaghost","ascension_level":20}}