{"host":"vk2xyavtylxbvrfq","time":1613536805,"event":{"mods":["Bard","BaseMod","Bestiary","Better Altar","Better Match","Better Note","Better Sensory Stone","Better Skull","Better Vampires","Block Reminder","Bossed Relics","Colored Map","Curses Come First","Displayed Cursed Tome","Downfall","Fox Events","Hermit","Ironclad Rager","Marked Mod","Minty Spire (QoL Compilation)","Quick Restart","Rare Cards Sparkle","Relic Sorter","Reliquary","Robot Space Explorer","StSLib","The Hayseed","The Runesmith","TheSurvivalist","Unceasing Turn Reminder"],"gold_per_floor":[109,209,219,219,238,263,263,32,84,84,259,269,288,303,303,400,400,411,21,27,27,27,27,46,80,131,131,131,157,157,157,157,262,262,280,280,13,24,74,74,74,0,0,0,0,0,16,16,16,16,16],"floor_reached":50,"language":"ENG","playtime":1863,"items_purged":["downfall:Haunted","downfall:Haunted"],"score":741,"play_id":"bc2dd611-2321-4a1b-a331-a1e3d65cf99f","local_time":"20210216234005","is_ascension_mode":true,"campfire_choices":[{"floor":7.0,"key":"REST"},{"data":"hermit:Manifest","floor":10.0,"key":"SMITH"},{"data":"hermit:LoneWolf","floor":15.0,"key":"SMITH"},{"floor":23.0,"key":"REST"},{"data":"hermit:ShadowCloak","floor":28.0,"key":"SMITH"},{"data":"hermit:Reprieve","floor":30.0,"key":"SMITH"},{"data":"hermit:HighNoon","floor":32.0,"key":"SMITH"},{"floor":40.0,"key":"REST"},{"floor":41.0,"key":"RECALL"},{"floor":49,"key":"REST"}],"circlet_count":0,"master_deck":["hermit:Defend_Hermit","hermit:Defend_Hermit","hermit:Defend_Hermit","hermit:Defend_Hermit","hermit:Snapshot","hermit:Covet","Shame","hermit:HighNoon+1","hermit:EyeOfTheStorm","TheSimpletonMod:Spoilage","hermit:Roughhouse","Injury","TheSimpletonMod:Spoilage","hermit:Manifest+1","hermit:SprayPray","hermit:Quickdraw","Doubt","hermit:ShadowCloak+1","hermit:LoneWolf+1","hermit:Reprieve+1","Dramatic Entrance","Slimebound:Tackle+1","Slimebound:Tackle+1","Slimebound:Tackle+1","hermit:LowProfile","Pain","hermit:Virtue+1","hermit:RoundhouseKick","hermit:Gestalt","hermit:Manifest+1","hermit:Determination","Writhe","hermit:Horror+1"],"relics":["hermit:Momento","Du-Vu Doll","Juzu Bracelet","Pen Nib","Strawberry","SlaversCollar","HandDrill","Runesmith:AutoHammer","reliquary:TatteredRug","WarpedTongs","reliquary:ExpiredCoupon","reliquary:ThirdArm","Kunai","Regal Pillow","WingedGreaves"],"acts_visited":["Exordium","TheCity","TheBeyond"],"potions_floor_usage":[50],"damage_taken":[{"damage":10.0,"enemies":"Jaw Worm","floor":1.0,"turns":5.0},{"damage":2.0,"enemies":"2 Louse","floor":3.0,"turns":2.0},{"damage":0.0,"enemies":"Cultist","floor":5.0,"turns":2.0},{"damage":38.0,"enemies":"Lagavulin","floor":6.0,"turns":5.0},{"damage":10.0,"enemies":"2 Fungi Beasts","floor":12.0,"turns":3.0},{"damage":0.0,"enemies":"Large Slime","floor":13.0,"turns":2.0},{"damage":0.0,"enemies":"Lots of Slimes","floor":14.0,"turns":3.0},{"damage":11.0,"enemies":"The Guardian","floor":16.0,"turns":12.0},{"damage":31.0,"enemies":"Shell Parasite","floor":18.0,"turns":7.0},{"damage":8.0,"enemies":"2 Thieves","floor":20.0,"turns":4.0},{"damage":13.0,"enemies":"Snecko","floor":24.0,"turns":5.0},{"damage":14.0,"enemies":"Gremlin Leader","floor":25.0,"turns":4.0},{"damage":23.0,"enemies":"Slavers","floor":29.0,"turns":4.0},{"damage":60.0,"enemies":"Collector","floor":33.0,"turns":9.0},{"damage":0.0,"enemies":"3 Darklings","floor":35.0,"turns":2.0},{"damage":0.0,"enemies":"3 Shapes","floor":38.0,"turns":4.0},{"damage":48.0,"enemies":"Mind Bloom Boss Battle","floor":39.0,"turns":6.0},{"damage":57,"enemies":"Spire Growth","floor":47,"turns":7},{"damage":91,"enemies":"Awakened One","floor":50,"turns":6}],"seed_played":"8588582395422583901","potions_obtained":[{"floor":1.0,"key":"champ:CounterPotion"},{"floor":5.0,"key":"ColorlessPotion"},{"floor":6.0,"key":"FearPotion"},{"floor":18.0,"key":"Swift Potion"},{"floor":25.0,"key":"SpeedPotion"},{"floor":38.0,"key":"SpeedPotion"},{"floor":47,"key":"BlessingOfTheForge"}],"is_trial":false,"path_per_floor":["M","?","M","?","M","E","R","$","T","R","?","M","M","M","R","B",null,"M","$","M","?","?","R","M","E","T","?","R","E","R","?","R","B",null,"M","T","$","M","?","R","R","$","T","?","?","?","M","$","R","B"],"character_chosen":"HERMIT","items_purchased":["Pen Nib","HandDrill","Dramatic Entrance","Dexterity Potion","Regal Pillow","hermit:Gestalt","hermit:Tonic","hermit:Determination"],"campfire_rested":4,"item_purchase_floors":[8,19,19,19,37,37,37,42],"current_hp_per_floor":[58,63,61,66,66,28,53,53,60,60,60,50,50,50,50,39,79,56,56,56,56,56,83,70,76,76,76,76,53,53,92,92,37,78,78,78,78,82,44,86,86,86,86,86,86,92,47,47,89,0,0],"gold":16,"neow_bonus":"THREE_RARE_CARDS","is_daily":false,"chose_seed":false,"campfire_upgraded":5,"win_rate":0.0,"timestamp":1613536805,"path_taken":["M","?","M","?","M","E","R","$","T","R","?","M","M","M","R","BOSS","M","$","M","?","?","R","M","E","T","?","R","E","R","?","R","BOSS","M","?","$","M","?","R","R","?","T","?","?","?","M","$","R","BOSS"],"items_purchased_type":["Relic","Relic","Card","Potion","Relic","Card","Potion","Card"],"build_version":"2020-12-22","purchased_purges":2,"victory":false,"max_hp_per_floor":[75,80,80,85,85,85,85,85,92,92,92,92,92,92,92,92,92,92,92,92,92,92,92,92,92,92,92,92,92,92,92,92,92,92,92,92,92,92,92,92,92,92,92,92,92,92,92,92,92,92,92],"card_choices":[{"not_picked":["hermit:Magnum","hermit:Gambit"],"picked":"hermit:HighNoon","floor":0.0},{"not_picked":["hermit:Snipe","hermit:Feint"],"picked":"hermit:EyeOfTheStorm","floor":1.0},{"not_picked":["hermit:WideOpen","hermit:GhostlyPresence"],"picked":"hermit:Manifest","floor":3.0},{"not_picked":["hermit:TrackingShot","hermit:HoleUp"],"picked":"hermit:SprayPray","floor":5.0},{"not_picked":["hermit:Combo","hermit:Roulette"],"picked":"hermit:Quickdraw","floor":6.0},{"not_picked":["hermit:FlashPowder","hermit:TakeAim"],"picked":"hermit:ShadowCloak","floor":12.0},{"not_picked":["hermit:PistolWhip","hermit:HighCaliber"],"picked":"hermit:LowProfile","floor":13.0},{"not_picked":["hermit:Cheat","hermit:Feint"],"picked":"hermit:LoneWolf","floor":14.0},{"not_picked":["hermit:HighNoon","hermit:Dissolve"],"picked":"hermit:Reprieve","floor":16.0},{"not_picked":["hermit:Snipe","hermit:BodyArmor","hermit:HighCaliber"],"picked":"SKIP","floor":18.0},{"not_picked":["hermit:Combo","hermit:ItchyTrigger","hermit:CursedWeapon"],"picked":"SKIP","floor":20.0},{"not_picked":["hermit:Desperado","hermit:Roulette","hermit:HighCaliber"],"picked":"SKIP","floor":24.0},{"not_picked":["hermit:TakeCover","hermit:Combo"],"picked":"hermit:LowProfile","floor":25.0},{"not_picked":["hermit:DeadOrAlive","hermit:LowProfile"],"picked":"hermit:Virtue+1","floor":29.0},{"not_picked":["hermit:EternalForm","hermit:FromBeyond"],"picked":"hermit:RoundhouseKick","floor":33.0},{"not_picked":["hermit:Snipe+1","hermit:HoleUp+1","hermit:WideOpen"],"picked":"SKIP","floor":35.0},{"not_picked":["hermit:Gestalt","hermit:Vantage"],"picked":"hermit:Manifest+1","floor":38.0},{"not_picked":["hermit:HighNoon","hermit:HighCaliber+1"],"picked":"hermit:Horror+1","floor":47}],"player_experience":1396592,"relics_obtained":[{"floor":6.0,"key":"Juzu Bracelet"},{"floor":9.0,"key":"Strawberry"},{"floor":25.0,"key":"Runesmith:AutoHammer"},{"floor":26.0,"key":"reliquary:TatteredRug"},{"floor":29.0,"key":"reliquary:ExpiredCoupon"},{"floor":36.0,"key":"Kunai"},{"floor":39.0,"key":"WingedGreaves"}],"event_choices":[{"damage_healed":0.0,"max_hp_gain":5.0,"max_hp_loss":0.0,"gold_gain":0.0,"event_name":"Big Fish","player_choice":"Donut","floor":4.0,"gold_loss":0.0,"damage_taken":0.0},{"damage_healed":0.0,"max_hp_gain":0.0,"max_hp_loss":0.0,"gold_gain":175.0,"event_name":"Liars Game","player_choice":"AGREE","floor":11.0,"gold_loss":0.0,"damage_taken":0.0,"cards_obtained":["Doubt"]},{"damage_healed":0.0,"max_hp_gain":0.0,"max_hp_loss":0.0,"gold_gain":0.0,"event_name":"betterNote:BetterNote","player_choice":"Ignored","floor":21.0,"gold_loss":0.0,"damage_taken":0.0,"cards_obtained":["hermit:Horror"]},{"damage_healed":0.0,"max_hp_gain":0.0,"max_hp_loss":0.0,"gold_gain":0.0,"event_name":"Accursed Blacksmith","player_choice":"Rummage","floor":27.0,"gold_loss":0.0,"damage_taken":0.0,"relics_obtained":["WarpedTongs"],"cards_obtained":["Pain"]},{"damage_healed":39.0,"max_hp_gain":0.0,"max_hp_loss":0.0,"gold_gain":0.0,"event_name":"Wheel of Change","player_choice":"Full Heal","floor":31.0,"gold_loss":0.0,"damage_taken":0.0},{"damage_healed":0.0,"max_hp_gain":0.0,"max_hp_loss":0.0,"gold_gain":0.0,"event_name":"MindBloom","player_choice":"Fight","floor":39.0,"gold_loss":0.0,"damage_taken":0.0},{"cards_removed":["hermit:LowProfile"],"damage_healed":0.0,"max_hp_gain":0.0,"max_hp_loss":0.0,"gold_gain":0.0,"event_name":"Falling","player_choice":"Removed Skill","floor":44.0,"gold_loss":0.0,"damage_taken":0.0},{"damage_healed":0,"gold_gain":0,"player_choice":"Ignored","damage_taken":0,"max_hp_gain":0,"max_hp_loss":0,"event_name":"Mysterious Sphere","floor":45,"gold_loss":0},{"damage_healed":23,"gold_gain":0,"player_choice":"Writhe","damage_taken":0,"max_hp_gain":0,"max_hp_loss":0,"event_name":"Winding Halls","floor":46,"gold_loss":0,"cards_obtained":["Writhe"]}],"is_beta":false,"boss_relics":[{"not_picked":["reliquary:Craggleroot","reliquary:WritOfMandamus"],"picked":"SlaversCollar"},{"not_picked":["hermit:BartenderGlass","hermit:ClaspedLocket"],"picked":"reliquary:ThirdArm"}],"items_purged_floors":[8,19],"is_endless":false,"potions_floor_spawned":[1,5,6,18,25,38,47],"killed_by":"Awakened One","ascension_level":6}}