{"host":"u7bb6mvzuirwfcqo","time":1613525970,"event":{"mods":["2.2 Compatiblity","AchievementEnabler","BaseMod","Card Forge","Downfall","Hermit","Minty Spire (QoL Compilation)","Relic Stats","StSLib"],"gold_per_floor":[113,128,146,146,46,77,77,77,77,93,93,111,145,163,163,263,263,276,288,54,68,79,110,160,188,188,203,82,82,82,97,97,198,198,211,257,267,287,18,18,18,31,83,83,100,111,122,155,155,155],"floor_reached":51,"language":"ENG","playtime":2505,"items_purged":["sneckomod:Strike"],"score":733,"play_id":"accc6caf-de64-409b-8bb3-bb8a5a925cb7","local_time":"20210216203930","is_ascension_mode":false,"campfire_choices":[{"data":"sneckomod:Rotation","floor":8.0,"key":"SMITH"},{"data":"sneckomod:TailWhip","floor":11.0,"key":"SMITH"},{"data":"sneckomod:QuickBite","floor":15.0,"key":"SMITH"},{"floor":30.0,"key":"REST"},{"data":"sneckomod:UnknownBoss","floor":32.0,"key":"SMITH"},{"data":"sneckomod:UnknownX","floor":40.0,"key":"SMITH"},{"data":"sneckomod:UnknownRareAttack","floor":44.0,"key":"SMITH"},{"floor":49.0,"key":"REST"}],"circlet_count":0,"master_deck":["sneckomod:Strike","sneckomod:Defend","sneckomod:Defend","sneckomod:Defend","sneckomod:TailWhip+1","sneckomod:SnekBite","sneckomod:Unknown+1","sneckomod:Unknown","sneckomod:QuickMove","sneckomod:Rotation+1","sneckomod:Unknown1Cost","sneckomod:QuickBite+1","sneckomod:UnknownUncommonAttack","sneckomod:UnknownUncommonSkill+1","sneckomod:SlitherStrike","sneckomod:UnknownBoss+1","sneckomod:UnknownCommonSkill+1","sneckomod:SnakeSap","sneckomod:QuickBite","sneckomod:UnknownDexterity","sneckomod:UnendingSupply","sneckomod:WideSting","sneckomod:UnknownRareAttack+1","sneckomod:UnknownDexterity+1","sneckomod:UnknownBlock","sneckomod:UnknownBlock+1","sneckomod:UnknownX+1","sneckomod:UnknownX"],"relics":["Hammer of Thor","Seething Fire","Anvil of the Gods","Busted Crown","Ice Cream","Ornamental Fan","Bird Faced Urn","Centennial Puzzle","Sozu","Vajra","Bronze Scales","Sundial","Matryoshka","Runic Pyramid","TungstenRod","Membership Card","sneckomod:LoadedDie","Blood Vial","War Paint","Oddly Smooth Stone"],"acts_visited":["Exordium","TheCity","TheBeyond"],"potions_floor_usage":[50],"damage_taken":[{"damage":0.0,"enemies":"2 Louse","floor":1.0,"turns":2.0},{"damage":0.0,"enemies":"Cultist","floor":2.0,"turns":2.0},{"damage":7.0,"enemies":"Small Slimes","floor":3.0,"turns":3.0},{"damage":21.0,"enemies":"Lagavulin","floor":6.0,"turns":5.0},{"damage":0.0,"enemies":"Red Slaver","floor":10.0,"turns":3.0},{"damage":0.0,"enemies":"Exordium Thugs","floor":12.0,"turns":3.0},{"damage":30.0,"enemies":"3 Sentries","floor":13.0,"turns":4.0},{"damage":0.0,"enemies":"Looter","floor":14.0,"turns":3.0},{"damage":18.0,"enemies":"Hexaghost","floor":16.0,"turns":7.0},{"damage":10.0,"enemies":"Spheric Guardian","floor":18.0,"turns":3.0},{"damage":9.0,"enemies":"3 Byrds","floor":19.0,"turns":3.0},{"damage":0.0,"enemies":"Snecko","floor":21.0,"turns":3.0},{"damage":23.0,"enemies":"Centurion and Healer","floor":22.0,"turns":4.0},{"damage":19.0,"enemies":"Gremlin Leader","floor":23.0,"turns":5.0},{"damage":8.0,"enemies":"Book of Stabbing","floor":25.0,"turns":3.0},{"damage":0.0,"enemies":"Sentry and Sphere","floor":27.0,"turns":3.0},{"damage":16.0,"enemies":"Snake Plant","floor":31.0,"turns":3.0},{"damage":27.0,"enemies":"Champ","floor":33.0,"turns":10.0},{"damage":0.0,"enemies":"Orb Walker","floor":35.0,"turns":2.0},{"damage":2.0,"enemies":"2 Orb Walkers","floor":36.0,"turns":3.0},{"damage":28.0,"enemies":"3 Shapes","floor":37.0,"turns":4.0},{"damage":0.0,"enemies":"3 Darklings","floor":38.0,"turns":3.0},{"damage":5.0,"enemies":"Jaw Worm Horde","floor":42.0,"turns":2.0},{"damage":5.0,"enemies":"Maw","floor":45.0,"turns":7.0},{"damage":7.0,"enemies":"Sphere and 2 Shapes","floor":46.0,"turns":5.0},{"damage":17.0,"enemies":"3 Darklings","floor":47.0,"turns":5.0},{"damage":55.0,"enemies":"Giant Head","floor":48.0,"turns":6.0},{"damage":48,"enemies":"Time Eater","floor":50,"turns":8}],"seed_played":"-7894105643997439424","potions_obtained":[{"floor":3.0,"key":"BlessingOfTheForge"},{"floor":10.0,"key":"GamblersBrew"},{"floor":12.0,"key":"SteroidPotion"},{"floor":14.0,"key":"Strength Potion"}],"is_trial":false,"path_per_floor":["M","M","M","?","$","E","$","R","T","M","R","M","E","M","R","B",null,"M","M","$","M","M","E","?","E","T","M","$","?","R","M","R","B",null,"M","?","M","M","$","R","?","M","T","R","M","M","M","E","R","B",null],"character_chosen":"THE_SNECKO","items_purchased":["sneckomod:QuickBite","sneckomod:UnknownUncommonAttack","Vajra","sneckomod:SnakeSap","sneckomod:UnendingSupply","sneckomod:WideSting","Membership Card","sneckomod:LoadedDie"],"campfire_rested":2,"item_purchase_floors":[5,5,20,20,28,28,39,39],"current_hp_per_floor":[90,90,83,83,83,62,62,62,62,62,62,62,52,54,54,36,90,80,73,73,75,52,35,35,29,29,33,33,33,60,46,46,37,90,90,90,66,70,70,70,90,85,85,85,88,83,76,31,58,18],"gold":155,"neow_bonus":"BOSS_RELIC","is_daily":false,"chose_seed":false,"campfire_upgraded":6,"win_rate":0.0,"timestamp":1613525970,"path_taken":["M","M","M","?","$","E","$","R","T","?","R","M","E","M","R","BOSS","M","M","$","M","?","E","?","E","T","?","$","?","R","M","R","BOSS","M","?","M","M","$","R","?","M","T","R","M","?","M","E","R","BOSS"],"items_purchased_type":["Card","Card","Relic","Card","Card","Card","Relic","Relic"],"build_version":"2020-12-22","purchased_purges":1,"victory":true,"max_hp_per_floor":[90,90,90,90,90,90,90,90,90,90,90,90,90,90,90,90,90,90,90,90,90,90,90,90,90,90,90,90,90,90,90,90,90,90,90,90,90,90,90,90,90,90,90,90,90,90,90,90,90,90],"relic_stats":{"Sozu":7,"Blood Vial":10,"Centennial Puzzle":[47],"Busted Crown":54,"counters":[28,114],"Ornamental Fan":[244],"Sundial":[8],"Bird Faced Urn":[72],"Bronze Scales":[180],"War Paint":["sneckomod:UnknownUncommonSkill","sneckomod:Unknown"],"obtain_stats":[{"Ice Cream":4,"sneckomod:LoadedDie":39,"Vajra":20,"Oddly Smooth Stone":48,"Hammer of Thor":0,"Seething Fire":0,"War Paint":43,"sneckomod:SneckoSoul":0,"Sozu":17,"Blood Vial":43,"Centennial Puzzle":13,"Busted Crown":0,"Matryoshka":26,"Anvil of the Gods":0,"Ornamental Fan":6,"Sundial":25,"Bird Faced Urn":9,"Bronze Scales":23,"Membership Card":39,"TungstenRod":36,"Runic Pyramid":34},{"Ice Cream":3,"sneckomod:LoadedDie":22,"Vajra":11,"Oddly Smooth Stone":27,"Hammer of Thor":0,"Seething Fire":0,"War Paint":23,"sneckomod:SneckoSoul":0,"Sozu":9,"Blood Vial":23,"Centennial Puzzle":7,"Busted Crown":0,"Matryoshka":15,"Anvil of the Gods":0,"Ornamental Fan":4,"Sundial":15,"Bird Faced Urn":4,"Bronze Scales":14,"Membership Card":22,"TungstenRod":20,"Runic Pyramid":18},{"Ice Cream":7,"sneckomod:LoadedDie":81,"Vajra":38,"Oddly Smooth Stone":106,"Hammer of Thor":0,"Seething Fire":0,"War Paint":83,"sneckomod:SneckoSoul":0,"Sozu":32,"Blood Vial":83,"Centennial Puzzle":22,"Busted Crown":0,"Matryoshka":53,"Anvil of the Gods":0,"Ornamental Fan":12,"Sundial":53,"Bird Faced Urn":12,"Bronze Scales":50,"Membership Card":81,"TungstenRod":74,"Runic Pyramid":69}],"TungstenRod":25},"card_choices":[{"not_picked":[],"picked":"sneckomod:QuickMove","floor":1.0},{"not_picked":[],"picked":"sneckomod:Rotation","floor":2.0},{"not_picked":[],"picked":"sneckomod:Unknown1Cost","floor":3.0},{"not_picked":["sneckomod:RainOfDice"],"picked":"SKIP","floor":6.0},{"not_picked":["sneckomod:DiceBlock"],"picked":"SKIP","floor":10.0},{"not_picked":["sneckomod:Nope"],"picked":"SKIP","floor":12.0},{"not_picked":[],"picked":"sneckomod:UnknownUncommonSkill","floor":13.0},{"not_picked":[],"picked":"sneckomod:SlitherStrike","floor":14.0},{"not_picked":[],"picked":"sneckomod:UnknownBoss","floor":16.0},{"not_picked":[],"picked":"sneckomod:UnknownCommonSkill+1","floor":18.0},{"not_picked":["sneckomod:UnknownCommonSkill"],"picked":"SKIP","floor":19.0},{"not_picked":["sneckomod:DiceCrush"],"picked":"SKIP","floor":21.0},{"not_picked":[],"picked":"sneckomod:QuickBite","floor":22.0},{"not_picked":["sneckomod:RainOfDice"],"picked":"SKIP","floor":23.0},{"not_picked":[],"picked":"sneckomod:UnknownDexterity","floor":25.0},{"not_picked":["sneckomod:DiceCrush+1"],"picked":"SKIP","floor":27.0},{"not_picked":["sneckomod:UnknownWeak"],"picked":"SKIP","floor":31.0},{"not_picked":[],"picked":"sneckomod:UnknownRareAttack","floor":33.0},{"not_picked":[],"picked":"sneckomod:UnknownDexterity+1","floor":35.0},{"not_picked":[],"picked":"sneckomod:UnknownBlock","floor":36.0},{"not_picked":[],"picked":"sneckomod:UnknownBlock+1","floor":37.0},{"not_picked":[],"picked":"sneckomod:UnknownX","floor":38.0},{"not_picked":["sneckomod:UnknownBlock"],"picked":"SKIP","floor":42.0},{"not_picked":["sneckomod:DiceBlock"],"picked":"SKIP","floor":45.0},{"not_picked":["sneckomod:QuickBite"],"picked":"SKIP","floor":46.0},{"not_picked":["sneckomod:DiceBlock+1"],"picked":"SKIP","floor":47.0},{"not_picked":[],"picked":"sneckomod:UnknownX","floor":48.0}],"player_experience":91187,"relics_obtained":[{"floor":6.0,"key":"Ornamental Fan"},{"floor":9.0,"key":"Bird Faced Urn"},{"floor":13.0,"key":"Centennial Puzzle"},{"floor":23.0,"key":"Bronze Scales"},{"floor":25.0,"key":"Sundial"},{"floor":26.0,"key":"Matryoshka"},{"floor":36.0,"key":"TungstenRod"},{"floor":43.0,"key":"Blood Vial"},{"floor":43.0,"key":"War Paint"},{"floor":48.0,"key":"Oddly Smooth Stone"}],"event_choices":[{"damage_healed":0.0,"max_hp_gain":0.0,"max_hp_loss":0.0,"gold_gain":0.0,"event_name":"WeMeetAgain","player_choice":"Gave Potion","floor":4.0,"gold_loss":0.0,"damage_taken":0.0,"relics_obtained":["Ice Cream"]},{"damage_healed":0.0,"max_hp_gain":0.0,"max_hp_loss":0.0,"gold_gain":100.0,"event_name":"The Joust","player_choice":"Bet on Murderer","floor":24.0,"gold_loss":50.0,"damage_taken":0.0},{"cards_removed":["sneckomod:Strike"],"damage_healed":0.0,"max_hp_gain":0.0,"max_hp_loss":0.0,"gold_gain":0.0,"event_name":"Purifier","player_choice":"Purged","floor":29.0,"gold_loss":0.0,"damage_taken":0.0},{"damage_healed":0.0,"max_hp_gain":0.0,"max_hp_loss":0.0,"gold_gain":0.0,"event_name":"Mysterious Sphere","player_choice":"Fight","floor":36.0,"gold_loss":0.0,"damage_taken":0.0},{"damage_healed":20.0,"max_hp_gain":0.0,"max_hp_loss":0.0,"gold_gain":0.0,"event_name":"Wheel of Change","player_choice":"Full Heal","floor":41.0,"gold_loss":0.0,"damage_taken":0.0}],"is_beta":false,"boss_relics":[{"not_picked":["Fusion Hammer","SlaversCollar"],"picked":"Sozu"},{"not_picked":["bronze:MakeshiftBattery","Tiny House"],"picked":"Runic Pyramid"}],"items_purged_floors":[39],"is_endless":false,"potions_floor_spawned":[3,10,12,14,18,19,33,37,38,46,48],"ascension_level":0}}