{"host":"vu2gjyr86ub8nk5d","time":1613589804,"event":{"mods":["AchievementEnabler","BaseMod","BetterRewards","Colored Map","Downfall","Ironclad Rager","Minty Spire (QoL Compilation)","Replay The Spire","StSLib"],"gold_per_floor":[99,99,99,99,99,99,99,99,99,99,99,99,99,99,99,99,99,109,109,48,80,80,80,80,94,94,311,111,139,150,167,268,268,268,282,63,163,197,197,197,209,309,329,361,361,380,411,428,523,523,523,61,61,61,115,150,150,150,150,179,210,210,244,275,175,227,267,309,309,377,68,68,126,176],"floor_reached":75,"language":"ENG","playtime":3218,"items_purged":[],"score":1896,"play_id":"881b21a0-dbd3-495f-9828-770c9f84cbc4","local_time":"20210217132324","daily_mods":["Draft","Vintage","Heirloom","Time Dilation","Flight","DeadlyEvents","Binary"],"is_ascension_mode":false,"campfire_choices":[{"floor":1.0,"key":"RECALL"},{"data":"bronze:Repair","floor":2.0,"key":"SMITH"},{"data":"bronze:Overheat","floor":3.0,"key":"SMITH"},{"data":"bronze:WhirlingStrike","floor":4.0,"key":"SMITH"},{"data":"bronze:WildBeam","floor":5.0,"key":"SMITH"},{"data":"bronze:WhirlingStrike","floor":6.0,"key":"SMITH"},{"data":"bronze:Flail","floor":7.0,"key":"SMITH"},{"data":"bronze:Shield","floor":8.0,"key":"SMITH"},{"data":"bronze:BronzeOrb","floor":9.0,"key":"SMITH"},{"data":"bronze:Overload","floor":10.0,"key":"SMITH"},{"data":"bronze:CutThrough","floor":11.0,"key":"SMITH"},{"data":"bronze:Branch","floor":12.0,"key":"SMITH"},{"data":"bronze:WhirlingStrike","floor":13.0,"key":"SMITH"},{"data":"bronze:DelayedSlice","floor":14.0,"key":"SMITH"},{"data":"bronze:Deprecate","floor":15.0,"key":"SMITH"},{"data":"bronze:CutThrough","floor":16.0,"key":"SMITH"},{"floor":17.0,"key":"REST"},{"data":"bronze:WhirlingStrike","floor":24.0,"key":"SMITH"},{"data":"bronze:OilSpill","floor":26.0,"key":"SMITH"},{"data":"Replay:BasicMightCard","floor":28.0,"key":"SMITH"},{"floor":34.0,"key":"DIG"},{"data":"Crow Ritual","floor":39.0,"key":"SMITH"},{"data":"bronze:OilSpill","floor":45.0,"key":"SMITH"},{"data":"Pot Of Greed","floor":58.0,"key":"SMITH"},{"data":"Pot Of Greed","floor":59.0,"key":"SMITH"},{"data":"Replay:SS_forest_2","floor":65,"key":"SMITH"},{"data":"Pot Of Greed","floor":65,"key":"SMITH"},{"data":"expansioncontent:QuickStudy","floor":72,"key":"SMITH"},{"data":"expansioncontent:Chronoboost","floor":72,"key":"SMITH"}],"circlet_count":0,"master_deck":["bronze:DelayedSlice+1","bronze:Deprecate+1","bronze:Branch+1","bronze:WildBeam+1","bronze:WhirlingStrike+1","bronze:Flail+1","bronze:Repair+1","bronze:WhirlingStrike+1","bronze:Overheat+1","bronze:Shield+1","bronze:BronzeOrb+1","bronze:Overload+1","bronze:CutThrough+1","bronze:WhirlingStrike+1","bronze:CutThrough+1","bronze:WhirlingStrike+1","bronze:OilSpill+1","Replay:BasicMightCard+1","Crow Ritual+1","bronze:OilSpill+1","Pot Of Greed+1","Pot Of Greed+1","expansioncontent:QuickStudy+1","Replay:SS_forest_2+1","expansioncontent:Chronoboost+1","expansioncontent:LastStand","Pot Of Greed+1","bronze:Iterate"],"relics":["bronze:PlatinumCore","Busted Crown","replay:Trail_Library","Lizard Tail","bronze:DecasWashers","Akabeko","Bronze Scales","downfall:HeartBlessingRed","downfall:HeartBlessingBlue","Pantograph","FossilizedHelix","Replay:Ringing Soul","Coffee Dripper","ReplayTheSpireMod:TigerMarble","Replay:Towering Pillar of Hats","Potion Belt","Omamori","Letter Opener","Ancient Tea Set","CaptainsWheel","Replay:Mystery Machine","Replay:PocketPolymizer","PreservedInsect","Ornamental Fan","Grinning Jar","Medical Kit","Bottled Lightning","Bird Faced Urn","Anchor","Replay:Bandana","Gremlin Horn","Replay:Arrowhead","ReplayTheSpireMod:Lightbulb","downfall:HeartBlessingGreen","Replay:WaspNest","Snack Pack","HornCleat","champ:DeflectingBracers"],"acts_visited":["Exordium","TheCity","TheBeyond","TheEnding"],"potions_floor_usage":[74,74,74,74],"damage_taken":[{"damage":0.0,"enemies":"2 Louse","floor":18.0,"turns":1.0},{"damage":0.0,"enemies":"downfall:FleeingMerchant","floor":20.0,"turns":4.0},{"damage":0.0,"enemies":"Lagavulin","floor":21.0,"turns":2.0},{"damage":0.0,"enemies":"Cultist","floor":25.0,"turns":1.0},{"damage":0.0,"enemies":"downfall:FleeingMerchant","floor":27.0,"turns":4.0},{"damage":0.0,"enemies":"Replay:BlueRogue","floor":29.0,"turns":2.0},{"damage":0.0,"enemies":"Small Slimes","floor":30.0,"turns":1.0},{"damage":0.0,"enemies":"Blue Slaver","floor":31.0,"turns":1.0},{"damage":0.0,"enemies":"WA_ARCHETYPE_RETAIN","floor":32.0,"turns":2.0},{"damage":0.0,"enemies":"Shell Parasite","floor":35.0,"turns":1.0},{"damage":0.0,"enemies":"downfall:LadyInBlue","floor":37.0,"turns":4.0},{"damage":0.0,"enemies":"Gremlin Leader","floor":38.0,"turns":2.0},{"damage":0.0,"enemies":"downfall:LooterAlt2","floor":41.0,"turns":1.0},{"damage":0.0,"enemies":"Snake Plant","floor":43.0,"turns":1.0},{"damage":0.0,"enemies":"Replay:Snechameleon","floor":44.0,"turns":1.0},{"damage":0.0,"enemies":"Snecko","floor":46.0,"turns":2.0},{"damage":0.0,"enemies":"Book of Stabbing","floor":47.0,"turns":1.0},{"damage":0.0,"enemies":"Centurion and Healer","floor":48.0,"turns":1.0},{"damage":0.0,"enemies":"IC_MUSHROOM_ARCHETYPE","floor":49.0,"turns":2.0},{"damage":0.0,"enemies":"R_Hoarder","floor":56.0,"turns":1.0},{"damage":0.0,"enemies":"Nemesis","floor":60.0,"turns":1.0},{"damage":0.0,"enemies":"3 Shapes","floor":61.0,"turns":1.0},{"damage":14,"enemies":"Writhing Mass","floor":63,"turns":3},{"damage":0,"enemies":"4 Shapes","floor":64,"turns":1},{"damage":0,"enemies":"Reptomancer","floor":66,"turns":1},{"damage":0,"enemies":"Sphere and 2 Shapes","floor":67,"turns":1},{"damage":20,"enemies":"SI_POISON_ARCHETYPE","floor":68,"turns":6},{"damage":2,"enemies":"downfall:CharBossMerchant","floor":70,"turns":5},{"damage":1,"enemies":"downfall:NeowBoss","floor":73,"turns":8},{"damage":26,"enemies":"downfall:NeowBossFinal","floor":74,"turns":6}],"seed_played":"-2278105954221921411","potions_obtained":[{"floor":29.0,"key":"Weak Potion"},{"floor":31.0,"key":"Venom Potion"},{"floor":37.0,"key":"EssenceOfSteel"},{"floor":37.0,"key":"SkillPotion"},{"floor":37.0,"key":"Slimebound:ThreeZeroPotion"},{"floor":38.0,"key":"Energy Potion"},{"floor":41.0,"key":"champ:CounterPotion"},{"floor":49.0,"key":"Strength Potion"}],"is_trial":true,"path_per_floor":["R","R","R","R","R","R","R","R","R","R","R","R","R","R","R","R","R","M","?","$","E","?","T","R","M","R","$","R","E","M","M","B",null,"R_BF","M","$","?","E","R","T","M","?","M","E","R","M","E","M","B",null,"R_BF","$","?","?","?","E","T","R","R","E","M","M","M","M","R","E","M","B",null,"E","$","R","B","B",null],"character_chosen":"THE_AUTOMATON","items_purchased":["bronze:WhirlingStrike","Replay:BasicMightCard","Crow Ritual","bronze:OilSpill","Grinning Jar","Medical Kit","expansioncontent:QuickStudy","champ:DeflectingBracers"],"campfire_rested":1,"item_purchase_floors":[20,27,36,36,52,52,52,71],"current_hp_per_floor":[70,70,70,70,70,70,70,70,70,70,70,70,70,70,70,70,70,70,70,70,70,75,75,75,75,75,75,85,85,85,85,85,85,85,85,88,88,88,88,88,88,88,88,88,88,88,88,88,88,88,88,91,84,84,84,84,84,87,87,93,97,97,83,83,83,83,87,87,97,95,95,95,97,71],"gold":176,"neow_bonus":"","is_daily":false,"chose_seed":false,"campfire_upgraded":26,"win_rate":0.0,"timestamp":1613589804,"path_taken":["R","R","R","R","R","R","R","R","R","R","R","R","R","R","R","R","R","M","?","$","?","?","T","R","?","R","?","R","?","?","M","BOSS","R_BF","M","$","?","?","R","T","?","?","?","?","R","?","?","M","BOSS","R_BF","$","?","?","?","?","T","R","R","E","M","M","M","M","R","?","M","BOSS","E","$","R","BOSS","BOSS"],"items_purchased_type":["Card","Card","Card","Card","Relic","Relic","Card","Relic"],"build_version":"2020-12-22","purchased_purges":0,"victory":true,"max_hp_per_floor":[70,70,70,70,70,70,70,70,70,70,70,70,70,70,70,70,70,70,70,70,70,75,75,75,75,75,75,85,85,85,85,85,85,85,85,88,88,88,88,88,88,88,88,88,88,88,88,88,88,88,88,91,94,94,94,94,94,97,97,97,97,97,97,97,97,97,97,97,97,97,97,97,97,97],"card_choices":[{"not_picked":["bronze:Iterate","bronze:OilSpill"],"picked":"bronze:DelayedSlice","floor":0.0},{"not_picked":["bronze:BitShift","bronze:Invalidate"],"picked":"bronze:Deprecate","floor":0.0},{"not_picked":["bronze:Boost","bronze:Turbo"],"picked":"bronze:Branch","floor":0.0},{"not_picked":["bronze:Turbo","bronze:Frontload"],"picked":"bronze:WildBeam","floor":0.0},{"not_picked":["bronze:DelayedSlice","bronze:BugBarrage"],"picked":"bronze:WhirlingStrike","floor":0.0},{"not_picked":["bronze:Safeguard","bronze:Deprecate"],"picked":"bronze:Flail","floor":0.0},{"not_picked":["bronze:BugBarrage","bronze:Branch"],"picked":"bronze:Repair","floor":0.0},{"not_picked":["bronze:Overheat","bronze:Shield"],"picked":"bronze:WhirlingStrike","floor":0.0},{"not_picked":["bronze:BitShift","bronze:Frontload"],"picked":"bronze:Overheat","floor":0.0},{"not_picked":["bronze:WildBeam","bronze:DelayedGuard"],"picked":"bronze:Shield","floor":0.0},{"not_picked":["bronze:OilSpill","bronze:DarkDash"],"picked":"bronze:BronzeOrb","floor":0.0},{"not_picked":["bronze:DarkDash","bronze:DelayedSlice"],"picked":"bronze:Overload","floor":0.0},{"not_picked":["bronze:Overheat","bronze:WhirlingStrike"],"picked":"bronze:CutThrough","floor":0.0},{"not_picked":["bronze:Deprecate","bronze:Iterate"],"picked":"bronze:WhirlingStrike","floor":0.0},{"not_picked":["bronze:Deprecate","bronze:Frontload"],"picked":"bronze:CutThrough","floor":0.0},{"not_picked":["expansioncontent:Hexaburn","expansioncontent:AwakenDeath"],"picked":"Replay:SS_forest_2","floor":53.0},{"not_picked":["Replay:SS_fish_1","Replay:SS_hec_1"],"picked":"expansioncontent:Chronoboost","floor":53.0},{"not_picked":["expansioncontent:GuardianWhirl","expansioncontent:InvincibleStrength"],"picked":"expansioncontent:LastStand","floor":53.0}],"player_experience":172107,"relics_obtained":[{"floor":18.0,"key":"bronze:DecasWashers"},{"floor":21.0,"key":"Akabeko"},{"floor":25.0,"key":"Bronze Scales"},{"floor":29.0,"key":"Pantograph"},{"floor":30.0,"key":"FossilizedHelix"},{"floor":31.0,"key":"Replay:Ringing Soul"},{"floor":34.0,"key":"ReplayTheSpireMod:TigerMarble"},{"floor":35.0,"key":"Replay:Towering Pillar of Hats"},{"floor":37.0,"key":"Potion Belt"},{"floor":38.0,"key":"Omamori"},{"floor":40.0,"key":"Letter Opener"},{"floor":41.0,"key":"Ancient Tea Set"},{"floor":43.0,"key":"CaptainsWheel"},{"floor":44.0,"key":"Replay:Mystery Machine"},{"floor":46.0,"key":"Replay:PocketPolymizer"},{"floor":47.0,"key":"PreservedInsect"},{"floor":48.0,"key":"Ornamental Fan"},{"floor":55.0,"key":"Bottled Lightning"},{"floor":56.0,"key":"Bird Faced Urn"},{"floor":57.0,"key":"Anchor"},{"floor":60.0,"key":"Replay:Bandana"},{"floor":61.0,"key":"Gremlin Horn"},{"floor":63,"key":"Replay:Arrowhead"},{"floor":64,"key":"ReplayTheSpireMod:Lightbulb"},{"floor":66,"key":"Replay:WaspNest"},{"floor":67,"key":"Snack Pack"},{"floor":70,"key":"HornCleat"}],"event_choices":[{"damage_healed":0.0,"max_hp_gain":0.0,"max_hp_loss":0.0,"gold_gain":0.0,"event_name":"NoteForYourself","player_choice":"Ignored","floor":19.0,"gold_loss":0.0,"damage_taken":0.0},{"damage_healed":0.0,"max_hp_gain":5.0,"max_hp_loss":0.0,"gold_gain":0.0,"event_name":"Big Fish","player_choice":"Donut","floor":22.0,"gold_loss":0.0,"damage_taken":0.0}],"is_beta":false,"boss_relics":[{"not_picked":["Kintsugi","Runic Pyramid"],"picked":"Coffee Dripper"},{"not_picked":["SlaversCollar","Honey Jar"],"picked":"bronze:PlatinumCore"}],"items_purged_floors":[],"is_endless":false,"potions_floor_spawned":[29,31,38,41,46,47,49,56,61,63,67],"ascension_level":0}}