{"host":"uxjsgyia3bdyayt0","time":1613524895,"event":{"mods":["Act Like it!","BaseMod","Downfall","Gensokyo","Marisa（霧雨　魔理沙）","Minty Spire (QoL Compilation)","Prisma Mod","Reimu（博??梦）","Remilia（蕾米莉?）","StSLib","The Animator","The Servant 0.9.4","Yakumo Yukari mod","Youmu（魂魄妖梦）","Yuyuko"],"gold_per_floor":[109,109,184,203,203,236,52,64,64,64,75,51,77,69,69,145,145,158,178,178,178,178,178,190,209,209,209,209,73,87,100,100,162,162,178,178,178,193,206,206,220,236,236,236,236,250,250,250,250],"floor_reached":48,"language":"ENG","playtime":2657,"items_purged":[],"score":543,"play_id":"8c5dcbea-ffe5-41ba-8df9-c4611ba6b0d9","local_time":"20210217012135","is_ascension_mode":false,"campfire_choices":[{"data":"Apotheosis","floor":10,"key":"SMITH"},{"floor":15,"key":"REST"},{"floor":23,"key":"REST"},{"floor":28,"key":"REST"},{"floor":32,"key":"REST"},{"floor":40,"key":"REST"},{"floor":47,"key":"REST"}],"circlet_count":0,"master_deck":["PrismaMod:MiyuCommonDefend+1","PrismaMod:MiyuCommonDefend+1","PrismaMod:MiyuCommonDefend+1","PrismaMod:MiyuCommonDefend+1","PrismaMod:MiyuCommonAttack+1","PrismaMod:MiyuCommonAttack+1","PrismaMod:MiyuCommonAttack+1","PrismaMod:MiyuCommonAttack+1","PrismaMod:MiyuCommonAttack+1","PrismaMod:MiyuCheapChannelAttack","PrismaMod:MiyuCheapChannelDefend","PrismaMod:MiyuDefenseExplosion","PrismaMod:MiyuEvokeCheapAttack","PrismaMod:MiyuDefenseExplosion","Apotheosis+1","PrismaMod:MiyuCheapChannelVul","PrismaMod:MiyuUncommonAttack","PrismaMod:MiyuCheapChannelVul","PrismaMod:MiyuChristmas","PrismaMod:MiyuCheapChannelHeal","PrismaMod:MiyuCarnivalDefend","PrismaMod:MiyuUncommonAttack","PrismaMod:MiyuCheapAttack2+1","Writhe","PrismaMod:MiyuUncommonAOEAttack","PrismaMod:MiyuDevil+1","PrismaMod:MiyuUncommonStrBuff+1","PrismaMod:MiyuCheapAttack2+1","PrismaMod:MiyuUncommonAOEAttack","Madness+1","PrismaMod:MiyuCommonAOEAttack+1","PrismaMod:MiyuCommonAOEAttack","PrismaMod:MiyuMaid","PrismaMod:MiyuBride","PrismaMod:MiyuEvokeBuffDex+1","Wraith","PrismaMod:MiyuCheapDexBuff+1","PrismaMod:MiyuEvokeBuffDex","PrismaMod:MiyuUncommonAttack+1","PrismaMod:MiyuOrbIncreasePerm","PrismaMod:MiyuEvokeCheapAttack+1","PrismaMod:MiyuCheapChannelVul+1","PrismaMod:MiyuCarnivalAttack+1"],"relics":["PrismaMod:PrismaSapphire","NeowsBlessing","CaptainsWheel","Vajra","AntiCross","SlaversCollar","Dream Catcher","Nilry\u0027s Codex","Girya","Spirit Poop","Fusion Hammer","Potion Belt"],"acts_visited":["Exordium","TheCity","TheBeyond"],"potions_floor_usage":[],"damage_taken":[{"damage":0,"enemies":"2 Louse","floor":1,"turns":1},{"damage":0,"enemies":"Jaw Worm","floor":4,"turns":1},{"damage":0,"enemies":"3 Sentries","floor":6,"turns":2},{"damage":0,"enemies":"Small Slimes","floor":8,"turns":3},{"damage":8,"enemies":"Blue Slaver","floor":11,"turns":4},{"damage":1,"enemies":"Lagavulin","floor":13,"turns":4},{"damage":8,"enemies":"Red Slaver","floor":14,"turns":3},{"damage":32,"enemies":"Hexaghost","floor":16,"turns":7},{"damage":29,"enemies":"3 Byrds","floor":18,"turns":6},{"damage":6,"enemies":"Spheric Guardian","floor":19,"turns":2},{"damage":23,"enemies":"Centurion and Healer","floor":24,"turns":3},{"damage":7,"enemies":"3 Cultists","floor":25,"turns":4},{"damage":9,"enemies":"Snake Plant","floor":30,"turns":3},{"damage":0,"enemies":"Snecko","floor":31,"turns":5},{"damage":5,"enemies":"Champ","floor":33,"turns":7},{"damage":43,"enemies":"3 Darklings","floor":35,"turns":3},{"damage":10,"enemies":"Orb Walker","floor":38,"turns":3},{"damage":3,"enemies":"4 Shapes","floor":39,"turns":3},{"damage":0,"enemies":"3 Darklings","floor":41,"turns":3},{"damage":22,"enemies":"Writhing Mass","floor":42,"turns":6},{"damage":21,"enemies":"Maw","floor":46,"turns":5},{"damage":68,"enemies":"Reptomancer","floor":48,"turns":3}],"seed_played":"-6950877927212545180","potions_obtained":[{"floor":1,"key":"SteroidPotion"},{"floor":13,"key":"Energy Potion"},{"floor":24,"key":"LiquidBronze"},{"floor":25,"key":"DuplicationPotion"},{"floor":46,"key":"LiquidBronze"}],"is_trial":false,"path_per_floor":["M","?","?","M","?","E","$","M","T","R","M","$","E","M","R","B",null,"M","M","?","?","?","R","M","M","T","?","R","$","M","M","R","B",null,"M","?","?","M","M","R","M","M","T","?","?","M","R","E"],"character_chosen":"MIYU","items_purchased":["Apotheosis","PrismaMod:MiyuCheapChannelVul","PrismaMod:MiyuUncommonAOEAttack","Madness"],"campfire_rested":6,"item_purchase_floors":[7,12,29,29],"current_hp_per_floor":[75,68,57,57,57,57,57,57,57,57,49,49,48,40,62,35,75,46,40,40,40,24,46,23,16,16,16,38,38,29,29,51,50,75,32,32,32,22,19,41,41,19,19,19,66,45,64,0,0],"gold":250,"neow_bonus":"THREE_ENEMY_KILL","is_daily":false,"chose_seed":false,"campfire_upgraded":1,"win_rate":0.0,"timestamp":1613524895,"path_taken":["M","?","?","M","?","E","?","M","T","R","?","?","E","M","R","BOSS","M","M","?","?","?","R","M","M","T","?","R","$","M","M","R","BOSS","M","?","?","M","?","R","M","M","T","?","?","M","R","E"],"items_purchased_type":["Card","Card","Card","Card"],"build_version":"2020-12-22","purchased_purges":0,"victory":false,"max_hp_per_floor":[75,75,75,75,75,75,75,75,75,75,75,75,75,75,75,75,75,75,75,75,75,75,75,75,75,75,75,75,75,75,75,75,75,75,75,75,75,75,75,75,75,75,75,75,66,66,66,66,66],"card_choices":[{"not_picked":["PrismaMod:MiyuCheapChannelAttack","PrismaMod:MiyuCarnivalAttack"],"picked":"PrismaMod:MiyuDefenseExplosion","floor":1},{"not_picked":["PrismaMod:MiyuCheapStrBuff","PrismaMod:MiyuCheapEvoke"],"picked":"PrismaMod:MiyuEvokeCheapAttack","floor":4},{"not_picked":["PrismaMod:MiyuChristmas","PrismaMod:MiyuEvokeAll"],"picked":"PrismaMod:MiyuDefenseExplosion","floor":6},{"not_picked":["PrismaMod:MiyuCheapAttack1","PrismaMod:MiyuCarnivalAttack"],"picked":"PrismaMod:MiyuCheapChannelVul","floor":8},{"not_picked":["PrismaMod:MiyuMaid","PrismaMod:MiyuCarnivalAttack"],"picked":"PrismaMod:MiyuUncommonAttack","floor":11},{"not_picked":["PrismaMod:MiyuDevil","PrismaMod:MiyuAttackChannelWeak"],"picked":"PrismaMod:MiyuChristmas","floor":13},{"not_picked":["PrismaMod:MiyuUncommonDexBuff","PrismaMod:MiyuChannelAttackEvoke"],"picked":"PrismaMod:MiyuCheapChannelHeal","floor":14},{"not_picked":["PrismaMod:MiyuEvokeAllAttack","PrismaMod:MiyuChannelAttackEvoke"],"picked":"PrismaMod:MiyuCarnivalDefend","floor":16},{"not_picked":["PrismaMod:MiyuCheapChannelAttack","PrismaMod:MiyuDefenseExplosion+1"],"picked":"PrismaMod:MiyuUncommonAttack","floor":18},{"not_picked":["PrismaMod:MiyuCheapChannelAttack","PrismaMod:MiyuEvokeBuffStr+1"],"picked":"PrismaMod:MiyuCheapAttack2+1","floor":19},{"not_picked":["PrismaMod:MiyuEvokeBuffStr","PrismaMod:MiyuCheapEvoke"],"picked":"PrismaMod:MiyuUncommonAOEAttack","floor":23},{"not_picked":["PrismaMod:MiyuCommonAOEAttack","PrismaMod:MiyuCheapChannelRandom"],"picked":"PrismaMod:MiyuDevil+1","floor":24},{"not_picked":["PrismaMod:MiyuDefenseRemoval","PrismaMod:MiyuEvokeBuffStr+1"],"picked":"PrismaMod:MiyuUncommonStrBuff+1","floor":25},{"not_picked":["PrismaMod:MiyuUncommonAOEAttack","PrismaMod:MiyuCheapAttack1"],"picked":"PrismaMod:MiyuCheapAttack2+1","floor":28},{"not_picked":["PrismaMod:MiyuCheapChannelAttack","PrismaMod:MiyuEvokeBuffStr"],"picked":"PrismaMod:MiyuCommonAOEAttack+1","floor":30},{"not_picked":["PrismaMod:MiyuUncommonDexBuff","PrismaMod:MiyuCheapChannelWeak"],"picked":"PrismaMod:MiyuCommonAOEAttack","floor":31},{"not_picked":["PrismaMod:MiyuCommonAOEAttack","PrismaMod:MiyuCarnivalAttack"],"picked":"PrismaMod:MiyuMaid","floor":32},{"not_picked":["PrismaMod:MiyuEvokeAllAttack","PrismaMod:MiyuChannelDefendEvoke"],"picked":"PrismaMod:MiyuBride","floor":33},{"not_picked":["PrismaMod:MiyuCheapChannelVul+1","PrismaMod:MiyuCommonAOEAttack"],"picked":"PrismaMod:MiyuEvokeBuffDex+1","floor":35},{"not_picked":["PrismaMod:MiyuAttackChannelAttack+1","PrismaMod:MiyuCheapAttack1"],"picked":"PrismaMod:MiyuCheapDexBuff+1","floor":38},{"not_picked":["PrismaMod:MiyuEvokeCheapDefend+1","PrismaMod:MiyuUncommonAttack"],"picked":"PrismaMod:MiyuEvokeBuffDex","floor":39},{"not_picked":["PrismaMod:MiyuEvokeCheapDefend","PrismaMod:MiyuUncommonAOEAttack"],"picked":"PrismaMod:MiyuUncommonAttack+1","floor":40},{"not_picked":["PrismaMod:MiyuUncommonDexBuff+1","PrismaMod:MiyuCheapPlate+1"],"picked":"PrismaMod:MiyuOrbIncreasePerm","floor":41},{"not_picked":["PrismaMod:MiyuCheapChannelWeak","PrismaMod:MiyuCheapChannelVul"],"picked":"PrismaMod:MiyuEvokeCheapAttack+1","floor":42},{"not_picked":["PrismaMod:MiyuUberAttack","PrismaMod:MiyuDefenseExplosion"],"picked":"PrismaMod:MiyuCheapChannelVul+1","floor":46},{"not_picked":["PrismaMod:MiyuCheapAttack2","PrismaMod:MiyuAttackChannelWeak"],"picked":"PrismaMod:MiyuCarnivalAttack+1","floor":47}],"player_experience":2084,"relics_obtained":[{"floor":6,"key":"Vajra"},{"floor":13,"key":"AntiCross"},{"floor":22,"key":"Nilry\u0027s Codex"},{"floor":26,"key":"Girya"},{"floor":43,"key":"Potion Belt"}],"event_choices":[{"cards_removed":["PrismaMod:MiyuCommonDefend"],"damage_healed":0,"gold_gain":0,"player_choice":"Card Removal","damage_taken":7,"max_hp_gain":0,"max_hp_loss":0,"event_name":"Golden Wing","floor":2,"gold_loss":0},{"damage_healed":0,"gold_gain":75,"player_choice":"Gather Gold","damage_taken":11,"max_hp_gain":0,"max_hp_loss":0,"event_name":"World of Goop","floor":3,"gold_loss":0},{"damage_healed":0,"gold_gain":0,"player_choice":"Box","damage_taken":0,"relics_obtained":["CaptainsWheel"],"max_hp_gain":0,"max_hp_loss":0,"event_name":"Big Fish","floor":5,"gold_loss":0,"cards_obtained":["Regret"]},{"damage_healed":0,"gold_gain":0,"player_choice":"Simplicity","damage_taken":0,"max_hp_gain":0,"max_hp_loss":0,"event_name":"Back to Basics","floor":20,"gold_loss":0,"cards_upgraded":["PrismaMod:MiyuCommonDefend","PrismaMod:MiyuCommonDefend","PrismaMod:MiyuCommonDefend","PrismaMod:MiyuCommonDefend","PrismaMod:MiyuCommonAttack","PrismaMod:MiyuCommonAttack","PrismaMod:MiyuCommonAttack","PrismaMod:MiyuCommonAttack","PrismaMod:MiyuCommonAttack"]},{"damage_healed":0,"gold_gain":0,"player_choice":"Opened","damage_taken":0,"relics_obtained":["Dream Catcher"],"max_hp_gain":0,"max_hp_loss":0,"event_name":"The Mausoleum","floor":21,"gold_loss":0,"cards_obtained":["Writhe"]},{"damage_healed":0,"gold_gain":0,"player_choice":"Obtained Book","damage_taken":16,"max_hp_gain":0,"max_hp_loss":0,"event_name":"Cursed Tome","floor":22,"gold_loss":0},{"cards_removed":["Regret"],"damage_healed":0,"gold_gain":0,"player_choice":"Offered Curse","damage_taken":0,"relics_obtained":["Spirit Poop"],"max_hp_gain":0,"max_hp_loss":0,"event_name":"Bonfire Elementals","floor":27,"gold_loss":0},{"damage_healed":0,"gold_gain":0,"player_choice":"Ignored","damage_taken":0,"max_hp_gain":0,"max_hp_loss":0,"event_name":"OrinTheCat","floor":36,"gold_loss":0},{"damage_healed":0,"gold_gain":0,"player_choice":"Upgraded","damage_taken":0,"max_hp_gain":0,"max_hp_loss":0,"event_name":"Upgrade Shrine","floor":37,"gold_loss":0,"cards_upgraded":["Madness"]},{"damage_healed":0,"gold_gain":0,"player_choice":"Ignored","damage_taken":0,"max_hp_gain":0,"max_hp_loss":0,"event_name":"Tomb of Lord Red Mask","floor":44,"gold_loss":0},{"damage_healed":66,"gold_gain":0,"player_choice":"Heal","damage_taken":0,"max_hp_gain":0,"max_hp_loss":9,"event_name":"The Moai Head","floor":45,"gold_loss":0}],"is_beta":false,"boss_relics":[{"not_picked":["RedLine:ReiMu","Snecko Eye"],"picked":"SlaversCollar"},{"not_picked":["Philosopher\u0027s Stone","Busted Crown"],"picked":"Fusion Hammer"}],"items_purged_floors":[],"is_endless":false,"potions_floor_spawned":[1,13,24,25,30,33,38,39,42,46],"killed_by":"Reptomancer","ascension_level":0}}