{"host":"a3gu5zu37ht99mpa","time":1613591964,"event":{"mods":["100% Spire Juice","Act Like it!","Arknights","BaseMod","Better Silent Start","BetterRewards","ChefMod","Conspire","Downfall","Energized Spire","GifTheSpireLib","Gold Saver","Halation","Minty Spire (QoL Compilation)","Prisma Mod","Reliquary","Robot Space Explorer","StSLib","Stuff the Spire","The Alterego","The Animator","The Cursed","The Dragon Tamer","The Edgeheg","The Marked","The Servant 0.9.4","Virulent Crown","Wandering Minibosses","yUi"],"gold_per_floor":[223,223,66,66,66,80,80,80,80,95,127,127,80,100,100,100,100],"floor_reached":16,"language":"ENG","playtime":502,"items_purged":[],"score":98,"play_id":"5db77b55-fbb5-4516-8c46-594c8d4b0d7a","local_time":"20210217145924","is_ascension_mode":false,"campfire_choices":[{"data":"chefmod:GroceryDelivery","floor":8,"key":"SMITH"},{"data":"chefmod:CuttingBoard","floor":12,"key":"SMITH"},{"floor":15,"key":"RECALL"}],"circlet_count":0,"master_deck":["chefmod:Strike","chefmod:Strike","chefmod:Strike","chefmod:Strike","chefmod:QuickThaw","chefmod:Defend","chefmod:Defend","chefmod:Defend","chefmod:Defend","chefmod:TodaysSpecial+1","chefmod:Cleavers","chefmod:GroceryDelivery+1","chefmod:CuttingBoard+1","chefmod:SpaghettiCarbonara","chefmod:FireUp","chefmod:Fillet"],"relics":["chefmod:TrustyPot","NeowsBlessing","Chemical X","StuffTheSpire:ForceGauntlet","Meat on the Bone","Vajra"],"acts_visited":["Exordium"],"potions_floor_usage":[11,11,16],"damage_taken":[{"damage":0,"enemies":"Small Slimes","floor":1,"turns":1},{"damage":0,"enemies":"Cultist","floor":6,"turns":1},{"damage":0,"enemies":"2 Louse","floor":10,"turns":1},{"damage":31,"enemies":"3 Sentries","floor":11,"turns":7},{"damage":9,"enemies":"Exordium Wildlife","floor":14,"turns":4},{"damage":43,"enemies":"The Guardian","floor":16,"turns":11}],"seed_played":"8443701073241554457","potions_obtained":[{"floor":1,"key":"SkillPotion"},{"floor":2,"key":"Energy Potion"},{"floor":2,"key":"Weak Potion"},{"floor":10,"key":"Fruit Juice"}],"is_trial":false,"path_per_floor":["M","?","$","T","?","M","?","R","T","M","E","R","$","M","R","B"],"character_chosen":"THE_CHEF","items_purchased":["Chemical X","chefmod:FireUp"],"campfire_rested":0,"item_purchase_floors":[3,13],"current_hp_per_floor":[76,76,76,76,76,76,76,76,76,76,50,50,50,41,41,0,0],"gold":100,"neow_bonus":"THREE_ENEMY_KILL","is_daily":false,"chose_seed":false,"campfire_upgraded":2,"win_rate":0.0,"timestamp":1613591964,"path_taken":["M","?","$","?","?","M","?","R","T","M","E","R","$","M","R","BOSS"],"items_purchased_type":["Relic","Card"],"build_version":"2020-12-22","purchased_purges":0,"victory":false,"max_hp_per_floor":[76,76,76,76,76,76,76,76,76,76,81,81,81,81,81,81,81],"card_choices":[{"not_picked":["chefmod:Defrost","chefmod:FireUp"],"picked":"chefmod:Cleavers","floor":1},{"not_picked":["chefmod:ColdSteel","chefmod:DoubleChop"],"picked":"chefmod:GroceryDelivery","floor":6},{"not_picked":["chefmod:Chop","chefmod:Leftovers"],"picked":"chefmod:CuttingBoard","floor":10},{"not_picked":["chefmod:ZaruSoba","chefmod:FarmersMarket"],"picked":"chefmod:SpaghettiCarbonara","floor":11},{"not_picked":["chefmod:BaoBuns","chefmod:FryPan"],"picked":"chefmod:Fillet","floor":14}],"player_experience":117223,"relics_obtained":[{"floor":4,"key":"StuffTheSpire:ForceGauntlet"},{"floor":11,"key":"Vajra"}],"event_choices":[{"damage_healed":0,"gold_gain":0,"player_choice":"Got Potions","damage_taken":0,"max_hp_gain":0,"max_hp_loss":0,"event_name":"Lab","floor":2,"gold_loss":0},{"damage_healed":0,"gold_gain":0,"player_choice":"Grow","damage_taken":0,"max_hp_gain":0,"max_hp_loss":0,"event_name":"Living Wall","floor":5,"gold_loss":0,"cards_upgraded":["chefmod:TodaysSpecial"]},{"damage_healed":0,"gold_gain":0,"player_choice":"Gave Potion","damage_taken":0,"relics_obtained":["Meat on the Bone"],"max_hp_gain":0,"max_hp_loss":0,"event_name":"WeMeetAgain","floor":7,"gold_loss":0}],"is_beta":false,"boss_relics":[],"items_purged_floors":[],"is_endless":false,"potions_floor_spawned":[1,6,10],"killed_by":"The Guardian","ascension_level":0}}