{"host":"tcdxiwht2vajk3tk","time":1613572546,"event":{"mods":["AchievementEnabler","BaseMod","Beaked The Cultist","Colored Powertips","Conspire","Defuse TimeMaze Blight","Downfall","Halation","Hermit","Hubris","Infinite Spire","Lobotomy","LobotomyExtend","Minty Spire (QoL Compilation)","Replay The Spire","Shop Mod","StSLib","The Cursed","The Disciple"],"gold_per_floor":[150,309,32,62,122,200,200,251,278,35,35,128,128,128,128,365,365,407,60,60,105,153,153,252,252,252],"floor_reached":25,"language":"ENG","playtime":1318,"items_purged":["TheCursedMod:FleshFromBone","hubris:Envy"],"score":683,"play_id":"8c238ea3-ef58-4e05-986b-6a94b162d98c","local_time":"20210217093546","daily_mods":["Flight","DeadlyEvents","Cursed Run","Elite Swarm","Lethality","Midas"],"is_ascension_mode":true,"campfire_choices":[{"floor":7.0,"key":"REST"},{"floor":11.0,"key":"REST"},{"floor":15.0,"key":"REST"},{"floor":23.0,"key":"REST"}],"circlet_count":0,"master_deck":["AscendersBane","TheCursedMod:Strike_TheCursed","TheCursedMod:Strike_TheCursed","TheCursedMod:Strike_TheCursed","TheCursedMod:Strike_TheCursed","TheCursedMod:Defend_TheCursed","TheCursedMod:Defend_TheCursed","TheCursedMod:Defend_TheCursed","TheCursedMod:Defend_TheCursed","TheCursedMod:CursedWand","TheCursedMod:CleanUpWorkshop","TheCursedMod:Dregs","TheCursedMod:CursedShiv","ReplayTheSpireMod:Compounding Headache","TheCursedMod:CursedMace","TheCursedMod:SpitefulPray","TheCursedMod:SpitefulPlan","TheCursedMod:StunningStrike","TheCursedMod:WearCloak","TheCursedMod:Neurasthenia","TheCursedMod:CursedStaff","Writhe","TheCursedMod:ForbiddenAlchemy","TheCursedMod:NeowsMight","TheCursedMod:CircleOfFlame+1","Pain","TheCursedMod:CircleOfFlame","TheCursedMod:Obscuration","TheCursedMod:DarkBarrier"],"relics":["Cursed Key","Darkstone Periapt","Du-Vu Doll","replay:Trail_Library","LetterFromLob","infinitespire:Satchel","MerchantsRug","infinitespire:EmpoweringShard","Lantern","Strange Spoon","Replay:WaspNest","LaetitiaHeart","halation:Prosthetics","halation:PeacePiece","Oddly Smooth Stone","WarpedTongs","MealTicket"],"acts_visited":["Exordium","TheCity"],"potions_floor_usage":[25,25,25],"damage_taken":[{"damage":0.0,"enemies":"2 Louse","floor":1.0,"turns":3.0},{"damage":0.0,"enemies":"Small Slimes","floor":4.0,"turns":2.0},{"damage":0.0,"enemies":"Cultist","floor":5.0,"turns":2.0},{"damage":1.0,"enemies":"Gremlin Nob","floor":6.0,"turns":3.0},{"damage":8.0,"enemies":"Exordium Thugs","floor":8.0,"turns":3.0},{"damage":2.0,"enemies":"Lagavulin","floor":12.0,"turns":6.0},{"damage":3.0,"enemies":"3 Sentries","floor":14.0,"turns":2.0},{"damage":0.0,"enemies":"3 Sentries","floor":14.0,"turns":1.0},{"damage":12.0,"enemies":"The Guardian","floor":16.0,"turns":6.0},{"damage":8.0,"enemies":"conspire:FuzzyDice","floor":18.0,"turns":3.0},{"damage":3.0,"enemies":"Spheric Guardian","floor":21.0,"turns":3.0},{"damage":13.0,"enemies":"Chosen and Byrds","floor":22.0,"turns":4.0},{"damage":46.0,"enemies":"Slavers","floor":24.0,"turns":4.0},{"damage":13,"enemies":"Replay:Snechameleon","floor":25,"turns":1}],"seed_played":"1652170435524392173","potions_obtained":[{"floor":2.0,"key":"Fire Potion"},{"floor":2.0,"key":"SmokeBomb"},{"floor":5.0,"key":"DistilledChaos"}],"is_trial":true,"path_per_floor":["M","?","$","M","M","E","R","M","T","$","R","E","$","E","R","B",null,"M","$","?","M","M","R","E","E"],"character_chosen":"THE_CURSED","items_purchased":["MerchantsRug","TheCursedMod:SpitefulPray","TheCursedMod:SpitefulPlan","Strange Spoon","halation:PeacePiece","Oddly Smooth Stone"],"campfire_rested":4,"item_purchase_floors":[3,3,3,10,19,19],"current_hp_per_floor":[64,70,70,70,70,69,77,69,75,75,83,81,81,78,83,77,54,46,46,52,49,36,54,8,0,0],"gold":252,"neow_bonus":"","is_daily":false,"chose_seed":false,"campfire_upgraded":0,"win_rate":0.0,"timestamp":1613572546,"path_taken":["M","?","$","M","M","E","R","M","T","$","R","E","$","E","R","BOSS","M","$","?","M","M","R","?","?"],"items_purchased_type":["Relic","Card","Card","Relic","Relic","Relic"],"build_version":"2020-12-22","purchased_purges":2,"victory":false,"max_hp_per_floor":[71,77,77,77,77,77,77,77,83,83,83,83,83,83,83,89,54,54,54,60,60,60,60,60,60,60],"card_choices":[{"not_picked":["TheCursedMod:CircleOfAmplification","TheCursedMod:SaltUponWound"],"picked":"TheCursedMod:CursedShiv","floor":1.0},{"not_picked":["TheCursedMod:Stigma","TheCursedMod:Stretching"],"picked":"TheCursedMod:CursedMace","floor":2.0},{"not_picked":["TheCursedMod:HellfireBreathing","TheCursedMod:SmokeScreen"],"picked":"TheCursedMod:StunningStrike","floor":4.0},{"not_picked":["TheCursedMod:Torture","TheCursedMod:FuryStrike"],"picked":"TheCursedMod:WearCloak","floor":5.0},{"not_picked":["TheCursedMod:ForbiddenAlchemy","TheCursedMod:CursedRelics"],"picked":"TheCursedMod:Neurasthenia","floor":6.0},{"not_picked":["TheCursedMod:SaltUponWound","TheCursedMod:Obscuration"],"picked":"TheCursedMod:CursedStaff","floor":8.0},{"not_picked":["TheCursedMod:StunningStrike","TheCursedMod:VoidForm"],"picked":"TheCursedMod:ForbiddenAlchemy","floor":12.0},{"not_picked":["TheCursedMod:CircleOfAbyss","TheCursedMod:CollectTribute"],"picked":"TheCursedMod:NeowsMight","floor":16.0},{"not_picked":["TheCursedMod:Stigma","TheCursedMod:CircleOfAmplification"],"picked":"TheCursedMod:CircleOfFlame+1","floor":18.0},{"not_picked":["TheCursedMod:Torture","TheCursedMod:Obscuration"],"picked":"TheCursedMod:CircleOfFlame","floor":21.0},{"not_picked":["TheCursedMod:Torture","TheCursedMod:RapidMovement"],"picked":"TheCursedMod:Obscuration","floor":22.0},{"not_picked":["TheCursedMod:CollectTribute","TheCursedMod:DemonicPact"],"picked":"TheCursedMod:DarkBarrier","floor":24.0}],"player_experience":1794572,"relics_obtained":[{"floor":1.0,"key":"LetterFromLob"},{"floor":2.0,"key":"infinitespire:Satchel"},{"floor":6.0,"key":"infinitespire:EmpoweringShard"},{"floor":9.0,"key":"Lantern"},{"floor":12.0,"key":"Replay:WaspNest"},{"floor":24.0,"key":"MealTicket"}],"event_choices":[{"damage_healed":0.0,"max_hp_gain":0.0,"max_hp_loss":0.0,"gold_gain":0.0,"event_name":"Accursed Blacksmith","player_choice":"Rummage","floor":20.0,"gold_loss":0.0,"damage_taken":0.0,"relics_obtained":["WarpedTongs"],"cards_obtained":["Pain"]}],"is_beta":false,"boss_relics":[{"not_picked":["halation:HeavySnake","Sozu"],"picked":"halation:Prosthetics"}],"items_purged_floors":[10,19],"is_endless":false,"potions_floor_spawned":[4,5,14,16,18,22],"killed_by":"Replay:Snechameleon","ascension_level":20}}