{"host":"omio3a71jojnapwg","time":1613541818,"event":{"mods":["Act Like it!","BaseMod","BetterRewards","Colored Map","Colored Powertips","Hermit","Hubris","Infinite Spire","Mad Scientist","Magitek Elite","Minty Spire (QoL Compilation)","Railgun Mod","ReimuÅiîé??öÎÅj","Replay The Spire","Robot Space Explorer","Spikes Relics","StSLib","Td1madao Mod","The Alterego","The Gatherer","The Necromancer","The Runesmith","The Servant 0.9.4","TheBandit","TheVacant"],"gold_per_floor":[115,115,131,150,72,72,90,38,115,128,128,128,128],"floor_reached":12,"language":"ENG","playtime":465,"items_purged":[],"score":70,"play_id":"3a2fed05-6b62-4238-b89a-84179a61596d","local_time":"20210216220338","is_ascension_mode":false,"campfire_choices":[{"data":"alterego_mod:DiscoLights","floor":6,"key":"SMITH"},{"floor":11,"key":"REST"}],"circlet_count":0,"master_deck":["alterego_mod:Strike","alterego_mod:Strike","alterego_mod:Strike","alterego_mod:Strike","alterego_mod:Defend","alterego_mod:Defend","alterego_mod:Defend","alterego_mod:Defend","alterego_mod:BigMeatyClaws","alterego_mod:BrynhildrsRune","Dramatic Entrance","alterego_mod:Mirror","alterego_mod:DiscoLights+1","alterego_mod:MaintainEyeContact","alterego_mod:BusterCard","alterego_mod:Smother","alterego_mod:DiscoLights","alterego_mod:Pet"],"relics":["alterego_mod:MasochisticConstitution","Golden Egg"],"acts_visited":["Exordium"],"potions_floor_usage":[],"damage_taken":[{"damage":5,"enemies":"2 Louse","floor":1,"turns":3},{"damage":11,"enemies":"Cultist","floor":3,"turns":5},{"damage":12,"enemies":"Jaw Worm","floor":4,"turns":6},{"damage":24,"enemies":"Exordium Thugs","floor":7,"turns":5},{"damage":21,"enemies":"Red Slaver","floor":10,"turns":5},{"damage":31,"enemies":"Gremlin Nob","floor":12,"turns":4}],"seed_played":"6583404889609936015","potions_obtained":[{"floor":1,"key":"Block Potion"},{"floor":4,"key":"Explosive Potion"},{"floor":10,"key":"Elixir"}],"is_trial":false,"path_per_floor":["M","?","M","M","$","R","M","$","T","M","R","E"],"character_chosen":"The_Alterego","items_purchased":["alterego_mod:BusterCard","alterego_mod:DiscoLights"],"campfire_rested":1,"item_purchase_floors":[5,8],"current_hp_per_floor":[66,66,63,52,52,52,29,29,29,9,31,0,0],"gold":128,"neow_bonus":"RANDOM_COLORLESS","is_daily":false,"chose_seed":false,"campfire_upgraded":1,"win_rate":0.0,"timestamp":1613541818,"path_taken":["M","?","M","M","$","R","M","$","T","M","R","E"],"items_purchased_type":["Card","Card"],"build_version":"2020-12-22","purchased_purges":0,"victory":false,"max_hp_per_floor":[71,71,72,73,73,73,74,74,74,75,75,75,75],"card_choices":[{"not_picked":["Dark Shackles","Replay:Sssssssssstrike"],"picked":"Dramatic Entrance","floor":0},{"not_picked":["alterego_mod:Punishment","alterego_mod:Crossover"],"picked":"alterego_mod:Mirror","floor":1},{"not_picked":["alterego_mod:Maid","alterego_mod:PerceptionDisorder"],"picked":"alterego_mod:DiscoLights","floor":3},{"not_picked":["alterego_mod:Clones","alterego_mod:Complex"],"picked":"alterego_mod:MaintainEyeContact","floor":4},{"not_picked":["alterego_mod:1TonWallop","alterego_mod:Belts"],"picked":"alterego_mod:Smother","floor":7},{"not_picked":["alterego_mod:Skirt","alterego_mod:SakuraLabyrinth"],"picked":"alterego_mod:Pet","floor":10}],"player_experience":276150,"relics_obtained":[{"floor":9,"key":"Golden Egg"}],"event_choices":[{"cards_removed":["alterego_mod:Impale"],"damage_healed":0,"gold_gain":0,"player_choice":"Offered Basic","damage_taken":0,"max_hp_gain":0,"max_hp_loss":0,"event_name":"Bonfire Elementals","floor":2,"gold_loss":0}],"is_beta":false,"boss_relics":[],"items_purged_floors":[],"is_endless":false,"potions_floor_spawned":[1,4,10],"killed_by":"Gremlin Nob","ascension_level":0}}