{"host":"8eqe2o2g03nh9rfw","time":1613590055,"event":{"mods":["AchievementEnabler","AlwaysNeverKeys","BaseMod","Better Third Choice","Block Reminder","Colored Map","Colored Powertips","GifTheSpireLib","Minty Spire (QoL Compilation)","Permanent Neow","Quick Restart","StSLib","Weighted Paths"],"gold_per_floor":[116,116,191,201,220,220,240,190,214,231,259,0,17,17,17,112,112,129,129,129,129,129,129],"floor_reached":22,"language":"ENG","playtime":1435,"items_purged":[],"score":184,"play_id":"0f45fed4-882d-4f63-bdb1-2b264f693d70","local_time":"20210217142735","is_ascension_mode":false,"campfire_choices":[{"floor":6,"key":"REST"},{"floor":15,"key":"REST"}],"circlet_count":0,"master_deck":["Strike_R","Strike_R","Defend_R","Defend_R","Bash","Cleave","Intimidate","Thunderclap","Searing Blow","Flex","Cleave","Anger","Berserk","Havoc","Purity"],"relics":["Burning Blood","Potion Belt","Darkstone Periapt","Empty Cage","betterThird:NestCultRelic"],"acts_visited":["Exordium","TheCity"],"potions_floor_usage":[11,11,22],"damage_taken":[{"damage":14,"enemies":"2 Louse","floor":1,"turns":3},{"damage":6,"enemies":"Cultist","floor":4,"turns":3},{"damage":11,"enemies":"Jaw Worm","floor":5,"turns":5},{"damage":3,"enemies":"Exordium Wildlife","floor":7,"turns":3},{"damage":26,"enemies":"Large Slime","floor":10,"turns":6},{"damage":17,"enemies":"3 Sentries","floor":11,"turns":6},{"damage":10,"enemies":"Gremlin Gang","floor":13,"turns":3},{"damage":36,"enemies":"Slime Boss","floor":16,"turns":9},{"damage":37,"enemies":"Spheric Guardian","floor":18,"turns":4},{"damage":49,"enemies":"Chosen","floor":22,"turns":6}],"seed_played":"7857801998246697528","potions_obtained":[{"floor":5,"key":"BloodPotion"},{"floor":7,"key":"Block Potion"},{"floor":10,"key":"LiquidMemories"},{"floor":18,"key":"Regen Potion"}],"is_trial":false,"path_per_floor":["M","?","?","M","M","R","M","?","T","M","E","$","M","$","R","B",null,"M","?","?","$","M"],"character_chosen":"IRONCLAD","items_purchased":["Darkstone Periapt"],"campfire_rested":2,"item_purchase_floors":[12],"current_hp_per_floor":[72,65,57,57,52,76,79,79,79,59,48,48,44,44,68,38,80,49,49,37,37,0,0],"gold":129,"neow_bonus":"REMOVE_CARD","is_daily":false,"chose_seed":false,"campfire_upgraded":0,"win_rate":0.0,"timestamp":1613590055,"path_taken":["M","?","?","?","M","R","M","?","T","M","E","?","M","$","R","BOSS","M","?","?","$","M"],"items_purchased_type":["Relic"],"build_version":"2020-12-22","purchased_purges":0,"victory":false,"max_hp_per_floor":[80,80,80,80,80,80,80,80,80,80,80,80,80,80,80,80,80,80,80,80,80,80,80],"card_choices":[{"not_picked":["Pommel Strike","Feel No Pain"],"picked":"Cleave","floor":1},{"not_picked":["Burning Pact","Sword Boomerang"],"picked":"Intimidate","floor":4},{"not_picked":["Bloodletting","True Grit"],"picked":"Thunderclap","floor":5},{"not_picked":["Hemokinesis","Entrench"],"picked":"Searing Blow","floor":7},{"not_picked":["Dual Wield","Pommel Strike"],"picked":"Flex","floor":10},{"not_picked":["Exhume","Armaments"],"picked":"Cleave","floor":11},{"not_picked":["Havoc","Body Slam"],"picked":"Anger","floor":13},{"not_picked":["Brutality","Feed"],"picked":"Berserk","floor":16},{"not_picked":["Clash","Ghostly Armor"],"picked":"Havoc","floor":18}],"player_experience":141027,"relics_obtained":[{"floor":11,"key":"Potion Belt"}],"event_choices":[{"cards_removed":["Defend_R"],"damage_healed":0,"gold_gain":0,"player_choice":"Card Removal","damage_taken":7,"max_hp_gain":0,"max_hp_loss":0,"event_name":"Golden Wing","floor":2,"gold_loss":0},{"damage_healed":0,"gold_gain":75,"player_choice":"Touch","damage_taken":8,"max_hp_gain":0,"max_hp_loss":0,"event_name":"FaceTrader","floor":3,"gold_loss":0},{"cards_removed":["Strike_R"],"damage_healed":0,"gold_gain":0,"player_choice":"Card Removal","damage_taken":0,"max_hp_gain":0,"max_hp_loss":0,"event_name":"The Cleric","floor":8,"gold_loss":50},{"damage_healed":0,"gold_gain":0,"player_choice":"Madness","damage_taken":0,"relics_obtained":["betterThird:NestCultRelic"],"max_hp_gain":0,"max_hp_loss":0,"event_name":"betterThird:BetterNest","floor":19,"gold_loss":0},{"damage_healed":0,"gold_gain":0,"player_choice":"CARD ","damage_taken":12,"max_hp_gain":0,"max_hp_loss":0,"event_name":"Knowing Skull","floor":20,"potions_obtained":[],"gold_loss":0,"cards_obtained":["Purity"]}],"is_beta":false,"boss_relics":[{"not_picked":["Runic Pyramid","SacredBark"],"picked":"Empty Cage"}],"items_purged_floors":[],"is_endless":false,"potions_floor_spawned":[5,7,10,18],"killed_by":"Chosen","ascension_level":0}}