{"host":"d76q0rb9a0s9bgr5","time":1613599699,"event":{"mods":["BaseMod","Downfall","Hubris","Minty Spire (QoL Compilation)","StSLib"],"gold_per_floor":[99,113,127,127,112,123,123,123,135,135,145,145,155,140,155,255,255,255,275,275,275,295,314,337,337,355,355,355,355],"floor_reached":27,"language":"ENG","playtime":2736,"items_purged":[],"score":207,"play_id":"d3081634-3b26-4684-be1c-b2538a4b5b9a","local_time":"20210217230819","is_ascension_mode":false,"campfire_choices":[{"data":"sneckomod:TailWhip","floor":1,"key":"SMITH"},{"data":"sneckomod:UnknownStrength","floor":12,"key":"SMITH"},{"data":"sneckomod:UnknownRarePower","floor":18,"key":"SMITH"}],"circlet_count":0,"master_deck":["sneckomod:Defend","sneckomod:Defend","sneckomod:TailWhip+1","sneckomod:SnekBite","sneckomod:Unknown","sneckomod:Unknown","sneckomod:IronFang","sneckomod:UnknownStrength+1","sneckomod:UnknownRarePower+1","sneckomod:UnknownBoss","RitualDagger","sneckomod:UnknownDexterity"],"relics":["sneckomod:SneckoSoul","hubris:SphereOfDissonance","hubris:Towel","Coffee Dripper","hubris:Icosahedron","PreservedInsect"],"acts_visited":["Exordium","TheCity"],"potions_floor_usage":[16,16,26,26],"damage_taken":[{"damage":0,"enemies":"2 Louse","floor":2,"turns":5},{"damage":0,"enemies":"Cultist","floor":3,"turns":3},{"damage":0,"enemies":"downfall:FleeingMerchant","floor":5,"turns":4},{"damage":0,"enemies":"Small Slimes","floor":6,"turns":2},{"damage":3,"enemies":"Exordium Thugs","floor":9,"turns":4},{"damage":7,"enemies":"Exordium Wildlife","floor":11,"turns":4},{"damage":9,"enemies":"Blue Slaver","floor":13,"turns":3},{"damage":0,"enemies":"downfall:FleeingMerchant","floor":14,"turns":4},{"damage":0,"enemies":"downfall:LooterAlt","floor":15,"turns":2},{"damage":39,"enemies":"IC_STATUS_ARCHETYPE","floor":16,"turns":10},{"damage":12,"enemies":"Shell Parasite","floor":19,"turns":4},{"damage":22,"enemies":"Spheric Guardian","floor":22,"turns":4},{"damage":14,"enemies":"Centurion and Healer","floor":23,"turns":4},{"damage":5,"enemies":"Snake Plant","floor":26,"turns":4},{"damage":33,"enemies":"Gremlin Leader","floor":27,"turns":4}],"seed_played":"3487711914026696811","potions_obtained":[{"floor":3,"key":"sneckomod:DiceRollPotion"},{"floor":6,"key":"sneckomod:CheatPotion"},{"floor":11,"key":"sneckomod:CheatPotion"},{"floor":15,"key":"hexamod:SoulburnPotion"},{"floor":19,"key":"SpeedPotion"},{"floor":23,"key":"Weak Potion"}],"is_trial":false,"path_per_floor":["R","M","M","?","$","M","T","?","M","?","M","R","M","$","M","B",null,"R","M","?","?","M","M","T","?","M","E"],"character_chosen":"THE_SNECKO","items_purchased":[],"campfire_rested":0,"item_purchase_floors":[],"current_hp_per_floor":[63,63,63,63,63,63,63,63,60,60,53,53,44,44,44,5,90,90,78,72,72,50,36,36,36,31,0,0,0],"gold":355,"neow_bonus":"REMOVE_TWO","is_daily":false,"chose_seed":false,"campfire_upgraded":3,"win_rate":0.0,"timestamp":1613599699,"path_taken":["R","M","M","?","$","?","T","?","?","?","M","R","M","?","M","BOSS","R","M","?","?","M","M","T","?","M","E"],"items_purchased_type":[],"build_version":"2020-12-22","purchased_purges":0,"victory":false,"max_hp_per_floor":[90,90,90,90,90,90,90,90,90,90,90,90,90,90,90,90,90,90,90,90,90,90,90,90,90,90,90,90,90],"card_choices":[{"not_picked":["sneckomod:Unknown2Cost","sneckomod:UnknownBlock","sneckomod:DefensiveFlair"],"picked":"SKIP","floor":2},{"not_picked":["sneckomod:UnknownCommonSkill","sneckomod:Unknown1Cost","sneckomod:RainOfDice"],"picked":"SKIP","floor":3},{"not_picked":["sneckomod:IronFang","sneckomod:Nope","sneckomod:Restock"],"picked":"SKIP","floor":5},{"not_picked":["sneckomod:SnakeSap","sneckomod:UnknownVulnerable","sneckomod:SnekBeam"],"picked":"SKIP","floor":6},{"not_picked":["sneckomod:QuickMove","sneckomod:DiceBlock"],"picked":"sneckomod:UnknownStrength","floor":9},{"not_picked":["sneckomod:MixItUp","sneckomod:RainOfDice","sneckomod:UnlimitedRolls"],"picked":"SKIP","floor":11},{"not_picked":["sneckomod:SoulDraw","sneckomod:RainOfDice","sneckomod:DiceBlock"],"picked":"SKIP","floor":13},{"not_picked":["sneckomod:SoulRoll","sneckomod:Unknown2Cost"],"picked":"sneckomod:UnknownRarePower","floor":14},{"not_picked":["sneckomod:SlitherStrike","sneckomod:Memorize","sneckomod:RainOfDice"],"picked":"SKIP","floor":15},{"not_picked":["sneckomod:Mudshield","sneckomod:UnknownRareAttack"],"picked":"sneckomod:UnknownBoss","floor":16},{"not_picked":["sneckomod:SoulDraw","sneckomod:UnknownX","sneckomod:SnekBeam+1"],"picked":"SKIP","floor":19},{"not_picked":["sneckomod:Nope","sneckomod:UnendingSupply+1","sneckomod:SerpentIdol"],"picked":"SKIP","floor":22},{"not_picked":["sneckomod:SoulExchange","sneckomod:SoulDraw","sneckomod:ImprovisedGuard"],"picked":"SKIP","floor":23},{"not_picked":["sneckomod:RainOfDice","sneckomod:UnlimitedRolls"],"picked":"sneckomod:UnknownDexterity","floor":26}],"player_experience":162138,"relics_obtained":[{"floor":7,"key":"hubris:SphereOfDissonance"},{"floor":24,"key":"PreservedInsect"}],"event_choices":[{"cards_removed":["sneckomod:Defend"],"damage_healed":0,"gold_gain":0,"player_choice":"Offered Basic","damage_taken":0,"max_hp_gain":0,"max_hp_loss":0,"event_name":"Bonfire Elementals","floor":8,"gold_loss":0}],"is_beta":false,"boss_relics":[{"not_picked":["Astrolabe","hubris:HollowSoul"],"picked":"Coffee Dripper"}],"items_purged_floors":[],"is_endless":false,"potions_floor_spawned":[3,6,11,15,19,23],"killed_by":"Gremlin Leader","ascension_level":0}}