{"host":"kdt6w7ix8lwe69i9","time":1613579585,"event":{"mods":["100% Spire Juice","BaseMod","ChefMod","Evolution","Koishi","Minty Spire (QoL Compilation)","Poor People Problems","Reimu（博丽灵梦）","Robot Space Explorer","Shade Mod","Shapeshifter Mod","StSLib","The Druid","The Gatherer","The Poker Player","The Servant 0.9.4","TheSurvivalist"],"gold_per_floor":[119,119,294,309,309,339,334,339,366,366,380,380,357,357],"floor_reached":13,"language":"ENG","playtime":828,"items_purged":[],"score":118,"play_id":"72b5a413-f2f5-4da4-925d-4603665cc719","local_time":"20210217113305","is_ascension_mode":false,"campfire_choices":[{"floor":12,"key":"REST"}],"circlet_count":0,"master_deck":["StSShapeShifter:ShiftingStrike","StSShapeShifter:ShiftingStrike","StSShapeShifter:ShapeShifter_Strike","StSShapeShifter:ShapeShifter_Strike","StSShapeShifter:ShapeShifter_Strike","StSShapeShifter:ShapeShifter_Defend","StSShapeShifter:ShapeShifter_Defend","StSShapeShifter:ShapeShifter_Defend","StSShapeShifter:ShapeShifter_Defend","StSShapeShifter:ShapeShifter_Defend","StSShapeShifter:Tortoise_Form","StSShapeShifter:Lynx_Form","StSShapeShifter:ThornToss","Poor:ReiMu","Doubt","StSShapeShifter:MonkeyForm","Regret","StSShapeShifter:Garden","StSShapeShifter:ReplenishingNectar","StSShapeShifter:ShiftingStrike","StSShapeShifter:SquirrelForm"],"relics":["StSShapeShifter:AnimalHeart","StSShapeShifter:TheShapeShiftersMagnolia","EVO:Axolotl","NeowsBlessing","YidongShenshe:ReiMu","Smiling Mask","Happy Flower","StSShapeShifter:MysticalFossil","Bronze Scales"],"acts_visited":["Exordium"],"potions_floor_usage":[8,8,13],"damage_taken":[{"damage":0,"enemies":"2 Louse","floor":1,"turns":1},{"damage":0,"enemies":"Small Slimes","floor":4,"turns":1},{"damage":0,"enemies":"Lagavulin","floor":6,"turns":1},{"damage":2,"enemies":"Jaw Worm","floor":7,"turns":4},{"damage":67,"enemies":"3 Sentries","floor":8,"turns":14},{"damage":4,"enemies":"Looter","floor":11,"turns":3},{"damage":36,"enemies":"Gremlin Nob","floor":13,"turns":3}],"seed_played":"-9200249790613369130","potions_obtained":[{"floor":4,"key":"Energy Potion"},{"floor":6,"key":"ColorlessPotion"},{"floor":8,"key":"PowerPotion"}],"is_trial":false,"path_per_floor":["M","?","?","M","?","E","M","E","T","?","M","R","E"],"character_chosen":"SHAPESHIFTER","items_purchased":[],"campfire_rested":1,"item_purchase_floors":[],"current_hp_per_floor":[78,78,78,78,78,78,76,12,12,12,10,33,0,0],"gold":357,"neow_bonus":"THREE_ENEMY_KILL","is_daily":false,"chose_seed":false,"campfire_upgraded":0,"win_rate":0.0,"timestamp":1613579585,"path_taken":["M","?","?","M","?","E","M","E","T","?","?","R","E"],"items_purchased_type":[],"build_version":"2020-12-22","purchased_purges":0,"victory":false,"max_hp_per_floor":[78,78,78,78,78,78,78,78,78,78,78,78,78,78],"card_choices":[{"not_picked":["StSShapeShifter:DiverseSpirit","StSShapeShifter:Synchronicity"],"picked":"StSShapeShifter:ThornToss","floor":1},{"not_picked":["StSShapeShifter:DeerForm","StSShapeShifter:RatForm"],"picked":"StSShapeShifter:MonkeyForm","floor":4},{"not_picked":["StSShapeShifter:VineHandcuffs","StSShapeShifter:Rest"],"picked":"StSShapeShifter:Garden","floor":6},{"not_picked":["StSShapeShifter:OakBlade","StSShapeShifter:Roar"],"picked":"StSShapeShifter:ReplenishingNectar","floor":7},{"not_picked":["StSShapeShifter:VineHandcuffs","StSShapeShifter:BurstOfLifeEscapeDeath"],"picked":"StSShapeShifter:ShiftingStrike","floor":8},{"not_picked":["StSShapeShifter:BladeOfGrass","StSShapeShifter:Rest"],"picked":"StSShapeShifter:SquirrelForm","floor":11}],"player_experience":1625999,"relics_obtained":[{"floor":6,"key":"Happy Flower"},{"floor":8,"key":"StSShapeShifter:MysticalFossil"},{"floor":9,"key":"Bronze Scales"}],"event_choices":[{"damage_healed":0,"gold_gain":0,"player_choice":"Take Tiny Shrine away","damage_taken":0,"relics_obtained":["YidongShenshe:ReiMu"],"max_hp_gain":0,"max_hp_loss":0,"event_name":"yidonshenshe","floor":2,"gold_loss":0,"cards_obtained":["Poor:ReiMu"]},{"damage_healed":0,"gold_gain":175,"player_choice":"AGREE","damage_taken":0,"max_hp_gain":0,"max_hp_loss":0,"event_name":"Liars Game","floor":3,"gold_loss":0,"cards_obtained":["Doubt"]},{"damage_healed":0,"gold_gain":0,"player_choice":"Box","damage_taken":0,"relics_obtained":["Smiling Mask"],"max_hp_gain":0,"max_hp_loss":0,"event_name":"Big Fish","floor":5,"gold_loss":0,"cards_obtained":["Regret"]},{"damage_healed":0,"gold_gain":0,"player_choice":"Ignored","damage_taken":0,"max_hp_gain":0,"max_hp_loss":0,"event_name":"Shining Light","floor":10,"gold_loss":0}],"is_beta":false,"boss_relics":[],"items_purged_floors":[],"is_endless":false,"potions_floor_spawned":[4,6,8],"killed_by":"Gremlin Nob","ascension_level":0}}