{"host":"zefmhu9ryehjj4p1","time":1613583736,"event":{"mods":["100% Spire Juice","2.2 Compatiblity","Act Like it!","Aspiration","BaseMod","Beaked The Cultist","Better Note","CapriCore","Colored Powertips","Conspire","DeckTracker","Downfall","Ekko","Elementarium","Friendly Minions","Gensokyo","Hallownest","Hermit","Highlight Path","Hubris","Infinite Spire","Koishi","Luminous","Marisa????????","Minty Spire (QoL Compilation)","Random Character Button","Reimu??????","Reliquary","Replay The Spire","Ruina","Shade Mod","Shapeshifter Mod","StSLib","The Administrix","The Blue Laboratory","The Bug Knight","The Construct","The Cursed","The Gatherer","The Hierophant","The Immortal","The Judge","The Jungle","The Marked","The Mystic","The Runesmith","The Senshi","The Servant 0.9.4","The Vixen","The Wild Card","TheBandit","TheVacant","Wandering Minibosses"],"gold_per_floor":[115,115,115,128,142,176,176,189,216,235,235,510,530,549,549,549,549,553,553],"floor_reached":18,"language":"ENG","playtime":745,"items_purged":[],"score":164,"play_id":"73a48898-1b57-44a2-b4d2-dc7795d65ef7","local_time":"20210217184216","is_ascension_mode":false,"campfire_choices":[{"floor":7,"key":"REST"},{"data":"Chill","floor":11,"key":"SMITH"},{"floor":17,"key":"DIG"}],"circlet_count":0,"master_deck":["Strike_B","Strike_B","Strike_B","Strike_B","Defend_B","Defend_B","Defend_B","Defend_B","Zap","Dualcast","Self Repair","Regret","Chill+1","Static Discharge","Capacitor","Capacitor","Self Repair","Regret"],"relics":["Cracked Core","aspiration:Nostalgia","reliquary:Aerogel","reliquary:ExpiredCoupon","Replay:Bandana","aspiration:EmptySkull"],"acts_visited":["Exordium"],"potions_floor_usage":[],"damage_taken":[{"damage":0,"enemies":"Small Slimes","floor":1,"turns":3},{"damage":20,"enemies":"2 Louse","floor":4,"turns":6},{"damage":3,"enemies":"Cultist","floor":5,"turns":4},{"damage":43,"enemies":"Gremlin Nob","floor":6,"turns":5},{"damage":9,"enemies":"Blue Slaver","floor":8,"turns":4},{"damage":8,"enemies":"conspire:2 RoseBushes","floor":10,"turns":6},{"damage":30,"enemies":"Lots of Slimes","floor":13,"turns":6},{"damage":20,"enemies":"3 Louse","floor":14,"turns":6},{"damage":42,"enemies":"Fading Forest","floor":18,"turns":7}],"seed_played":"1386264116858153719","potions_obtained":[{"floor":4,"key":"SkillPotion"},{"floor":6,"key":"blueLaboratory:ExaltedPotion"},{"floor":8,"key":"SkillPotion"}],"is_trial":false,"path_per_floor":["M","?","?","M","M","E","R","M","T","M","R","?","M","M","PTL","PTL","R","B"],"character_chosen":"DEFECT","items_purchased":[],"campfire_rested":1,"item_purchase_floors":[],"current_hp_per_floor":[75,75,75,62,66,30,52,50,50,49,49,49,33,27,27,27,27,0,0],"gold":553,"neow_bonus":"NOSTALGIA","is_daily":false,"chose_seed":false,"campfire_upgraded":1,"win_rate":0.0,"timestamp":1613583736,"path_taken":["M","?","?","M","?","E","R","M","T","M","R","?","M","?","PTL","PTL","R","BOSS"],"items_purchased_type":[],"build_version":"2020-12-22","purchased_purges":0,"victory":false,"max_hp_per_floor":[75,75,75,75,75,75,75,75,75,75,75,75,75,75,75,75,75,75,75],"card_choices":[{"not_picked":["ReplayTheSpireMod:Reroute Power","Sweeping Beam"],"picked":"Self Repair","floor":1},{"not_picked":["Reinforced Body","ReplaySolidLightProjector"],"picked":"Chill","floor":4},{"not_picked":["Barrage","Sweeping Beam"],"picked":"Static Discharge","floor":5},{"not_picked":["hubris:PowerSurge","Echo Form"],"picked":"Capacitor","floor":6},{"not_picked":["aspiration:Polymerization","Ball Lightning"],"picked":"Capacitor","floor":8},{"not_picked":["ReplayTheSpireMod:GoodbyeWorld","Ball Lightning"],"picked":"Self Repair","floor":10},{"not_picked":["Panic Button","Fusion","Gash"],"picked":"SKIP","floor":13},{"not_picked":["Panic Button","Fusion","Gash"],"picked":"SKIP","floor":13},{"not_picked":["ReplayRNGCard","Stack","Panic Button"],"picked":"SKIP","floor":14}],"player_experience":187653,"relics_obtained":[{"floor":6,"key":"reliquary:ExpiredCoupon"},{"floor":9,"key":"Replay:Bandana"},{"floor":17,"key":"aspiration:EmptySkull"}],"event_choices":[{"damage_healed":0,"gold_gain":0,"player_choice":"Box","damage_taken":0,"relics_obtained":["reliquary:Aerogel"],"max_hp_gain":0,"max_hp_loss":0,"event_name":"Big Fish","floor":2,"gold_loss":0,"cards_obtained":["Regret"]},{"damage_healed":0,"gold_gain":0,"player_choice":"Bought 0 Potions","damage_taken":0,"max_hp_gain":0,"max_hp_loss":0,"event_name":"The Woman in Blue","floor":3,"gold_loss":0},{"damage_healed":0,"gold_gain":275,"player_choice":"Desecrate","damage_taken":0,"max_hp_gain":0,"max_hp_loss":0,"event_name":"Golden Shrine","floor":12,"gold_loss":0,"cards_obtained":["Regret"]}],"is_beta":false,"boss_relics":[],"items_purged_floors":[],"is_endless":false,"potions_floor_spawned":[4,6,8,10],"killed_by":"Fading Forest","ascension_level":0}}