{"host":"bf5upntvbdompq33","time":1613604143,"event":{"mods":["BaseMod","Bestiary","Colored Map","Colored Powertips","Curses Come First","Highlight Path","Minty Spire (QoL Compilation)","StSLib","ojb\u0027s Info Mod"],"gold_per_floor":[19,29,47,63,63,63,78,92,92,92,121,21,47,66,66,66,66],"floor_reached":16,"language":"ENG","playtime":851,"items_purged":[],"score":177,"play_id":"b0f248fa-bbff-4374-88f5-78316a089b29","local_time":"20210217162223","is_ascension_mode":true,"campfire_choices":[{"data":"Zap","floor":6,"key":"SMITH"},{"data":"Chaos","floor":10,"key":"SMITH"},{"floor":15,"key":"REST"}],"circlet_count":0,"master_deck":["AscendersBane","Strike_B","Strike_B","Strike_B","Defend_B","Defend_B","Defend_B","Zap+1","Dualcast","Hologram","Chaos+1","Chaos","Loop","Capacitor","Ball Lightning","Creative AI","Cold Snap","Coolheaded","Electrodynamics","Coolheaded"],"relics":["Cracked Core","Mango","Anchor","Mummified Hand"],"acts_visited":["Exordium"],"potions_floor_usage":[8,11,13],"damage_taken":[{"damage":2,"enemies":"2 Louse","floor":1,"turns":2},{"damage":1,"enemies":"Cultist","floor":2,"turns":3},{"damage":6,"enemies":"Small Slimes","floor":3,"turns":3},{"damage":12,"enemies":"Looter","floor":4,"turns":4},{"damage":6,"enemies":"Blue Slaver","floor":7,"turns":3},{"damage":1,"enemies":"Exordium Thugs","floor":8,"turns":4},{"damage":36,"enemies":"3 Sentries","floor":11,"turns":7},{"damage":17,"enemies":"Gremlin Nob","floor":13,"turns":4},{"damage":0,"enemies":"Large Slime","floor":14,"turns":3},{"damage":27,"enemies":"The Guardian","floor":16,"turns":2}],"seed_played":"-9014535322296362331","potions_obtained":[{"floor":1,"key":"Strength Potion"},{"floor":4,"key":"PotionOfCapacity"},{"floor":7,"key":"DuplicationPotion"},{"floor":11,"key":"SpeedPotion"},{"floor":14,"key":"Strength Potion"}],"is_trial":false,"path_per_floor":["M","M","M","M","$","R","M","M","T","R","E","$","E","M","R","B"],"character_chosen":"DEFECT","items_purchased":["Cold Snap","Coolheaded"],"campfire_rested":1,"item_purchase_floors":[12,12],"current_hp_per_floor":[66,65,59,47,47,47,41,40,54,54,18,18,1,1,27,0,0],"gold":66,"neow_bonus":"REMOVE_TWO","is_daily":false,"chose_seed":false,"campfire_upgraded":2,"win_rate":0.0,"timestamp":1613604143,"path_taken":["M","M","M","M","$","R","M","M","T","R","E","$","E","M","R","BOSS"],"items_purchased_type":["Card","Card"],"build_version":"2020-12-22","purchased_purges":0,"victory":false,"max_hp_per_floor":[75,75,75,75,75,75,75,75,89,89,89,89,89,89,89,89,89],"card_choices":[{"not_picked":["Force Field","Rebound"],"picked":"Hologram","floor":1},{"not_picked":["Auto Shields","Beam Cell"],"picked":"Chaos","floor":2},{"not_picked":["FTL","Go for the Eyes"],"picked":"Chaos","floor":3},{"not_picked":["Lockon","Hologram"],"picked":"Loop","floor":4},{"not_picked":["Reprogram","Genetic Algorithm"],"picked":"Capacitor","floor":7},{"not_picked":["Steam","Go for the Eyes"],"picked":"Ball Lightning","floor":8},{"not_picked":["Beam Cell","Turbo"],"picked":"Creative AI","floor":11},{"not_picked":["Streamline","Blizzard"],"picked":"Electrodynamics","floor":13},{"not_picked":["Loop","Beam Cell"],"picked":"Coolheaded","floor":14}],"player_experience":1623236,"relics_obtained":[{"floor":9,"key":"Mango"},{"floor":11,"key":"Anchor"},{"floor":13,"key":"Mummified Hand"}],"event_choices":[],"is_beta":false,"boss_relics":[],"items_purged_floors":[],"is_endless":false,"potions_floor_spawned":[1,4,7,11,14],"killed_by":"The Guardian","ascension_level":11}}