{"host":"e3zuhorjxi9w14q4","time":1613576680,"event":{"mods":["AchievementEnabler","Aspiration","BaseMod","Defuse TimeMaze Blight","Downfall","Energized Spire","GifTheSpireLib","Hubris","Infinite Spire","Jorbs\u0027s Wanderer Trilogy","Minty Spire (QoL Compilation)","Reliquary","Replay The Spire","Spicy Shops","Spikes Relics","StSLib","Stuff the Spire","The Bug Knight","The Marked","The Poker Player","The Servant 0.9.4"],"gold_per_floor":[99,110,10,24,44,44,70,85,85,99,129,145,164,183,195,292,292,292,304,304,304,322,357,430,461,471,504,520,531,431,457,472,570,570,470,487,506,519,172,191,272,299,315,315,315,315],"floor_reached":44,"language":"ENG","playtime":2426,"items_purged":["bronze:Defend"],"score":740,"play_id":"963f58d4-94de-4067-a006-95973d5790ad","local_time":"20210217164440","is_ascension_mode":true,"campfire_choices":[{"floor":1,"key":"DIG"},{"data":"bronze:Goto","floor":6,"key":"SMITH"},{"data":"bronze:Mutator","floor":18,"key":"SMITH"},{"floor":30,"key":"RECALL"},{"data":"bronze:ItsAFeature","floor":35,"key":"SMITH"}],"circlet_count":0,"master_deck":["bronze:Strike","bronze:Strike","bronze:Strike","bronze:Strike","bronze:Defend","bronze:Defend","bronze:Defend","bronze:Replicate+1","bronze:Goto+1","bronze:FindAndReplace+1","bronze:Constructor","bronze:Branch","bronze:OilSpill+1","bronze:ItsAFeature+1","bronze:Flail","bronze:Branch+1","bronze:AlphaBuild+1","bronze:OilSpill+1","bronze:BuggyMess","bronze:Format","bronze:WildBeam","bronze:BuggyMess","bronze:Mutator+1","bronze:MaxOutput","bronze:Frontload+1","bronze:OilSpill","bronze:Verify"],"relics":["bronze:BronzeCore","hubris:PeanutButter","Whetstone","infinitespire:Beetle Shell","Coffee Dripper","hubris:BottledHeart","StuffTheSpire:Gunfinga","hubris:Metronome","Simple Rune","Toy Ornithopter","downfall:HeartBlessingGreen","Pear","aspiration:RitualDagger","downfall:HeartBlessingRed","Guide Book","Rawhide"],"acts_visited":["Exordium","TheCity","TheBeyond"],"potions_floor_usage":[23,23,23,29,42,43],"damage_taken":[{"damage":0,"enemies":"Jaw Worm","floor":2,"turns":3},{"damage":0,"enemies":"downfall:FleeingMerchant","floor":3,"turns":4},{"damage":0,"enemies":"Cultist","floor":4,"turns":3},{"damage":0,"enemies":"Small Slimes","floor":5,"turns":2},{"damage":0,"enemies":"Red Slaver","floor":8,"turns":2},{"damage":8,"enemies":"Large Slime","floor":10,"turns":2},{"damage":6,"enemies":"Gremlin Nob","floor":11,"turns":3},{"damage":0,"enemies":"3 Louse","floor":12,"turns":2},{"damage":0,"enemies":"downfall:LooterAlt","floor":13,"turns":1},{"damage":0,"enemies":"Blue Slaver","floor":14,"turns":3},{"damage":16,"enemies":"Exordium Thugs","floor":15,"turns":4},{"damage":10,"enemies":"SI_SHIV_ARCHETYPE","floor":16,"turns":6},{"damage":0,"enemies":"Shell Parasite","floor":19,"turns":3},{"damage":0,"enemies":"Spheric Guardian","floor":22,"turns":2},{"damage":0,"enemies":"Gremlin Leader","floor":23,"turns":6},{"damage":0,"enemies":"Slavers","floor":25,"turns":6},{"damage":0,"enemies":"Snake Plant","floor":26,"turns":3},{"damage":0,"enemies":"Book of Stabbing","floor":27,"turns":4},{"damage":0,"enemies":"Centurion and Healer","floor":28,"turns":5},{"damage":0,"enemies":"3 Cultists","floor":29,"turns":4},{"damage":0,"enemies":"Gremlin Leader","floor":31,"turns":7},{"damage":0,"enemies":"Snecko","floor":32,"turns":2},{"damage":0,"enemies":"WA_ARCHETYPE_CALM","floor":33,"turns":8},{"damage":0,"enemies":"Orb Walker","floor":36,"turns":2},{"damage":0,"enemies":"3 Darklings","floor":37,"turns":5},{"damage":0,"enemies":"Maw","floor":38,"turns":7},{"damage":0,"enemies":"downfall:FleeingMerchant","floor":39,"turns":4},{"damage":0,"enemies":"Transient","floor":40,"turns":5},{"damage":0,"enemies":"Nemesis","floor":42,"turns":6},{"damage":0,"enemies":"Writhing Mass","floor":43,"turns":5}],"seed_played":"4836360716535248709","potions_obtained":[{"floor":2,"key":"Flashbang"},{"floor":5,"key":"Guardian:BlockOnCardUsePotion"},{"floor":8,"key":"bronze:BurnAndBuffPotion"},{"floor":9,"key":"DuplicationPotion"},{"floor":27,"key":"DuplicationPotion"},{"floor":28,"key":"Elixir"},{"floor":29,"key":"SkillPotion"},{"floor":32,"key":"AttackPotion"},{"floor":36,"key":"CultistPotion"}],"is_trial":false,"path_per_floor":["R","M","$","M","M","R","T","M","?","M","E","M","M","M","M","B",null,"R","M","?","?","M","E","T","E","M","E","M","M","R","E","M","B",null,"R","M","M","M","$","M","T","E","M","?"],"character_chosen":"THE_AUTOMATON","items_purchased":["bronze:OilSpill","bronze:ItsAFeature","Guide Book","bronze:Verify"],"campfire_rested":0,"item_purchase_floors":[3,3,39,39],"current_hp_per_floor":[70,70,70,70,70,70,70,70,70,62,56,56,56,56,40,30,70,70,70,1,1,1,1,1,1,1,1,1,1,1,1,1,1,1,1,1,1,1,1,1,1,1,1,0,0,0],"gold":315,"neow_bonus":"ONE_RANDOM_RARE_CARD","is_daily":false,"chose_seed":false,"campfire_upgraded":3,"win_rate":0.0,"timestamp":1613576680,"path_taken":["R","M","$","M","M","R","T","M","?","?","E","M","M","M","M","BOSS","R","M","?","?","M","E","T","E","M","E","M","M","R","E","M","BOSS","R","M","M","M","$","M","T","E","M","?"],"items_purchased_type":["Card","Card","Relic","Card"],"build_version":"2020-12-22","purchased_purges":1,"victory":false,"max_hp_per_floor":[70,70,70,70,70,70,70,70,70,70,70,70,70,70,70,70,70,70,70,1,1,1,1,1,1,1,1,1,1,1,1,1,1,1,1,1,1,1,1,1,1,1,1,1,1,1],"card_choices":[{"not_picked":["bronze:ChildClass","bronze:MaxOutput"],"picked":"bronze:Constructor","floor":2},{"not_picked":["bronze:Constructor","bronze:Shield"],"picked":"bronze:Branch","floor":3},{"not_picked":["bronze:Constructor","bronze:BitShift"],"picked":"bronze:Flail","floor":4},{"not_picked":["bronze:Overload","bronze:GetLatest"],"picked":"bronze:Branch","floor":5},{"not_picked":["bronze:Fortify","bronze:Philosophize"],"picked":"bronze:AlphaBuild","floor":8},{"not_picked":["bronze:FineTuning","bronze:Overheat"],"picked":"bronze:OilSpill","floor":10},{"not_picked":["bronze:ForLoop","bronze:Allocate","bronze:Deprecate"],"picked":"SKIP","floor":11},{"not_picked":["bronze:DelayedSlice","bronze:Shield"],"picked":"bronze:BuggyMess","floor":12},{"not_picked":["bronze:FollowUp","bronze:Invalidate"],"picked":"bronze:Format","floor":13},{"not_picked":["bronze:Frontload","bronze:Fortify"],"picked":"bronze:WildBeam","floor":14},{"not_picked":["bronze:BitShift","bronze:CutThrough"],"picked":"bronze:BuggyMess","floor":15},{"not_picked":["bronze:ShipIt","bronze:Virus"],"picked":"bronze:Mutator","floor":16},{"not_picked":["bronze:ChosenStrike","bronze:DelayedSlice","bronze:Invalidate"],"picked":"SKIP","floor":19},{"not_picked":["bronze:ChosenStrike","bronze:DelayedSlice","bronze:Invalidate"],"picked":"SKIP","floor":19},{"not_picked":["bronze:Separator","bronze:DigitalCarnage","bronze:Iterate+1"],"picked":"SKIP","floor":22},{"not_picked":["bronze:Invalidate","bronze:Deprecate","bronze:BuggyMess"],"picked":"SKIP","floor":23},{"not_picked":["bronze:DelayedSlice+1","bronze:SpaghettiCode","bronze:Assembly"],"picked":"SKIP","floor":25},{"not_picked":["bronze:ChosenStrike","bronze:Repair"],"picked":"bronze:MaxOutput","floor":26},{"not_picked":["bronze:BronzeOrb+1","bronze:BuggyMess"],"picked":"bronze:Frontload+1","floor":27},{"not_picked":["bronze:Invalidate+1","bronze:Turbo","bronze:Boost+1"],"picked":"SKIP","floor":28},{"not_picked":["bronze:FineTuning","bronze:Optimize+1"],"picked":"bronze:OilSpill","floor":29},{"not_picked":["bronze:CloningBeam+1","bronze:GetLatest","bronze:Overheat+1"],"picked":"SKIP","floor":31},{"not_picked":["bronze:ForLoop","bronze:CutThrough","bronze:Overload"],"picked":"SKIP","floor":32},{"not_picked":["bronze:WildBeam+1","bronze:Constructor","bronze:Shield"],"picked":"SKIP","floor":36},{"not_picked":["bronze:BronzeOrb+1","bronze:BronzeArmor","bronze:WildBeam+1"],"picked":"SKIP","floor":37},{"not_picked":["bronze:ForLoop","bronze:Iterate+1","bronze:Overload+1"],"picked":"SKIP","floor":38},{"not_picked":["bronze:ForLoop","bronze:Iterate+1","bronze:Overload+1"],"picked":"SKIP","floor":38},{"not_picked":["bronze:Boost+1","bronze:DelayedGuard","bronze:Separator"],"picked":"SKIP","floor":39},{"not_picked":["bronze:DelayedGuard","bronze:FineTuning","bronze:Deprecate+1"],"picked":"SKIP","floor":40},{"not_picked":["bronze:Shield+1","bronze:WhirlingStrike","bronze:FollowUp+1"],"picked":"SKIP","floor":42},{"not_picked":["bronze:Assembly","bronze:Invalidate","bronze:WildBeam"],"picked":"SKIP","floor":43}],"player_experience":332588,"relics_obtained":[{"floor":1,"key":"hubris:PeanutButter"},{"floor":7,"key":"Whetstone"},{"floor":11,"key":"infinitespire:Beetle Shell"},{"floor":23,"key":"StuffTheSpire:Gunfinga"},{"floor":24,"key":"hubris:Metronome"},{"floor":25,"key":"Simple Rune"},{"floor":27,"key":"Toy Ornithopter"},{"floor":31,"key":"Pear"},{"floor":42,"key":"Rawhide"}],"event_choices":[{"damage_healed":0,"gold_gain":0,"player_choice":"Got Potions","damage_taken":0,"max_hp_gain":0,"max_hp_loss":0,"event_name":"Lab","floor":9,"gold_loss":0}],"is_beta":false,"boss_relics":[{"not_picked":["Replay:Wanted Poster","reliquary:Craggleroot"],"picked":"Coffee Dripper"},{"not_picked":["Pandora\u0027s Box","hubris:CrackedHourglass"],"picked":"aspiration:RitualDagger"}],"items_purged_floors":[39],"is_endless":false,"potions_floor_spawned":[2,5,8,11,15,16,22,27,28,29,32,36,38,40],"ascension_level":1}}