{"host":"3e3mwsgb9gfqiuxm","time":1613540027,"event":{"mods":["Act Like it!","BaseMod","Colored Map","Colored Powertips","Downfall","Gensokyo","Googly Eyes","Hermit","Hubris","Infinite Spire","Jorbs\u0027s Wanderer Trilogy","Koishi","Marisa????????","Minty Spire (QoL Compilation)","Quick Restart","Rare Cards Sparkle","Reimu??????","Remilia??????","Replay The Spire","Shop Mod","StSLib","SuperFastMode","Td1madao Mod","The Animator","The Bug Knight","The Cursed","The Hierophant","The Servant 0.9.4","everything is the same but u backflip on backflip","slay the spire mod where everything is the same but ironclad has a cowboy hat"],"gold_per_floor":[13,33,33,33,50,80,80,10,59,75,75,86,116,132,132,259,259,278,292,292,292,0,56,66,66,66],"floor_reached":25,"language":"ENG","playtime":822,"items_purged":[],"score":326,"play_id":"fd843282-1ff1-4aeb-8c77-0725f3cade4d","local_time":"20210217003347","is_ascension_mode":true,"campfire_choices":[{"data":"MagicChant","floor":7.0,"key":"SMITH"},{"data":"MasterSpark","floor":11.0,"key":"SMITH"},{"data":"WitchOfGreed","floor":15.0,"key":"SMITH"}],"circlet_count":0,"master_deck":["Strike_MRS+1","Strike_MRS+1","Defend_MRS","Defend_MRS","Defend_MRS","MasterSpark+1","UpSweep","GrandCross","EventHorizon","MagicChant+1","FairyDestructionRay","TreasureHunter","GrandCross","EnergyFlow","WitchOfGreed+1","JA","MysteriousBeam+1","WitchOfGreed","MagicAbsorber+1"],"relics":["MiniHakkero","MagicBroom","Whetstone","Vajra","Onion Ring","Iron Hammer","Durian","Ring of Chaos","BreadOfAWashokuLover","Shovel","SimpleLauncher","Regal Pillow","Omamori"],"acts_visited":["Exordium","TheCity"],"potions_floor_usage":[25],"damage_taken":[{"damage":12.0,"enemies":"Small Slimes","floor":1.0,"turns":3.0},{"damage":1.0,"enemies":"Cultist","floor":2.0,"turns":3.0},{"damage":1.0,"enemies":"2 Louse","floor":5.0,"turns":3.0},{"damage":13.0,"enemies":"HollowMod:MossKnight","floor":6.0,"turns":5.0},{"damage":0.0,"enemies":"Large Slime","floor":10.0,"turns":3.0},{"damage":8.0,"enemies":"Exordium Wildlife","floor":12.0,"turns":2.0},{"damage":15.0,"enemies":"3 Sentries","floor":13.0,"turns":5.0},{"damage":0.0,"enemies":"2 Fungi Beasts","floor":14.0,"turns":1.0},{"damage":10.0,"enemies":"Slime Boss","floor":16.0,"turns":6.0},{"damage":0.0,"enemies":"2 Thieves","floor":18.0,"turns":1.0},{"damage":6.0,"enemies":"Shell Parasite","floor":19.0,"turns":2.0},{"damage":20.0,"enemies":"Replay:Snechameleon","floor":23.0,"turns":4.0},{"damage":6.0,"enemies":"Shelled Parasite and Fungi","floor":24.0,"turns":2.0},{"damage":16,"enemies":"Nightmare","floor":25,"turns":3}],"seed_played":"-8599313341914508337","potions_obtained":[{"floor":1.0,"key":"Reflective Coating"},{"floor":2.0,"key":"Swift Potion"},{"floor":12.0,"key":"FearPotion"},{"floor":14.0,"key":"ZuzhouPotion:ReiMu"},{"floor":16.0,"key":"Toxic Potion"},{"floor":16.0,"key":"Fire Potion"},{"floor":18.0,"key":"bronze:BurnAndBuffPotion"},{"floor":19.0,"key":"Explosive Potion"},{"floor":23.0,"key":"SkillPotion"}],"is_trial":false,"path_per_floor":["M","M","$","?","M","E","R","$","T","M","R","M","E","M","R_BF","B",null,"M","M","?","?","$","E","M","NM"],"character_chosen":"MARISA","items_purchased":["FairyDestructionRay","SimpleLauncher"],"campfire_rested":0,"item_purchase_floors":[8,22],"current_hp_per_floor":[56,55,55,55,54,41,41,41,41,41,41,33,18,18,18,13,63,63,57,57,57,57,39,34,18,18],"gold":66,"neow_bonus":"REMOVE_TWO","is_daily":false,"chose_seed":false,"campfire_upgraded":3,"win_rate":0.0,"timestamp":1613540027,"path_taken":["M","M","$","?","M","E","R","?","T","M","R","M","E","M","R_BF","BOSS","M","M","?","?","$","E","M","NM"],"items_purchased_type":["Card","Relic"],"build_version":"2020-12-22","purchased_purges":0,"victory":false,"max_hp_per_floor":[75,75,75,75,75,75,75,75,75,75,75,75,75,75,75,80,80,80,80,80,80,80,80,80,80,80],"card_choices":[{"not_picked":["UnstableBomb","SuperPerseids"],"picked":"GrandCross","floor":1.0},{"not_picked":["GravityBeat","NonDirectionalLaser"],"picked":"EventHorizon","floor":2.0},{"not_picked":["AlicesGift","Acceleration"],"picked":"MagicChant","floor":5.0},{"not_picked":["ChargeUpSpray","6A","MilkyWay"],"picked":"SKIP","floor":6.0},{"not_picked":["IllusionStar","Orbital"],"picked":"TreasureHunter","floor":10.0},{"not_picked":["WitchLeyline","LuminesStrike"],"picked":"GrandCross","floor":12.0},{"not_picked":["IllusionStar","MeteoricShower"],"picked":"EnergyFlow","floor":13.0},{"not_picked":["GasGiant","SporeBomb"],"picked":"WitchOfGreed","floor":14.0},{"not_picked":["SuperNova","TreasureHunter"],"picked":"JA","floor":16.0},{"not_picked":["MagicChant","Occultation+1"],"picked":"MysteriousBeam+1","floor":18.0},{"not_picked":["Acceleration","ChargeUpSpray+1"],"picked":"WitchOfGreed","floor":19.0},{"not_picked":["DarkMatter","PowerUp","GrandCross+1"],"picked":"SKIP","floor":23.0},{"not_picked":["BlazeAway+1","WitchOfGreed"],"picked":"MagicAbsorber+1","floor":24.0}],"player_experience":1410162,"relics_obtained":[{"floor":6.0,"key":"Whetstone"},{"floor":9.0,"key":"Vajra"},{"floor":13.0,"key":"Onion Ring"},{"floor":13.0,"key":"Iron Hammer"},{"floor":16.0,"key":"Durian"},{"floor":23.0,"key":"Regal Pillow"},{"floor":23.0,"key":"Omamori"}],"event_choices":[{"damage_healed":0.0,"max_hp_gain":0.0,"max_hp_loss":0.0,"gold_gain":0.0,"event_name":"Liars Game","player_choice":"Ignored","floor":4.0,"gold_loss":0.0,"damage_taken":0.0},{"cards_removed":["Strike_MRS"],"damage_healed":0.0,"max_hp_gain":0.0,"max_hp_loss":0.0,"gold_gain":0.0,"event_name":"Purifier","player_choice":"Purged","floor":21.0,"gold_loss":0.0,"damage_taken":0.0}],"is_beta":false,"boss_relics":[{"not_picked":["hubris:VirtuousBlindfold","bronze:MakeshiftBattery"],"picked":"Ring of Chaos"}],"items_purged_floors":[],"is_endless":false,"potions_floor_spawned":[1,2,12,14,16,18,19,23],"killed_by":"Nightmare","ascension_level":8}}