{"host":"5wwct7e0z3l0f094","time":1613535143,"event":{"mods":["AchievementEnabler","BaseMod","Downfall","Highlight Path","Minty Spire (QoL Compilation)","StSLib","SuperFastMode"],"gold_per_floor":[112,112,130,150,150,182,192,192,217,217,217,237,257,257,257],"floor_reached":14,"language":"ENG","playtime":335,"items_purged":[],"score":143,"play_id":"55b36b16-2bb3-4bb7-b26e-3eb71182aed5","local_time":"20210216231223","is_ascension_mode":true,"campfire_choices":[{"floor":8,"key":"REST"},{"floor":11,"key":"REST"}],"circlet_count":0,"master_deck":["AscendersBane","Strike_G","Strike_G","Strike_G+1","Strike_G","Strike_G","Defend_G","Defend_G","Defend_G","Defend_G+1","Defend_G","Survivor","Neutralize","Pain","Storm of Steel","Regret","Infinite Blades"],"relics":["Ring of the Snake","NeowsBlessing","WarpedTongs","Strawberry","Dream Catcher","PreservedInsect"],"acts_visited":["Exordium"],"potions_floor_usage":[14],"damage_taken":[{"damage":0,"enemies":"Jaw Worm","floor":1,"turns":1},{"damage":0,"enemies":"Cultist","floor":3,"turns":1},{"damage":0,"enemies":"Small Slimes","floor":4,"turns":1},{"damage":41,"enemies":"Gremlin Nob","floor":6,"turns":5},{"damage":14,"enemies":"Blue Slaver","floor":7,"turns":6},{"damage":27,"enemies":"Large Slime","floor":12,"turns":8},{"damage":13,"enemies":"2 Fungi Beasts","floor":13,"turns":3},{"damage":25,"enemies":"Lagavulin","floor":14,"turns":4}],"seed_played":"1154544551570553149","potions_obtained":[{"floor":12,"key":"sneckomod:MuddlingPotion"},{"floor":13,"key":"SneckoOil"}],"is_trial":false,"path_per_floor":["M","?","M","M","?","E","M","R","T","?","R","M","M","E"],"character_chosen":"THE_SILENT","items_purchased":[],"campfire_rested":2,"item_purchase_floors":[],"current_hp_per_floor":[63,63,63,63,70,29,15,38,38,23,46,19,6,0,0],"gold":257,"neow_bonus":"THREE_ENEMY_KILL","is_daily":false,"chose_seed":false,"campfire_upgraded":0,"win_rate":0.0,"timestamp":1613535143,"path_taken":["M","?","M","?","?","E","M","R","T","?","R","M","M","E"],"items_purchased_type":[],"build_version":"2020-12-22","purchased_purges":0,"victory":false,"max_hp_per_floor":[70,70,70,70,77,77,77,77,77,77,77,77,77,77,77],"card_choices":[{"not_picked":["Underhanded Strike","Dodge and Roll","Acrobatics"],"picked":"SKIP","floor":1},{"not_picked":["Cloak And Dagger","PiercingWail"],"picked":"Storm of Steel","floor":3},{"not_picked":["Sucker Punch","Deadly Poison","Reflex"],"picked":"SKIP","floor":4},{"not_picked":["Flechettes","Dagger Throw","Deflect"],"picked":"SKIP","floor":6},{"not_picked":["Deadly Poison","Footwork","Leg Sweep"],"picked":"SKIP","floor":7},{"not_picked":["Outmaneuver","Acrobatics"],"picked":"Infinite Blades","floor":12},{"not_picked":["Outmaneuver","Setup","Bane"],"picked":"SKIP","floor":13}],"player_experience":338721,"relics_obtained":[{"floor":6,"key":"Dream Catcher"},{"floor":9,"key":"PreservedInsect"}],"event_choices":[{"damage_healed":0,"gold_gain":0,"player_choice":"Rummage","damage_taken":0,"relics_obtained":["WarpedTongs"],"max_hp_gain":0,"max_hp_loss":0,"event_name":"Accursed Blacksmith","floor":2,"gold_loss":0,"cards_obtained":["Pain"]},{"damage_healed":0,"gold_gain":0,"player_choice":"Box","damage_taken":0,"relics_obtained":["Strawberry"],"max_hp_gain":0,"max_hp_loss":0,"event_name":"Big Fish","floor":5,"gold_loss":0,"cards_obtained":["Regret"]},{"damage_healed":0,"gold_gain":0,"player_choice":"Entered Light","damage_taken":15,"max_hp_gain":0,"max_hp_loss":0,"event_name":"Shining Light","floor":10,"gold_loss":0,"cards_upgraded":["Defend_G","Strike_G"]}],"is_beta":false,"boss_relics":[],"items_purged_floors":[],"is_endless":false,"potions_floor_spawned":[12,13],"killed_by":"Lagavulin","ascension_level":11}}