{"host":"xp27heuvanyklt0b","time":1613573761,"event":{"mods":["100% Spire Juice","BaseMod","CapriCore","Koishi","Lobotomy","Minty Spire (QoL Compilation)","StSLib","The Immortal"],"gold_per_floor":[111,111,124,49,49,66,41,15,42,42,42,42,56,75,75,177,177,187,203,221,221,221,221,221,221,221],"floor_reached":24,"language":"KOR","playtime":763,"items_purged":[],"score":186,"play_id":"d67eac19-2cf3-44b9-9a77-98d32b54eb3e","local_time":"20210217235601","is_ascension_mode":false,"campfire_choices":[{"data":"MokouMod:IgnitionBlast","floor":12,"key":"SMITH"},{"data":"MokouMod:IgneousBlow","floor":15,"key":"SMITH"}],"circlet_count":0,"master_deck":["MokouMod:Strike","MokouMod:Strike","MokouMod:Strike","MokouMod:Defend","MokouMod:Defend","MokouMod:Defend","MokouMod:Defend","MokouMod:HeatSpark","MokouMod:Overheat","MokouMod:Ember","MokouMod:IgnitionBlast+1","MokouMod:IgneousBlow+1","MokouMod:AdaptivePyromancy","MokouMod:ScorchingColumn","MokouMod:IndiscriminateIgnition","MokouMod:RadiantBlade","MokouMod:SpontaneousHumanCombustion","MokouMod:HeatTransfer","MokouMod:ResoluteFlare+1","MokouMod:Combust","J.A.X."],"relics":["MokouMod:PhoenixFeather","Tiny Chest","Du-Vu Doll","Empty Cage","Matryoshka"],"acts_visited":["Exordium","TheCity"],"potions_floor_usage":[16,24,24],"damage_taken":[{"damage":5,"enemies":"2 Louse","floor":1,"turns":2},{"damage":1,"enemies":"Jaw Worm","floor":3,"turns":4},{"damage":0,"enemies":"Small Slimes","floor":6,"turns":2},{"damage":5,"enemies":"2 Fungi Beasts","floor":13,"turns":3},{"damage":14,"enemies":"Blue Slaver","floor":14,"turns":3},{"damage":58,"enemies":"The Guardian","floor":16,"turns":13},{"damage":19,"enemies":"Shell Parasite","floor":18,"turns":6},{"damage":21,"enemies":"2 Thieves","floor":19,"turns":4},{"damage":0,"enemies":"Sentry and Sphere","floor":20,"turns":3},{"damage":108,"enemies":"Gremlin Leader","floor":24,"turns":10}],"seed_played":"-5192858088897772170","potions_obtained":[{"floor":14,"key":"Block Potion"},{"floor":16,"key":"Regen Potion"},{"floor":18,"key":"AttackPotion"},{"floor":20,"key":"SpeedPotion"}],"is_trial":false,"path_per_floor":["M","?","M","$","?","M","$","$","T","T","$","R","M","M","R","B",null,"M","M","M","?","?","T","E"],"character_chosen":"MKU","items_purchased":["MokouMod:IgnitionBlast","MokouMod:AdaptivePyromancy","MokouMod:ScorchingColumn"],"campfire_rested":0,"item_purchase_floors":[4,7,8],"current_hp_per_floor":[70,70,69,69,69,69,69,69,69,69,69,69,64,50,50,13,75,56,35,35,35,35,35,0,0,0],"gold":221,"neow_bonus":"RANDOM_COMMON_RELIC","is_daily":false,"chose_seed":false,"campfire_upgraded":2,"win_rate":0.0,"timestamp":1613573761,"path_taken":["M","?","M","$","?","M","?","$","T","?","?","R","M","M","R","BOSS","M","M","M","?","?","?","E"],"items_purchased_type":["Card","Card","Card"],"build_version":"2020-12-22","purchased_purges":0,"victory":false,"max_hp_per_floor":[75,75,75,75,75,75,75,75,75,75,75,75,75,75,75,75,75,75,75,75,75,75,75,75,75,75],"card_choices":[{"not_picked":["MokouMod:Singe","MokouMod:ScorchedEarth"],"picked":"MokouMod:Overheat","floor":1},{"not_picked":["MokouMod:ResoluteFlare","MokouMod:InfernalWave"],"picked":"MokouMod:Ember","floor":3},{"not_picked":["MokouMod:Refresh","MokouMod:EternalBurstReactor"],"picked":"MokouMod:IgneousBlow","floor":6},{"not_picked":["MokouMod:RisingSunBarrier","MokouMod:SearingShot"],"picked":"MokouMod:IndiscriminateIgnition","floor":13},{"not_picked":["MokouMod:IgnitionBlast","MokouMod:IndiscriminateIgnition"],"picked":"MokouMod:RadiantBlade","floor":14},{"not_picked":["MokouMod:SearingBlow","MokouMod:ResonatingAura"],"picked":"MokouMod:SpontaneousHumanCombustion","floor":16},{"not_picked":["MokouMod:Ember","MokouMod:BlazingComet"],"picked":"MokouMod:HeatTransfer","floor":18},{"not_picked":["MokouMod:FlareStarter","MokouMod:InfernalWave"],"picked":"MokouMod:ResoluteFlare+1","floor":19},{"not_picked":["MokouMod:Fireball","MokouMod:FlamingFireTalons"],"picked":"MokouMod:Combust","floor":20}],"player_experience":326237,"relics_obtained":[{"floor":10,"key":"Du-Vu Doll"},{"floor":23,"key":"Matryoshka"}],"event_choices":[{"damage_healed":0,"gold_gain":0,"player_choice":"Leave","damage_taken":0,"max_hp_gain":0,"max_hp_loss":0,"event_name":"The Cleric","floor":2,"gold_loss":0},{"damage_healed":0,"gold_gain":0,"player_choice":"Ignored","damage_taken":0,"max_hp_gain":0,"max_hp_loss":0,"event_name":"Shining Light","floor":5,"gold_loss":0},{"damage_healed":0,"gold_gain":0,"player_choice":"Ignored","damage_taken":0,"max_hp_gain":0,"max_hp_loss":0,"event_name":"Vampires","floor":21,"gold_loss":0},{"damage_healed":0,"gold_gain":0,"player_choice":"Obtain J.A.X.","damage_taken":0,"max_hp_gain":0,"max_hp_loss":0,"event_name":"Drug Dealer","floor":22,"gold_loss":0,"cards_obtained":["J.A.X."]}],"is_beta":false,"boss_relics":[{"not_picked":["Fusion Hammer","Ectoplasm"],"picked":"Empty Cage"}],"items_purged_floors":[],"is_endless":false,"potions_floor_spawned":[14,16,18,20],"killed_by":"Gremlin Leader","ascension_level":0}}