{"host":"e3zuhorjxi9w14q4","time":1613571551,"event":{"mods":["AchievementEnabler","Aspiration","BaseMod","Defuse TimeMaze Blight","Downfall","Energized Spire","GifTheSpireLib","Hubris","Infinite Spire","Jorbs\u0027s Wanderer Trilogy","Minty Spire (QoL Compilation)","Reliquary","Replay The Spire","Spicy Shops","Spikes Relics","StSLib","Stuff the Spire","The Bug Knight","The Marked","The Poker Player","The Servant 0.9.4"],"gold_per_floor":[0,14,29,44,60,88,156,141,141,141,156,156,167,197,216,316,316,216,230,330,392,392,408,408,408,420,420,449,499,499,549,562,562,562,562],"floor_reached":33,"language":"ENG","playtime":2399,"items_purged":["hexamod:Strike"],"score":329,"play_id":"d7b97aa0-c3ad-4cd1-9e18-82fa727d9390","local_time":"20210217151911","is_ascension_mode":false,"campfire_choices":[{"floor":1,"key":"DIG"},{"data":"StuffTheSpire:Perfection","floor":10,"key":"SMITH"},{"data":"hexamod:PhantomCloak","floor":12,"key":"SMITH"},{"floor":18,"key":"DIG"},{"data":"hexamod:Float","floor":25,"key":"SMITH"},{"data":"hexamod:TurnItUp","floor":27,"key":"SMITH"},{"data":"hexamod:RadiantFlame","floor":30,"key":"SMITH"}],"circlet_count":0,"master_deck":["hexamod:Defend+1","hexamod:Defend","hexamod:Defend","hexamod:Defend+1","hexamod:Float+1","hexamod:AdvancingGuard","hexamod:PowerFromBeyond","hexamod:ShieldOfDarkness","hexamod:SwordOfDarkness","hexamod:FourthSeal","hexamod:PhantomCloak+1","hexamod:PowerFromBeyond","hexamod:AdvancingGuard","hexamod:TurnItUp+1","hexamod:GhostLash+1","hexamod:StepThrough","hexamod:FirstSeal","hexamod:ThirdSeal","hexamod:FastForward+1","hexamod:RadiantFlame+1","Bite","Bite","Bite","Bite","Bite","hexamod:FlamesFromBeyond","hexamod:FifthSeal"],"relics":["hexamod:SpiritBrand","ZombieTooth","Pantograph","Chameleon Ring","Mango","downfall:HeartBlessingGreen","reliquary:SilkGlove","downfall:CloakOfManyFaces","CultistMask","FaceOfCleric","NlothsMask","GremlinMask","SsserpentHead","Cauldron","aspiration:SecretTechniqueScroll","Replay:Wax Seal","reliquary:FeatherDuster"],"acts_visited":["Exordium","TheCity"],"potions_floor_usage":[8,14,14,16,16,20,20,20,28,28,33,33,33],"damage_taken":[{"damage":4,"enemies":"Jaw Worm","floor":2,"turns":4},{"damage":1,"enemies":"Cultist","floor":3,"turns":3},{"damage":0,"enemies":"2 Louse","floor":4,"turns":3},{"damage":0,"enemies":"Large Slime","floor":5,"turns":5},{"damage":0,"enemies":"3 Sentries","floor":6,"turns":7},{"damage":0,"enemies":"downfall:FleeingMerchant","floor":8,"turns":4},{"damage":12,"enemies":"3 Louse","floor":11,"turns":2},{"damage":2,"enemies":"Lots of Slimes","floor":13,"turns":4},{"damage":2,"enemies":"Lagavulin","floor":14,"turns":6},{"damage":2,"enemies":"Gremlin Gang","floor":15,"turns":4},{"damage":22,"enemies":"IC_STATUS_ARCHETYPE","floor":16,"turns":11},{"damage":13,"enemies":"downfall:LooterAlt2","floor":19,"turns":6},{"damage":26,"enemies":"downfall:FaceTrader","floor":20,"turns":10},{"damage":16,"enemies":"Shell Parasite","floor":21,"turns":5},{"damage":2,"enemies":"Snecko","floor":23,"turns":6},{"damage":13,"enemies":"Snake Plant","floor":26,"turns":5},{"damage":13,"enemies":"Book of Stabbing","floor":28,"turns":5},{"damage":39,"enemies":"Shelled Parasite and Fungi","floor":32,"turns":4},{"damage":74,"enemies":"SI_MIRROR_ARCHETYPE","floor":33,"turns":12}],"seed_played":"5284995629387304331","potions_obtained":[{"floor":3,"key":"Fire Potion"},{"floor":6,"key":"DistilledChaos"},{"floor":8,"key":"Elixir"},{"floor":11,"key":"hexamod:EctoCoolerPotion"},{"floor":13,"key":"SkillPotion"},{"floor":14,"key":"Cursed Concoction"},{"floor":14,"key":"Regen Potion"},{"floor":15,"key":"Flashbang"},{"floor":16,"key":"champ:CounterPotion"},{"floor":19,"key":"DistilledChaos"},{"floor":20,"key":"PowerPotion"},{"floor":20,"key":"Strength Potion"},{"floor":21,"key":"Guardian:BlockOnCardUsePotion"},{"floor":28,"key":"AttackPotion"},{"floor":32,"key":"PowerPotion"}],"is_trial":false,"path_per_floor":["R","M","M","M","M","E","T","$","?","R","M","R","M","E","M","B",null,"R","M","?","M","AVR","M","T","R","M","R","E","?","R","?","M","B"],"character_chosen":"THE_SPIRIT","items_purchased":[],"campfire_rested":0,"item_purchase_floors":[],"current_hp_per_floor":[70,66,65,65,65,65,65,65,65,65,53,53,51,63,61,62,84,84,71,60,45,45,51,51,51,46,46,41,41,41,41,15,0,0,0],"gold":562,"neow_bonus":"ONE_RARE_RELIC","is_daily":false,"chose_seed":false,"campfire_upgraded":5,"win_rate":0.0,"timestamp":1613571551,"path_taken":["R","M","M","M","M","E","T","$","?","R","M","R","M","E","M","BOSS","R","M","?","?","AVR","M","T","R","M","R","E","?","R","?","M","BOSS"],"items_purchased_type":[],"build_version":"2020-12-22","purchased_purges":1,"victory":false,"max_hp_per_floor":[70,70,70,70,70,70,70,70,70,70,70,70,70,84,84,84,84,84,84,84,85,85,86,86,86,87,87,88,88,88,61,62,62,62,62],"card_choices":[{"not_picked":["hexamod:RecurringNightmare","hexamod:ShieldOfDarkness"],"picked":"hexamod:AdvancingGuard","floor":2},{"not_picked":["hexamod:Haunt","hexamod:ThermalTransfer"],"picked":"hexamod:PowerFromBeyond","floor":3},{"not_picked":["hexamod:Rewind","hexamod:NecessarySacrifice"],"picked":"hexamod:ShieldOfDarkness","floor":4},{"not_picked":["hexamod:GhostOfSpireFuture","hexamod:ThermalTransfer"],"picked":"hexamod:SwordOfDarkness","floor":5},{"not_picked":["hexamod:Haunt","hexamod:GhostShield"],"picked":"hexamod:FourthSeal","floor":6},{"not_picked":["hexamod:NecessarySacrifice","hexamod:GhostLash"],"picked":"hexamod:SpectersWail","floor":8},{"not_picked":["StuffTheSpire:Vigor","StuffTheSpire:Harmony"],"picked":"StuffTheSpire:Perfection","floor":9},{"not_picked":["hexamod:BurningTouch","hexamod:SpectersWail"],"picked":"hexamod:PhantomCloak","floor":11},{"not_picked":["hexamod:HeatMetal","hexamod:UnleashSpirits"],"picked":"hexamod:PowerFromBeyond","floor":13},{"not_picked":["hexamod:SpectersWail","hexamod:Hexaguard","hexamod:CatchUp"],"picked":"SKIP","floor":14},{"not_picked":["hexamod:SpectersWail","hexamod:NecessarySacrifice"],"picked":"hexamod:AdvancingGuard","floor":15},{"not_picked":["hexamod:VolcanoVisage","hexamod:GhostflameInferno"],"picked":"hexamod:TurnItUp","floor":16},{"not_picked":["hexamod:FastForward","hexamod:NightmareGuise"],"picked":"hexamod:GhostLash+1","floor":19},{"not_picked":["hexamod:BurningTouch","hexamod:HeatMetal"],"picked":"hexamod:StepThrough","floor":20},{"not_picked":["hexamod:Firestarter","hexamod:SwordOfDarkness"],"picked":"hexamod:FirstSeal","floor":21},{"not_picked":["hexamod:GhostOfSpireFuture","hexamod:PhantomFireball"],"picked":"hexamod:ThirdSeal","floor":23},{"not_picked":["hexamod:CatchUp+1","hexamod:Firestarter","hexamod:NightmareStrike"],"picked":"SKIP","floor":26},{"not_picked":["hexamod:HauntingEcho","hexamod:BurningTouch+1","hexamod:RetreatToShadows+1"],"picked":"SKIP","floor":26},{"not_picked":["hexamod:DynamicBlow","hexamod:SkipABeat+1"],"picked":"hexamod:FastForward+1","floor":28},{"not_picked":["hexamod:SpectersWail+1","hexamod:GhostOfSpireFuture"],"picked":"hexamod:RadiantFlame","floor":28},{"not_picked":["hexamod:FourthSeal","hexamod:InspiringFlames"],"picked":"hexamod:FlamesFromBeyond","floor":32},{"not_picked":["hexamod:BacktrackSmack","hexamod:GhostOfSpirePast"],"picked":"hexamod:FifthSeal","floor":32}],"player_experience":327620,"relics_obtained":[{"floor":1,"key":"Anchor"},{"floor":6,"key":"Pantograph"},{"floor":7,"key":"Chameleon Ring"},{"floor":14,"key":"Mango"},{"floor":18,"key":"reliquary:SilkGlove"},{"floor":20,"key":"downfall:CloakOfManyFaces"},{"floor":28,"key":"Replay:Wax Seal"}],"event_choices":[{"damage_healed":0,"gold_gain":0,"player_choice":"Became a vampire","damage_taken":0,"max_hp_gain":0,"max_hp_loss":27,"event_name":"Vampires","floor":31,"gold_loss":0,"cards_obtained":["Bite","Bite","Bite","Bite","Bite"]}],"is_beta":false,"boss_relics":[{"not_picked":["hubris:BlackHole","Replay:Wanted Poster","Replay:Drink Me"]}],"items_purged_floors":[22],"is_endless":false,"potions_floor_spawned":[3,6,11,13,14,15,20,28,32],"killed_by":"SI_MIRROR_ARCHETYPE","ascension_level":0}}