{"host":"mlnzvkzmbpuy135q","time":1613605309,"event":{"mods":["BaseMod","Downfall","Minty Spire (QoL Compilation)","StSLib"],"gold_per_floor":[99,110,125,125,125,138,138,151,167,9,9,26,26,46,59,158,158,158,168,185,285,285,285,285,285],"floor_reached":23,"language":"ENG","playtime":2051,"items_purged":[],"score":185,"play_id":"2ae3965f-cf18-4f89-8fec-6b49c8345e5e","local_time":"20210217184149","is_ascension_mode":false,"campfire_choices":[{"data":"hexamod:Sear","floor":1,"key":"SMITH"},{"data":"hexamod:Float","floor":11,"key":"SMITH"},{"data":"hexamod:BurningTouch","floor":13,"key":"SMITH"},{"data":"hexamod:SkipABeat","floor":18,"key":"SMITH"}],"circlet_count":0,"master_deck":["hexamod:Defend","hexamod:Defend","hexamod:Defend","hexamod:Defend","hexamod:Sear+1","hexamod:Float+1","hexamod:AdvancingGuard","hexamod:SkipABeat+1","hexamod:FourthSeal","hexamod:FirstSeal","hexamod:Sear+1","hexamod:FirstSeal","hexamod:GhostOfSpirePast+1","hexamod:EmpoweredFlame+1","hexamod:BacktrackSmack","hexamod:BurningTouch+1","hexamod:InspiringFlames","hexamod:ExtraCrispy+1","hexamod:VolcanoVisage+1","hexamod:HauntingEcho+1","hexamod:FastForward","hexamod:Hexaguard+1","Slimebound:Tackle+1","Slimebound:Tackle+1","Slimebound:Tackle+1"],"relics":["hexamod:SpiritBrand","Frozen Egg 2","Orichalcum","Black Star","Girya","Pantograph"],"acts_visited":["Exordium","TheCity"],"potions_floor_usage":[8,10,16,16,20,21],"damage_taken":[{"damage":8,"enemies":"Small Slimes","floor":2,"turns":3},{"damage":0,"enemies":"Cultist","floor":3,"turns":3},{"damage":3,"enemies":"Jaw Worm","floor":6,"turns":4},{"damage":11,"enemies":"2 Fungi Beasts","floor":8,"turns":4},{"damage":18,"enemies":"Exordium Thugs","floor":9,"turns":6},{"damage":0,"enemies":"downfall:FleeingMerchant","floor":10,"turns":4},{"damage":11,"enemies":"Large Slime","floor":12,"turns":3},{"damage":8,"enemies":"Blue Slaver","floor":14,"turns":3},{"damage":0,"enemies":"Exordium Wildlife","floor":15,"turns":4},{"damage":21,"enemies":"IC_STATUS_ARCHETYPE","floor":16,"turns":8},{"damage":21,"enemies":"Shell Parasite","floor":19,"turns":5},{"damage":9,"enemies":"Chosen","floor":20,"turns":4},{"damage":6,"enemies":"SI_SHIV_ARCHETYPE","floor":21,"turns":6},{"damage":70,"enemies":"Gremlin Leader","floor":23,"turns":4}],"seed_played":"5668267401565239244","potions_obtained":[{"floor":3,"key":"Guardian:BlockOnCardUsePotion"},{"floor":6,"key":"DuplicationPotion"},{"floor":6,"key":"LiquidBronze"},{"floor":8,"key":"bronze:BurnAndBuffPotion"},{"floor":8,"key":"GamblersBrew"},{"floor":10,"key":"Slimebound:ThreeZeroPotion"},{"floor":12,"key":"LiquidBronze"},{"floor":14,"key":"Fire Potion"},{"floor":14,"key":"DistilledChaos"},{"floor":16,"key":"hexamod:SoulburnPotion"},{"floor":19,"key":"EssenceOfSteel"},{"floor":20,"key":"DuplicationPotion"}],"is_trial":false,"path_per_floor":["R","M","M","?","?","M","T","M","M","$","R","M","R","M","M","B",null,"R","M","M","?","?","E"],"character_chosen":"THE_SPIRIT","items_purchased":["Orichalcum"],"campfire_rested":0,"item_purchase_floors":[10],"current_hp_per_floor":[77,69,69,62,62,66,66,69,65,77,77,77,77,76,77,70,77,77,56,61,69,69,0,0,0],"gold":285,"neow_bonus":"TEN_PERCENT_HP_BONUS","is_daily":false,"chose_seed":false,"campfire_upgraded":4,"win_rate":0.0,"timestamp":1613605309,"path_taken":["R","M","M","?","?","M","T","M","?","$","R","M","R","M","M","BOSS","R","M","M","?","?","E"],"items_purchased_type":["Relic"],"build_version":"2020-12-22","purchased_purges":0,"victory":false,"max_hp_per_floor":[77,77,77,77,77,77,77,77,77,77,77,77,77,77,77,77,77,77,77,77,77,77,77,77,77],"card_choices":[{"not_picked":["hexamod:GhostLash","hexamod:Haunt"],"picked":"hexamod:AdvancingGuard","floor":2},{"not_picked":["hexamod:ShieldOfDarkness","hexamod:GhostShield"],"picked":"hexamod:SkipABeat","floor":3},{"not_picked":["hexamod:EtherealExpedition","hexamod:ThermalTransfer"],"picked":"hexamod:FirstSeal","floor":6},{"not_picked":["hexamod:GhostLash","hexamod:RecurringNightmare"],"picked":"hexamod:GhostOfSpirePast+1","floor":8},{"not_picked":["hexamod:DynamicBlow","hexamod:AdvancingGuard"],"picked":"hexamod:EmpoweredFlame+1","floor":9},{"not_picked":["hexamod:Haunt","hexamod:SpectersWail"],"picked":"hexamod:BacktrackSmack","floor":10},{"not_picked":["hexamod:BacktrackSmack","hexamod:PhantomCloak+1"],"picked":"hexamod:BurningTouch","floor":12},{"not_picked":["hexamod:BacktrackSmack","hexamod:PhantomCloak+1"],"picked":"hexamod:InspiringFlames","floor":14},{"not_picked":["hexamod:ThirdSeal","hexamod:BurningTouch"],"picked":"hexamod:ExtraCrispy+1","floor":15},{"not_picked":["hexamod:TimeOfNeed","hexamod:FifthSeal"],"picked":"hexamod:VolcanoVisage+1","floor":16},{"not_picked":["hexamod:ShieldOfDarkness","hexamod:InspiringFlames"],"picked":"hexamod:HauntingEcho+1","floor":19},{"not_picked":["hexamod:GhostflameBarrier","hexamod:HeatShield"],"picked":"hexamod:FastForward","floor":20},{"not_picked":["hexamod:FastForward","hexamod:NightmareStrike"],"picked":"hexamod:Hexaguard+1","floor":21}],"player_experience":102657,"relics_obtained":[{"floor":7,"key":"Frozen Egg 2"},{"floor":21,"key":"Girya"},{"floor":21,"key":"Pantograph"}],"event_choices":[],"is_beta":false,"boss_relics":[{"not_picked":["hexamod:IceCube","Tiny House"],"picked":"Black Star"}],"items_purged_floors":[],"is_endless":false,"potions_floor_spawned":[3,6,8,12,14],"killed_by":"Gremlin Leader","ascension_level":0}}