{"host":"syfsfjmzue8y1a6l","time":1613576965,"event":{"mods":["AchievementEnabler","BaseMod","Colored Map","DeckTracker","Minty Spire (QoL Compilation)","Permanent Neow","SuperFastMode"],"gold_per_floor":[112,125,125,143,93,127,149,161,196,208,220,220],"floor_reached":11,"language":"KOR","playtime":573,"items_purged":[],"score":73,"play_id":"ba4245ee-4382-4945-a85e-2e53e9f51b34","local_time":"20210218004925","is_ascension_mode":false,"campfire_choices":[{"data":"Uppercut","floor":10,"key":"SMITH"}],"circlet_count":0,"master_deck":["Strike_R","Strike_R","Strike_R","Strike_R","Defend_R","Defend_R","Defend_R","Defend_R","Bash","Panache","Flex","Uppercut+1","Warcry","Warcry"],"relics":["Burning Blood","MawBank","Red Skull"],"acts_visited":["Exordium"],"potions_floor_usage":[7,11],"damage_taken":[{"damage":7,"enemies":"2 Louse","floor":1,"turns":3},{"damage":5,"enemies":"Jaw Worm","floor":2,"turns":4},{"damage":5,"enemies":"Small Slimes","floor":4,"turns":4},{"damage":73,"enemies":"3 Sentries","floor":6,"turns":19},{"damage":9,"enemies":"Blue Slaver","floor":7,"turns":7},{"damage":9,"enemies":"Lagavulin","floor":11,"turns":3}],"seed_played":"5531221167588980187","potions_obtained":[{"floor":2,"key":"GamblersBrew"},{"floor":4,"key":"Block Potion"},{"floor":7,"key":"ColorlessPotion"}],"is_trial":false,"path_per_floor":["M","M","?","M","?","E","M","?","T","R","E"],"character_chosen":"IRONCLAD","items_purchased":[],"campfire_rested":0,"item_purchase_floors":[],"current_hp_per_floor":[71,72,77,77,77,10,7,7,7,7,0,0],"gold":220,"neow_bonus":"RANDOM_COLORLESS_2","is_daily":false,"chose_seed":false,"campfire_upgraded":1,"win_rate":0.0,"timestamp":1613576965,"path_taken":["M","M","?","M","?","E","M","?","T","R","E"],"items_purchased_type":[],"build_version":"2020-12-22","purchased_purges":0,"victory":false,"max_hp_per_floor":[72,72,77,77,77,77,77,77,77,77,77,77],"card_choices":[{"not_picked":["Sadistic Nature","Apotheosis"],"picked":"Panache","floor":0},{"not_picked":["Searing Blow","Iron Wave"],"picked":"Flex","floor":1},{"not_picked":["Iron Wave","Cleave"],"picked":"Uppercut","floor":2},{"not_picked":["Clothesline","Burning Pact"],"picked":"Warcry","floor":4},{"not_picked":["Body Slam","Cleave","Entrench"],"picked":"SKIP","floor":6},{"not_picked":["Disarm","Headbutt"],"picked":"Warcry","floor":7}],"player_experience":127617,"relics_obtained":[{"floor":6,"key":"MawBank"},{"floor":9,"key":"Red Skull"}],"event_choices":[{"damage_healed":0,"gold_gain":0,"player_choice":"Donut","damage_taken":0,"max_hp_gain":5,"max_hp_loss":0,"event_name":"Big Fish","floor":3,"gold_loss":0},{"cards_removed":["Strike_R"],"damage_healed":0,"gold_gain":0,"player_choice":"Card Removal","damage_taken":0,"max_hp_gain":0,"max_hp_loss":0,"event_name":"The Cleric","floor":5,"gold_loss":50},{"damage_healed":0,"gold_gain":0,"player_choice":"Ignored","damage_taken":0,"max_hp_gain":0,"max_hp_loss":0,"event_name":"Liars Game","floor":8,"gold_loss":0}],"is_beta":false,"boss_relics":[],"items_purged_floors":[],"is_endless":false,"potions_floor_spawned":[2,4,7],"killed_by":"Lagavulin","ascension_level":0}}