{"host":"dwyzfvnzfcqffr30","time":1613573508,"event":{"mods":["2.2 Compatiblity","Act Like it!","Aspiration","BaseMod","Beaked The Cultist","Better Altar","Better Match","Better Note","Better Sensory Stone","Better Skull","Better Third Choice","Clockwork Mod","Colored Map","Colored Powertips","Conspire","Downfall","Elementarium","GifTheSpireLib","Halation","Hermit","Hubris","Infinite Spire","Ironclad Rager","Jedi Mod","Menagerie","Mimic Mod","Minty Spire (QoL Compilation)","Permanent Neow","Random Character Button","Relic Filter Mod","Reliquary","Replay The Spire","Shapeshifter Mod","Spicy Shops","Spikes Relics","StSLib","Stuff the Spire","The Construct","The Disciple","The Druid","The Marked","TheFirefly","Trackpad","Wandering Minibosses"],"gold_per_floor":[123,149,149,170,193,237,65,85,121,154,154,154,191,239,239,332,332,372,1,19,32,54,89,89,122,122,140,15,30,48,48,48,128,128,153,153,182,232,257,306,143,180,180,180,209,249,284,314,314,314,314,314,35,63,63],"floor_reached":56,"language":"ENG","playtime":21499,"items_purged":["infinitespire:Pacifist","Dualcast+1","Strike_B+1"],"score":2395,"play_id":"f8e37548-1e54-4818-bbf3-46670a2237a2","local_time":"20210217065148","is_ascension_mode":true,"campfire_choices":[{"floor":12,"key":"RECALL"},{"floor":15,"key":"REST"},{"floor":24,"key":"REST"},{"floor":32,"key":"REST"},{"floor":44,"key":"REST"},{"data":"jedi:meditation+1","floor":49,"key":"SMITH"},{"data":"jedi:meditation+2","floor":52,"key":"SMITH"}],"circlet_count":0,"master_deck":["AscendersBane","StSShapeShifter:Sap_Burst+1","Strike_B+1","Strike_B+1","Strike_B+1","Defend_B+1","Defend_B+1","Defend_B+1","Defend_B+1","Zap+1","Apotheosis+1","MasterReality+1","StuffTheSpire:Plugnplay+1","Conserve Battery+1","PlatinumSkin+1","BasicCrystalCard+1","jedi:markofdeath+1","jedi:meditation+3","BasicCrystalCard+1","Leap+1","Redo+1","StuffTheSpire:Synthwave+1","Machine Learning+1","StuffTheSpire:BrainWave","Cold Snap+1","ReplayTheSpireMod:System Scan+1","ReplayTheSpireMod:System Scan+1"],"relics":["Cracked Core","WingedGreaves","Toxic Egg 2","Molten Egg 2","Frozen Egg 2","Quantum Egg","infinitespire:EvilPickle","conspire:InfiniteJournal","hubris:TinFlute","halation:Prosthetics","Bottled Tornado","reliquary:WeakTea","jedi:firstaidkit","halation:LettersToHer","reliquary:SilkGlove","hubris:HollowSoul","aspiration:SeaSaltIceCream","Replay:Wax Seal","Blue Candle","infinitespire:ShieldingShard","Elementarium:ElementariumTrophy","expansioncontent:StudyCardRelic","Garlic","infinitespire:Freezer","reliquary:Stiletto","Mummified Hand","aspiration:HatOfInfinitePower","SnailShell"],"acts_visited":[],"potions_floor_usage":[5,10,16,16,23,27,37,39,39,42,47,55],"damage_taken":[{"damage":6,"enemies":"Menagerie:2_RABBITS","floor":1,"turns":4},{"damage":0,"enemies":"Menagerie:WhisperingWraith","floor":2,"turns":4},{"damage":0,"enemies":"Menagerie:StygianBoar","floor":4,"turns":3},{"damage":0,"enemies":"Menagerie:RedMage","floor":5,"turns":6},{"damage":0,"enemies":"Menagerie:Hydra","floor":6,"turns":7},{"damage":1,"enemies":"Menagerie:KEEPER_AND_YOUNG_SUNEATER","floor":8,"turns":6},{"damage":1,"enemies":"Menagerie:BEAST_MAGE_AND_PROWLING_AMALGAM","floor":9,"turns":5},{"damage":5,"enemies":"Menagerie:VoidReaper","floor":10,"turns":6},{"damage":0,"enemies":"Menagerie:Hydra","floor":13,"turns":4},{"damage":5,"enemies":"Menagerie:Chimera","floor":16,"turns":7},{"damage":5,"enemies":"Elementarium:Cyclone","floor":18,"turns":8},{"damage":13,"enemies":"Elementarium:MUD_AND_TAR_GOLEMS","floor":20,"turns":5},{"damage":20,"enemies":"Elementarium:STONE_GOLEMS","floor":21,"turns":5},{"damage":6,"enemies":"Elementarium:CYCLONE_AND_ORB_OF_FIRE","floor":22,"turns":6},{"damage":17,"enemies":"Elementarium:FIRE_NOBILITY","floor":23,"turns":7},{"damage":0,"enemies":"Elementarium:ElementalPortal","floor":25,"turns":14},{"damage":0,"enemies":"Elementarium:VOID_CORRUPTION_AND_ORB_OF_FIRE","floor":27,"turns":6},{"damage":25,"enemies":"Elementarium:VoidBeast","floor":29,"turns":6},{"damage":13,"enemies":"Elementarium:STONE_GOLEMS","floor":30,"turns":4},{"damage":11,"enemies":"Elementarium:GoldenDragon","floor":33,"turns":8},{"damage":0,"enemies":"Orb Walker","floor":35,"turns":4},{"damage":1,"enemies":"3 Shapes","floor":37,"turns":4},{"damage":15,"enemies":"3 Darklings","floor":39,"turns":4},{"damage":4,"enemies":"beaked:SuperParasite","floor":40,"turns":5},{"damage":4,"enemies":"Reptomancer","floor":42,"turns":5},{"damage":0,"enemies":"4 Shapes","floor":45,"turns":5},{"damage":0,"enemies":"Nemesis","floor":46,"turns":7},{"damage":0,"enemies":"Transient","floor":47,"turns":1},{"damage":0,"enemies":"Writhing Mass","floor":48,"turns":5},{"damage":2,"enemies":"Donu and Deca","floor":50,"turns":7},{"damage":6,"enemies":"Shield and Spear","floor":54,"turns":6},{"damage":0,"enemies":"The Heart","floor":55,"turns":7}],"seed_played":"1500407070532491165","potions_obtained":[{"floor":1,"key":"LiquidMemories"},{"floor":4,"key":"Energy Potion"},{"floor":6,"key":"jedi:StrikingPotion"},{"floor":10,"key":"EssenceOfSteel"},{"floor":22,"key":"Cursed Concoction"},{"floor":25,"key":"Regen Potion"},{"floor":33,"key":"Explosive Potion"},{"floor":35,"key":"AttackPotion"},{"floor":37,"key":"PowerPotion"},{"floor":40,"key":"champ:CounterPotion"},{"floor":46,"key":"Venom Potion"}],"is_trial":false,"path_per_floor":["M","M","?","M","M","E","$","M","MIM","E","?","R","E","T","R","B",null,"M","$","M","M","M","E","R","E","T","M","$","M","M","$","R","B",null,"M","?","M","?","M","E","$","E","T","R","M","E","M","M","R","B",null,"R","$","E","B",null],"character_chosen":"DEFECT","items_purchased":["PlatinumSkin+1","aspiration:SeaSaltIceCream","infinitespire:Freezer","SnailShell","Swift Potion","ReplayTheSpireMod:System Scan+1"],"campfire_rested":4,"item_purchase_floors":[7,19,41,53,53,53],"current_hp_per_floor":[30,30,28,28,28,28,28,27,26,21,21,21,21,21,31,32,35,33,33,35,18,15,7,17,17,17,32,32,14,10,10,20,17,31,31,31,31,31,23,22,22,21,21,30,30,30,30,30,30,31,31,31,31,28,28],"gold":63,"neow_bonus":"ONE_RARE_RELIC","is_daily":false,"chose_seed":false,"campfire_upgraded":2,"win_rate":0.0,"timestamp":1613573508,"path_taken":["M","M","?","?","M","E","$","M","MIM","E","?","R","E","?","R","BOSS","M","?","M","M","M","E","R","E","T","M","$","M","M","?","R","BOSS","M","?","M","?","M","E","$","E","T","R","M","E","?","M","R","BOSS","R","$","E","BOSS"],"items_purchased_type":["Card","Relic","Relic","Relic","Potion","Card"],"build_version":"2020-12-22","purchased_purges":3,"victory":true,"max_hp_per_floor":[36,36,36,36,36,36,36,36,36,36,36,36,36,36,36,36,36,36,36,36,36,36,36,36,36,36,36,36,36,36,36,36,36,36,36,31,31,31,31,31,31,31,31,31,31,31,31,31,31,31,31,31,31,31,31],"card_choices":[{"not_picked":["Darkness+1","StuffTheSpire:SnapShoot+1"],"picked":"StuffTheSpire:Plugnplay+1","floor":1},{"not_picked":["StuffTheSpire:ShieldGenerator+1","Beam Cell+1"],"picked":"Conserve Battery+1","floor":2},{"not_picked":["hubris:SpecializedCircuitry+1","Steam Power+1","Barrage+1"],"picked":"SKIP","floor":4},{"not_picked":["jedi:blockon+1","Reinforced Body+1","Aggregate+1"],"picked":"SKIP","floor":5},{"not_picked":["StuffTheSpire:ShieldGenerator+1","Coolheaded+1","Auto Shields+1"],"picked":"SKIP","floor":6},{"not_picked":["Hello World+1","StuffTheSpire:LoadUp+1","jedi:BurstFrost+1"],"picked":"SKIP","floor":8},{"not_picked":["Beam Cell+1","StuffTheSpire:ShieldGenerator+1"],"picked":"BasicCrystalCard+1","floor":9},{"not_picked":["Leap+1","Auto Shields+1"],"picked":"jedi:markofdeath+1","floor":10},{"not_picked":["BasicCrystalCard+1","jedi:blockon+1"],"picked":"jedi:meditation+1","floor":13},{"not_picked":["Beam Cell+1","Barrage+1"],"picked":"BasicCrystalCard+1","floor":18},{"not_picked":["Leap+1","Coolheaded+1","Core Surge+1"],"picked":"SKIP","floor":20},{"not_picked":["ReplaySort+1","BasicCrystalCard+1"],"picked":"Leap+1","floor":21},{"not_picked":["Leap+1","RefreshScreen+1","Barrage+1"],"picked":"SKIP","floor":22},{"not_picked":["ReplaySolidLightProjector+1","Steam+1","BasicCrystalCard+1"],"picked":"SKIP","floor":23},{"not_picked":["Seek+1","Storm+1","jedi:BurstFrost+1"],"picked":"SKIP","floor":25},{"not_picked":["Hologram+1","Leap+1"],"picked":"Redo+1","floor":27},{"not_picked":["ReplaySort+1","Beam Cell+1"],"picked":"StuffTheSpire:Synthwave+1","floor":29},{"not_picked":["Barrage+1","BasicCrystalCard+1"],"picked":"Machine Learning+1","floor":30},{"not_picked":["ReplayTheSpireMod:Repulse+1","Streamline+1","Storm+1"],"picked":"SKIP","floor":35},{"not_picked":["StuffTheSpire:LoadUp+1","Reinforced Body+1","Coolheaded+1"],"picked":"SKIP","floor":37},{"not_picked":["Time Bomb+1","Go for the Eyes+1","Streamline+1"],"picked":"SKIP","floor":39},{"not_picked":["Time Bomb+1","Go for the Eyes+1","Streamline+1"],"picked":"SKIP","floor":39},{"not_picked":["Sunder+1","Conserve Battery+1","Compile Driver+1"],"picked":"SKIP","floor":40},{"not_picked":["jedi:hex+1","StuffTheSpire:LaunchingStrike+1"],"picked":"Cold Snap+1","floor":42},{"not_picked":["Rebound+1","Turbo+1","jedi:BurstLightning+1"],"picked":"SKIP","floor":45},{"not_picked":["ReplayTheSpireMod:GoodbyeWorld+1","Auto Shields+1","Mirror Shield+1"],"picked":"SKIP","floor":46},{"not_picked":["StuffTheSpire:LoadUp+1","Gash+1","jedi:BurstLightning+1"],"picked":"SKIP","floor":47},{"not_picked":["Stack+1","jedi:BurstLightning+1","Coolheaded+1"],"picked":"SKIP","floor":48},{"not_picked":["Conserve Battery+1","Doom and Gloom+1","jedi:blockon+1"],"picked":"SKIP","floor":54}],"player_experience":3234556,"relics_obtained":[{"floor":6,"key":"reliquary:WeakTea"},{"floor":10,"key":"jedi:firstaidkit"},{"floor":13,"key":"halation:LettersToHer"},{"floor":14,"key":"halation:LettersToHer"},{"floor":14,"key":"reliquary:SilkGlove"},{"floor":23,"key":"Blue Candle"},{"floor":26,"key":"halation:LettersToHer"},{"floor":26,"key":"infinitespire:ShieldingShard"},{"floor":40,"key":"Garlic"},{"floor":42,"key":"reliquary:Stiletto"},{"floor":43,"key":"halation:LettersToHer"},{"floor":43,"key":"Mummified Hand"},{"floor":46,"key":"aspiration:HatOfInfinitePower"}],"event_choices":[{"damage_healed":0,"gold_gain":0,"player_choice":"Simplicity","damage_taken":0,"max_hp_gain":0,"max_hp_loss":8,"event_name":"betterThird:BetterWriting","floor":0,"gold_loss":0},{"damage_healed":0,"gold_gain":0,"player_choice":"Leave","damage_taken":0,"max_hp_gain":0,"max_hp_loss":0,"event_name":"conspire:Investor","floor":3,"gold_loss":0},{"damage_healed":0,"gold_gain":50,"player_choice":"Pray","damage_taken":0,"max_hp_gain":0,"max_hp_loss":0,"event_name":"Golden Shrine","floor":38,"gold_loss":0}],"is_beta":false,"boss_relics":[{"not_picked":["StuffTheSpire:RunicHypercube","ChewingGum"],"picked":"hubris:HollowSoul"},{"not_picked":["reliquary:Craggleroot","trackpad:Coffee"],"picked":"expansioncontent:StudyCardRelic"}],"items_purged_floors":[7,19,28],"is_endless":false,"potions_floor_spawned":[1,4,6,8,10,22,25,33,35,37,40,46,47],"ascension_level":17}}