{"host":"wshey5htrz8rni6u","time":1613559289,"event":{"mods":["2.2 Compatiblity","BaseMod","Block Reminder","Colored Map","Colored Powertips","Current Relic Mod","Curses Come First","Dark Map","Key Reminder","Keyboard Shortcuts","Minty Spire (QoL Compilation)","Potion Indicator Mod","Quick Restart","Random Character Button","Relic Sorter","Relic Stats","StSLib","SuperFastMode","Unceasing Turn Reminder","UnlockEverythingMod","Weighted Paths"],"gold_per_floor":[117,67,67,78,94,127,127,161,161,178,198,217,249,268,268,368,368,387,267,283,297,172,172,182,207,259,277,29,128,128,147,147,252,252,268,66,66,7,61,89,89,119,146,171,189,239,253,253,253,253,253,253,15,45,45],"floor_reached":56,"language":"ENG","playtime":6071,"items_purged":[],"score":1584,"play_id":"de13a8ee-b5e0-48ae-879e-9abb31aa851b","local_time":"20210217025449","is_ascension_mode":true,"campfire_choices":[{"data":"Neutralize","floor":7,"key":"SMITH"},{"data":"Footwork","floor":15,"key":"SMITH"},{"data":"Well Laid Plans","floor":23,"key":"SMITH"},{"data":"Footwork","floor":30,"key":"SMITH"},{"data":"Footwork","floor":32,"key":"SMITH"},{"data":"After Image","floor":41,"key":"SMITH"},{"floor":49,"key":"RECALL"},{"data":"Infinite Blades","floor":52,"key":"SMITH"}],"circlet_count":0,"master_deck":["Survivor","Neutralize+1","Backstab","Footwork+1","Flying Knee","Dagger Throw","Slice","Backstab","Predator","Backstab","Footwork+1","Cloak And Dagger","Malaise","PiercingWail","Masterful Stab","Well Laid Plans+1","Terror","PiercingWail","Glass Knife","Backflip","Escape Plan","PiercingWail","Calculated Gamble+1","Infinite Blades+1","Leg Sweep","Footwork+1","Leg Sweep","After Image+1","Blur+1","Acrobatics","Storm of Steel","Infinite Blades+1","Cloak And Dagger","Finisher","Dodge and Roll+1","Dodge and Roll","After Image+1","Cloak And Dagger","Blade Dance","Storm of Steel"],"relics":["Ring of the Snake","NeowsBlessing","NlothsMask","The Courier","Blood Vial","Nunchaku","Pandora\u0027s Box","Anchor","Happy Flower","Incense Burner","WristBlade","Kunai","Peace Pipe","Orichalcum","Vajra","Dream Catcher","Boot","Pocketwatch","DollysMirror","Bronze Scales"],"acts_visited":["Exordium","TheCity","TheBeyond","TheEnding"],"potions_floor_usage":[6,16,27,33,39,50,55,55,55],"damage_taken":[{"damage":0,"enemies":"Cultist","floor":1,"turns":1},{"damage":0,"enemies":"Small Slimes","floor":4,"turns":1},{"damage":0,"enemies":"Jaw Worm","floor":5,"turns":1},{"damage":23,"enemies":"3 Sentries","floor":6,"turns":11},{"damage":13,"enemies":"Lagavulin","floor":8,"turns":9},{"damage":2,"enemies":"3 Louse","floor":10,"turns":3},{"damage":0,"enemies":"2 Fungi Beasts","floor":11,"turns":3},{"damage":0,"enemies":"Looter","floor":12,"turns":2},{"damage":11,"enemies":"3 Sentries","floor":13,"turns":7},{"damage":3,"enemies":"Blue Slaver","floor":14,"turns":2},{"damage":5,"enemies":"The Guardian","floor":16,"turns":10},{"damage":0,"enemies":"3 Byrds","floor":18,"turns":4},{"damage":8,"enemies":"Chosen","floor":20,"turns":5},{"damage":0,"enemies":"3 Cultists","floor":21,"turns":6},{"damage":4,"enemies":"Centurion and Healer","floor":24,"turns":8},{"damage":0,"enemies":"Gremlin Leader","floor":25,"turns":10},{"damage":0,"enemies":"Snecko","floor":27,"turns":8},{"damage":0,"enemies":"Snake Plant","floor":31,"turns":4},{"damage":7,"enemies":"Champ","floor":33,"turns":16},{"damage":0,"enemies":"3 Shapes","floor":35,"turns":5},{"damage":9,"enemies":"2 Orb Walkers","floor":39,"turns":10},{"damage":0,"enemies":"Giant Head","floor":40,"turns":7},{"damage":28,"enemies":"Reptomancer","floor":42,"turns":7},{"damage":0,"enemies":"Giant Head","floor":44,"turns":9},{"damage":0,"enemies":"3 Darklings","floor":45,"turns":7},{"damage":0,"enemies":"Mind Bloom Boss Battle","floor":46,"turns":3},{"damage":0,"enemies":"Sphere and 2 Shapes","floor":47,"turns":3},{"damage":17,"enemies":"Time Eater","floor":50,"turns":17},{"damage":13,"enemies":"Shield and Spear","floor":54,"turns":27},{"damage":38,"enemies":"The Heart","floor":55,"turns":10}],"seed_played":"4622426046442499061","potions_obtained":[{"floor":1,"key":"Swift Potion"},{"floor":6,"key":"SpeedPotion"},{"floor":10,"key":"Strength Potion"},{"floor":11,"key":"Swift Potion"},{"floor":18,"key":"LiquidMemories"},{"floor":31,"key":"Explosive Potion"},{"floor":39,"key":"Energy Potion"},{"floor":45,"key":"SkillPotion"},{"floor":47,"key":"PowerPotion"}],"is_trial":false,"path_per_floor":["M","?","?","M","M","E","R","E","T","M","M","M","E","M","R","B",null,"M","$","M","M","$","R","M","E","T","M","$","?","R","M","R","B",null,"M","$","?","$","?","E","R","E","T","E","M","?","M","?","R","B",null,"R","$","E","B",null],"character_chosen":"THE_SILENT","items_purchased":["Anchor","Leg Sweep","Footwork","Incense Burner","Kunai","Infinite Blades","DollysMirror","Cloak And Dagger","Blade Dance","PowerPotion"],"campfire_rested":0,"item_purchase_floors":[19,22,22,28,36,38,53,53,53,53],"current_hp_per_floor":[70,70,70,70,70,47,47,34,34,34,36,38,29,28,28,25,59,61,61,55,57,57,57,55,57,57,59,59,59,59,61,61,56,67,69,69,69,69,61,63,63,37,37,39,41,43,45,45,45,30,60,60,60,49,13],"gold":45,"neow_bonus":"THREE_ENEMY_KILL","is_daily":false,"chose_seed":false,"campfire_upgraded":7,"win_rate":0.0,"timestamp":1613559289,"path_taken":["M","?","?","M","M","E","R","E","T","?","M","M","E","M","R","BOSS","M","$","?","M","$","R","M","E","T","M","$","?","R","M","R","BOSS","M","$","?","$","?","E","R","E","T","E","M","?","?","?","R","BOSS","R","$","E","BOSS"],"items_purchased_type":["Relic","Card","Card","Relic","Relic","Card","Relic","Card","Card","Potion"],"build_version":"2020-12-13","purchased_purges":0,"victory":true,"max_hp_per_floor":[70,70,70,70,70,70,70,70,70,70,70,70,70,70,70,70,70,70,70,70,70,70,70,70,70,70,70,70,70,70,70,70,70,70,70,70,70,70,70,70,70,70,70,70,70,70,70,70,70,70,70,70,70,70,70],"relic_stats":{"Happy Flower":[44],"counters":[30,216],"Orichalcum":[12],"Boot":[21],"Blood Vial":49,"Peace Pipe":0,"Nunchaku":[56],"Dream Catcher":0,"Bronze Scales":[144],"Pandora\u0027s Box":["PiercingWail","Masterful Stab","Masterful Stab","Well Laid Plans","Terror","PiercingWail","Glass Knife","Backflip","Escape Plan"],"Kunai":[84],"obtain_stats":[{"NeowsBlessing":0,"Happy Flower":25,"Vajra":42,"The Courier":6,"Incense Burner":28,"Orichalcum":40,"Boot":44,"Blood Vial":8,"keyreminder:keyreminder":26,"Peace Pipe":39,"Nunchaku":13,"Anchor":19,"Dream Catcher":43,"WristBlade":34,"DollysMirror":53,"Bronze Scales":54,"Pandora\u0027s Box":17,"Kunai":36,"Ring of the Snake":0,"NlothsMask":3,"Pocketwatch":46},{"NeowsBlessing":0,"Happy Flower":16,"Vajra":23,"The Courier":4,"Incense Burner":17,"Orichalcum":22,"Boot":24,"Blood Vial":5,"keyreminder:keyreminder":16,"Peace Pipe":21,"Nunchaku":9,"Anchor":12,"Dream Catcher":23,"WristBlade":19,"DollysMirror":28,"Bronze Scales":29,"Pandora\u0027s Box":11,"Kunai":20,"Ring of the Snake":0,"NlothsMask":1,"Pocketwatch":26},{"NeowsBlessing":0,"Happy Flower":83,"Vajra":140,"The Courier":14,"Incense Burner":91,"Orichalcum":133,"Boot":149,"Blood Vial":23,"keyreminder:keyreminder":83,"Peace Pipe":126,"Nunchaku":38,"Anchor":54,"Dream Catcher":140,"WristBlade":111,"DollysMirror":179,"Bronze Scales":206,"Pandora\u0027s Box":50,"Kunai":116,"Ring of the Snake":0,"NlothsMask":1,"Pocketwatch":159}],"Ring of the Snake":[60],"Pocketwatch":[23]},"card_choices":[{"not_picked":["Poisoned Stab","Distraction"],"picked":"Backstab","floor":1},{"not_picked":["Reflex","Deflect"],"picked":"Footwork","floor":4},{"not_picked":["Escape Plan","Deadly Poison"],"picked":"Flying Knee","floor":5},{"not_picked":["Dodge and Roll","Accuracy"],"picked":"Dagger Throw","floor":6},{"not_picked":["Deflect","Acrobatics"],"picked":"Slice","floor":8},{"not_picked":["Flechettes","Dodge and Roll"],"picked":"Backstab","floor":10},{"not_picked":["PiercingWail","Reflex"],"picked":"Predator","floor":11},{"not_picked":["Blade Dance","Eviscerate"],"picked":"Backstab","floor":12},{"not_picked":["Unload","Terror"],"picked":"Footwork","floor":13},{"not_picked":["Bane","Acrobatics"],"picked":"Cloak And Dagger","floor":14},{"not_picked":["Storm of Steel","Doppelganger"],"picked":"Malaise","floor":16},{"not_picked":["Bouncing Flask+1","Slice"],"picked":"PiercingWail","floor":18},{"not_picked":["Flying Knee","Quick Slash+1"],"picked":"Calculated Gamble","floor":20},{"not_picked":["Terror","Poisoned Stab"],"picked":"Infinite Blades+1","floor":21},{"not_picked":["Deflect","Endless Agony"],"picked":"Leg Sweep","floor":24},{"not_picked":["Underhanded Strike+1","Dodge and Roll+1"],"picked":"After Image","floor":25},{"not_picked":["Deadly Poison","Cloak And Dagger"],"picked":"Blur+1","floor":27},{"not_picked":["Backflip+1","Caltrops"],"picked":"Acrobatics","floor":31},{"not_picked":["Doppelganger","Wraith Form v2"],"picked":"Storm of Steel","floor":33},{"not_picked":["Flying Knee+1","Concentrate+1","Catalyst+1"],"picked":"SKIP","floor":35},{"not_picked":["PiercingWail","Dagger Throw"],"picked":"Cloak And Dagger","floor":39},{"not_picked":["Noxious Fumes","Setup+1"],"picked":"Finisher","floor":40},{"not_picked":["Dagger Throw+1","Setup+1","Outmaneuver+1"],"picked":"SKIP","floor":42},{"not_picked":["Flying Knee","Catalyst","Heel Hook"],"picked":"SKIP","floor":44},{"not_picked":["Prepared","Expertise","Deadly Poison+1"],"picked":"SKIP","floor":45},{"not_picked":["Bane+1","Quick Slash+1"],"picked":"Dodge and Roll+1","floor":46},{"not_picked":["Terror+1","Tactician"],"picked":"Dodge and Roll","floor":47},{"not_picked":["Acrobatics+1","Dagger Throw"],"picked":"Storm of Steel","floor":54}],"player_experience":83499,"relics_obtained":[{"floor":6,"key":"The Courier"},{"floor":8,"key":"Blood Vial"},{"floor":13,"key":"Nunchaku"},{"floor":25,"key":"Happy Flower"},{"floor":39,"key":"Peace Pipe"},{"floor":40,"key":"Orichalcum"},{"floor":42,"key":"Vajra"},{"floor":43,"key":"Dream Catcher"},{"floor":44,"key":"Boot"},{"floor":46,"key":"Pocketwatch"},{"floor":54,"key":"Bronze Scales"}],"event_choices":[{"cards_removed":["Strike_G"],"damage_healed":0,"gold_gain":0,"player_choice":"Card Removal","damage_taken":0,"max_hp_gain":0,"max_hp_loss":0,"event_name":"The Cleric","floor":2,"gold_loss":50},{"damage_healed":0,"gold_gain":0,"player_choice":"Trade","damage_taken":0,"relics_obtained":["NlothsMask"],"max_hp_gain":0,"max_hp_loss":0,"event_name":"FaceTrader","floor":3,"gold_loss":0},{"damage_healed":0,"gold_gain":99,"player_choice":"Stole From Cult","damage_taken":0,"max_hp_gain":0,"max_hp_loss":0,"event_name":"Nest","floor":29,"gold_loss":0},{"cards_removed":["Masterful Stab"],"damage_healed":0,"gold_gain":0,"player_choice":"Removed Attack","damage_taken":0,"max_hp_gain":0,"max_hp_loss":0,"event_name":"Falling","floor":37,"gold_loss":0},{"damage_healed":0,"gold_gain":0,"player_choice":"Fight","damage_taken":0,"max_hp_gain":0,"max_hp_loss":0,"event_name":"Mysterious Sphere","floor":39,"gold_loss":0},{"damage_healed":0,"gold_gain":0,"player_choice":"Fight","damage_taken":0,"max_hp_gain":0,"max_hp_loss":0,"event_name":"MindBloom","floor":46,"gold_loss":0},{"damage_healed":0,"gold_gain":0,"player_choice":"Upgraded","damage_taken":0,"max_hp_gain":0,"max_hp_loss":0,"event_name":"Upgrade Shrine","floor":48,"gold_loss":0,"cards_upgraded":["Calculated Gamble"]}],"is_beta":false,"boss_relics":[{"not_picked":["Sozu","SacredBark"],"picked":"Pandora\u0027s Box"},{"not_picked":["Black Star","Runic Pyramid"],"picked":"WristBlade"}],"items_purged_floors":[],"is_endless":false,"potions_floor_spawned":[1,6,10,11,14,18,21,25,31,39,45,47,54],"ascension_level":5}}