{"host":"ly2k09o7mhu4m2ip","time":1613521071,"event":{"mods":["BaseMod","Colored Map","Colored Powertips","Downfall","Highlight Path","Minty Spire (QoL Compilation)","StSLib"],"gold_per_floor":[99,112,124,224,235,235,235,235,235,248,248,282,295,307,317,418,418,418,435,446,462,473,573,573,773,793,793,807,807,840,840,851,955,955,955,969,981,353,353,368,438,40,72,90,90,105,163,180,180,180],"floor_reached":51,"language":"ENG","playtime":4455,"items_purged":["sneckomod:Defend"],"score":707,"play_id":"7fa60322-4d4d-4f59-b6b7-e30cd6e9103d","local_time":"20210217011751","is_ascension_mode":false,"campfire_choices":[{"data":"sneckomod:SnakeSap","floor":11.0,"key":"SMITH"},{"data":"sneckomod:Unknown0Cost","floor":18.0,"key":"SMITH"},{"data":"sneckomod:DiceBoulder","floor":25,"key":"SMITH"},{"floor":27,"key":"REST"},{"data":"sneckomod:DiceBoulder+1","floor":35,"key":"SMITH"},{"floor":45,"key":"REST"},{"floor":49,"key":"REST"}],"circlet_count":0,"master_deck":["sneckomod:Strike","sneckomod:Strike","sneckomod:Strike","sneckomod:Defend","sneckomod:Defend","sneckomod:TailWhip","sneckomod:SnekBite","sneckomod:Unknown","bronze:DelayedGuard","sneckomod:QuickMove","sneckomod:SlitherStrike","CarveReality","sneckomod:SnakeSap+1","sneckomod:UnknownUncommonAttack","sneckomod:UnknownCommonAttack","sneckomod:WideSting","sneckomod:Unknown0Cost+1","sneckomod:UnknownRareSkill","sneckomod:UnknownCommonAttack","sneckomod:DiceBoulder+2","sneckomod:SnekBeam+1","sneckomod:DiceBlock","sneckomod:Nope+1","Necronomicurse","sneckomod:SnakeSap","sneckomod:Nope+1","sneckomod:UnknownRareSkill","sneckomod:UnknownRareSkill","sneckomod:UnendingSupply+1","sneckomod:DiceBlock+1","sneckomod:Cheat","sneckomod:SnakeSap","Parasite","sneckomod:ImprovisedAttack"],"relics":["sneckomod:SneckoSoul","StrikeDummy","Lantern","Anchor","SacredBark","downfall:GremlinWheel","CaptainsWheel","Necronomicon","Pear","Runic Pyramid","HandDrill","Incense Burner","Gremlin Horn","TungstenRod","MealTicket"],"acts_visited":["Exordium","TheCity","TheBeyond"],"potions_floor_usage":[28,32,33,33,33,33,33,42,50,50],"damage_taken":[{"damage":3.0,"enemies":"Jaw Worm","floor":2.0,"turns":6.0},{"damage":0.0,"enemies":"2 Louse","floor":3.0,"turns":3.0},{"damage":0.0,"enemies":"Small Slimes","floor":5.0,"turns":2.0},{"damage":3.0,"enemies":"Red Slaver","floor":10.0,"turns":3.0},{"damage":23.0,"enemies":"3 Sentries","floor":12.0,"turns":7.0},{"damage":0.0,"enemies":"Lots of Slimes","floor":13.0,"turns":1.0},{"damage":0.0,"enemies":"Large Slime","floor":14.0,"turns":3.0},{"damage":0.0,"enemies":"Gremlin Gang","floor":15.0,"turns":2.0},{"damage":48.0,"enemies":"SI_SHIV_ARCHETYPE","floor":16.0,"turns":9.0},{"damage":0,"enemies":"Chosen","floor":19,"turns":3},{"damage":15,"enemies":"3 Byrds","floor":20,"turns":6},{"damage":14,"enemies":"Cultist and Chosen","floor":21,"turns":7},{"damage":17,"enemies":"Snecko","floor":22,"turns":4},{"damage":21,"enemies":"Snecko","floor":23,"turns":5},{"damage":10,"enemies":"Sentry and Sphere","floor":26,"turns":3},{"damage":8,"enemies":"Snake Plant","floor":28,"turns":3},{"damage":8,"enemies":"Book of Stabbing","floor":30,"turns":3},{"damage":0,"enemies":"Centurion and Healer","floor":32,"turns":3},{"damage":13,"enemies":"IC_MUSHROOM_ARCHETYPE","floor":33,"turns":5},{"damage":0,"enemies":"Orb Walker","floor":36,"turns":2},{"damage":4,"enemies":"3 Darklings","floor":37,"turns":3},{"damage":0,"enemies":"downfall:FleeingMerchant","floor":38,"turns":4},{"damage":15,"enemies":"Sphere and 2 Shapes","floor":40,"turns":5},{"damage":4,"enemies":"downfall:FleeingMerchant","floor":42,"turns":4},{"damage":65,"enemies":"Giant Head","floor":43,"turns":12},{"damage":10,"enemies":"Writhing Mass","floor":44,"turns":6},{"damage":22,"enemies":"Transient","floor":46,"turns":5},{"damage":37,"enemies":"Maw","floor":47,"turns":10},{"damage":16,"enemies":"Spire Growth","floor":48,"turns":4},{"damage":50,"enemies":"DF_ARCHETYPE_ORBS","floor":50,"turns":8}],"seed_played":"-78927985522148670","potions_obtained":[{"floor":2.0,"key":"GamblersBrew"},{"floor":3.0,"key":"Explosive Potion"},{"floor":12.0,"key":"ColorlessPotion"},{"floor":19,"key":"DistilledChaos"},{"floor":21,"key":"Energy Potion"},{"floor":23,"key":"Fire Potion"},{"floor":28,"key":"Fire Potion"},{"floor":32,"key":"EntropicBrew"},{"floor":33,"key":"FairyPotion"},{"floor":43,"key":"FairyPotion"},{"floor":44,"key":"SneckoOil"},{"floor":48,"key":"champ:CounterPotion"}],"is_trial":false,"path_per_floor":["R","M","M","?","M","R","T","?","?","M","R","E","M","M","M","B",null,"R","M","M","M","M","?","T","R","M","R","M","?","E","?","M","B",null,"R","M","M","$","?","M","T","$","E","M","R","M","M","M","R","B",null],"character_chosen":"THE_SNECKO","items_purchased":["HandDrill","Incense Burner","sneckomod:Cheat","TungstenRod"],"campfire_rested":3,"item_purchase_floors":[38,38,38,42],"current_hp_per_floor":[99,96,96,96,96,96,96,96,93,90,90,67,67,67,67,19,99,99,99,84,70,53,32,32,32,22,51,43,27,29,29,29,16,109,109,109,105,105,105,90,90,86,21,11,43,21,55,39,71,21],"gold":180,"neow_bonus":"TEN_PERCENT_HP_BONUS","is_daily":false,"chose_seed":false,"campfire_upgraded":4,"win_rate":0.0,"timestamp":1613521071,"path_taken":["R","M","M","?","M","R","T","?","?","M","R","E","M","M","M","BOSS","R","M","M","M","M","?","T","R","?","R","?","?","E","?","M","BOSS","R","M","?","$","?","M","T","$","E","M","R","M","M","M","R","BOSS"],"items_purchased_type":["Relic","Relic","Card","Relic"],"build_version":"2020-12-22","purchased_purges":1,"victory":true,"max_hp_per_floor":[99,99,99,99,99,99,99,99,99,99,99,99,99,99,99,99,99,99,99,99,99,99,99,99,99,99,99,99,99,109,109,109,109,109,109,109,109,109,109,109,109,109,109,109,109,109,109,109,109,109],"card_choices":[{"not_picked":["sneckomod:UnknownCommonSkill","sneckomod:UnknownWeak"],"picked":"sneckomod:QuickMove","floor":2.0},{"not_picked":["sneckomod:UnknownDraw","sneckomod:UnknownCommonAttack"],"picked":"sneckomod:UnknownUncommonAttack","floor":3.0},{"not_picked":["sneckomod:Unknown2Cost","sneckomod:UnknownUncommonAttack"],"picked":"sneckomod:SlitherStrike","floor":5.0},{"not_picked":["sneckomod:SoulRoll","sneckomod:QuickBite"],"picked":"sneckomod:SnakeSap","floor":10.0},{"not_picked":["sneckomod:UnknownVulnerable","sneckomod:SoulRoll"],"picked":"sneckomod:UnknownUncommonAttack","floor":12.0},{"not_picked":["sneckomod:RainOfDice","sneckomod:UnknownDraw"],"picked":"sneckomod:UnknownCommonAttack","floor":13.0},{"not_picked":["sneckomod:DiceCrush","sneckomod:QuickBite"],"picked":"sneckomod:WideSting","floor":14.0},{"not_picked":["sneckomod:UnknownExhaust","sneckomod:SerpentIdol"],"picked":"sneckomod:Unknown0Cost","floor":15.0},{"not_picked":["sneckomod:MorePower","sneckomod:Restock"],"picked":"sneckomod:UnknownRareSkill","floor":16.0},{"not_picked":["sneckomod:SoulRoll","sneckomod:UnknownCommonSkill"],"picked":"sneckomod:UnknownCommonAttack","floor":19},{"not_picked":["sneckomod:SoulRoll","sneckomod:UnknownUncommonSkill"],"picked":"sneckomod:UnknownClassGUARDIAN+1","floor":20},{"not_picked":["sneckomod:SoulDraw+1","sneckomod:SoulRoll+1"],"picked":"sneckomod:DiceBoulder","floor":21},{"not_picked":["sneckomod:UnknownCommonSkill","sneckomod:SoulCleanse"],"picked":"sneckomod:SnekBeam+1","floor":22},{"not_picked":["sneckomod:SoulRoll+1","sneckomod:CheapStock"],"picked":"sneckomod:DiceBlock","floor":26},{"not_picked":["sneckomod:Unknown0Cost","sneckomod:UnknownX"],"picked":"sneckomod:Nope+1","floor":28},{"not_picked":["sneckomod:CheapStock","sneckomod:UnknownCommonAttack"],"picked":"sneckomod:SnakeSap","floor":30},{"not_picked":["sneckomod:DiceBlock+1","sneckomod:SoulDraw+1"],"picked":"sneckomod:UnknownRareSkill","floor":32},{"not_picked":["sneckomod:DangerNoodle","sneckomod:SoulExchange"],"picked":"sneckomod:UnknownRareSkill","floor":33},{"not_picked":["sneckomod:QuickBite","sneckomod:SoulRoll"],"picked":"sneckomod:UnendingSupply+1","floor":36},{"not_picked":["sneckomod:UnknownCommonAttack+1","sneckomod:UnknownUncommonSkill"],"picked":"sneckomod:DiceBlock+1","floor":37},{"not_picked":["sneckomod:UnknownClassPURPLE","sneckomod:Unknown2Cost","sneckomod:IronFang+1"],"picked":"SKIP","floor":38},{"not_picked":["sneckomod:UnknownClassGUARDIAN+1","sneckomod:UnknownCommonAttack+1"],"picked":"sneckomod:SnakeSap","floor":40},{"not_picked":["sneckomod:UnknownClassGUARDIAN","sneckomod:QuickMove+1","sneckomod:DiceBlock"],"picked":"SKIP","floor":42},{"not_picked":["sneckomod:UnknownDraw+1","sneckomod:UnknownWeak+1","sneckomod:UnknownCommonSkill+1"],"picked":"SKIP","floor":43},{"not_picked":["sneckomod:UnknownClassPURPLE","sneckomod:UnknownClassGUARDIAN"],"picked":"sneckomod:ImprovisedAttack","floor":44},{"not_picked":["sneckomod:UnknownClassGUARDIAN+1","sneckomod:UnknownCommonSkill+1","sneckomod:DiceBlock"],"picked":"SKIP","floor":46},{"not_picked":["sneckomod:SerpentMind","sneckomod:UnknownUncommonAttack+1","sneckomod:SnekBeam+1"],"picked":"SKIP","floor":47},{"not_picked":["sneckomod:RainOfDice","sneckomod:UnknownDraw+1","sneckomod:UnknownClassPURPLE"],"picked":"SKIP","floor":48}],"player_experience":252452,"relics_obtained":[{"floor":7.0,"key":"StrikeDummy"},{"floor":12.0,"key":"Anchor"},{"floor":23,"key":"downfall:GremlinWheel"},{"floor":24,"key":"CaptainsWheel"},{"floor":29,"key":"Necronomicon"},{"floor":30,"key":"Pear"},{"floor":41,"key":"Gremlin Horn"},{"floor":43,"key":"MealTicket"}],"event_choices":[{"damage_healed":0.0,"max_hp_gain":0.0,"max_hp_loss":0.0,"gold_gain":0.0,"event_name":"Scrap Ooze","player_choice":"Success","floor":9.0,"gold_loss":0.0,"damage_taken":3.0,"relics_obtained":["Lantern"]},{"damage_healed":0,"gold_gain":200,"player_choice":"Gold","damage_taken":0,"max_hp_gain":0,"max_hp_loss":0,"event_name":"Wheel of Change","floor":25,"gold_loss":0},{"cards_removed":["sneckomod:UnknownClassGUARDIAN"],"damage_healed":0,"gold_gain":0,"player_choice":"Removed Skill","damage_taken":0,"max_hp_gain":0,"max_hp_loss":0,"event_name":"Falling","floor":39,"gold_loss":0}],"is_beta":false,"boss_relics":[{"not_picked":["Calling Bell","Tiny House"],"picked":"SacredBark"},{"not_picked":["sneckomod:SuperSneckoSoul","Astrolabe"],"picked":"Runic Pyramid"}],"items_purged_floors":[42],"is_endless":false,"potions_floor_spawned":[2,3,12,19,21,23,28,32,33,43,44,46,48],"ascension_level":0}}