{"host":"5h6e4l6hpn0p5lap","time":1613578115,"event":{"mods":["AchievementEnabler","BaseMod","Better Altar","Better Match","Better Sensory Stone","Better Skull","Better Third Choice","Colored Map","Filter the Spire","Minty Spire (QoL Compilation)","StSLib"],"gold_per_floor":[131,155,167,196,208,246,258,281,293,318,295,28,28,28,28,125,125,137,57,57,157,172,202,202,202,253,253,303,303],"floor_reached":28,"language":"ENG","playtime":853,"items_purged":["Strike_G","Decay"],"score":339,"play_id":"7ae4e2ae-e906-41f9-bb1c-c77f72a8d382","local_time":"20210217110835","is_ascension_mode":true,"campfire_choices":[{"floor":7,"key":"REST"},{"data":"Accuracy","floor":15,"key":"SMITH"}],"circlet_count":0,"master_deck":["Strike_G","Strike_G","Strike_G","Defend_G","Defend_G","Defend_G","Defend_G","Survivor","Neutralize","Flechettes","Deadly Poison","Blade Dance","Noxious Fumes","Bane","Dash","Deflect+1","Footwork","Accuracy+1","Blade Dance+1","Deflect+1","Parasite","Adrenaline+1","Slice","Heel Hook","Outmaneuver+1","Corpse Explosion+1"],"relics":["Ring of the Snake","MawBank","Toxic Egg 2","The Courier","Girya","Runic Pyramid","Art of War","Gambling Chip","Blood Vial","SsserpentHead"],"acts_visited":["Exordium","TheCity"],"potions_floor_usage":[6,16],"damage_taken":[{"damage":5,"enemies":"Jaw Worm","floor":1,"turns":6},{"damage":1,"enemies":"Small Slimes","floor":2,"turns":5},{"damage":6,"enemies":"Cultist","floor":4,"turns":4},{"damage":31,"enemies":"Gremlin Nob","floor":6,"turns":5},{"damage":10,"enemies":"2 Fungi Beasts","floor":8,"turns":4},{"damage":0,"enemies":"Large Slime","floor":10,"turns":5},{"damage":23,"enemies":"Slime Boss","floor":16,"turns":8},{"damage":8,"enemies":"Chosen","floor":18,"turns":5},{"damage":3,"enemies":"3 Byrds","floor":22,"turns":5},{"damage":31,"enemies":"Book of Stabbing","floor":23,"turns":5},{"damage":27,"enemies":"Snake Plant","floor":28,"turns":4}],"seed_played":"3930852213027408963","potions_obtained":[{"floor":1,"key":"SteroidPotion"},{"floor":10,"key":"Strength Potion"}],"is_trial":false,"path_per_floor":["M","M","?","M","T","E","R","M","T","M","?","$","?","?","R","B",null,"M","$","?","?","M","E","?","T","T","?","M"],"character_chosen":"THE_SILENT","items_purchased":["Deflect+1","Footwork","Accuracy","Blade Dance+1","Deflect+1"],"campfire_rested":1,"item_purchase_floors":[12,12,12,12,12],"current_hp_per_floor":[58,57,57,51,51,20,41,31,31,31,48,48,65,65,65,42,63,55,55,55,55,52,21,21,21,21,21,0,0],"gold":303,"neow_bonus":"RANDOM_COMMON_RELIC","is_daily":false,"chose_seed":false,"campfire_upgraded":1,"win_rate":0.0,"timestamp":1613578115,"path_taken":["M","M","?","M","?","E","R","?","T","M","?","$","?","?","R","BOSS","M","$","?","?","?","E","?","?","T","?","?"],"items_purchased_type":["Card","Card","Card","Card","Card"],"build_version":"2020-12-22","purchased_purges":2,"victory":false,"max_hp_per_floor":[70,70,70,70,70,70,70,70,70,70,70,70,70,70,70,70,70,70,70,70,70,70,70,70,70,70,70,70,70],"card_choices":[{"not_picked":["Escape Plan","Prepared"],"picked":"Flechettes","floor":1},{"not_picked":["Outmaneuver","Dagger Throw"],"picked":"Deadly Poison","floor":2},{"not_picked":["Finisher","Bouncing Flask"],"picked":"Blade Dance","floor":4},{"not_picked":["All Out Attack","Quick Slash"],"picked":"Noxious Fumes","floor":6},{"not_picked":["Dodge and Roll+1","Sucker Punch"],"picked":"Bane","floor":8},{"not_picked":["Eviscerate","Endless Agony"],"picked":"Dash","floor":10},{"not_picked":["Tools of the Trade","A Thousand Cuts"],"picked":"Adrenaline+1","floor":16},{"not_picked":["Flying Knee","Sucker Punch","Deflect+1"],"picked":"SKIP","floor":18},{"not_picked":["Sucker Punch","Quick Slash"],"picked":"Outmaneuver+1","floor":22},{"not_picked":["Slice","Skewer+1"],"picked":"Corpse Explosion+1","floor":23}],"player_experience":1130963,"relics_obtained":[{"floor":5,"key":"Toxic Egg 2"},{"floor":6,"key":"The Courier"},{"floor":9,"key":"Girya"},{"floor":23,"key":"Art of War"},{"floor":25,"key":"Gambling Chip"},{"floor":26,"key":"Blood Vial"}],"event_choices":[{"damage_healed":0,"gold_gain":1,"player_choice":"1","damage_taken":0,"max_hp_gain":0,"max_hp_loss":0,"event_name":"betterStone:BetterStone","floor":3,"gold_loss":0},{"damage_healed":17,"gold_gain":0,"player_choice":"Healed","damage_taken":0,"max_hp_gain":0,"max_hp_loss":0,"event_name":"The Cleric","floor":11,"gold_loss":35},{"damage_healed":17,"gold_gain":0,"player_choice":"Healed and dodged fight","damage_taken":0,"max_hp_gain":0,"max_hp_loss":0,"event_name":"Mushrooms","floor":13,"gold_loss":0,"cards_obtained":["Parasite"]},{"damage_healed":0,"gold_gain":0,"player_choice":"Cursed","damage_taken":0,"max_hp_gain":0,"max_hp_loss":0,"event_name":"Wheel of Change","floor":14,"gold_loss":0,"cards_obtained":["Decay"]},{"damage_healed":0,"gold_gain":0,"cards_transformed":["Defend_G","Strike_G"],"player_choice":"Became Test Subject","damage_taken":0,"max_hp_gain":0,"max_hp_loss":0,"event_name":"Drug Dealer","floor":20,"gold_loss":0,"cards_obtained":["Slice","Heel Hook"]},{"damage_healed":0,"gold_gain":100,"player_choice":"Pray","damage_taken":0,"max_hp_gain":0,"max_hp_loss":0,"event_name":"Golden Shrine","floor":21,"gold_loss":0},{"damage_healed":0,"gold_gain":0,"player_choice":"Ignored","damage_taken":0,"max_hp_gain":0,"max_hp_loss":0,"event_name":"Ghosts","floor":24,"gold_loss":0},{"damage_healed":0,"gold_gain":0,"player_choice":"Trade","damage_taken":0,"relics_obtained":["SsserpentHead"],"max_hp_gain":0,"max_hp_loss":0,"event_name":"FaceTrader","floor":27,"gold_loss":0}],"is_beta":false,"boss_relics":[{"not_picked":["Runic Dome","Black Star"],"picked":"Runic Pyramid"}],"items_purged_floors":[12,19],"is_endless":false,"potions_floor_spawned":[1,10],"killed_by":"Snake Plant","ascension_level":9}}