{"host":"scy0o1xotfn36lpl","time":1613586857,"event":{"mods":["AchievementEnabler","Aspiration","BaseMod","Better Altar","Better Note","Better Sensory Stone","Better Skull","Better Third Choice","Colored Map","Curses Come First","Downfall","GifTheSpireLib","Googly Eyes","Highlight Path","Minty Spire (QoL Compilation)","Permanent Neow","Spicy Shops","StSLib","everything is the same but u backflip on backflip"],"gold_per_floor":[115,125,140,160,172,172,205,205,228,248,278,278,278,298,298,399,399,413,413,413,413,428,428,428],"floor_reached":23,"language":"ENG","playtime":1344,"items_purged":[],"score":193,"play_id":"a02dca27-4df6-4d84-bdd2-0fdfe002cb0b","local_time":"20210217103417","is_ascension_mode":false,"campfire_choices":[{"floor":6.0,"key":"REST"},{"data":"ReachHeaven","floor":8.0,"key":"SMITH"},{"data":"EmptyFist","floor":13.0,"key":"SMITH"},{"floor":15.0,"key":"REST"}],"circlet_count":0,"master_deck":["Strike_P","Strike_P","Strike_P","Strike_P","Defend_P","Defend_P","Defend_P","Defend_P","Eruption+1","Vigilance","Vengeance","Prostrate","ReachHeaven+1","EmptyFist+1","Consecrate","MasterReality","FlurryOfBlows","Pain","Clumsy","DeusExMachina","ReachHeaven"],"relics":["HolyWater","StoneCalendar","Bronze Scales","PreservedInsect","Pen Nib","WarpedTongs"],"acts_visited":["Exordium","TheCity"],"potions_floor_usage":[23],"damage_taken":[{"damage":7.0,"enemies":"Cultist","floor":1.0,"turns":3.0},{"damage":3.0,"enemies":"Jaw Worm","floor":2.0,"turns":3.0},{"damage":4.0,"enemies":"2 Louse","floor":3.0,"turns":2.0},{"damage":0.0,"enemies":"Large Slime","floor":4.0,"turns":2.0},{"damage":8.0,"enemies":"2 Fungi Beasts","floor":5.0,"turns":3.0},{"damage":12.0,"enemies":"Gremlin Nob","floor":7.0,"turns":3.0},{"damage":0.0,"enemies":"Red Slaver","floor":10.0,"turns":3.0},{"damage":5.0,"enemies":"3 Louse","floor":14.0,"turns":2.0},{"damage":33.0,"enemies":"Hexaghost","floor":16.0,"turns":6.0},{"damage":30.0,"enemies":"Shell Parasite","floor":18.0,"turns":3.0},{"damage":8.0,"enemies":"3 Byrds","floor":22.0,"turns":3.0},{"damage":35,"enemies":"Slavers","floor":23,"turns":3}],"seed_played":"3610443499934710227","potions_obtained":[{"floor":2.0,"key":"Weak Potion"},{"floor":3.0,"key":"Weak Potion"},{"floor":4.0,"key":"Dexterity Potion"},{"floor":7.0,"key":"DuplicationPotion"},{"floor":16.0,"key":"SteroidPotion"},{"floor":18.0,"key":"SteroidPotion"},{"floor":22.0,"key":"SkillPotion"}],"is_trial":false,"path_per_floor":["M","M","M","M","M","R","E","R","T","M","?","?","R","M","R","B",null,"M","?","?","?","M","E"],"character_chosen":"WATCHER","items_purchased":[],"campfire_rested":2,"item_purchase_floors":[],"current_hp_per_floor":[44,41,37,37,29,50,38,38,38,38,38,38,38,33,54,21,72,42,42,42,49,41,6,6],"gold":428,"neow_bonus":"ONE_RARE_RELIC","is_daily":false,"chose_seed":false,"campfire_upgraded":2,"win_rate":0.0,"timestamp":1613586857,"path_taken":["M","M","M","?","M","R","E","R","T","M","?","?","R","M","R","BOSS","M","?","?","?","M","E"],"items_purchased_type":[],"build_version":"2020-12-22","purchased_purges":0,"victory":false,"max_hp_per_floor":[72,72,72,72,72,72,72,72,72,72,72,72,72,72,72,72,72,72,72,72,72,72,72,72],"card_choices":[{"not_picked":["ClearTheMind","Evaluate"],"picked":"Vengeance","floor":1.0},{"not_picked":["LikeWater","Halt"],"picked":"Prostrate","floor":2.0},{"not_picked":["BowlingBash","FollowUp"],"picked":"ReachHeaven","floor":3.0},{"not_picked":["Meditate","DeceiveReality","Weave"],"picked":"SKIP","floor":4.0},{"not_picked":["Halt","Weave"],"picked":"EmptyFist","floor":5.0},{"not_picked":["MentalFortress","Omniscience","Indignation"],"picked":"SKIP","floor":7.0},{"not_picked":["PathToVictory","EmptyBody"],"picked":"Consecrate","floor":10.0},{"not_picked":["Vengeance","SashWhip","Sanctity"],"picked":"SKIP","floor":14.0},{"not_picked":["Blasphemy","Omniscience"],"picked":"MasterReality","floor":16.0},{"not_picked":["Tantrum","ThirdEye"],"picked":"FlurryOfBlows","floor":18.0},{"not_picked":["FollowUp","ClearTheMind"],"picked":"ReachHeaven","floor":22.0}],"player_experience":63750,"relics_obtained":[{"floor":7.0,"key":"Bronze Scales"},{"floor":9.0,"key":"PreservedInsect"}],"event_choices":[{"damage_healed":0.0,"max_hp_gain":0.0,"max_hp_loss":0.0,"gold_gain":30.0,"event_name":"Dead Adventurer","player_choice":"Searched \u00273\u0027 times","floor":11.0,"gold_loss":0.0,"damage_taken":0.0,"relics_obtained":["Pen Nib"]},{"damage_healed":0.0,"max_hp_gain":0.0,"max_hp_loss":0.0,"gold_gain":0.0,"event_name":"Living Wall","player_choice":"Grow","floor":12.0,"gold_loss":0.0,"damage_taken":0.0,"cards_upgraded":["Eruption"]},{"damage_healed":0.0,"max_hp_gain":0.0,"max_hp_loss":0.0,"gold_gain":0.0,"event_name":"Accursed Blacksmith","player_choice":"Rummage","floor":19.0,"gold_loss":0.0,"damage_taken":0.0,"relics_obtained":["WarpedTongs"],"cards_obtained":["Pain"]},{"damage_healed":0.0,"max_hp_gain":0.0,"max_hp_loss":0.0,"gold_gain":0.0,"event_name":"Match and Keep!","player_choice":"2 cards matched","floor":20.0,"gold_loss":0.0,"damage_taken":0.0,"cards_obtained":["Clumsy","DeusExMachina"]}],"is_beta":false,"boss_relics":[{"not_picked":["Ectoplasm","bronze:MakeshiftBattery"],"picked":"HolyWater"}],"items_purged_floors":[],"is_endless":false,"potions_floor_spawned":[2,3,4,7,16,18,22],"killed_by":"Slavers","ascension_level":0}}