{"host":"xo0glkmxta74xh34","time":1613592657,"event":{"mods":["BaseMod","Downfall","Minty Spire (QoL Compilation)","Reliquary","Replay The Spire","StSLib"],"gold_per_floor":[0,20,35,50,66,66,140,174,84,84,56,56,56,81,95,95,95],"floor_reached":16,"language":"ENG","playtime":673,"items_purged":["Strike_P"],"score":168,"play_id":"6552b0ab-3404-4bd9-ab52-6d43bdd67f37","local_time":"20210217141057","is_ascension_mode":true,"campfire_choices":[{"data":"Eruption","floor":1.0,"key":"SMITH"},{"floor":13.0,"key":"REST"}],"circlet_count":0,"master_deck":["Strike_P","Strike_P","Defend_P","Defend_P","Defend_P","Eruption+1","Vigilance","FlyingSleeves","Study","Replay:Vibes","Consecrate","FollowUp","Parasite","Prostrate","Prostrate","Replay:AtTheReady"],"relics":["PureWater","Replay:PocketPolymizer","reliquary:BoilingFlask","Orichalcum","Guardian:PocketSentry"],"acts_visited":["Exordium"],"potions_floor_usage":[],"damage_taken":[{"damage":0.0,"enemies":"2 Louse","floor":2.0,"turns":2.0},{"damage":0.0,"enemies":"Jaw Worm","floor":3.0,"turns":2.0},{"damage":9.0,"enemies":"Small Slimes","floor":4.0,"turns":5.0},{"damage":9.0,"enemies":"Blue Slaver","floor":5.0,"turns":6.0},{"damage":44.0,"enemies":"3 Sentries","floor":8.0,"turns":8.0},{"damage":0.0,"enemies":"downfall:FleeingMerchant","floor":9.0,"turns":4.0},{"damage":0.0,"enemies":"Lagavulin","floor":10.0,"turns":1.0},{"damage":38.0,"enemies":"Gremlin Nob","floor":14.0,"turns":5.0},{"damage":3.0,"enemies":"downfall:LooterAlt","floor":15.0,"turns":3.0},{"damage":18,"enemies":"DF_ARCHETYPE_STREAMLINE","floor":16,"turns":3}],"seed_played":"1091666087219842335","potions_obtained":[{"floor":2.0,"key":"ColorlessPotion"},{"floor":5.0,"key":"SmokeBomb"},{"floor":14.0,"key":"SteroidPotion"}],"is_trial":false,"path_per_floor":["R","M","M","M","M","?","T","E","$","E","?","?","R","E","M","B"],"character_chosen":"WATCHER","items_purchased":[],"campfire_rested":1,"item_purchase_floors":[],"current_hp_per_floor":[65,65,65,56,47,47,47,3,3,3,3,21,42,4,1,0,0],"gold":95,"neow_bonus":"ONE_RARE_RELIC","is_daily":false,"chose_seed":false,"campfire_upgraded":1,"win_rate":0.0,"timestamp":1613592657,"path_taken":["R","M","M","M","M","?","T","E","$","E","?","?","R","E","M","BOSS"],"items_purchased_type":[],"build_version":"2020-12-22","purchased_purges":1,"victory":false,"max_hp_per_floor":[72,72,72,72,72,72,72,72,72,72,72,72,72,72,72,72,72],"card_choices":[{"not_picked":["Collect","Crescendo","EmptyFist"],"picked":"SKIP","floor":2.0},{"not_picked":["CarveReality","Study","SashWhip"],"picked":"SKIP","floor":3.0},{"not_picked":["CarveReality","SashWhip"],"picked":"Study","floor":3.0},{"not_picked":["Protect","BowlingBash"],"picked":"Replay:Vibes","floor":4.0},{"not_picked":["Tantrum","WindmillStrike"],"picked":"Consecrate","floor":5.0},{"not_picked":["EmptyBody","FlurryOfBlows"],"picked":"FollowUp","floor":8.0},{"not_picked":["Swivel","Protect","Evaluate"],"picked":"SKIP","floor":9.0},{"not_picked":["BattleHymn","EmptyFist"],"picked":"Prostrate","floor":14.0},{"not_picked":["Consecrate","Replay:Hum"],"picked":"Replay:AtTheReady","floor":15.0}],"player_experience":501463,"relics_obtained":[{"floor":7.0,"key":"reliquary:BoilingFlask"},{"floor":8.0,"key":"Orichalcum"},{"floor":14.0,"key":"Guardian:PocketSentry"}],"event_choices":[{"damage_healed":0.0,"max_hp_gain":0.0,"max_hp_loss":0.0,"gold_gain":0.0,"event_name":"Scrap Ooze","player_choice":"Fled","floor":6.0,"gold_loss":0.0,"damage_taken":0.0},{"damage_healed":0.0,"max_hp_gain":0.0,"max_hp_loss":0.0,"gold_gain":0.0,"event_name":"World of Goop","player_choice":"Left Gold","floor":11.0,"gold_loss":28.0,"damage_taken":0.0},{"damage_healed":18.0,"max_hp_gain":0.0,"max_hp_loss":0.0,"gold_gain":0.0,"event_name":"Mushrooms","player_choice":"Healed and dodged fight","floor":12.0,"gold_loss":0.0,"damage_taken":0.0,"cards_obtained":["Parasite"]}],"is_beta":false,"boss_relics":[],"items_purged_floors":[9],"is_endless":false,"potions_floor_spawned":[2,5,14],"killed_by":"DF_ARCHETYPE_STREAMLINE","ascension_level":8}}