{"host":"mnpd8gh7cwxsn5kh","time":1613583617,"event":{"mods":["BaseMod","Bestiary","Block Reminder","Colored Map","Colored Powertips","Highlight Path","Minty Spire (QoL Compilation)","Relic Sorter","Relic Stats"],"gold_per_floor":[117,117,117,137,156,182,197,226,226,245,37,51,51,98,98,172,172,184,109,81,118,118,151,151,182,182,211,40,40,40,70,70,142,142,155,125,158,81,120,175,225,243,269,269,282,282,282,312,312,312],"floor_reached":51,"language":"ENG","playtime":6420,"items_purged":[],"score":1593,"play_id":"54ab5540-ae4d-4810-a582-d016e936d6b0","local_time":"20210217184017","is_ascension_mode":true,"campfire_choices":[{"floor":13.0,"key":"REST"},{"data":"Defragment","floor":15.0,"key":"SMITH"},{"floor":24.0,"key":"REST"},{"data":"Fission","floor":29.0,"key":"SMITH"},{"data":"Creative AI","floor":30.0,"key":"SMITH"},{"data":"Buffer","floor":32.0,"key":"SMITH"},{"data":"Double Energy","floor":44,"key":"SMITH"},{"data":"Blizzard","floor":47,"key":"SMITH"},{"floor":49,"key":"REST"}],"circlet_count":0,"master_deck":["AscendersBane","Zap","Dualcast","Reboot","Streamline","Conserve Battery","Lockon","Chill","FTL","Skim","Defragment+1","HandOfGreed","Go for the Eyes","Seek","Electrodynamics","Double Energy+1","Buffer+1","Fusion","Fission+1","Creative AI+1","Lockon","Conserve Battery","Coolheaded","Reinforced Body","Cold Snap","Defragment+1","Glacier","Auto Shields","Buffer+1","Aggregate+1","Conserve Battery+1","Buffer+1","Stack+1","Blizzard+1","Buffer+1"],"relics":["Cracked Core","Ancient Tea Set","Omamori","Sundial","Gremlin Horn","Pandora\u0027s Box","CultistMask","Frozen Egg 2","MealTicket","WingedGreaves","HornCleat","SlaversCollar","Toxic Egg 2","Thread and Needle","Akabeko"],"acts_visited":["Exordium","TheCity","TheBeyond"],"potions_floor_usage":[42,50,50],"damage_taken":[{"damage":0.0,"enemies":"2 Louse","floor":1.0,"turns":3.0},{"damage":5.0,"enemies":"Small Slimes","floor":4.0,"turns":3.0},{"damage":0.0,"enemies":"Cultist","floor":5.0,"turns":3.0},{"damage":15.0,"enemies":"Lagavulin","floor":6.0,"turns":6.0},{"damage":2.0,"enemies":"2 Fungi Beasts","floor":7.0,"turns":3.0},{"damage":11.0,"enemies":"Gremlin Nob","floor":8.0,"turns":3.0},{"damage":6.0,"enemies":"Gremlin Gang","floor":10.0,"turns":8.0},{"damage":1.0,"enemies":"Blue Slaver","floor":12.0,"turns":4.0},{"damage":7.0,"enemies":"Lagavulin","floor":14.0,"turns":6.0},{"damage":14.0,"enemies":"Hexaghost","floor":16.0,"turns":9.0},{"damage":0.0,"enemies":"3 Byrds","floor":18.0,"turns":2.0},{"damage":7.0,"enemies":"2 Thieves","floor":20.0,"turns":4.0},{"damage":16.0,"enemies":"Snake Plant","floor":21.0,"turns":4.0},{"damage":0.0,"enemies":"Gremlin Leader","floor":23.0,"turns":5.0},{"damage":30.0,"enemies":"Book of Stabbing","floor":25.0,"turns":7.0},{"damage":33.0,"enemies":"Gremlin Leader","floor":27.0,"turns":6.0},{"damage":2.0,"enemies":"Sentry and Sphere","floor":31.0,"turns":8.0},{"damage":7.0,"enemies":"Champ","floor":33.0,"turns":11.0},{"damage":1.0,"enemies":"3 Darklings","floor":35.0,"turns":6.0},{"damage":0.0,"enemies":"3 Shapes","floor":37.0,"turns":4.0},{"damage":0.0,"enemies":"3 Darklings","floor":39.0,"turns":5.0},{"damage":0.0,"enemies":"Giant Head","floor":40.0,"turns":10.0},{"damage":9.0,"enemies":"Reptomancer","floor":41.0,"turns":10.0},{"damage":25,"enemies":"Writhing Mass","floor":42,"turns":8},{"damage":0,"enemies":"4 Shapes","floor":45,"turns":5},{"damage":0,"enemies":"Sphere and 2 Shapes","floor":48,"turns":10},{"damage":5,"enemies":"Time Eater","floor":50,"turns":15}],"seed_played":"-5772776147300830660","potions_obtained":[{"floor":3.0,"key":"Weak Potion"},{"floor":3.0,"key":"Swift Potion"},{"floor":5.0,"key":"Explosive Potion"},{"floor":7.0,"key":"SkillPotion"},{"floor":12.0,"key":"FairyPotion"},{"floor":14.0,"key":"FocusPotion"},{"floor":20.0,"key":"SpeedPotion"},{"floor":31.0,"key":"EssenceOfDarkness"},{"floor":36.0,"key":"SmokeBomb"},{"floor":36.0,"key":"Ancient Potion"},{"floor":41.0,"key":"Regen Potion"},{"floor":42,"key":"Fire Potion"},{"floor":45,"key":"SkillPotion"}],"is_trial":false,"path_per_floor":["M","?","?","M","M","E","M","E","T","M","$","M","R","E","R","B",null,"M","$","M","M","?","E","R","E","T","E","$","R","R","M","R","B",null,"M","?","M","$","M","E","E","M","T","R","M","?","R","M","R","B",null],"character_chosen":"DEFECT","items_purchased":["HandOfGreed","Go for the Eyes","Reinforced Body","Auto Shields","Regen Potion","Static Discharge+1"],"campfire_rested":3,"item_purchase_floors":[11,11,19,28,28,38],"current_hp_per_floor":[64,57,57,52,52,37,35,24,24,18,18,17,36,29,29,15,52,52,52,45,29,29,29,48,18,18,8,23,23,23,36,36,29,55,54,54,54,64,64,64,55,45,45,45,45,45,45,45,64,59],"gold":312,"neow_bonus":"THREE_RARE_CARDS","is_daily":false,"chose_seed":false,"campfire_upgraded":6,"win_rate":0.0,"timestamp":1613583617,"path_taken":["M","?","?","M","M","E","?","E","T","M","$","M","R","E","R","BOSS","M","$","M","M","?","E","R","E","T","E","$","R","R","?","R","BOSS","M","?","?","$","M","E","E","M","T","R","M","?","R","M","R","BOSS"],"items_purchased_type":["Card","Card","Card","Card","Potion","Card"],"build_version":"2020-12-22","purchased_purges":0,"victory":true,"max_hp_per_floor":[64,64,64,64,64,64,64,64,64,64,64,64,64,64,64,64,64,64,64,64,64,64,64,64,64,64,64,64,64,64,64,64,64,64,64,64,64,64,64,64,64,64,64,64,64,64,64,64,64,64],"relic_stats":{"Gremlin Horn":[32,32],"counters":[27,168],"Sundial":[26],"Pandora\u0027s Box":["Double Energy","Buffer","Fusion","Fission","Creative AI","Lockon","Conserve Battery"],"MealTicket":25,"obtain_stats":[{"Gremlin Horn":14,"Thread and Needle":41,"Omamori":8,"Frozen Egg 2":23,"Ancient Tea Set":6,"Akabeko":43,"SlaversCollar":34,"HornCleat":27,"Sundial":9,"Pandora\u0027s Box":17,"MealTicket":25,"CultistMask":22,"WingedGreaves":26,"Toxic Egg 2":40,"Cracked Core":0},{"Gremlin Horn":9,"Thread and Needle":23,"Omamori":6,"Frozen Egg 2":14,"Ancient Tea Set":4,"Akabeko":24,"SlaversCollar":18,"HornCleat":16,"Sundial":6,"Pandora\u0027s Box":10,"MealTicket":15,"CultistMask":13,"WingedGreaves":15,"Toxic Egg 2":22,"Cracked Core":0},{"Gremlin Horn":39,"Thread and Needle":130,"Omamori":21,"Frozen Egg 2":63,"Ancient Tea Set":15,"Akabeko":138,"SlaversCollar":95,"HornCleat":76,"Sundial":21,"Pandora\u0027s Box":48,"MealTicket":70,"CultistMask":58,"WingedGreaves":70,"Toxic Egg 2":120,"Cracked Core":0}]},"card_choices":[{"not_picked":["Machine Learning","Fission"],"picked":"Reboot","floor":0.0},{"not_picked":["Ball Lightning","FTL"],"picked":"Streamline","floor":1.0},{"not_picked":["Rip and Tear","Stack"],"picked":"Conserve Battery","floor":4.0},{"not_picked":["Tempest","Loop"],"picked":"Lockon","floor":5.0},{"not_picked":["Reboot","Sweeping Beam"],"picked":"Chill","floor":6.0},{"not_picked":["Redo","Tempest"],"picked":"FTL","floor":7.0},{"not_picked":["Fusion","FTL"],"picked":"Skim","floor":8.0},{"not_picked":["Sweeping Beam","Beam Cell"],"picked":"Defragment","floor":10.0},{"not_picked":["Compile Driver","Rebound","Consume"],"picked":"SKIP","floor":12.0},{"not_picked":["Scrape","Hologram"],"picked":"Seek","floor":14.0},{"not_picked":["All For One","Echo Form"],"picked":"Electrodynamics","floor":16.0},{"not_picked":["Compile Driver","Blizzard+1"],"picked":"Coolheaded","floor":18.0},{"not_picked":["Double Energy","Loop","Redo"],"picked":"SKIP","floor":20.0},{"not_picked":["Lockon","Streamline"],"picked":"Cold Snap","floor":21.0},{"not_picked":["Barrage","Chaos+1"],"picked":"Defragment+1","floor":23.0},{"not_picked":["Chaos","Aggregate","Reprogram"],"picked":"SKIP","floor":25.0},{"not_picked":["Capacitor+1","Steam+1"],"picked":"Glacier","floor":27.0},{"not_picked":["Static Discharge+1","Hyperbeam","Ball Lightning"],"picked":"SKIP","floor":31.0},{"not_picked":["Rainbow","Fission"],"picked":"Buffer+1","floor":33.0},{"not_picked":["Sweeping Beam","Turbo+1","Loop+1"],"picked":"SKIP","floor":35.0},{"not_picked":["Sunder","Barrage+1"],"picked":"Aggregate+1","floor":37.0},{"not_picked":["Cold Snap+1","Chill","Consume"],"picked":"SKIP","floor":39.0},{"not_picked":["Cold Snap+1","Chill","Consume"],"picked":"SKIP","floor":39.0},{"not_picked":["Go for the Eyes","Rip and Tear"],"picked":"Conserve Battery+1","floor":40.0},{"not_picked":["Gash","Turbo+1"],"picked":"Buffer+1","floor":41.0},{"not_picked":["Compile Driver+1","BootSequence+1"],"picked":"Stack+1","floor":42},{"not_picked":["Blizzard","Rebound","Barrage+1"],"picked":"SKIP","floor":45},{"not_picked":["Gash","Consume+1"],"picked":"Buffer+1","floor":48}],"player_experience":580951,"relics_obtained":[{"floor":6.0,"key":"Ancient Tea Set"},{"floor":8.0,"key":"Omamori"},{"floor":9.0,"key":"Sundial"},{"floor":14.0,"key":"Gremlin Horn"},{"floor":23.0,"key":"Frozen Egg 2"},{"floor":25.0,"key":"MealTicket"},{"floor":26.0,"key":"WingedGreaves"},{"floor":27.0,"key":"HornCleat"},{"floor":40.0,"key":"Toxic Egg 2"},{"floor":41.0,"key":"Thread and Needle"},{"floor":43,"key":"Akabeko"}],"event_choices":[{"cards_removed":["Strike_B"],"damage_healed":0.0,"max_hp_gain":0.0,"max_hp_loss":0.0,"gold_gain":0.0,"event_name":"Golden Wing","player_choice":"Card Removal","floor":2.0,"gold_loss":0.0,"damage_taken":7.0},{"damage_healed":0.0,"max_hp_gain":0.0,"max_hp_loss":0.0,"gold_gain":0.0,"event_name":"Lab","player_choice":"Got Potions","floor":3.0,"gold_loss":0.0,"damage_taken":0.0},{"damage_healed":0.0,"max_hp_gain":0.0,"max_hp_loss":0.0,"gold_gain":0.0,"event_name":"FaceTrader","player_choice":"Trade","floor":22.0,"gold_loss":0.0,"damage_taken":0.0,"relics_obtained":["CultistMask"]},{"damage_healed":0.0,"max_hp_gain":0.0,"max_hp_loss":0.0,"gold_gain":0.0,"event_name":"The Woman in Blue","player_choice":"Bought 2 Potions","floor":36.0,"gold_loss":0.0,"damage_taken":0.0},{"damage_healed":0,"gold_gain":0,"cards_transformed":["Static Discharge"],"player_choice":"Transformed","damage_taken":0,"max_hp_gain":0,"max_hp_loss":0,"event_name":"Transmorgrifier","floor":46,"gold_loss":0,"cards_obtained":["Blizzard"]}],"is_beta":false,"boss_relics":[{"not_picked":["Velvet Choker","Busted Crown"],"picked":"Pandora\u0027s Box"},{"not_picked":["Astrolabe","Black Star"],"picked":"SlaversCollar"}],"items_purged_floors":[],"is_endless":false,"potions_floor_spawned":[5,7,12,14,20,21,31,41,42,45,48],"ascension_level":18}}