{"host":"5hsgormuu0lj4iiq","time":1613520476,"event":{"mods":["AchievementEnabler","BaseMod","Colored Map","Colored Powertips","Minty Spire (QoL Compilation)","Quick Restart","Relic Stats","SuperFastMode","everything is the same but u backflip on backflip","slay the spire mod where everything is the same but ironclad has a cowboy hat"],"gold_per_floor":[115,115,45,60,73,100,100,175,175,175,155,155,155,155,155,251,251,266,365,365,51,65,65,84,9,9,32,32,32,0,24,24,123,123,146,146,146,146,71,107,127,158,204,204,204,134,158,191,191,191,191],"floor_reached":50,"language":"ENG","playtime":973,"items_purged":["Defend_B+1"],"score":840,"play_id":"05a55edd-b13c-45d1-a55c-1ada59731952","local_time":"20210216190756","is_ascension_mode":true,"campfire_choices":[{"data":"Defragment","floor":7.0,"key":"SMITH"},{"data":"Defragment","floor":13.0,"key":"SMITH"},{"floor":15.0,"key":"REST"},{"data":"Storm","floor":23.0,"key":"SMITH"},{"floor":29.0,"key":"REST"},{"floor":32.0,"key":"REST"},{"data":"Biased Cognition","floor":45.0,"key":"SMITH"},{"floor":49,"key":"REST"}],"circlet_count":0,"master_deck":["AscendersBane","Defend_B+1","Defend_B+1","Zap","Dualcast","Defragment+1","Defragment+1","Static Discharge","Defragment+1","Biased Cognition+1","Consume","Core Surge","Hello World+1","Storm+1","Static Discharge","Skim","Chill","Biased Cognition","Recycle+1","Reboot+1","Capacitor","Madness","Turbo","Static Discharge","Capacitor","Skim+1","Ball Lightning","Consume"],"relics":["Cracked Core","NeowsBlessing","Pear","Strawberry","Golden Idol","Bird Faced Urn","Runic Pyramid","Symbiotic Virus","Bottled Flame","Astrolabe","Anchor","Lantern","Lizard Tail","Dream Catcher","The Courier"],"acts_visited":["Exordium","TheCity","TheBeyond"],"potions_floor_usage":[],"damage_taken":[{"damage":0.0,"enemies":"Jaw Worm","floor":1.0,"turns":1.0},{"damage":0.0,"enemies":"Cultist","floor":4.0,"turns":1.0},{"damage":10.0,"enemies":"Small Slimes","floor":5.0,"turns":2.0},{"damage":20.0,"enemies":"Lagavulin","floor":6.0,"turns":7.0},{"damage":21.0,"enemies":"Exordium Thugs","floor":11.0,"turns":5.0},{"damage":37.0,"enemies":"The Guardian","floor":16.0,"turns":8.0},{"damage":44.0,"enemies":"2 Thieves","floor":18.0,"turns":3.0},{"damage":12.0,"enemies":"Chosen","floor":22.0,"turns":4.0},{"damage":22.0,"enemies":"3 Cultists","floor":24.0,"turns":4.0},{"damage":36.0,"enemies":"Centurion and Healer","floor":27.0,"turns":3.0},{"damage":25.0,"enemies":"Shelled Parasite and Fungi","floor":31.0,"turns":2.0},{"damage":55.0,"enemies":"Champ","floor":33.0,"turns":8.0},{"damage":20.0,"enemies":"3 Shapes","floor":35.0,"turns":3.0},{"damage":76.0,"enemies":"Giant Head","floor":40.0,"turns":7.0},{"damage":26.0,"enemies":"3 Darklings","floor":41.0,"turns":4.0},{"damage":0.0,"enemies":"Mind Bloom Boss Battle","floor":42.0,"turns":3.0},{"damage":41.0,"enemies":"Writhing Mass","floor":47.0,"turns":3.0},{"damage":65,"enemies":"Nemesis","floor":48,"turns":5},{"damage":69,"enemies":"Time Eater","floor":50,"turns":3}],"seed_played":"588197689897723479","potions_obtained":[{"floor":4.0,"key":"LiquidBronze"},{"floor":5.0,"key":"FairyPotion"},{"floor":18.0,"key":"Fruit Juice"},{"floor":27.0,"key":"Energy Potion"},{"floor":35.0,"key":"FocusPotion"},{"floor":40.0,"key":"ColorlessPotion"}],"is_trial":false,"path_per_floor":["M","?","$","M","M","E","R","?","T","?","M","?","R","?","R","B",null,"M","?","?","$","M","R","M","?","T","M","?","R","?","M","R","B",null,"M","?","?","T","$","E","M","?","T","?","R","$","M","E","R","B"],"character_chosen":"DEFECT","items_purchased":["Defragment","Storm","Symbiotic Virus","Capacitor"],"campfire_rested":4,"item_purchase_floors":[3,21,21,46],"current_hp_per_floor":[68,68,68,68,58,48,48,37,44,44,23,23,23,20,45,18,68,39,39,39,39,37,37,29,29,29,3,3,30,30,15,42,3,68,60,60,60,60,60,4,25,43,43,43,43,43,18,21,46,0,0],"gold":191,"neow_bonus":"THREE_ENEMY_KILL","is_daily":false,"chose_seed":false,"campfire_upgraded":4,"win_rate":0.0,"timestamp":1613520476,"path_taken":["M","?","$","?","M","E","R","?","T","?","?","?","R","?","R","BOSS","M","?","?","$","M","R","?","?","T","M","?","R","?","M","R","BOSS","M","?","?","?","?","E","M","?","T","?","R","$","M","E","R","BOSS"],"items_purchased_type":["Card","Card","Relic","Card"],"build_version":"2020-12-22","purchased_purges":1,"victory":false,"max_hp_per_floor":[75,75,75,75,75,85,85,85,92,92,92,85,85,85,85,85,85,90,90,90,90,90,90,90,90,90,90,90,90,90,90,90,90,90,90,85,85,85,85,85,85,85,85,85,85,85,85,85,85,85,85],"relic_stats":{"Lizard Tail":42,"Dream Catcher":1,"counters":[19,76],"Golden Idol":93,"Bird Faced Urn":[208],"Astrolabe":["Recycle","Reboot","Gash"],"obtain_stats":[{"Lantern":40,"Pear":6,"NeowsBlessing":0,"Golden Idol":12,"Astrolabe":34,"The Courier":48,"Bottled Flame":26,"Anchor":38,"Lizard Tail":42,"Dream Catcher":43,"Strawberry":9,"Bird Faced Urn":14,"Cracked Core":0,"Symbiotic Virus":21,"Runic Pyramid":17},{"Lantern":14,"Pear":4,"NeowsBlessing":0,"Golden Idol":5,"Astrolabe":12,"The Courier":18,"Bottled Flame":9,"Anchor":13,"Lizard Tail":16,"Dream Catcher":16,"Strawberry":4,"Bird Faced Urn":5,"Cracked Core":0,"Symbiotic Virus":7,"Runic Pyramid":6},{"Lantern":58,"Pear":11,"NeowsBlessing":0,"Golden Idol":16,"Astrolabe":48,"The Courier":73,"Bottled Flame":35,"Anchor":51,"Lizard Tail":65,"Dream Catcher":65,"Strawberry":11,"Bird Faced Urn":16,"Cracked Core":0,"Symbiotic Virus":27,"Runic Pyramid":24}]},"card_choices":[{"not_picked":["Ball Lightning","Heatsinks"],"picked":"Defragment","floor":1.0},{"not_picked":["Steam","Rebound"],"picked":"Static Discharge","floor":4.0},{"not_picked":["Fusion","Steam"],"picked":"Defragment","floor":5.0},{"not_picked":["Gash","Compile Driver"],"picked":"Biased Cognition","floor":6.0},{"not_picked":["Stack","Turbo"],"picked":"Consume","floor":11.0},{"not_picked":["Reboot","Thunder Strike"],"picked":"Core Surge","floor":16.0},{"not_picked":["Steam+1","Streamline"],"picked":"Hello World+1","floor":18.0},{"not_picked":["Stack+1","Barrage","Hologram"],"picked":"SKIP","floor":22.0},{"not_picked":["Coolheaded","Go for the Eyes"],"picked":"Static Discharge","floor":24.0},{"not_picked":["Turbo+1","Barrage"],"picked":"Skim","floor":27.0},{"not_picked":["Barrage","Darkness"],"picked":"Chill","floor":31.0},{"not_picked":["Hyperbeam","Machine Learning"],"picked":"Biased Cognition","floor":33.0},{"not_picked":["Cold Snap","Steam+1"],"picked":"Capacitor","floor":35.0},{"not_picked":["Deep Breath","Jack Of All Trades"],"picked":"Madness","floor":37.0},{"not_picked":["Ball Lightning","Barrage+1","Hologram"],"picked":"SKIP","floor":40.0},{"not_picked":["Barrage","Skim"],"picked":"Turbo","floor":41.0},{"not_picked":["Undo+1","Sunder+1"],"picked":"Static Discharge","floor":42.0},{"not_picked":["Scrape","Redo"],"picked":"Skim+1","floor":47.0},{"not_picked":["Scrape","Rip and Tear"],"picked":"Ball Lightning","floor":48},{"not_picked":["Stack","Compile Driver"],"picked":"Consume","floor":49}],"player_experience":742279,"relics_obtained":[{"floor":6.0,"key":"Pear"},{"floor":9.0,"key":"Strawberry"},{"floor":26.0,"key":"Bottled Flame"},{"floor":38.0,"key":"Anchor"},{"floor":40.0,"key":"Lantern"},{"floor":42.0,"key":"Lizard Tail"},{"floor":43.0,"key":"Dream Catcher"},{"floor":48,"key":"The Courier"}],"event_choices":[{"damage_healed":0.0,"max_hp_gain":0.0,"max_hp_loss":0.0,"gold_gain":0.0,"event_name":"Accursed Blacksmith","player_choice":"Forge","floor":2.0,"gold_loss":0.0,"damage_taken":0.0,"cards_upgraded":["Defragment"]},{"damage_healed":0.0,"max_hp_gain":0.0,"max_hp_loss":0.0,"gold_gain":75.0,"event_name":"World of Goop","player_choice":"Gather Gold","floor":8.0,"gold_loss":0.0,"damage_taken":11.0},{"cards_removed":["Strike_B"],"damage_healed":0.0,"max_hp_gain":0.0,"max_hp_loss":0.0,"gold_gain":0.0,"event_name":"Purifier","player_choice":"Purged","floor":10.0,"gold_loss":0.0,"damage_taken":0.0},{"damage_healed":0.0,"max_hp_gain":0.0,"max_hp_loss":7.0,"gold_gain":0.0,"event_name":"Golden Idol","player_choice":"Lose Max HP","floor":12.0,"gold_loss":0.0,"damage_taken":0.0,"relics_obtained":["Golden Idol"]},{"damage_healed":0.0,"max_hp_gain":0.0,"max_hp_loss":0.0,"gold_gain":0.0,"event_name":"Scrap Ooze","player_choice":"Success","floor":14.0,"gold_loss":0.0,"damage_taken":3.0,"relics_obtained":["Bird Faced Urn"]},{"damage_healed":0.0,"max_hp_gain":0.0,"max_hp_loss":0.0,"gold_gain":99.0,"event_name":"Nest","player_choice":"Stole From Cult","floor":19.0,"gold_loss":0.0,"damage_taken":0.0},{"damage_healed":0.0,"max_hp_gain":0.0,"max_hp_loss":0.0,"gold_gain":0.0,"event_name":"Back to Basics","player_choice":"Simplicity","floor":20.0,"gold_loss":0.0,"damage_taken":0.0,"cards_upgraded":["Strike_B","Strike_B","Strike_B","Defend_B","Defend_B","Defend_B","Defend_B"]},{"cards_removed":["Strike_B"],"damage_healed":0.0,"max_hp_gain":0.0,"max_hp_loss":0.0,"gold_gain":0.0,"event_name":"Beggar","player_choice":"Gave Gold","floor":25.0,"gold_loss":75.0,"damage_taken":0.0},{"damage_healed":0.0,"max_hp_gain":0.0,"max_hp_loss":0.0,"gold_gain":0.0,"event_name":"Vampires","player_choice":"Ignored","floor":28.0,"gold_loss":0.0,"damage_taken":0.0},{"damage_healed":0.0,"max_hp_gain":0.0,"max_hp_loss":0.0,"gold_gain":0.0,"event_name":"Masked Bandits","player_choice":"Paid Fearfully","floor":30.0,"gold_loss":32.0,"damage_taken":0.0},{"damage_healed":0.0,"max_hp_gain":0.0,"max_hp_loss":5.0,"gold_gain":0.0,"event_name":"Winding Halls","player_choice":"Max HP","floor":36.0,"gold_loss":0.0,"damage_taken":0.0},{"damage_healed":0.0,"max_hp_gain":0.0,"max_hp_loss":0.0,"gold_gain":0.0,"event_name":"SensoryStone","player_choice":"Memory 1","floor":37.0,"gold_loss":0.0,"damage_taken":0.0},{"damage_healed":0.0,"max_hp_gain":0.0,"max_hp_loss":0.0,"gold_gain":0.0,"event_name":"MindBloom","player_choice":"Fight","floor":42.0,"gold_loss":0.0,"damage_taken":0.0},{"cards_removed":["Gash"],"damage_healed":0.0,"max_hp_gain":0.0,"max_hp_loss":0.0,"gold_gain":0.0,"event_name":"Falling","player_choice":"Removed Attack","floor":44.0,"gold_loss":0.0,"damage_taken":0.0}],"is_beta":false,"boss_relics":[{"not_picked":["Velvet Choker","SlaversCollar"],"picked":"Runic Pyramid"},{"not_picked":["Black Star","Empty Cage"],"picked":"Astrolabe"}],"items_purged_floors":[39],"is_endless":false,"potions_floor_spawned":[4,5,6,18,27,35,40],"killed_by":"Time Eater","ascension_level":13}}