{"host":"kh6fvhxn285ncg0o","time":1613604429,"event":{"mods":["Act Like it!","BaseMod","Colored Map","Friendly Minions","Keyboard Shortcuts","Minty Spire (QoL Compilation)","Quick Restart","Relic Stats","StSLib","SuperFastMode","UnlockEverythingMod"],"gold_per_floor":[109,34,34,34,34,34,61,80,104,136,136,164,184,200,200,275,275,293,313,343,356,356,391,391,70,95,109,109,125,125,153,153,230,230,243,258,258,274,274,274,274],"floor_reached":40,"language":"KOR","playtime":1022,"items_purged":["Strike_R"],"score":1198,"play_id":"a7d2e8ab-d31e-4e2e-a0f1-28975ef0129f","local_time":"20210218082709","is_ascension_mode":true,"campfire_choices":[{"data":"Flame Barrier","floor":6.0,"key":"SMITH"},{"data":"Carnage","floor":11.0,"key":"SMITH"},{"data":"Bash","floor":15.0,"key":"SMITH"},{"data":"Immolate","floor":24.0,"key":"SMITH"},{"data":"Power Through","floor":28.0,"key":"SMITH"},{"floor":32.0,"key":"RECALL"}],"circlet_count":0,"master_deck":["AscendersBane","Strike_R","Strike_R","Defend_R+1","Defend_R","Defend_R","Defend_R+1","Bash+1","Flame Barrier+1","Carnage+1","Inflame","Hemokinesis","Immolate+1","Clothesline+1","Power Through+1","Barricade","Corruption","Feed","Spot Weakness+1","Disarm","Havoc","Armaments+1","Magnetism","Magnetism"],"relics":["Burning Blood","NeowsBlessing","Omamori","War Paint","Shuriken","Bird Faced Urn","Snecko Eye","Red Mask","The Courier","Prayer Wheel","Pen Nib","Red Skull","Orichalcum","Bottled Tornado","Philosopher\u0027s Stone"],"acts_visited":["Exordium","TheCity","TheBeyond"],"potions_floor_usage":[],"damage_taken":[{"damage":0.0,"enemies":"Small Slimes","floor":1.0,"turns":1.0},{"damage":0.0,"enemies":"Lagavulin","floor":7.0,"turns":1.0},{"damage":0.0,"enemies":"Jaw Worm","floor":8.0,"turns":1.0},{"damage":32.0,"enemies":"Gremlin Nob","floor":10.0,"turns":4.0},{"damage":19.0,"enemies":"Lagavulin","floor":12.0,"turns":6.0},{"damage":6.0,"enemies":"2 Louse","floor":13.0,"turns":3.0},{"damage":0.0,"enemies":"Exordium Thugs","floor":14.0,"turns":5.0},{"damage":24.0,"enemies":"The Guardian","floor":16.0,"turns":13.0},{"damage":12.0,"enemies":"Chosen","floor":18.0,"turns":3.0},{"damage":7.0,"enemies":"Shell Parasite","floor":19.0,"turns":3.0},{"damage":16.0,"enemies":"Masked Bandits","floor":20.0,"turns":4.0},{"damage":2.0,"enemies":"Centurion and Healer","floor":21.0,"turns":3.0},{"damage":10.0,"enemies":"Gremlin Leader","floor":23.0,"turns":5.0},{"damage":0.0,"enemies":"Snake Plant","floor":27.0,"turns":3.0},{"damage":2.0,"enemies":"Shelled Parasite and Fungi","floor":29.0,"turns":3.0},{"damage":8.0,"enemies":"Book of Stabbing","floor":31.0,"turns":4.0},{"damage":4.0,"enemies":"Collector","floor":33.0,"turns":6.0},{"damage":0.0,"enemies":"3 Shapes","floor":35.0,"turns":3.0},{"damage":14.0,"enemies":"3 Darklings","floor":36.0,"turns":6.0},{"damage":9.0,"enemies":"Transient","floor":38.0,"turns":6.0},{"damage":4.0,"enemies":"Giant Head","floor":40.0,"turns":6.0}],"seed_played":"-2124591269577708039","potions_obtained":[{"floor":5.0,"key":"Regen Potion"},{"floor":5.0,"key":"EntropicBrew"},{"floor":12.0,"key":"Fire Potion"},{"floor":21.0,"key":"GamblersBrew"},{"floor":23.0,"key":"Dexterity Potion"},{"floor":33.0,"key":"ColorlessPotion"}],"is_trial":false,"path_per_floor":["M","?","?","$","?","R","E","M","T","E","R","E","M","M","R","B",null,"M","M","?","M","T","E","R","$","T","M","R","M","?","E","R","B",null,"M","M","?","M","?","E"],"character_chosen":"IRONCLAD","items_purchased":["Pen Nib","Red Skull"],"campfire_rested":0,"item_purchase_floors":[25,25],"current_hp_per_floor":[74,74,79,79,79,79,80,80,80,59,59,46,48,56,56,40,70,64,63,55,61,61,59,59,59,59,69,69,77,77,79,79,80,80,80,79,79,82,72,83,83],"gold":274,"neow_bonus":"THREE_ENEMY_KILL","is_daily":false,"chose_seed":false,"campfire_upgraded":5,"win_rate":0.0,"timestamp":1613604429,"path_taken":["M","?","?","$","?","R","E","M","T","E","R","E","M","?","R","BOSS","M","M","?","M","?","E","R","?","T","M","R","M","?","E","R","BOSS","M","M","?","?","?","E"],"items_purchased_type":["Relic","Relic"],"build_version":"2020-12-22","purchased_purges":1,"victory":false,"max_hp_per_floor":[75,75,80,80,80,80,80,80,80,80,80,80,80,80,80,80,80,80,80,80,80,80,80,80,80,80,80,80,80,80,80,80,80,80,80,83,83,83,83,83,83],"relic_stats":{"counters":[21,89],"Shuriken":[18],"Bird Faced Urn":[45],"Snecko Eye":[92,97,88,83],"Prayer Wheel":5,"Pen Nib":[7],"War Paint":["Defend_R","Defend_R"],"Orichalcum":[18],"obtain_stats":[{"NeowsBlessing":0,"The Courier":22,"Pen Nib":25,"Omamori":7,"War Paint":9,"Orichalcum":30,"Bottled Tornado":31,"Burning Blood":0,"Shuriken":10,"Bird Faced Urn":12,"Snecko Eye":17,"Prayer Wheel":23,"Philosopher\u0027s Stone":34,"Red Mask":20,"Red Skull":25},{"NeowsBlessing":0,"The Courier":12,"Pen Nib":13,"Omamori":2,"War Paint":3,"Orichalcum":15,"Bottled Tornado":16,"Burning Blood":0,"Shuriken":4,"Bird Faced Urn":5,"Snecko Eye":8,"Prayer Wheel":13,"Philosopher\u0027s Stone":17,"Red Mask":11,"Red Skull":13},{"NeowsBlessing":0,"The Courier":47,"Pen Nib":52,"Omamori":2,"War Paint":3,"Orichalcum":58,"Bottled Tornado":62,"Burning Blood":0,"Shuriken":7,"Bird Faced Urn":13,"Snecko Eye":34,"Prayer Wheel":52,"Philosopher\u0027s Stone":68,"Red Mask":44,"Red Skull":52}],"Burning Blood":106},"card_choices":[{"not_picked":["Armaments","Anger"],"picked":"Flame Barrier","floor":1.0},{"not_picked":["Warcry","Pummel"],"picked":"Carnage","floor":7.0},{"not_picked":["Havoc","Clothesline","Heavy Blade"],"picked":"SKIP","floor":10.0},{"not_picked":["Seeing Red","Twin Strike"],"picked":"Inflame","floor":12.0},{"not_picked":["Whirlwind","Wild Strike","Rampage"],"picked":"SKIP","floor":13.0},{"not_picked":["Perfected Strike","Sword Boomerang"],"picked":"Hemokinesis","floor":14.0},{"not_picked":["Impervious","Exhume"],"picked":"Immolate","floor":16.0},{"not_picked":["Armaments","Perfected Strike"],"picked":"Clothesline+1","floor":18.0},{"not_picked":["Metallicize","Sword Boomerang"],"picked":"Power Through","floor":19.0},{"not_picked":["Rampage+1","Power Through"],"picked":"Barricade","floor":21.0},{"not_picked":["Bloodletting","Iron Wave+1","Headbutt"],"picked":"SKIP","floor":27.0},{"not_picked":["Shrug It Off","Headbutt","Wild Strike+1"],"picked":"SKIP","floor":27.0},{"not_picked":["Bloodletting","Iron Wave+1","Headbutt"],"picked":"SKIP","floor":27.0},{"not_picked":["Shrug It Off","Headbutt","Wild Strike+1"],"picked":"SKIP","floor":27.0},{"not_picked":["Headbutt","Warcry"],"picked":"Corruption","floor":29.0},{"not_picked":["Cleave","Flex+1","Heavy Blade"],"picked":"SKIP","floor":29.0},{"not_picked":["Metallicize","Combust","Fire Breathing"],"picked":"SKIP","floor":31.0},{"not_picked":["Barricade","Juggernaut"],"picked":"Feed","floor":33.0},{"not_picked":["Rupture+1","Cleave"],"picked":"Spot Weakness+1","floor":35.0},{"not_picked":["Bloodletting","Havoc","Reckless Charge"],"picked":"SKIP","floor":35.0},{"not_picked":["Twin Strike","Uppercut+1"],"picked":"Disarm","floor":36.0},{"not_picked":["Twin Strike","Havoc","Pommel Strike"],"picked":"SKIP","floor":36.0},{"not_picked":["Headbutt","Perfected Strike"],"picked":"Armaments+1","floor":38.0},{"not_picked":["Thunderclap","Blood for Blood","Whirlwind"],"picked":"SKIP","floor":38.0},{"not_picked":["Chrysalis","Bandage Up"],"picked":"Magnetism","floor":39.0},{"not_picked":["Forethought","Madness"],"picked":"Magnetism","floor":39.0}],"player_experience":1435112,"relics_obtained":[{"floor":7.0,"key":"Omamori"},{"floor":9.0,"key":"War Paint"},{"floor":10.0,"key":"Shuriken"},{"floor":12.0,"key":"Bird Faced Urn"},{"floor":20.0,"key":"Red Mask"},{"floor":22.0,"key":"The Courier"},{"floor":23.0,"key":"Prayer Wheel"},{"floor":31.0,"key":"Bottled Tornado"}],"event_choices":[{"cards_removed":["Strike_R"],"damage_healed":0.0,"max_hp_gain":0.0,"max_hp_loss":0.0,"gold_gain":0.0,"event_name":"The Cleric","player_choice":"Card Removal","floor":2.0,"gold_loss":75.0,"damage_taken":0.0},{"damage_healed":0.0,"max_hp_gain":5.0,"max_hp_loss":0.0,"gold_gain":0.0,"event_name":"Big Fish","player_choice":"Donut","floor":3.0,"gold_loss":0.0,"damage_taken":0.0},{"damage_healed":0.0,"max_hp_gain":0.0,"max_hp_loss":0.0,"gold_gain":0.0,"event_name":"Lab","player_choice":"Got Potions","floor":5.0,"gold_loss":0.0,"damage_taken":0.0},{"damage_healed":0.0,"max_hp_gain":0.0,"max_hp_loss":0.0,"gold_gain":0.0,"event_name":"Masked Bandits","player_choice":"Fought Bandits","floor":20.0,"gold_loss":0.0,"damage_taken":0.0},{"damage_healed":0.0,"max_hp_gain":0.0,"max_hp_loss":0.0,"gold_gain":0.0,"event_name":"Addict","player_choice":"Stole Relic","floor":30.0,"gold_loss":0.0,"damage_taken":0.0,"relics_obtained":["Orichalcum"],"cards_obtained":["Shame"]},{"damage_healed":0.0,"max_hp_gain":0.0,"max_hp_loss":0.0,"gold_gain":0.0,"cards_transformed":["Strike_R"],"event_name":"Transmorgrifier","player_choice":"Transformed","floor":37.0,"gold_loss":0.0,"damage_taken":0.0,"cards_obtained":["Havoc"]},{"damage_healed":0.0,"max_hp_gain":0.0,"max_hp_loss":0.0,"gold_gain":0.0,"event_name":"SensoryStone","player_choice":"Memory 3","floor":39.0,"gold_loss":0.0,"damage_taken":10.0}],"is_beta":false,"boss_relics":[{"not_picked":["Pandora\u0027s Box","Sozu"],"picked":"Snecko Eye"},{"not_picked":["SacredBark","Velvet Choker"],"picked":"Philosopher\u0027s Stone"}],"items_purged_floors":[25],"is_endless":false,"potions_floor_spawned":[12,14,21,23,29,31,33,40],"killed_by":"Giant Head","ascension_level":20}}