{"host":"p5nht1vx148lgsp8","time":1613568076,"event":{"mods":["AchievementEnabler","BaseMod","Better Altar","Better Match","Better Note","Better Sensory Stone","Better Skull","Better Third Choice","Colored Map","Colored Powertips","Curses Come First","Downfall","Googly Eyes","Hermit","Infinite Spire","Marisa????????","Minty Spire (QoL Compilation)","Permanent Neow","Quick Restart","Rare Cards Sparkle","Replay The Spire","StSLib","The Animator","The Bug Knight","The Cursed","The Servant 0.9.4","Waifu the Spire"],"gold_per_floor":[419,436,495,510,521,521,2,2,2,14,14,14,14,28,28,126,126,138,157,76,76,87,87,33,44,67,67,67,82,82,101,101,204,204,224,224,239,91,112,112,137,137,137,47,47,63,63,63],"floor_reached":47,"language":"ENG","playtime":3139,"items_purged":["TheCursedMod:Strike_TheCursed","Guardian:TwinSlam"],"score":694,"play_id":"77c4a665-c0d0-41e7-92c6-74cfcf0a70d0","local_time":"20210217132116","is_ascension_mode":false,"campfire_choices":[{"data":"TheCursedMod:Torture","floor":6,"key":"SMITH"},{"data":"TheCursedMod:CursedWand","floor":11,"key":"SMITH"},{"data":"TheCursedMod:SaltUponWound","floor":15,"key":"SMITH"},{"floor":23,"key":"REST"},{"floor":27,"key":"REST"},{"data":"TheCursedMod:CircleOfAbyss","floor":30,"key":"SMITH"},{"floor":32,"key":"REST"},{"floor":40,"key":"REST"},{"floor":45,"key":"REST"}],"circlet_count":0,"master_deck":["TheCursedMod:Strike_TheCursed","TheCursedMod:Strike_TheCursed","TheCursedMod:Strike_TheCursed","TheCursedMod:Defend_TheCursed+1","TheCursedMod:Defend_TheCursed+1","TheCursedMod:Defend_TheCursed+1","TheCursedMod:Defend_TheCursed+1","TheCursedMod:CursedWand+1","TheCursedMod:CleanUpWorkshop","TheCursedMod:Dregs","TheCursedMod:SoulReap","ReplayTheSpireMod:Splinters","TheCursedMod:ReleasedStrength","TheCursedMod:SoulReap","TheCursedMod:Torture+1","TheCursedMod:CircleOfAbyss+1","TheCursedMod:Stigma","TheCursedMod:SaltUponWound+1","TheCursedMod:UltimatePain+1","TheCursedMod:SoulReap","TheCursedMod:Hemoplague+1","TheCursedMod:Mangle","TheCursedMod:SaltUponWound+1","TheCursedMod:RapidMovement","TheCursedMod:CursedRelics","ReplayTheSpireMod:Splinters","TheCursedMod:OutForBlood","Replay:Fractal Strike","Flash of Steel","Madness+1","TheCursedMod:SpreadPlague","Shame","Hallucinations","ReplayTheSpireMod:Faulty Equipment"],"relics":["TheCursedMod:BlackMagic101","Old Coin","Nunchaku","Pantograph","InkBottle","SlaversCollar","Orichalcum","Replay:Grab Bag","Cursed Key","Philosopher\u0027s Stone","ReplayTheSpireMod:SealedPack","infinitespire:EvilPickle","Oddly Smooth Stone","Replay:Arrowhead","ReplayTheSpireMod:CursedCoin","Replay:Bottled Eggs"],"acts_visited":["Exordium","TheCity","TheBeyond"],"potions_floor_usage":[16,18,19,29,33,33,39,39,41,41],"damage_taken":[{"damage":5,"enemies":"Cultist","floor":1,"turns":4},{"damage":5,"enemies":"Jaw Worm","floor":2,"turns":4},{"damage":2,"enemies":"Small Slimes","floor":4,"turns":3},{"damage":11,"enemies":"3 Louse","floor":5,"turns":4},{"damage":5,"enemies":"Blue Slaver","floor":10,"turns":3},{"damage":4,"enemies":"Large Slime","floor":14,"turns":7},{"damage":32,"enemies":"Fading Forest","floor":16,"turns":11},{"damage":9,"enemies":"Spheric Guardian","floor":18,"turns":3},{"damage":12,"enemies":"Shell Parasite","floor":19,"turns":2},{"damage":40,"enemies":"Sentry and Sphere","floor":22,"turns":5},{"damage":16,"enemies":"Snake Plant","floor":25,"turns":2},{"damage":30,"enemies":"3 Cultists","floor":29,"turns":6},{"damage":28,"enemies":"Cultist and Chosen","floor":31,"turns":7},{"damage":22,"enemies":"Pondfish","floor":33,"turns":7},{"damage":16,"enemies":"3 Shapes","floor":35,"turns":6},{"damage":49,"enemies":"3 Darklings","floor":37,"turns":6},{"damage":26,"enemies":"Sphere and 2 Shapes","floor":39,"turns":4},{"damage":44,"enemies":"Writhing Mass","floor":41,"turns":4},{"damage":40,"enemies":"3 Darklings","floor":46,"turns":7},{"damage":12,"enemies":"Jaw Worm Horde","floor":47,"turns":2}],"seed_played":"-8031625921863619850","potions_obtained":[{"floor":3,"key":"Adrenaline Potion"},{"floor":4,"key":"SteroidPotion"},{"floor":16,"key":"AttackPotion"},{"floor":18,"key":"Toxic Potion"},{"floor":22,"key":"Dexterity Potion"},{"floor":25,"key":"Energy Potion"},{"floor":31,"key":"BlessingOfTheForge"},{"floor":35,"key":"TheCursedMod:DregsPotion"},{"floor":39,"key":"Languid Potion"}],"is_trial":false,"path_per_floor":["M","M","?","M","M","R","$","?","T","M","R","?","$","M","R","B",null,"M","M","$","?","M","R","$","M","T","R","?","M","R","M","R","B",null,"M","?","M","$","M","R","M","T","T","$","R","M","M"],"character_chosen":"THE_CURSED","items_purchased":["TheCursedMod:CircleOfAbyss","Pantograph","TheCursedMod:Stigma","TheCursedMod:Mangle","TheCursedMod:SaltUponWound+1","Explosive Potion","ReplayTheSpireMod:CursedCoin","Replay:Bottled Eggs"],"campfire_rested":5,"item_purchase_floors":[7,7,7,20,24,38,44,44],"current_hp_per_floor":[49,49,49,63,64,64,64,69,69,69,69,69,69,75,75,68,80,71,59,59,59,29,53,53,38,38,62,62,47,47,29,53,64,80,78,62,28,28,26,50,6,6,6,6,30,10,0,0],"gold":63,"neow_bonus":"ONE_RARE_RELIC","is_daily":false,"chose_seed":false,"campfire_upgraded":4,"win_rate":0.0,"timestamp":1613568076,"path_taken":["M","?","?","M","M","R","$","?","T","M","R","?","?","M","R","BOSS","M","M","$","?","M","R","?","M","T","R","?","M","R","?","R","BOSS","M","?","M","$","M","R","M","?","T","$","R","?","M"],"items_purchased_type":["Card","Relic","Card","Card","Card","Potion","Relic","Relic"],"build_version":"2020-12-22","purchased_purges":2,"victory":false,"max_hp_per_floor":[75,75,75,75,75,75,75,80,80,80,80,80,80,80,80,80,80,80,80,80,80,80,80,80,80,80,80,80,80,80,80,80,80,80,80,80,80,80,80,80,80,80,80,80,80,80,80,80],"card_choices":[{"not_picked":["TheCursedMod:BloodBarrier","TheCursedMod:AshesToAshes"],"picked":"TheCursedMod:SoulReap","floor":1},{"not_picked":["TheCursedMod:Wield","TheCursedMod:WearCloak","TheCursedMod:Obscuration"],"picked":"SKIP","floor":2},{"not_picked":["TheCursedMod:PrepareRite","TheCursedMod:CursedAmulet"],"picked":"TheCursedMod:ReleasedStrength","floor":3},{"not_picked":["TheCursedMod:Grudge","TheCursedMod:CircleOfCorruption"],"picked":"TheCursedMod:SoulReap","floor":3},{"not_picked":["TheCursedMod:BloodBarrier","TheCursedMod:CircleOfCorruption","TheCursedMod:VitalStrike"],"picked":"SKIP","floor":4},{"not_picked":["TheCursedMod:AshesToAshes","TheCursedMod:TacticalStrike"],"picked":"TheCursedMod:Torture","floor":5},{"not_picked":["TheCursedMod:Stigma","TheCursedMod:CursedShiv","TheCursedMod:ReleasedStrength"],"picked":"SKIP","floor":10},{"not_picked":["TheCursedMod:EmpowerCircles","TheCursedMod:Stretching"],"picked":"TheCursedMod:SaltUponWound","floor":14},{"not_picked":["TheCursedMod:ShockAndAwe","TheCursedMod:StunningStrike"],"picked":"TheCursedMod:UltimatePain","floor":16},{"not_picked":["TheCursedMod:VitalStrike","TheCursedMod:SpitefulPlan"],"picked":"TheCursedMod:SoulReap","floor":18},{"not_picked":["TheCursedMod:SpitefulPlan","TheCursedMod:RapidMovement"],"picked":"TheCursedMod:Hemoplague+1","floor":19},{"not_picked":["TheCursedMod:ReleasedKnowledge+1","TheCursedMod:CursedBlade","TheCursedMod:PrepareRite"],"picked":"SKIP","floor":22},{"not_picked":["TheCursedMod:CircleOfCorruption","TheCursedMod:ManaBullet","TheCursedMod:WearCloak"],"picked":"SKIP","floor":25},{"not_picked":["TheCursedMod:Stretching","TheCursedMod:SpitefulStrike+1","TheCursedMod:Stigma"],"picked":"SKIP","floor":29},{"not_picked":["TheCursedMod:Obscuration","TheCursedMod:Stretching"],"picked":"TheCursedMod:RapidMovement","floor":31},{"not_picked":["TheCursedMod:CircleOfAbyss","TheCursedMod:ManaCirculation"],"picked":"TheCursedMod:CursedRelics","floor":33},{"not_picked":["TheCursedMod:CursedRelics","TheCursedMod:StunningStrike"],"picked":"TheCursedMod:OutForBlood","floor":34},{"not_picked":["ReplayTheSpireMod:Chaos Vortex","infinitespire:FinalStrike"],"picked":"Replay:Fractal Strike","floor":34},{"not_picked":["Discovery","Good Instincts"],"picked":"Flash of Steel","floor":34},{"not_picked":["champ:Execute","Replay:Light Bash"],"picked":"Guardian:TwinSlam","floor":34},{"not_picked":["TheCursedMod:CursedBoomerang+1","TheCursedMod:WearCloak","TheCursedMod:BlessingInDisguise"],"picked":"SKIP","floor":35},{"not_picked":["TheCursedMod:TacticalStrike+1","TheCursedMod:DoubleShield","TheCursedMod:CircleOfAmplification+1"],"picked":"SKIP","floor":37},{"not_picked":["TheCursedMod:CursedBlade","TheCursedMod:ManaBullet","TheCursedMod:BloodBarrier"],"picked":"SKIP","floor":39},{"not_picked":["TheCursedMod:RapidMovement+1","TheCursedMod:ForbiddenAlchemy"],"picked":"TheCursedMod:SpreadPlague","floor":41},{"not_picked":["TheCursedMod:BloodBarrier+1","TheCursedMod:CursedMace","TheCursedMod:WearCloak+1"],"picked":"SKIP","floor":46}],"player_experience":206989,"relics_obtained":[{"floor":3,"key":"Nunchaku"},{"floor":9,"key":"InkBottle"},{"floor":26,"key":"Orichalcum"},{"floor":42,"key":"Oddly Smooth Stone"},{"floor":43,"key":"Replay:Arrowhead"}],"event_choices":[{"damage_healed":0,"gold_gain":0,"player_choice":"Donut","damage_taken":0,"max_hp_gain":5,"max_hp_loss":0,"event_name":"Big Fish","floor":8,"gold_loss":0},{"damage_healed":0,"gold_gain":0,"player_choice":"Ignored","damage_taken":0,"max_hp_gain":0,"max_hp_loss":0,"event_name":"Golden Wing","floor":12,"gold_loss":0},{"damage_healed":0,"gold_gain":0,"player_choice":"Ignored","damage_taken":0,"max_hp_gain":0,"max_hp_loss":0,"event_name":"betterNote:BetterNote","floor":21,"gold_loss":0,"cards_obtained":["Deny"]},{"damage_healed":0,"gold_gain":0,"player_choice":"Upgraded","damage_taken":0,"max_hp_gain":0,"max_hp_loss":0,"event_name":"Upgrade Shrine","floor":28,"gold_loss":0,"cards_upgraded":["TheCursedMod:UltimatePain"]},{"damage_healed":0,"gold_gain":3,"player_choice":"2","damage_taken":0,"max_hp_gain":0,"max_hp_loss":16,"event_name":"betterStone:BetterStone","floor":36,"gold_loss":0}],"is_beta":false,"boss_relics":[{"not_picked":["infinitespire:Cupcake","Sozu"],"picked":"SlaversCollar"},{"not_picked":["Runic Pyramid","Painkiller Herb"],"picked":"Replay:Grab Bag"},{"not_picked":["Busted Crown","ReplayTheSpireMod:Onyx Gauntlets"],"picked":"Cursed Key"},{"not_picked":["Replay:Wanted Poster","Coffee Dripper"],"picked":"Philosopher\u0027s Stone"},{"not_picked":["Ring of Chaos","Snecko Eye"],"picked":"ReplayTheSpireMod:SealedPack"}],"items_purged_floors":[7,38],"is_endless":false,"potions_floor_spawned":[4,16,18,22,25,31,35,39],"killed_by":"Jaw Worm Horde","ascension_level":0}}