{"host":"2l5k2wp87eek7qja","time":1613586973,"event":{"mods":["BaseMod","Colored Map","Minty Spire (QoL Compilation)","Relic Stats"],"gold_per_floor":[114,127,139,14,33,33,67,79,132,158,128,148,148,160,160,237,237,237,237],"floor_reached":18,"language":"ENG","playtime":704,"items_purged":["Strike_G"],"score":348,"play_id":"2bcfc785-2a66-46bb-afd5-ef33180f9e23","local_time":"20210217203613","is_ascension_mode":true,"campfire_choices":[{"data":"Bouncing Flask","floor":6,"key":"SMITH"},{"data":"Catalyst","floor":13,"key":"SMITH"},{"data":"Leg Sweep","floor":15,"key":"SMITH"}],"circlet_count":0,"master_deck":["AscendersBane","Survivor","Neutralize","Poisoned Stab","Bouncing Flask+1","Bane","Dagger Throw","Terror","Leg Sweep+1","Bullet Time","Flying Knee","Catalyst+1","Burst","Concentrate","Tactician","Dodge and Roll","Dagger Throw","Adrenaline","Dash","Burst","Accuracy","Finisher"],"relics":["Black Star","Shuriken","Paper Crane","Toy Ornithopter","StrikeDummy","Pandora\u0027s Box"],"acts_visited":["Exordium","TheCity"],"potions_floor_usage":[10,10,16],"damage_taken":[{"damage":9,"enemies":"Small Slimes","floor":1,"turns":6},{"damage":1,"enemies":"Cultist","floor":2,"turns":4},{"damage":15,"enemies":"2 Louse","floor":3,"turns":4},{"damage":13,"enemies":"Lots of Slimes","floor":5,"turns":6},{"damage":12,"enemies":"Lagavulin","floor":7,"turns":6},{"damage":1,"enemies":"Looter","floor":8,"turns":3},{"damage":7,"enemies":"3 Sentries","floor":10,"turns":9},{"damage":10,"enemies":"Exordium Thugs","floor":12,"turns":4},{"damage":8,"enemies":"Large Slime","floor":14,"turns":5},{"damage":5,"enemies":"Hexaghost","floor":16,"turns":8},{"damage":14,"enemies":"3 Byrds","floor":18,"turns":4}],"seed_played":"7409080125090291430","potions_obtained":[{"floor":5,"key":"SpeedPotion"},{"floor":8,"key":"PowerPotion"},{"floor":11,"key":"EntropicBrew"},{"floor":11,"key":"FairyPotion"},{"floor":12,"key":"CultistPotion"}],"is_trial":false,"path_per_floor":["M","M","M","$","M","R","E","M","T","E","?","M","R","M","R","B",null,"M"],"character_chosen":"THE_SILENT","items_purchased":["Dagger Throw"],"campfire_rested":0,"item_purchase_floors":[4],"current_hp_per_floor":[50,49,34,34,21,21,9,8,8,1,1,17,17,9,9,9,52,38,38],"gold":237,"neow_bonus":"BOSS_RELIC","is_daily":false,"chose_seed":false,"campfire_upgraded":3,"win_rate":0.0,"timestamp":1613586973,"path_taken":["M","M","M","$","M","R","E","M","T","E","?","?","R","M","R","BOSS","M"],"items_purchased_type":["Card"],"build_version":"2020-12-22","purchased_purges":1,"victory":false,"max_hp_per_floor":[66,66,66,66,66,66,66,66,66,66,66,66,66,66,66,66,66,66,66],"relic_stats":{"counters":[11,59],"Shuriken":[5],"Pandora\u0027s Box":["Concentrate","Tactician","Dodge and Roll","Dagger Throw","Adrenaline","Dash","Burst","Accuracy","Finisher"],"Black Star":2,"obtain_stats":[{"Shuriken":7,"Pandora\u0027s Box":17,"Black Star":0,"Paper Crane":7,"StrikeDummy":10,"Toy Ornithopter":10,"Ring of the Snake":0},{"Shuriken":5,"Pandora\u0027s Box":10,"Black Star":0,"Paper Crane":5,"StrikeDummy":7,"Toy Ornithopter":7,"Ring of the Snake":0},{"Shuriken":26,"Pandora\u0027s Box":55,"Black Star":0,"Paper Crane":26,"StrikeDummy":38,"Toy Ornithopter":38,"Ring of the Snake":0}],"Toy Ornithopter":5},"card_choices":[{"not_picked":["Dagger Spray","Backflip"],"picked":"Poisoned Stab","floor":1},{"not_picked":["Slice","Blade Dance"],"picked":"Bouncing Flask","floor":2},{"not_picked":["Finisher","Underhanded Strike"],"picked":"Bane","floor":3},{"not_picked":["Blur","Leg Sweep"],"picked":"Terror","floor":5},{"not_picked":["Slice","Infinite Blades"],"picked":"Leg Sweep","floor":7},{"not_picked":["Poisoned Stab","Distraction"],"picked":"Bullet Time","floor":8},{"not_picked":["Backflip","Bouncing Flask"],"picked":"Flying Knee","floor":10},{"not_picked":["Blade Dance","Predator"],"picked":"Catalyst","floor":12},{"not_picked":["Cloak And Dagger","Blade Dance","Bane"],"picked":"SKIP","floor":14},{"not_picked":["Grand Finale","Adrenaline"],"picked":"Burst","floor":16}],"player_experience":799924,"relics_obtained":[{"floor":7,"key":"Shuriken"},{"floor":7,"key":"Paper Crane"},{"floor":10,"key":"Toy Ornithopter"},{"floor":10,"key":"StrikeDummy"}],"event_choices":[{"damage_healed":0,"gold_gain":0,"player_choice":"Bought 2 Potions","damage_taken":0,"max_hp_gain":0,"max_hp_loss":0,"event_name":"The Woman in Blue","floor":11,"gold_loss":0}],"is_beta":false,"boss_relics":[{"not_picked":["Runic Dome","HoveringKite"],"picked":"Pandora\u0027s Box"}],"items_purged_floors":[4],"is_endless":false,"potions_floor_spawned":[5,8,12,14],"killed_by":"3 Byrds","ascension_level":20}}