{"host":"b5jaqh8y266k2cz4","time":1613544096,"event":{"mods":["AchievementEnabler","Aspiration","BaseMod","Colored Powertips","Conspire","Dio Mod","Downfall","Googly Eyes","Hermit","Highlight Path","Hubris","Infinite Spire","MarisaÅiñ∂âJÅ@ñÇóùçπÅj","Mimic Mod","Minty Spire (QoL Compilation)","Quick Restart","Replay The Spire","Spikes Relics","StSLib","Synergy Search","Td1madao Mod","The Animator","The Cursed","The Jungle","The Necromancer","The Servant 0.9.4","The Wild Card","slay the spire mod where everything is the same but ironclad has a cowboy hat"],"gold_per_floor":[115,128,147,1,1,28,46,8,41,23,52,52,52,52,52,151,151,167,167,177,7,7,7,7,7],"floor_reached":24,"language":"ENG","playtime":1013,"items_purged":["Knight Kick","Defend System"],"score":211,"play_id":"a80bf950-7308-45c9-ae72-6005aa40dbd5","local_time":"20210217014136","is_ascension_mode":true,"campfire_choices":[{"floor":13,"key":"REST"},{"floor":15,"key":"REST"},{"data":"Light Attack","floor":23,"key":"SMITH"}],"circlet_count":0,"master_deck":["Strike_C","Strike_C","Strike_C","Defend_C","Defend_C","Defend_C","Defend_C","Chip","Fire Blade","Black Shadow","Fire Blade","Load Balancing","Light Attack+1","Sub Weapons","Provocative+1"],"relics":["Apod","Toy Ornithopter","Membership Card","hubris:Towel","Bird Faced Urn","Smiling Mask","Replay:Wax Seal","CherryCoatedStake","Sozu","downfall:ExtraCursedKey","infinitespire:ShieldingShard"],"acts_visited":["Exordium","theJungle:Jungle"],"potions_floor_usage":[11,16,24],"damage_taken":[{"damage":8,"enemies":"Small Slimes","floor":1,"turns":5},{"damage":1,"enemies":"conspire:RoseBush","floor":2,"turns":4},{"damage":13,"enemies":"Jaw Worm","floor":3,"turns":4},{"damage":20,"enemies":"Gremlin Nob","floor":6,"turns":4},{"damage":14,"enemies":"conspire:2 RoseBushes","floor":7,"turns":8},{"damage":4,"enemies":"Gremlin Gang","floor":9,"turns":9},{"damage":22,"enemies":"conspire:MimicChest","floor":11,"turns":6},{"damage":47,"enemies":"The Guardian","floor":16,"turns":10},{"damage":23,"enemies":"theJungle:Flameango_and_Byrd","floor":18,"turns":6},{"damage":32,"enemies":"theJungle:GiantWrat","floor":20,"turns":4},{"damage":43,"enemies":"theJungle:2_Phrogs","floor":24,"turns":3}],"seed_played":"358884933240098506","potions_obtained":[{"floor":2,"key":"Dexterity Potion"},{"floor":11,"key":"hexamod:SoulburnPotion"},{"floor":16,"key":"AttackPotion"}],"is_trial":false,"path_per_floor":["M","M","M","$","?","E","M","$","MIM","$","?","$","R","?","R","B",null,"M","?","M","$","?","R","E"],"character_chosen":"TD1MADAO_CLASS","items_purchased":["Membership Card","Defend System","infinitespire:ShieldingShard"],"campfire_rested":2,"item_purchase_floors":[4,10,21],"current_hp_per_floor":[62,61,48,48,48,28,16,16,14,14,1,1,22,22,43,5,70,52,52,24,24,24,24,0,0],"gold":7,"neow_bonus":"RANDOM_COMMON_RELIC","is_daily":false,"chose_seed":false,"campfire_upgraded":1,"win_rate":0.0,"timestamp":1613544096,"path_taken":["M","M","M","$","?","E","M","$","MIM","$","?","?","R","?","R","BOSS","M","?","M","$","?","R","E"],"items_purchased_type":["Relic","Card","Relic"],"build_version":"2020-12-22","purchased_purges":2,"victory":false,"max_hp_per_floor":[70,70,70,70,70,70,70,70,70,70,70,70,70,70,70,70,70,70,70,70,70,70,70,70,70],"card_choices":[{"not_picked":["Gravity Defend","Winding Magic"],"picked":"Fire Blade","floor":1},{"not_picked":["New Defend Magic","Lunge"],"picked":"Black Shadow","floor":2},{"not_picked":["Oblique Hack","Coercion"],"picked":"Fire Blade","floor":3},{"not_picked":["E MP","Cursed Blade"],"picked":"Load Balancing","floor":6},{"not_picked":["Machining","Twin Teeth"],"picked":"Light Attack","floor":7},{"not_picked":["Floating Swing Kick+1","Bugfix"],"picked":"Sub Weapons","floor":18},{"not_picked":["Thunder Jump","Twin Teeth"],"picked":"Provocative+1","floor":20}],"player_experience":399044,"relics_obtained":[{"floor":6,"key":"Bird Faced Urn"},{"floor":9,"key":"Smiling Mask"},{"floor":9,"key":"Replay:Wax Seal"},{"floor":11,"key":"CherryCoatedStake"}],"event_choices":[{"cards_removed":["Strike_C"],"damage_healed":0,"gold_gain":0,"player_choice":"Forget","damage_taken":0,"max_hp_gain":0,"max_hp_loss":0,"event_name":"Living Wall","floor":14,"gold_loss":0}],"is_beta":false,"boss_relics":[{"not_picked":["hubris:VirtuousBlindfold","ReplayTheSpireMod:DimensionalGlitch"],"picked":"Sozu"}],"items_purged_floors":[8,21],"is_endless":false,"potions_floor_spawned":[2,11,16,18],"killed_by":"theJungle:2_Phrogs","ascension_level":2}}