{"host":"xr2w6q7a088fu8w2","time":1613537203,"event":{"mods":["AchievementEnabler","BaseMod","Colored Powertips","Mimic Mod","Minty Spire (QoL Compilation)","MostiFishMod","Relic Filter Mod","Reliquary","StSLib","UnlockEverythingMod"],"gold_per_floor":[118,118,43,54,54,82,100,100,133,133,-1367,-1367,-1340,-1240,-1240,-1135,-1135,18,33,47,57,16,43,43,43,66,66,66,79,89,114,114,219,219,235,247,247,247,270,270,281,281,281,10,10,23,36,70,70,70,70,70,70,101,101],"floor_reached":56,"language":"ZHS","playtime":1583,"items_purged":["Defend_G","Defend_G","Strike_G"],"score":1623,"play_id":"8f6ee649-a1a8-49a4-8490-15aea0dd017e","local_time":"20210217124643","is_ascension_mode":false,"campfire_choices":[{"floor":8,"key":"RECALL"},{"data":"Sucker Punch","floor":12,"key":"SMITH"},{"floor":15,"key":"REST"},{"data":"Flying Knee","floor":24,"key":"SMITH"},{"data":"Quick Slash","floor":28,"key":"SMITH"},{"data":"Finisher","floor":32,"key":"SMITH"},{"data":"Deflect","floor":40,"key":"SMITH"},{"data":"Poisoned Stab","floor":42,"key":"SMITH"},{"data":"Survivor","floor":45,"key":"SMITH"},{"data":"Defend_G","floor":49,"key":"SMITH"},{"data":"Defend_G","floor":52,"key":"SMITH"}],"circlet_count":0,"master_deck":["Strike_G+1","Strike_G","Strike_G","Strike_G","Defend_G+1","Defend_G+1","Survivor+1","Neutralize+1","Bane+1","Sucker Punch+1","Endless Agony+1","Quick Slash+1","Flying Knee+1","Finisher+1","Endless Agony+1","Poisoned Stab+1","Deflect+1"],"relics":["Ring of the Snake","DaveBox","EGODaCapo","SynthV:TestCard","CaptainsWheel","SynthV:MejaisSoulstealer","HornCleat","RhineSuit","StrikeDummy","Oddly Smooth Stone","Nilry\u0027s Codex","Sundial","ExusiaiGun","reliquary:WeakTea","Sundial","Civilization","reliquary:Buckler","reliquary:RadioactivePellet"],"acts_visited":["Exordium","TheCity","TheBeyond","TheEnding"],"potions_floor_usage":[6],"damage_taken":[{"damage":0,"enemies":"Cultist","floor":1,"turns":3},{"damage":0,"enemies":"Jaw Worm","floor":4,"turns":4},{"damage":7,"enemies":"Gremlin Nob","floor":6,"turns":6},{"damage":0,"enemies":"Small Slimes","floor":7,"turns":3},{"damage":2,"enemies":"Gremlin Gang","floor":9,"turns":8},{"damage":5,"enemies":"3 Sentries","floor":13,"turns":6},{"damage":0,"enemies":"Hexaghost","floor":16,"turns":5},{"damage":0,"enemies":"2 Thieves","floor":18,"turns":2},{"damage":0,"enemies":"3 Byrds","floor":19,"turns":2},{"damage":0,"enemies":"Centurion and Healer","floor":20,"turns":2},{"damage":0,"enemies":"Snecko","floor":21,"turns":1},{"damage":0,"enemies":"Book of Stabbing","floor":23,"turns":2},{"damage":0,"enemies":"Cultist and Chosen","floor":29,"turns":3},{"damage":0,"enemies":"Snake Plant","floor":30,"turns":2},{"damage":0,"enemies":"Gremlin Leader","floor":31,"turns":2},{"damage":0,"enemies":"Collector","floor":33,"turns":3},{"damage":0,"enemies":"3 Darklings","floor":35,"turns":1},{"damage":0,"enemies":"Orb Walker","floor":36,"turns":1},{"damage":0,"enemies":"Transient","floor":41,"turns":5},{"damage":0,"enemies":"Jaw Worm Horde","floor":46,"turns":1},{"damage":0,"enemies":"Sphere and 2 Shapes","floor":47,"turns":1},{"damage":0,"enemies":"Reptomancer","floor":48,"turns":1},{"damage":0,"enemies":"Donu and Deca","floor":50,"turns":2},{"damage":0,"enemies":"Shield and Spear","floor":54,"turns":1},{"damage":0,"enemies":"The Heart","floor":55,"turns":6}],"seed_played":"2423617385870520491","potions_obtained":[{"floor":1,"key":"Block Potion"},{"floor":6,"key":"Block Potion"},{"floor":16,"key":"SpeedPotion"},{"floor":21,"key":"FairyPotion"},{"floor":29,"key":"Block Potion"}],"is_trial":false,"path_per_floor":["M","?","$","M","?","E","M","R","MIM","?","$","R","E","?","R","B",null,"M","M","M","M","$","E","R","?","T","?","R","M","M","E","R","B",null,"M","M","?","?","T","R","M","R","T","$","R","M","M","E","R","B",null,"R","$","E","B",null],"character_chosen":"THE_SILENT","items_purchased":["SynthV:MejaisSoulstealer","Endless Agony","Civilization"],"campfire_rested":1,"item_purchase_floors":[11,22,44],"current_hp_per_floor":[77,77,77,77,82,75,75,75,73,57,57,57,52,52,76,76,82,82,82,82,82,82,82,82,82,82,66,66,66,66,66,66,66,82,82,82,82,82,82,82,82,82,82,82,82,85,90,95,95,100,100,100,100,105,110],"gold":101,"neow_bonus":"TEN_PERCENT_HP_BONUS","is_daily":false,"chose_seed":false,"campfire_upgraded":9,"win_rate":0.0,"timestamp":1613537203,"path_taken":["M","?","$","M","?","E","M","R","MIM","?","$","R","E","?","R","BOSS","M","?","M","M","$","E","R","?","T","?","R","M","?","E","R","BOSS","M","M","?","?","?","R","?","R","T","$","R","M","M","E","R","BOSS","R","$","E","BOSS"],"items_purchased_type":["Relic","Card","Relic"],"build_version":"2020-12-22","purchased_purges":3,"victory":true,"max_hp_per_floor":[77,77,77,77,82,82,82,82,82,82,82,82,82,82,82,82,82,82,82,82,82,82,82,82,82,82,82,82,82,82,82,82,82,82,82,82,82,82,82,82,82,82,82,82,82,85,90,95,95,100,100,100,100,105,110],"card_choices":[{"not_picked":["Noxious Fumes","Footwork"],"picked":"Bane","floor":1},{"not_picked":["Dagger Spray","Infinite Blades","Backflip","Deflect"],"picked":"Sucker Punch","floor":4},{"not_picked":["Catalyst","Deadly Poison","Blade Dance","Dodge and Roll","Dagger Spray"],"picked":"SKIP","floor":6},{"not_picked":["MostiFishMod:InvigoratingSolution","Dodge and Roll","Well Laid Plans","Sucker Punch"],"picked":"Endless Agony","floor":7},{"not_picked":["Grand Finale","Tactician","Blur","PiercingWail"],"picked":"Quick Slash","floor":9},{"not_picked":["Night Terror","Prepared","Dodge and Roll","Deadly Poison"],"picked":"Flying Knee","floor":13},{"not_picked":["Outmaneuver","All Out Attack","Flying Knee","Backflip"],"picked":"Finisher","floor":18},{"not_picked":["MostiFishMod:ThornCasing+1","Outmaneuver","Flying Knee","MostiFishMod:PerfectParry","Dagger Throw"],"picked":"SKIP","floor":19},{"not_picked":["Well Laid Plans","Bane","Choke","Outmaneuver","Prepared+1"],"picked":"SKIP","floor":20},{"not_picked":["Backflip","Dodge and Roll","Riddle With Holes","Distraction","MostiFishMod:ThornCasing"],"picked":"SKIP","floor":21},{"not_picked":["Finisher","Accuracy+1","Slice","MostiFishMod:HiddenBlade","Flying Knee"],"picked":"SKIP","floor":23},{"not_picked":["Backflip","Deadly Poison","Infinite Blades","Flying Knee+1","Quick Slash"],"picked":"SKIP","floor":29},{"not_picked":["Prepared","Outmaneuver","Catalyst","Glass Knife"],"picked":"Poisoned Stab","floor":30},{"not_picked":["Riddle With Holes","Bane","Terror","Crippling Poison","Flying Knee+1"],"picked":"SKIP","floor":31},{"not_picked":["Noxious Fumes","Accuracy","Crippling Poison+1","Bane+1"],"picked":"Deflect","floor":35},{"not_picked":["Prepared+1","MostiFishMod:PerfectParry+1","Dodge and Roll","Deadly Poison","MostiFishMod:VineMother+1"],"picked":"SKIP","floor":36},{"not_picked":["Predator","Bane+1","Prepared+1","Dagger Throw","Deadly Poison+1"],"picked":"SKIP","floor":41},{"not_picked":["Cloak And Dagger","Die Die Die","Predator","Underhanded Strike","MostiFishMod:PerfectParry"],"picked":"SKIP","floor":46},{"not_picked":["Bane+1","Heel Hook","PiercingWail","Deadly Poison+1","Expertise"],"picked":"SKIP","floor":47},{"not_picked":["Blur","MostiFishMod:PoisonShield","Dagger Throw+1","Well Laid Plans","Backflip+1"],"picked":"SKIP","floor":48},{"not_picked":["Deadly Poison+1","Sucker Punch+1","MostiFishMod:PerfectParry+1","Acrobatics+1","MostiFishMod:InvigoratingSolution"],"picked":"SKIP","floor":54}],"player_experience":99339,"relics_obtained":[{"floor":1,"key":"SynthV:TestCard"},{"floor":6,"key":"CaptainsWheel"},{"floor":13,"key":"HornCleat"},{"floor":23,"key":"StrikeDummy"},{"floor":26,"key":"Oddly Smooth Stone"},{"floor":27,"key":"Nilry\u0027s Codex"},{"floor":31,"key":"Sundial"},{"floor":39,"key":"reliquary:WeakTea"},{"floor":43,"key":"reliquary:SculptingSteel"},{"floor":48,"key":"reliquary:Buckler"},{"floor":54,"key":"reliquary:RadioactivePellet"}],"event_choices":[{"damage_healed":0,"gold_gain":0,"player_choice":"Grow","damage_taken":0,"max_hp_gain":0,"max_hp_loss":0,"event_name":"Living Wall","floor":2,"gold_loss":0,"cards_upgraded":["Bane"]},{"damage_healed":0,"gold_gain":0,"player_choice":"Donut","damage_taken":0,"max_hp_gain":5,"max_hp_loss":0,"event_name":"Big Fish","floor":5,"gold_loss":0},{"damage_healed":0,"gold_gain":0,"player_choice":"Entered Light","damage_taken":16,"max_hp_gain":0,"max_hp_loss":0,"event_name":"Shining Light","floor":10,"gold_loss":0,"cards_upgraded":["Strike_G","Neutralize"]},{"damage_healed":0,"gold_gain":100,"player_choice":"Gold","damage_taken":0,"max_hp_gain":0,"max_hp_loss":0,"event_name":"Wheel of Change","floor":14,"gold_loss":0},{"damage_healed":0,"gold_gain":0,"player_choice":"Obtained Book","damage_taken":16,"max_hp_gain":0,"max_hp_loss":0,"event_name":"Cursed Tome","floor":27,"gold_loss":0},{"cards_removed":["Defend_G"],"damage_healed":0,"gold_gain":0,"player_choice":"Removed Skill","damage_taken":0,"max_hp_gain":0,"max_hp_loss":0,"event_name":"Falling","floor":37,"gold_loss":0},{"damage_healed":0,"gold_gain":0,"player_choice":"Memory 1","damage_taken":0,"max_hp_gain":0,"max_hp_loss":0,"event_name":"SensoryStone","floor":38,"gold_loss":0}],"is_beta":false,"boss_relics":[{"not_picked":["WristBlade","ChiXiaoBlade"],"picked":"RhineSuit"},{"not_picked":["reliquary:WritOfMandamus","Tiny House"],"picked":"ExusiaiGun"}],"items_purged_floors":[3,11,44],"is_endless":false,"potions_floor_spawned":[1,6,16,21,29,30,36,46,54],"ascension_level":0}}