{"host":"wmojtwekh6s3tor5","time":1613572067,"event":{"mods":["BaseMod","Colored Map","Colored Powertips","DeckTracker","Highlight Path","Minty Spire (QoL Compilation)","Quick Restart","StSLib"],"gold_per_floor":[116,116,134,152,152,152,165,165,165,165,177,177,197,214,214,319,319,330,330,255,255,255,255],"floor_reached":22,"language":"ZHS","playtime":1076,"items_purged":[],"score":229,"play_id":"7fe100d1-f450-487d-9c57-6d615b04f1aa","local_time":"20210217222747","is_ascension_mode":true,"campfire_choices":[{"data":"Infinite Blades","floor":6,"key":"SMITH"},{"data":"Tactician","floor":8,"key":"SMITH"},{"data":"Cloak And Dagger","floor":12,"key":"SMITH"},{"data":"Cloak And Dagger","floor":15,"key":"SMITH"}],"circlet_count":0,"master_deck":["Strike_G","Strike_G","Strike_G","Defend_G","Defend_G","Defend_G","Survivor","Neutralize","Quick Slash","Tactician+1","Infinite Blades+1","Cloak And Dagger+1","Cloak And Dagger+1","A Thousand Cuts","Underhanded Strike+1"],"relics":["Ring of the Snake","Art of War","SlaversCollar"],"acts_visited":["Exordium","TheCity"],"potions_floor_usage":[13,16,22],"damage_taken":[{"damage":0,"enemies":"Jaw Worm","floor":1,"turns":4},{"damage":0,"enemies":"2 Louse","floor":3,"turns":3},{"damage":0,"enemies":"Small Slimes","floor":4,"turns":2},{"damage":1,"enemies":"2 Fungi Beasts","floor":7,"turns":4},{"damage":1,"enemies":"Looter","floor":11,"turns":3},{"damage":0,"enemies":"Large Slime","floor":13,"turns":6},{"damage":0,"enemies":"2 Fungi Beasts","floor":14,"turns":3},{"damage":53,"enemies":"Hexaghost","floor":16,"turns":13},{"damage":14,"enemies":"Chosen","floor":18,"turns":6},{"damage":13,"enemies":"Shell Parasite","floor":22,"turns":4}],"seed_played":"1545740766618575248","potions_obtained":[{"floor":1,"key":"BlessingOfTheForge"},{"floor":7,"key":"ColorlessPotion"},{"floor":18,"key":"EntropicBrew"}],"is_trial":false,"path_per_floor":["M","?","M","M","?","R","M","R","T","?","M","R","M","M","R","B",null,"M","?","?","?","M"],"character_chosen":"THE_SILENT","items_purchased":[],"campfire_rested":0,"item_purchase_floors":[],"current_hp_per_floor":[45,45,45,45,45,45,44,44,44,67,66,66,66,66,66,13,56,42,29,29,29,16,16],"gold":255,"neow_bonus":"TRANSFORM_TWO_CARDS","is_daily":false,"chose_seed":false,"campfire_upgraded":4,"win_rate":0.0,"timestamp":1613572067,"path_taken":["M","?","M","M","?","R","M","R","T","?","M","R","M","M","R","BOSS","M","?","?","?","M"],"items_purchased_type":[],"build_version":"2020-12-22","purchased_purges":0,"victory":false,"max_hp_per_floor":[70,70,70,70,70,70,70,70,70,70,70,70,70,70,70,70,70,70,75,75,75,75,75],"card_choices":[{"not_picked":["Sucker Punch","Catalyst"],"picked":"Infinite Blades","floor":1},{"not_picked":["Dodge and Roll","Sucker Punch","Bane"],"picked":"SKIP","floor":3},{"not_picked":["Backflip","Underhanded Strike","Quick Slash"],"picked":"SKIP","floor":4},{"not_picked":["Acrobatics","Leg Sweep","Quick Slash"],"picked":"SKIP","floor":7},{"not_picked":["Setup","Flying Knee"],"picked":"Cloak And Dagger","floor":11},{"not_picked":["Die Die Die","Dagger Spray"],"picked":"Cloak And Dagger","floor":13},{"not_picked":["Deflect","Flying Knee","Acrobatics"],"picked":"SKIP","floor":14},{"not_picked":["Bullet Time","Phantasmal Killer"],"picked":"A Thousand Cuts","floor":16},{"not_picked":["Dagger Spray+1","Infinite Blades"],"picked":"Underhanded Strike+1","floor":18}],"player_experience":656708,"relics_obtained":[{"floor":9,"key":"Art of War"}],"event_choices":[{"cards_removed":["Strike_G"],"damage_healed":0,"gold_gain":0,"player_choice":"Forget","damage_taken":0,"max_hp_gain":0,"max_hp_loss":0,"event_name":"Living Wall","floor":2,"gold_loss":0},{"damage_healed":0,"gold_gain":0,"player_choice":"Ignored","damage_taken":0,"max_hp_gain":0,"max_hp_loss":0,"event_name":"Liars Game","floor":5,"gold_loss":0},{"damage_healed":23,"gold_gain":0,"player_choice":"Banana","damage_taken":0,"max_hp_gain":0,"max_hp_loss":0,"event_name":"Big Fish","floor":10,"gold_loss":0},{"damage_healed":0,"gold_gain":0,"player_choice":"Shed Blood","damage_taken":18,"max_hp_gain":5,"max_hp_loss":0,"event_name":"Forgotten Altar","floor":19,"gold_loss":0},{"cards_removed":["Strike_G"],"damage_healed":0,"gold_gain":0,"player_choice":"Gave Gold","damage_taken":0,"max_hp_gain":0,"max_hp_loss":0,"event_name":"Beggar","floor":20,"gold_loss":75},{"damage_healed":0,"gold_gain":0,"player_choice":"Bought 0 Potions","damage_taken":0,"max_hp_gain":0,"max_hp_loss":0,"event_name":"The Woman in Blue","floor":21,"gold_loss":0}],"is_beta":false,"boss_relics":[{"not_picked":["Ectoplasm","Runic Pyramid"],"picked":"SlaversCollar"}],"items_purged_floors":[],"is_endless":false,"potions_floor_spawned":[1,7,18],"killed_by":"Shell Parasite","ascension_level":6}}