{"host":"6xghz2lkudss8si6","time":1613564980,"event":{"mods":["AchievementEnabler","BaseMod","Colored Map","DeckTracker","Minty Spire (QoL Compilation)","Quick Restart","StSLib","SuperFastMode"],"gold_per_floor":[119,119,138,70,82,82,96,96,150,167,201,214,214,240,240,344,344,361,460,474,247,257,257,285,285,354,354,365,392,392,14,14,118,118,131,148,164,40,40,40,71,71,95,125,145,95,95,145,145,145],"floor_reached":51,"language":"KOR","playtime":3028,"items_purged":["Strike_P","Strike_P","Writhe","Defend_P"],"score":891,"play_id":"9d4c7c47-5a05-427f-a0e3-6c0c82cdcfeb","local_time":"20210217212940","is_ascension_mode":true,"campfire_choices":[{"data":"Eruption","floor":6.0,"key":"SMITH"},{"data":"WheelKick","floor":8.0,"key":"SMITH"},{"data":"FlyingSleeves","floor":13.0,"key":"SMITH"},{"data":"Consecrate","floor":15.0,"key":"SMITH"},{"data":"Apotheosis","floor":23.0,"key":"SMITH"},{"floor":27.0,"key":"REST"},{"floor":32.0,"key":"REST"},{"floor":40.0,"key":"RECALL"},{"floor":42,"key":"REST"},{"floor":47,"key":"REST"},{"floor":49,"key":"REST"}],"circlet_count":0,"master_deck":["Defend_P","Defend_P","Defend_P","Eruption+1","Vigilance","Adaptation","DeceiveReality","WheelKick+1","FlurryOfBlows","FlyingSleeves+1","FlyingSleeves","BattleHymn","ThirdEye","Consecrate+1","Devotion","Protect+1","LikeWater","Apotheosis+1","Halt","CrushJoints","Alpha","Pray","Judgement","MentalFortress","Vault","Prostrate+1","Adaptation","ThirdEye","Wireheading","Indignation+1"],"relics":["PureWater","Lantern","Toy Ornithopter","Pen Nib","Smiling Mask","Philosopher\u0027s Stone","Letter Opener","Question Card","Ancient Tea Set","MawBank","Yang","Fusion Hammer","PreservedInsect","Art of War","HornCleat","TungstenRod"],"acts_visited":["Exordium","TheCity","TheBeyond"],"potions_floor_usage":[50,50,50,50,50],"damage_taken":[{"damage":0.0,"enemies":"Cultist","floor":1.0,"turns":4.0},{"damage":2.0,"enemies":"Jaw Worm","floor":3.0,"turns":5.0},{"damage":0.0,"enemies":"Small Slimes","floor":5.0,"turns":2.0},{"damage":12.0,"enemies":"Exordium Thugs","floor":7.0,"turns":4.0},{"damage":0.0,"enemies":"2 Fungi Beasts","floor":10.0,"turns":2.0},{"damage":4.0,"enemies":"3 Sentries","floor":11.0,"turns":4.0},{"damage":0.0,"enemies":"Large Slime","floor":12.0,"turns":1.0},{"damage":0.0,"enemies":"Gremlin Nob","floor":14.0,"turns":1.0},{"damage":9.0,"enemies":"Hexaghost","floor":16.0,"turns":7.0},{"damage":8.0,"enemies":"Shell Parasite","floor":18.0,"turns":5.0},{"damage":5.0,"enemies":"Spheric Guardian","floor":20.0,"turns":4.0},{"damage":3.0,"enemies":"Centurion and Healer","floor":22.0,"turns":5.0},{"damage":17.0,"enemies":"Book of Stabbing","floor":24.0,"turns":6.0},{"damage":0.0,"enemies":"3 Cultists","floor":28.0,"turns":4.0},{"damage":20.0,"enemies":"Slavers","floor":29.0,"turns":7.0},{"damage":20.0,"enemies":"Automaton","floor":33.0,"turns":6.0},{"damage":39.0,"enemies":"Orb Walker","floor":35.0,"turns":6.0},{"damage":2.0,"enemies":"3 Shapes","floor":36.0,"turns":4.0},{"damage":15.0,"enemies":"3 Darklings","floor":37.0,"turns":6.0},{"damage":1.0,"enemies":"Giant Head","floor":41.0,"turns":6.0},{"damage":20,"enemies":"Reptomancer","floor":44,"turns":6},{"damage":6,"enemies":"Jaw Worm Horde","floor":45,"turns":4},{"damage":5,"enemies":"Mind Bloom Boss Battle","floor":48,"turns":6},{"damage":52,"enemies":"Time Eater","floor":50,"turns":7}],"seed_played":"3053924595031355448","potions_obtained":[{"floor":1.0,"key":"Ancient Potion"},{"floor":7.0,"key":"SteroidPotion"},{"floor":10.0,"key":"Explosive Potion"},{"floor":12.0,"key":"Fire Potion"},{"floor":29.0,"key":"Explosive Potion"},{"floor":33.0,"key":"BottledMiracle"},{"floor":35.0,"key":"LiquidMemories"},{"floor":41,"key":"EntropicBrew"},{"floor":48,"key":"Fire Potion"}],"is_trial":false,"path_per_floor":["M","$","M","$","M","R","M","R","T","M","E","M","R","E","R","B",null,"M","?","M","$","M","R","E","?","T","R","M","E","?","$","R","B",null,"M","M","M","$","?","R","E","R","T","E","M","$","R","?","R","B",null],"character_chosen":"WATCHER","items_purchased":["WheelKick","Apotheosis","MentalFortress","Yang","Adaptation"],"campfire_rested":5,"item_purchase_floors":[4,21,31,31,38],"current_hp_per_floor":[72,72,70,70,70,70,58,58,58,58,54,54,54,54,54,45,72,64,64,59,59,56,56,39,39,39,60,65,50,50,50,71,61,72,33,31,26,26,63,63,62,63,63,43,37,37,55,50,63,24],"gold":145,"neow_bonus":"RANDOM_COMMON_RELIC","is_daily":false,"chose_seed":false,"campfire_upgraded":5,"win_rate":0.0,"timestamp":1613564980,"path_taken":["M","?","M","$","?","R","M","R","T","M","E","?","R","E","R","BOSS","M","?","M","$","M","R","E","?","T","R","?","E","?","$","R","BOSS","M","M","M","$","?","R","E","R","T","E","M","$","R","?","R","BOSS"],"items_purchased_type":["Card","Card","Card","Relic","Card"],"build_version":"2020-12-22","purchased_purges":4,"victory":true,"max_hp_per_floor":[72,72,72,72,72,72,72,72,72,72,72,72,72,72,72,72,72,72,72,72,72,72,72,72,72,72,72,72,72,72,72,72,72,72,72,72,72,72,63,63,63,63,63,63,63,63,63,63,63,63],"card_choices":[{"not_picked":["BowlingBash","Prostrate"],"picked":"Adaptation","floor":1.0},{"not_picked":["Collect","Evaluate"],"picked":"DeceiveReality","floor":3.0},{"not_picked":["Wallop","PathToVictory"],"picked":"FlurryOfBlows","floor":5.0},{"not_picked":["ClearTheMind","Protect"],"picked":"FlyingSleeves","floor":7.0},{"not_picked":["Vengeance","WreathOfFlame"],"picked":"FlyingSleeves","floor":10.0},{"not_picked":["Protect","Prostrate"],"picked":"BattleHymn","floor":11.0},{"not_picked":["ConjureBlade","EmptyFist"],"picked":"ThirdEye","floor":12.0},{"not_picked":["BowlingBash","Wireheading"],"picked":"Consecrate","floor":14.0},{"not_picked":["Blasphemy","Omniscience"],"picked":"Devotion","floor":16.0},{"not_picked":["FollowUp","ThirdEye"],"picked":"Protect+1","floor":18.0},{"not_picked":["SashWhip+1","ThirdEye"],"picked":"LikeWater","floor":20.0},{"not_picked":["EmptyBody","EmptyFist","FollowUp"],"picked":"SKIP","floor":22.0},{"not_picked":["Evaluate","Collect"],"picked":"Halt","floor":24.0},{"not_picked":["Protect","LikeWater","Meditate"],"picked":"Pray","floor":28.0},{"not_picked":["BowlingBash","EmptyFist+1","Crescendo"],"picked":"Judgement","floor":29.0},{"not_picked":["Ragnarok","Alpha","Judgement"],"picked":"Vault","floor":33.0},{"not_picked":["JustLucky+1","FollowUp","BowlingBash"],"picked":"Prostrate+1","floor":35.0},{"not_picked":["EmptyBody+1","Omniscience","Perseverance+1","FlyingSleeves"],"picked":"SKIP","floor":36.0},{"not_picked":["Fasting2","SashWhip+1","FlyingSleeves+1","Consecrate+1"],"picked":"SKIP","floor":37.0},{"not_picked":["FlyingSleeves","Nirvana","Meditate+1"],"picked":"ThirdEye","floor":41},{"not_picked":["Prostrate","Worship","CutThroughFate+1"],"picked":"Wireheading","floor":44},{"not_picked":["SashWhip","Tantrum","FlyingSleeves"],"picked":"Indignation+1","floor":45}],"player_experience":258789,"relics_obtained":[{"floor":9.0,"key":"Toy Ornithopter"},{"floor":11.0,"key":"Pen Nib"},{"floor":14.0,"key":"Smiling Mask"},{"floor":24.0,"key":"Letter Opener"},{"floor":26.0,"key":"Question Card"},{"floor":29.0,"key":"Ancient Tea Set"},{"floor":41,"key":"PreservedInsect"},{"floor":43,"key":"Art of War"},{"floor":44,"key":"HornCleat"},{"floor":48,"key":"TungstenRod"}],"event_choices":[{"damage_healed":0.0,"max_hp_gain":0.0,"max_hp_loss":0.0,"gold_gain":99.0,"event_name":"Nest","player_choice":"Stole From Cult","floor":19.0,"gold_loss":0.0,"damage_taken":0.0},{"damage_healed":0.0,"max_hp_gain":0.0,"max_hp_loss":0.0,"gold_gain":0.0,"cards_transformed":["Strike_P","Strike_P"],"event_name":"Drug Dealer","player_choice":"Became Test Subject","floor":25.0,"gold_loss":0.0,"damage_taken":0.0,"cards_obtained":["CrushJoints","Alpha"]},{"damage_healed":0.0,"max_hp_gain":0.0,"max_hp_loss":0.0,"gold_gain":0.0,"event_name":"The Mausoleum","player_choice":"Opened","floor":30.0,"gold_loss":0.0,"damage_taken":0.0,"relics_obtained":["MawBank"],"cards_obtained":["Writhe"]},{"damage_healed":63.0,"max_hp_gain":0.0,"max_hp_loss":9.0,"gold_gain":0.0,"event_name":"The Moai Head","player_choice":"Heal","floor":39.0,"gold_loss":0.0,"damage_taken":0.0},{"damage_healed":0,"gold_gain":0,"player_choice":"Fight","damage_taken":0,"max_hp_gain":0,"max_hp_loss":0,"event_name":"MindBloom","floor":48,"gold_loss":0}],"is_beta":false,"boss_relics":[{"not_picked":["Astrolabe","Black Star"],"picked":"Philosopher\u0027s Stone"},{"not_picked":["SacredBark","Pandora\u0027s Box"],"picked":"Fusion Hammer"}],"items_purged_floors":[21,31,38,46],"is_endless":false,"potions_floor_spawned":[1,7,10,12,20,29,33,35,41,48],"ascension_level":3}}