{"host":"2p2urjtdoqk7wfo5","time":1613544626,"event":{"mods":["AchievementEnabler","BaseMod","Colored Powertips","Minty Spire (QoL Compilation)"],"gold_per_floor":[119,136,57,57,71,97,109,141,153,165,177,224,16,31,31,131,131,142,157,157,157,173,173,185,185,185,185,185,161,161,178,178,273,273,308,308,308,308,165,165,215,245,245,245,520,520,33,49,49,49,49],"floor_reached":50,"language":"ENG","playtime":6934,"items_purged":["Regret"],"score":524,"play_id":"51877623-1746-430f-90da-d0374cc40ddf","local_time":"20210216225026","is_ascension_mode":false,"campfire_choices":[{"floor":7,"key":"REST"},{"floor":11,"key":"REST"},{"floor":15,"key":"REST"},{"data":"Eruption","floor":23,"key":"SMITH"},{"data":"BattleHymn","floor":25,"key":"SMITH"},{"floor":27,"key":"REST"},{"data":"Vigilance","floor":30,"key":"SMITH"},{"floor":32,"key":"REST"},{"data":"Wish","floor":40,"key":"SMITH"},{"data":"Panacea","floor":44,"key":"SMITH"},{"data":"Protect","floor":46,"key":"SMITH"},{"floor":49,"key":"REST"}],"circlet_count":0,"master_deck":["Eruption+1","Vigilance+1","Consecrate","LessonLearned+1","FollowUp+1","Crescendo","InnerPeace+1","Indignation","BattleHymn+1","DeusExMachina","DeceiveReality+1","SandsOfTime+1","BowlingBash+1","MasterReality","Bite","Bite","Bite+1","Bite","Bite","Protect+1","ClearTheMind+1","Wish+1","Panacea+1","MentalFortress","Perseverance+1"],"relics":["Runic Dome","MawBank","InkBottle","Mango","Medical Kit","Astrolabe","Question Card","Cursed Key","Bag of Preparation","Thread and Needle","War Paint","Ginger"],"acts_visited":["Exordium","TheCity","TheBeyond"],"potions_floor_usage":[16,16,24,33,50],"damage_taken":[{"damage":7,"enemies":"Small Slimes","floor":1,"turns":2},{"damage":0,"enemies":"Cultist","floor":2,"turns":2},{"damage":3,"enemies":"Jaw Worm","floor":5,"turns":2},{"damage":42,"enemies":"Lagavulin","floor":6,"turns":7},{"damage":16,"enemies":"Exordium Wildlife","floor":8,"turns":5},{"damage":8,"enemies":"Gremlin Nob","floor":12,"turns":3},{"damage":4,"enemies":"2 Fungi Beasts","floor":14,"turns":2},{"damage":49,"enemies":"Hexaghost","floor":16,"turns":7},{"damage":2,"enemies":"Chosen","floor":18,"turns":3},{"damage":17,"enemies":"Shell Parasite","floor":19,"turns":4},{"damage":20,"enemies":"Centurion and Healer","floor":22,"turns":5},{"damage":8,"enemies":"Snecko","floor":24,"turns":3},{"damage":21,"enemies":"Snake Plant","floor":31,"turns":4},{"damage":33,"enemies":"Champ","floor":33,"turns":8},{"damage":10,"enemies":"Orb Walker","floor":35,"turns":2},{"damage":17,"enemies":"Mind Bloom Boss Battle","floor":41,"turns":4},{"damage":0,"enemies":"Nemesis","floor":42,"turns":5},{"damage":20,"enemies":"3 Darklings","floor":48,"turns":3},{"damage":71,"enemies":"Time Eater","floor":50,"turns":5}],"seed_played":"-7801434975621039109","potions_obtained":[{"floor":1,"key":"ColorlessPotion"},{"floor":5,"key":"CultistPotion"},{"floor":12,"key":"SteroidPotion"},{"floor":19,"key":"Ancient Potion"},{"floor":24,"key":"Weak Potion"},{"floor":31,"key":"Swift Potion"},{"floor":35,"key":"SkillPotion"}],"is_trial":false,"path_per_floor":["M","M","$","?","M","E","R","M","T","?","R","E","$","M","R","B",null,"M","M","?","?","M","R","M","R","T","R","?","$","R","M","R","B",null,"M","?","?","?","$","R","?","E","T","R","?","R","$","M","R","B"],"character_chosen":"WATCHER","items_purchased":["LessonLearned","Medical Kit","BattleHymn","Protect","Bag of Preparation","Ginger","MentalFortress","Weak Potion"],"campfire_rested":6,"item_purchase_floors":[3,13,13,29,39,47,47,47],"current_hp_per_floor":[65,65,65,65,62,20,41,25,25,25,46,52,52,48,73,24,86,84,67,67,60,48,48,48,48,48,60,60,60,60,41,59,39,60,50,50,50,50,50,50,41,54,54,54,54,54,54,40,58,0,0],"gold":49,"neow_bonus":"BOSS_RELIC","is_daily":false,"chose_seed":false,"campfire_upgraded":6,"win_rate":0.0,"timestamp":1613544626,"path_taken":["M","M","$","?","M","E","R","M","T","?","R","E","$","?","R","BOSS","M","?","?","?","M","R","M","R","T","R","?","$","R","M","R","BOSS","M","?","?","?","$","R","?","E","T","R","?","R","$","M","R","BOSS"],"items_purchased_type":["Card","Relic","Card","Card","Relic","Relic","Card","Potion"],"build_version":"2020-12-22","purchased_purges":1,"victory":false,"max_hp_per_floor":[72,72,72,72,72,72,72,72,72,72,72,86,86,86,86,86,86,86,86,86,60,60,60,60,60,60,60,60,60,60,60,60,60,60,60,60,60,60,60,60,60,60,60,60,60,60,60,60,60,60,60],"card_choices":[{"not_picked":["ForeignInfluence","JustLucky"],"picked":"WreathOfFlame","floor":1},{"not_picked":["ClearTheMind","WaveOfTheHand"],"picked":"Consecrate","floor":2},{"not_picked":["CutThroughFate","Consecrate"],"picked":"FollowUp","floor":5},{"not_picked":["WaveOfTheHand","EmptyFist"],"picked":"Crescendo","floor":6},{"not_picked":["SignatureMove","DeceiveReality"],"picked":"InnerPeace","floor":8},{"not_picked":["Crescendo","ThirdEye"],"picked":"Indignation","floor":12},{"not_picked":["Protect","LessonLearned","SashWhip"],"picked":"SKIP","floor":14},{"not_picked":["DevaForm","Wish"],"picked":"DeusExMachina","floor":16},{"not_picked":["EmptyFist","Perseverance","FlyingSleeves"],"picked":"SKIP","floor":18},{"not_picked":["Halt+1","PathToVictory"],"picked":"MasterReality","floor":19},{"not_picked":["CutThroughFate","Vengeance","EmptyFist"],"picked":"SKIP","floor":22},{"not_picked":["Prostrate","EmptyBody","Indignation"],"picked":"SKIP","floor":24},{"not_picked":["Consecrate","BowlingBash","FlurryOfBlows"],"picked":"ClearTheMind","floor":31},{"not_picked":["MasterReality","LessonLearned","DeusExMachina"],"picked":"Wish","floor":33},{"not_picked":["FollowUp","Crescendo","EmptyFist","Pray+1"],"picked":"SKIP","floor":35},{"not_picked":["Bandage Up","Dramatic Entrance","Flash of Steel"],"picked":"Panacea","floor":38},{"not_picked":["Indignation","Crescendo+1","FollowUp","JustLucky+1"],"picked":"SKIP","floor":42},{"not_picked":["Prostrate","CutThroughFate+1","JustLucky+1"],"picked":"Perseverance+1","floor":48}],"player_experience":123453,"relics_obtained":[{"floor":6,"key":"MawBank"},{"floor":9,"key":"InkBottle"},{"floor":12,"key":"Mango"},{"floor":26,"key":"Question Card"},{"floor":41,"key":"Thread and Needle"},{"floor":42,"key":"War Paint"}],"event_choices":[{"damage_healed":0,"gold_gain":0,"cards_transformed":["Defend_P"],"player_choice":"Change","damage_taken":0,"max_hp_gain":0,"max_hp_loss":0,"event_name":"Living Wall","floor":4,"gold_loss":0,"cards_obtained":["EmptyMind"]},{"cards_removed":["Defend_P"],"damage_healed":0,"gold_gain":0,"player_choice":"Offered Basic","damage_taken":0,"max_hp_gain":0,"max_hp_loss":0,"event_name":"Bonfire Elementals","floor":10,"gold_loss":0},{"damage_healed":0,"gold_gain":0,"player_choice":"Ignored","damage_taken":0,"max_hp_gain":0,"max_hp_loss":0,"event_name":"Cursed Tome","floor":20,"gold_loss":0},{"damage_healed":0,"gold_gain":0,"player_choice":"Became a vampire","damage_taken":0,"max_hp_gain":0,"max_hp_loss":26,"event_name":"Vampires","floor":21,"gold_loss":0,"cards_obtained":["Bite","Bite","Bite","Bite","Bite"]},{"cards_removed":["WreathOfFlame"],"damage_healed":0,"gold_gain":0,"player_choice":"Card Removal","damage_taken":0,"max_hp_gain":0,"max_hp_loss":0,"event_name":"Wheel of Change","floor":28,"gold_loss":0},{"damage_healed":0,"gold_gain":0,"player_choice":"Ignored","damage_taken":0,"max_hp_gain":0,"max_hp_loss":0,"event_name":"Mysterious Sphere","floor":36,"gold_loss":0},{"cards_removed":["Defend_P"],"damage_healed":0,"gold_gain":0,"player_choice":"Removed Skill","damage_taken":0,"max_hp_gain":0,"max_hp_loss":0,"event_name":"Falling","floor":37,"gold_loss":0},{"damage_healed":0,"gold_gain":0,"player_choice":"Memory 1","damage_taken":0,"max_hp_gain":0,"max_hp_loss":0,"event_name":"SensoryStone","floor":38,"gold_loss":0},{"damage_healed":0,"gold_gain":0,"player_choice":"Fight","damage_taken":0,"max_hp_gain":0,"max_hp_loss":0,"event_name":"MindBloom","floor":41,"gold_loss":0},{"damage_healed":0,"gold_gain":275,"player_choice":"Desecrate","damage_taken":0,"max_hp_gain":0,"max_hp_loss":0,"event_name":"Golden Shrine","floor":45,"gold_loss":0,"cards_obtained":["Regret"]}],"is_beta":false,"boss_relics":[{"not_picked":["Ectoplasm","SacredBark"],"picked":"Astrolabe"},{"not_picked":["VioletLotus","Fusion Hammer"],"picked":"Cursed Key"}],"items_purged_floors":[47],"is_endless":false,"potions_floor_spawned":[1,5,12,19,24,31,35],"killed_by":"Time Eater","ascension_level":0}}