{"host":"strpjp9enjjpooof","time":1613547600,"event":{"mods":["Act Like it!","Aspiration","BaseMod","Better Altar","Better Match","Better Note","Better Sensory Stone","Better Skull","Better Third Choice","Colored Powertips","Conspire","Energized Spire","Force Act Four","GifTheSpireLib","Halation","Hubris","Minty Spire (QoL Compilation)","Relic Filter Mod","Reliquary","Replay The Spire","Ruina","Spicy Shops","Spikes Relics","StSLib","Stuff the Spire","The Blue Laboratory","Together in Spire"],"gold_per_floor":[111,128,159,175,175,175,204,220,246,280,294,294,3,22,22,40,115,128,128,139,169,181,181,181,196,196,222,5,5,5,110,110,130,149,166,166,166,166,185,199,199,215,227,227,247,9,9,9,16,50,50],"floor_reached":52,"language":"ENG","playtime":2750,"items_purged":[],"score":758,"play_id":"35a9c932-6772-47e8-b30a-1971d64f52eb","local_time":"20210216224000","is_ascension_mode":false,"campfire_choices":[{"floor":6,"key":"REST"},{"floor":12,"key":"REST"},{"data":"StuffTheSpire:Synthwave","floor":15,"key":"SMITH"},{"floor":23,"key":"REST"},{"floor":26,"key":"REST"},{"data":"Skim","floor":30,"key":"SMITH"},{"data":"Tempest","floor":38,"key":"SMITH"},{"floor":47,"key":"REST"},{"data":"Melter","floor":48,"key":"SMITH"}],"circlet_count":0,"master_deck":["Strike_B","Strike_B","Defend_B","Defend_B","Defend_B","Defend_B","Zap","Dualcast","ReplayTheSpireMod:Private Reserves","Melter+1","Rebound","Panic Button","StuffTheSpire:Synthwave+1","Pain","Panic Button","Ball Lightning","Skim+1","Leap","Heatsinks","Self Repair","Tempest+1","Sunder","Conserve Battery+1","Electrodynamics","Turbo+1","BasicCrystalCard+1","Coolheaded","hubris:DoWhile","Barrage+1","StuffTheSpire:ShieldGenerator+1","Redo+1","Turbo+1","Stack+1","Ball Lightning","ReplayTheSpireMod:Omega Cannon","Redo+1","Enlightenment","Static Discharge","Barrage+1"],"relics":["Cracked Core","CherryCoatedStake","WarpedTongs","StuffTheSpire:PointBlank","Pen Nib","Replay:Mystery Machine","Replay:WaspNest","Runic Pyramid","StuffTheSpire:OldFever","Pet Ghost","reliquary:PartyBalloon","aspiration:ChemicalBlood","energizedSpire:RedRose","hubris:Towel","reliquary:TatteredRug","reliquary:FingerTrap","Akabeko","Empty Cage","aspiration:Lifesprig","Toy Ornithopter"],"acts_visited":["Exordium","TheCity","TheBeyond","TheEnding"],"potions_floor_usage":[8,10,20,20,27,33,39,40,42,42,45,50,51,51,51],"damage_taken":[{"damage":0,"enemies":"2 Louse","floor":1,"turns":1},{"damage":0,"enemies":"Jaw Worm","floor":2,"turns":1},{"damage":30,"enemies":"conspire:MimicChest","floor":3,"turns":4},{"damage":0,"enemies":"Cultist","floor":4,"turns":1},{"damage":4,"enemies":"Gremlin Nob","floor":7,"turns":2},{"damage":6,"enemies":"Exordium Thugs","floor":8,"turns":1},{"damage":7,"enemies":"Lagavulin","floor":10,"turns":3},{"damage":1,"enemies":"2 Fungi Beasts","floor":11,"turns":2},{"damage":10,"enemies":"Looter","floor":14,"turns":2},{"damage":0,"enemies":"Spheric Guardian","floor":16,"turns":1},{"damage":21,"enemies":"Shell Parasite","floor":18,"turns":3},{"damage":10,"enemies":"Cultist and Chosen","floor":20,"turns":3},{"damage":19,"enemies":"Replay:Snechameleon","floor":21,"turns":2},{"damage":2,"enemies":"conspire:HollyBat","floor":22,"turns":5},{"damage":7,"enemies":"Snecko","floor":25,"turns":2},{"damage":8,"enemies":"Gremlin Leader","floor":27,"turns":3},{"damage":21,"enemies":"Collector","floor":31,"turns":4},{"damage":8,"enemies":"3 Darklings","floor":33,"turns":2},{"damage":3,"enemies":"Orb Walker","floor":34,"turns":2},{"damage":0,"enemies":"3 Darklings","floor":35,"turns":2},{"damage":14,"enemies":"Jaw Worm Horde","floor":39,"turns":2},{"damage":23,"enemies":"Writhing Mass","floor":40,"turns":3},{"damage":12,"enemies":"4 Shapes","floor":42,"turns":5},{"damage":1,"enemies":"3 Darklings","floor":43,"turns":2},{"damage":26,"enemies":"Writhing Mass","floor":45,"turns":4},{"damage":12,"enemies":"Shield and Spear","floor":50,"turns":2},{"damage":96,"enemies":"The Heart","floor":51,"turns":4}],"seed_played":"3152782362380562042","potions_obtained":[{"floor":1,"key":"blueLaboratory:BottleOfRum"},{"floor":4,"key":"Adrenaline Potion"},{"floor":8,"key":"blueLaboratory:RelayPotion"},{"floor":10,"key":"blueLaboratory:HorrorPotion"},{"floor":16,"key":"Dexterity Potion"},{"floor":18,"key":"blueLaboratory:BottleOfRum"},{"floor":25,"key":"FearPotion"},{"floor":31,"key":"Fruit Juice"},{"floor":35,"key":"conspire:TimeTravelPotion"},{"floor":39,"key":"Explosive Potion"},{"floor":40,"key":"DistilledChaos"},{"floor":43,"key":"FocusPotion"},{"floor":45,"key":"Adrenaline Potion"},{"floor":51,"key":"blueLaboratory:TrueEctoplasm"},{"floor":51,"key":"blueLaboratory:HeartbeatPotion"}],"is_trial":false,"path_per_floor":["M","M","?","M","?","R","E","M","T","E","M","R","$","M","R","M","?","M","?","M","E","M","R","T","M","R","E","$","$","R","B",null,"M","M","M","?","?","R","M","M","T","M","M","?","M","$","R","R","$","E","B",null],"character_chosen":"DEFECT","items_purchased":["Replay:WaspNest","Heatsinks","reliquary:PartyBalloon","aspiration:ChemicalBlood","reliquary:FingerTrap","Enlightenment","aspiration:Lifesprig","Static Discharge"],"campfire_rested":5,"item_purchase_floors":[13,13,28,28,46,46,49,49],"current_hp_per_floor":[75,75,45,45,45,67,63,57,57,55,56,75,75,65,75,75,68,54,54,54,42,47,69,69,62,75,72,72,72,72,57,75,74,71,73,73,80,80,66,50,50,59,67,67,51,51,80,80,80,76,42],"gold":50,"neow_bonus":"RANDOM_COLORLESS","is_daily":false,"chose_seed":false,"campfire_upgraded":4,"win_rate":0.0,"timestamp":1613547600,"path_taken":["M","M","?","M","?","R","E","M","T","E","M","R","$","?","R","M","?","M","?","M","E","?","R","T","M","R","E","?","$","R","BOSS","M","M","M","?","?","R","?","M","T","M","M","?","M","$","R","R","$","E","BOSS"],"items_purchased_type":["Relic","Card","Relic","Relic","Relic","Card","Relic","Card"],"build_version":"2020-12-22","purchased_purges":0,"victory":true,"max_hp_per_floor":[75,75,75,75,75,75,75,75,75,75,75,75,75,75,75,75,75,75,75,75,75,75,75,75,75,75,75,75,75,75,75,75,80,80,80,80,80,80,80,80,80,80,80,80,80,80,80,80,80,80,80],"card_choices":[{"not_picked":["Specialist","ReplayTheSpireMod:Uncanny Aura"],"picked":"ReplayTheSpireMod:Private Reserves","floor":0},{"not_picked":["Conserve Battery","Static Discharge"],"picked":"Melter","floor":1},{"not_picked":["Storm","Stack"],"picked":"Rebound","floor":2},{"not_picked":["Sweeping Beam","Gash"],"picked":"Panic Button","floor":3},{"not_picked":["Beam Cell","Ball Lightning"],"picked":"StuffTheSpire:Synthwave","floor":4},{"not_picked":["Streamline","hubris:Prefetch"],"picked":"Panic Button","floor":7},{"not_picked":["Beam Cell","ReplayTheSpireMod:Calculation Training"],"picked":"Ball Lightning","floor":8},{"not_picked":["Force Field","White Noise"],"picked":"Skim","floor":10},{"not_picked":["Consume","Blizzard"],"picked":"Leap","floor":11},{"not_picked":["Beam Cell","Rebound"],"picked":"Self Repair","floor":14},{"not_picked":["Redo+1","Darkness"],"picked":"Tempest","floor":16},{"not_picked":["Leap","Stack"],"picked":"Sunder","floor":18},{"not_picked":["StuffTheSpire:LaunchingStrike","Leap+1"],"picked":"Conserve Battery+1","floor":20},{"not_picked":["Time Bomb","Hologram"],"picked":"Electrodynamics","floor":21},{"not_picked":["Leap","ReplayTheSpireMod:Calculation Training+1"],"picked":"Turbo+1","floor":22},{"not_picked":["Steam","StuffTheSpire:CleanHardDrive"],"picked":"BasicCrystalCard+1","floor":25},{"not_picked":["hubris:Prefetch","Defragment"],"picked":"Coolheaded","floor":27},{"not_picked":["StuffTheSpire:Purify","Thunder Strike"],"picked":"hubris:DoWhile","floor":31},{"not_picked":["Gash","ReplayTheSpireMod:Dual Polarity+1"],"picked":"Barrage+1","floor":33},{"not_picked":["Beam Cell+1","Hologram"],"picked":"StuffTheSpire:ShieldGenerator+1","floor":34},{"not_picked":["Ball Lightning","Consume"],"picked":"Redo+1","floor":35},{"not_picked":["Ball Lightning+1","Barrage"],"picked":"Turbo+1","floor":39},{"not_picked":["Go for the Eyes","Gash"],"picked":"Stack+1","floor":40},{"not_picked":["Redo","StuffTheSpire:EventHorizon"],"picked":"Ball Lightning","floor":42},{"not_picked":["Defragment","Turbo"],"picked":"ReplayTheSpireMod:Omega Cannon","floor":43},{"not_picked":["ReplayTheSpireMod:Reroute Power","Cold Snap"],"picked":"Redo+1","floor":45},{"not_picked":["Hologram","Machine Learning"],"picked":"Barrage+1","floor":50}],"player_experience":147547,"relics_obtained":[{"floor":3,"key":"CherryCoatedStake"},{"floor":7,"key":"StuffTheSpire:PointBlank"},{"floor":9,"key":"Pen Nib"},{"floor":10,"key":"Replay:Mystery Machine"},{"floor":21,"key":"StuffTheSpire:OldFever"},{"floor":27,"key":"Pet Ghost"},{"floor":41,"key":"reliquary:TatteredRug"},{"floor":50,"key":"Toy Ornithopter"}],"event_choices":[{"damage_healed":0,"gold_gain":0,"player_choice":"Rummage","damage_taken":0,"relics_obtained":["WarpedTongs"],"max_hp_gain":0,"max_hp_loss":0,"event_name":"Accursed Blacksmith","floor":5,"gold_loss":0,"cards_obtained":["Pain"]},{"damage_healed":0,"gold_gain":75,"player_choice":"Touch","damage_taken":7,"max_hp_gain":0,"max_hp_loss":0,"event_name":"FaceTrader","floor":17,"gold_loss":0},{"damage_healed":0,"gold_gain":0,"player_choice":"Ignored","damage_taken":0,"max_hp_gain":0,"max_hp_loss":0,"event_name":"betterNote:BetterNote","floor":19,"gold_loss":0,"cards_obtained":["Injury"]},{"damage_healed":0,"gold_gain":0,"player_choice":"Leave","damage_taken":0,"max_hp_gain":0,"max_hp_loss":0,"event_name":"conspire:Investor","floor":44,"gold_loss":0}],"is_beta":false,"boss_relics":[{"not_picked":["halation:Risk","halation:SmartPhone"],"picked":"energizedSpire:RedRose"}],"items_purged_floors":[],"is_endless":false,"potions_floor_spawned":[1,4,8,10,16,18,25,31,35,40,43,45,50],"ascension_level":0}}