{"host":"2se5dq1do2gp0x9k","time":1613537734,"event":{"mods":["AchievementEnabler","BaseMod","Block Reminder","Colored Map","Colored Powertips","Minty Spire (QoL Compilation)","Relic Stats","StSLib","SuperFastMode"],"gold_per_floor":[114,132,152,152,168,168,203,203,250,266,266,68,68,91,91,174,174,201,47,92,109,109,109,37,37,61,61,61],"floor_reached":27,"language":"ENG","playtime":926,"items_purged":["Defend_P"],"score":426,"play_id":"20bf5995-3b6c-4717-9942-9c1b8f33b239","local_time":"20210216205534","is_ascension_mode":true,"campfire_choices":[{"data":"Eruption","floor":6.0,"key":"SMITH"},{"data":"Wallop","floor":8.0,"key":"SMITH"},{"data":"WheelKick","floor":13.0,"key":"SMITH"},{"data":"Meditate","floor":15.0,"key":"SMITH"},{"data":"DevaForm","floor":23.0,"key":"SMITH"},{"data":"Tantrum","floor":25.0,"key":"SMITH"}],"circlet_count":0,"master_deck":["AscendersBane","Defend_P","Defend_P+1","Eruption+1","Vigilance","DevaForm+1","Meditate+1","BowlingBash","Protect","Evaluate","Wallop+1","WheelKick+1","CutThroughFate","LessonLearned","CutThroughFate","Tantrum+1","Bite","Bite","Bite","Bite","Bite","Nirvana+1"],"relics":["PureWater","Frozen Egg 2","CeramicFish","Lee\u0027s Waffle","SlaversCollar","Damaru"],"acts_visited":["Exordium","TheCity"],"potions_floor_usage":[27],"damage_taken":[{"damage":4.0,"enemies":"Jaw Worm","floor":1.0,"turns":4.0},{"damage":13.0,"enemies":"2 Louse","floor":2.0,"turns":5.0},{"damage":7.0,"enemies":"Small Slimes","floor":3.0,"turns":3.0},{"damage":8.0,"enemies":"Blue Slaver","floor":5.0,"turns":7.0},{"damage":114.0,"enemies":"Gremlin Nob","floor":7.0,"turns":5.0},{"damage":2.0,"enemies":"Red Slaver","floor":10.0,"turns":3.0},{"damage":1.0,"enemies":"Large Slime","floor":14.0,"turns":3.0},{"damage":16.0,"enemies":"The Guardian","floor":16.0,"turns":11.0},{"damage":21.0,"enemies":"3 Byrds","floor":18.0,"turns":9.0},{"damage":33.0,"enemies":"Shell Parasite","floor":21.0,"turns":6.0},{"damage":72,"enemies":"Slavers","floor":27,"turns":4}],"seed_played":"5352914358229442387","potions_obtained":[{"floor":1.0,"key":"Fruit Juice"},{"floor":3.0,"key":"StancePotion"},{"floor":5.0,"key":"FairyPotion"},{"floor":7.0,"key":"ColorlessPotion"}],"is_trial":false,"path_per_floor":["M","M","M","?","M","R","E","R","T","M","?","$","R","M","R","B",null,"M","$","?","M","?","R","$","R","T","E"],"character_chosen":"WATCHER","items_purchased":["WheelKick","Lee\u0027s Waffle","Tantrum","Nirvana+1"],"campfire_rested":0,"item_purchase_floors":[12,12,19,24],"current_hp_per_floor":[57,44,37,37,34,34,21,21,21,19,12,80,80,79,79,63,76,55,55,55,34,56,56,56,56,56,0,0],"gold":61,"neow_bonus":"ONE_RANDOM_RARE_CARD","is_daily":false,"chose_seed":false,"campfire_upgraded":6,"win_rate":0.0,"timestamp":1613537734,"path_taken":["M","M","M","?","M","R","E","R","T","M","?","$","R","M","R","BOSS","M","$","?","M","?","R","$","R","T","E"],"items_purchased_type":["Card","Relic","Card","Card"],"build_version":"2020-12-22","purchased_purges":1,"victory":false,"max_hp_per_floor":[68,68,68,68,73,73,73,73,73,73,73,80,80,80,80,80,80,80,80,56,56,56,56,56,56,56,56,56],"relic_stats":{"Lee\u0027s Waffle":68,"counters":[11,60],"CeramicFish":99,"obtain_stats":[{"SlaversCollar":17,"Lee\u0027s Waffle":12,"CeramicFish":9,"Damaru":26,"PureWater":0,"Frozen Egg 2":7},{"SlaversCollar":8,"Lee\u0027s Waffle":6,"CeramicFish":5,"Damaru":10,"PureWater":0,"Frozen Egg 2":5},{"SlaversCollar":41,"Lee\u0027s Waffle":27,"CeramicFish":24,"Damaru":56,"PureWater":0,"Frozen Egg 2":24}]},"card_choices":[{"not_picked":["Worship","ThirdEye"],"picked":"Meditate","floor":1.0},{"not_picked":["FlurryOfBlows","Crescendo"],"picked":"BowlingBash","floor":2.0},{"not_picked":["CrushJoints","MentalFortress"],"picked":"Protect","floor":3.0},{"not_picked":["Meditate","ClearTheMind","Collect"],"picked":"SKIP","floor":5.0},{"not_picked":["JustLucky","WindmillStrike"],"picked":"Wallop","floor":7.0},{"not_picked":["FlurryOfBlows","WreathOfFlame","SashWhip"],"picked":"SKIP","floor":10.0},{"not_picked":["Scrawl","EmptyMind"],"picked":"CutThroughFate","floor":14.0},{"not_picked":["DevaForm+1","Scrawl"],"picked":"LessonLearned","floor":16.0},{"not_picked":["CrushJoints","WreathOfFlame"],"picked":"CutThroughFate","floor":18.0},{"not_picked":["JustLucky+1","FollowUp","EmptyBody+1"],"picked":"SKIP","floor":21.0}],"player_experience":4075332,"relics_obtained":[{"floor":7.0,"key":"Frozen Egg 2"},{"floor":9.0,"key":"CeramicFish"},{"floor":26.0,"key":"Damaru"}],"event_choices":[{"damage_healed":0.0,"max_hp_gain":0.0,"max_hp_loss":0.0,"gold_gain":0.0,"cards_transformed":["Strike_P"],"event_name":"Living Wall","player_choice":"Change","floor":4.0,"gold_loss":0.0,"damage_taken":0.0,"cards_obtained":["Evaluate"]},{"cards_removed":["Defend_P"],"damage_healed":0.0,"max_hp_gain":0.0,"max_hp_loss":0.0,"gold_gain":0.0,"event_name":"Golden Wing","player_choice":"Card Removal","floor":11.0,"gold_loss":0.0,"damage_taken":7.0},{"damage_healed":0.0,"max_hp_gain":0.0,"max_hp_loss":24.0,"gold_gain":0.0,"event_name":"Vampires","player_choice":"Became a vampire","floor":20.0,"gold_loss":0.0,"damage_taken":0.0,"cards_obtained":["Bite","Bite","Bite","Bite","Bite"]},{"damage_healed":22.0,"max_hp_gain":0.0,"max_hp_loss":0.0,"gold_gain":0.0,"event_name":"Wheel of Change","player_choice":"Full Heal","floor":22.0,"gold_loss":0.0,"damage_taken":0.0}],"is_beta":false,"boss_relics":[{"not_picked":["VioletLotus","Black Star"],"picked":"SlaversCollar"}],"items_purged_floors":[19],"is_endless":false,"potions_floor_spawned":[1,3,5,7],"killed_by":"Slavers","ascension_level":18}}