{"host":"7kj0ynzap1jglrpi","time":1613540125,"event":{"mods":["Act Like it!","BaseMod","KinomotoSakuraMod(木之本樱)","Lobotomy","LobotomyExtend","Minty Spire (QoL Compilation)","MostiFishMod","Ruina","SIMod","Spicy Shops","StSLib","TestMod","【遗物卡牌】REMEMod"],"gold_per_floor":[20,95,95,95,110,110,138,138,165,195,205,58,71,71,71,167,167,177,191,15,415,415,442,442,-1183,-1183,-1170,-1140,-1121,-1090,-1090,-1090,-992,-992,-992,-976,-976,-956,-941,-608,-591,-591,-566,-566,-486,-486,-486,-486],"floor_reached":47,"language":"ZHS","playtime":4070,"items_purged":["SpecialBullet","SpecialBullet","SpecialBullet"],"score":880,"play_id":"a133e808-9bf9-498e-b76e-a9488153cc77","local_time":"20210217133525","is_ascension_mode":true,"campfire_choices":[{"data":"ShedSkin","floor":15,"key":"SMITH"}],"circlet_count":0,"master_deck":["ApocalypseBird","PunishingBird","LongBird","BigBird","WhiteNight","SpecialBullet","SpecialBullet","SpecialBullet","SpecialBullet","SpecialBullet","InformationCode","ExtractionCode","RecordCode","Twilight+1","CherryBlossom+1","MHz","RecordCode","NakedNest","Hornet","Wingbeat+1","ShedSkin+1","GoldRush","OSAHOGD","ParadiseLost","Regret_ego+1","ruina:Lumber+1","ruina:HomingInstinct+1","TT2Protocol","Logging+1","Beak+1","DisciplinaryCode","Regret_ego+1","MostiFishMod:Galeforce+1","GreenStem+1","Ecstasy+1","Woodsman","MostiFishMod:StoryBook+1","BlueStar","Moonlight+1","Madness+1","Madness+1"],"relics":["CogitoBucket","RabbitCall","DaveBox","testmod-TestBox","testmod-GiftOfSatan","RhineSuit","SynthV:TestCard","LetterFromLob","Pyrelight","Nunchaku","testmod-AssaultLearning","Pocketwatch","testmod-EqualTreatment","LuminousBracelet","Mummified Hand","TimeKeys","DianPoetry","SynthV:MejaisSoulstealer","ChangeAnything","Eternal Feather","Justitia_r","Darkstone Periapt","Frozen Eye","DeathAngel","REME_LowDesire","War Paint","Smiling Mask","Twilight","ResearcherNote","AtMidnight","Lamp_r","Pen Nib","Juzu Bracelet","ShedSkin_r"],"acts_visited":["Exordium","ruina:Briah","TheBeyond"],"potions_floor_usage":[28],"damage_taken":[{"damage":12.0,"enemies":"Jaw Worm","floor":1.0,"turns":2.0},{"damage":0.0,"enemies":"2 Louse","floor":5.0,"turns":1.0},{"damage":14.0,"enemies":"Gremlin Nob","floor":7.0,"turns":3.0},{"damage":0.0,"enemies":"3 Sentries","floor":10.0,"turns":2.0},{"damage":0.0,"enemies":"Cultist","floor":11.0,"turns":2.0},{"damage":5,"enemies":"2 Fungi Beasts","floor":13,"turns":2},{"damage":11,"enemies":"Hexaghost","floor":16,"turns":8},{"damage":5,"enemies":"ruina:2_Scarecrows","floor":18,"turns":3},{"damage":10,"enemies":"ruina:BadWolf","floor":19,"turns":2},{"damage":35,"enemies":"ruina:ServantOfWrath","floor":23,"turns":5},{"damage":51,"enemies":"ruina:Nos_and_Bat","floor":27,"turns":4},{"damage":7,"enemies":"ruina:RoadHome","floor":28,"turns":2},{"damage":32,"enemies":"ruina:QueenOfHate","floor":29,"turns":3},{"damage":7,"enemies":"ruina:ServantOfWrath","floor":30,"turns":2},{"damage":0,"enemies":"ruina:3_Scarecrows","floor":31,"turns":6},{"damage":4,"enemies":"ruina:Red_and_Wolf","floor":33,"turns":3},{"damage":4,"enemies":"3 Shapes","floor":35,"turns":4},{"damage":0,"enemies":"3 Shapes","floor":36,"turns":3},{"damage":0,"enemies":"3 Darklings","floor":38,"turns":2},{"damage":0,"enemies":"Jaw Worm Horde","floor":39,"turns":2},{"damage":0,"enemies":"Nemesis","floor":40,"turns":3},{"damage":0,"enemies":"4 Shapes","floor":41,"turns":2},{"damage":23,"enemies":"Reptomancer","floor":45,"turns":4}],"seed_played":"9179199120708297492","potions_obtained":[{"floor":1.0,"key":"SkillPotion"},{"floor":5.0,"key":"Block Potion"},{"floor":16,"key":"Dexterity Potion"},{"floor":27,"key":"EssenceOfSteel"},{"floor":28,"key":"PowerPotion"},{"floor":31,"key":"Block Potion"}],"is_trial":false,"path_per_floor":["M","?","?","?","M","R","E","R","T","E","M","$","M","?","R","B",null,"M","M","$","?","?","E","R","$","T","M","E","M","E","M","R","B",null,"M","M","$","M","M","E","M","R","T","?","E","?","?"],"character_chosen":"Angela","items_purchased":["testmod-EqualTreatment","ruina:Lumber+1","SynthV:MejaisSoulstealer"],"campfire_rested":0,"item_purchase_floors":[12,20,25],"current_hp_per_floor":[58,47,33,33,33,33,19,19,19,19,19,19,40,40,40,61,97,97,87,87,87,87,58,58,58,58,37,30,15,39,56,56,89,89,93,98,98,98,98,92,92,92,92,92,96,83,60,60],"gold":-486,"neow_bonus":"THREE_RARE_CARDS","is_daily":false,"chose_seed":false,"campfire_upgraded":1,"win_rate":0.0,"timestamp":1613540125,"path_taken":["M","?","?","?","M","R","E","R","T","E","?","?","M","?","R","BOSS","M","M","?","?","?","E","R","?","T","M","E","M","E","M","R","BOSS","M","M","$","M","M","E","M","R","T","?","E","?","?"],"items_purchased_type":["Relic","Card","Relic"],"build_version":"2020-12-22","purchased_purges":3,"victory":false,"max_hp_per_floor":[70,70,70,70,70,70,70,70,70,70,70,70,90,90,90,97,97,97,97,97,97,90,90,90,90,90,90,90,90,90,84,84,93,93,93,98,98,98,102,92,96,96,96,96,100,100,100,100],"card_choices":[{"not_picked":["Mimicry","CENSORED_ego"],"picked":"Twilight","floor":0.0},{"not_picked":["Lantern"],"picked":"CherryBlossom","floor":1.0},{"not_picked":["Loneliness","Penitence"],"picked":"SKIP","floor":1.0},{"not_picked":["Penitence","RapturousDream","Horn","SwordSharpenedByTears"],"picked":"SKIP","floor":5.0},{"not_picked":["HeroicMonk","Laetitia"],"picked":"MHz","floor":7.0},{"not_picked":["CherryBlossom","Christmas","Lantern","Soda"],"picked":"SKIP","floor":7.0},{"not_picked":["CrumblingArmor","HappyTeddy"],"picked":"NakedNest","floor":10.0},{"not_picked":["Lantern","CherryBlossom","InTheNameOfLoveAndHate","RedEyes"],"picked":"Hornet","floor":10.0},{"not_picked":["Spore","Loneliness","Horn","Tough"],"picked":"FourthMatchFlame","floor":11.0},{"not_picked":["BeautyBeast","Wellcheers"],"picked":"UniverseFragment","floor":11.0},{"not_picked":["Laetitia_ego","SwordSharpenedByTears","SoundOfStar","RapturousDream"],"picked":"Wingbeat","floor":11.0},{"not_picked":["FairyFestival","LittleHelper","Scorched"],"picked":"Singing Bowl","floor":13},{"not_picked":["RapturousDream","Horn","CUTE","LifeForTheDareDevil"],"picked":"ShedSkin","floor":13},{"not_picked":["Pinks","TheSmile","SoundOfStar","Twilight"],"picked":"GoldRush","floor":16},{"not_picked":["WallGazer","VoidDream"],"picked":"OSAHOGD","floor":16},{"not_picked":["DaCapo","GoldRush","CENSORED_ego","Mimicry"],"picked":"ParadiseLost","floor":16},{"not_picked":["Woodsman","LaLuna","LittlePrince"],"picked":"Singing Bowl","floor":18},{"not_picked":["FeatherOfHonor","Laetitia_ego","Harvest","SomewhereSpear","Loneliness"],"picked":"SKIP","floor":18},{"not_picked":["CherryBlossoms","ShyLook","Alriune"],"picked":"Singing Bowl","floor":19},{"not_picked":["FourthMatchFlame+1","LifeForTheDareDevil+1","SolemnVow+1","Harmony+1"],"picked":"Regret_ego+1","floor":19},{"not_picked":["ruina:Lumber+1","ruina:BlindRage+1","ruina:GoldRush+1","ruina:CrimsonScar+1"],"picked":"ruina:HomingInstinct+1","floor":22},{"not_picked":["SpiderBud","BigBadWolf","VoidDream"],"picked":"Singing Bowl","floor":23},{"not_picked":["Soda+1","GrinderMk4+1","Loneliness+1","TodaysExpression+1"],"picked":"Twilight+1","floor":23},{"not_picked":["Lantern+1","CUTE+1","LifeForTheDareDevil+1","SolemnVow+1","Harmony+1"],"picked":"SKIP","floor":23},{"not_picked":["Reverberation+1","Hornet+1","Penitence+1","RedEyes+1"],"picked":"Logging+1","floor":27},{"not_picked":["CrumblingArmor","SpiderBud"],"picked":"LongBird","floor":27},{"not_picked":["CherryBlossom+1","Noise+1","SolemnVow+1","Horn+1"],"picked":"Beak+1","floor":27},{"not_picked":["Funeral","Porccubus"],"picked":"WhiteNight","floor":28},{"not_picked":["BearPaw+1","BloodyDesire+1","FourthMatchFlame+1","RedEyes+1","Beak+1"],"picked":"SKIP","floor":28},{"not_picked":["HappyTeddy","WallGazer","Alriune"],"picked":"Singing Bowl","floor":29},{"not_picked":["SnowQueen","LittlePrince"],"picked":"DespairKnight","floor":29},{"not_picked":["Lantern+1","RedEyes+1","Wingbeat+1","BearPaw+1","ShedSkin+1"],"picked":"SKIP","floor":29},{"not_picked":["Scorched","Rudolta","GalaxyChild"],"picked":"Singing Bowl","floor":30},{"not_picked":["Harvest+1","BearPaw+1","Moonlight+1","CrimsonScar+1","RapturousDream+1"],"picked":"SKIP","floor":30},{"not_picked":["RapturousDream+1","SomewhereSpear+1","Christmas+1","Lantern+1"],"picked":"Regret_ego+1","floor":31},{"not_picked":["ShyLook","Yin","BeautyBeast"],"picked":"Singing Bowl","floor":31},{"not_picked":["GalaxyChild","Rudolta"],"picked":"PunishingBird","floor":31},{"not_picked":["CrumblingArmor","DreamingCurrent","Freischutz"],"picked":"Singing Bowl","floor":33},{"not_picked":["RedShoes","WhitesApple"],"picked":"BigBird","floor":33},{"not_picked":["CrumblingArmor","VoidDream","Scorched"],"picked":"Singing Bowl","floor":35},{"not_picked":["Twilight+1","Laetitia_ego+1","Wingbeat+1","Horn+1","Lantern+1"],"picked":"MostiFishMod:Galeforce+1","floor":35},{"not_picked":["MeatLantern","Funeral","Variant"],"picked":"Singing Bowl","floor":36},{"not_picked":["Horn+1","Christmas+1","Tough+1","CENSORED_ego+1","Regret_ego+1","Panache+1"],"picked":"SKIP","floor":36},{"not_picked":["WristCuter+1","RapturousDream+1","Pinks+1","CUTE+1","testmod-Automaton+1"],"picked":"GreenStem+1","floor":38},{"not_picked":["Mercenary","Bloodbath","Scorched"],"picked":"Singing Bowl","floor":38},{"not_picked":["Regret_ego+1","SomewhereSpear+1","FrostShard+1","Spore+1","Mind Blast+1"],"picked":"Ecstasy+1","floor":38},{"not_picked":["Laetitia","LittleHelper"],"picked":"QueenOfHatred","floor":39},{"not_picked":["RapturousDream+1","Gaze+1","Penitence+1","Beak+1","CUTE+1","Dramatic Entrance+1"],"picked":"SKIP","floor":39},{"not_picked":["BlackSwan","Funeral","Wellcheers"],"picked":"Singing Bowl","floor":40},{"not_picked":["SolemnVow+1","BearPaw+1","CrimsonScar+1","ParadiseLost+1","GrinderMk4+1","testmod-LifeRuler+1"],"picked":"SKIP","floor":40},{"not_picked":["Wellcheers","LaLuna"],"picked":"Woodsman","floor":41},{"not_picked":["Harvest+1","TodaysExpression+1","Soda+1","Regret_ego+1","SolemnVow+1"],"picked":"MostiFishMod:StoryBook+1","floor":41},{"not_picked":["FairyFestival","NothingThere","BlackSwan"],"picked":"Singing Bowl","floor":45},{"not_picked":["RedShoes","Murderer"],"picked":"BlueStar","floor":45},{"not_picked":["Ecstasy+1","Penitence+1","GrinderMk4+1","Harmony+1","Finesse+1"],"picked":"Moonlight+1","floor":45}],"player_experience":139449,"relics_obtained":[{"floor":1.0,"key":"SynthV:TestCard"},{"floor":1.0,"key":"LetterFromLob"},{"floor":7.0,"key":"Nunchaku"},{"floor":9.0,"key":"testmod-AssaultLearning"},{"floor":10.0,"key":"Pocketwatch"},{"floor":23,"key":"DianPoetry"},{"floor":28,"key":"Eternal Feather"},{"floor":30,"key":"Darkstone Periapt"},{"floor":31,"key":"DeathAngel"},{"floor":34,"key":"War Paint"},{"floor":34,"key":"Smiling Mask"},{"floor":35,"key":"Twilight"},{"floor":36,"key":"AtMidnight"},{"floor":40,"key":"Old Coin"},{"floor":43,"key":"Pen Nib"}],"event_choices":[{"damage_healed":0.0,"max_hp_gain":0.0,"max_hp_loss":0.0,"gold_gain":75.0,"event_name":"World of Goop","player_choice":"Gather Gold","floor":2.0,"gold_loss":0.0,"damage_taken":11.0},{"damage_healed":0.0,"max_hp_gain":0.0,"max_hp_loss":0.0,"gold_gain":0.0,"event_name":"Shining Light","player_choice":"Entered Light","floor":3.0,"gold_loss":0.0,"damage_taken":14.0,"cards_upgraded":["CherryBlossom","Twilight"]},{"damage_healed":0,"gold_gain":0,"player_choice":"Gave Potion","damage_taken":0,"relics_obtained":["Mummified Hand"],"max_hp_gain":0,"max_hp_loss":0,"event_name":"WeMeetAgain","floor":14,"gold_loss":0},{"damage_healed":0,"gold_gain":400,"player_choice":"Sell","damage_taken":0,"max_hp_gain":0,"max_hp_loss":0,"event_name":"恩洛斯的盘子","floor":21,"relics_lost":["REME_ComplimentaryCards"],"gold_loss":0},{"damage_healed":0,"gold_gain":0,"player_choice":"Swap Relic","damage_taken":0,"relics_obtained":["Juzu Bracelet"],"max_hp_gain":0,"max_hp_loss":0,"event_name":"给自己的盒子","floor":44,"relics_lost":["Old Coin"],"gold_loss":0},{"damage_healed":0,"gold_gain":0,"player_choice":"Embrace Madness","damage_taken":13,"max_hp_gain":0,"max_hp_loss":0,"event_name":"Winding Halls","floor":46,"gold_loss":0,"cards_obtained":["Madness","Madness"]}],"is_beta":false,"boss_relics":[{"not_picked":["Coffee Dripper","ExusiaiGun"],"picked":"TimeKeys"},{"not_picked":["testmod-Prudence","FixedStarFall"],"picked":"REME_LowDesire"}],"items_purged_floors":[12,25,25],"is_endless":false,"potions_floor_spawned":[1,5,16,27,28,30,31,40,45],"ascension_level":2}}