{"host":"johnydays","time":1613603012,"event":{"mods":["BaseMod","Bestiary","Block Reminder","Colored Map","Colored Powertips","Curses Come First","DeckTracker","Highlight Path","Minty Spire (QoL Compilation)","Relic Sorter","Relic Stats","StSLib","SuperFastMode","Weighted Paths"],"gold_per_floor":[119,74,88,99,115,150,150,150,150,11,46,46,74,94,94,196,196,208,226,226,73,73,105,105,105,132,132,160,160,188,188,188,283,283,303,303,65,65,84,114,114,147,147,2,15,43,61,72,72,72],"floor_reached":51,"language":"ENG","playtime":2278,"items_purged":["Strike_P+1"],"score":1106,"play_id":"7a0e8b15-6fa6-496f-a825-1a2b972fb556","local_time":"20210217230332","is_ascension_mode":true,"campfire_choices":[{"data":"Eruption","floor":7.0,"key":"SMITH"},{"data":"Adaptation","floor":15.0,"key":"SMITH"},{"data":"Scrawl","floor":24.0,"key":"SMITH"},{"floor":27.0,"key":"REST"},{"floor":29.0,"key":"REST"},{"data":"MasterReality","floor":32.0,"key":"SMITH"},{"data":"DevaForm","floor":41.0,"key":"SMITH"},{"data":"TalkToTheHand","floor":49,"key":"SMITH"}],"circlet_count":0,"master_deck":["Defend_P+1","Defend_P+1","Eruption+1","Vigilance","Consecrate+1","EmptyFist","Adaptation+1","BowlingBash+1","Crescendo","CrushJoints+1","LessonLearned+1","EmptyFist","DeceiveReality+1","Adaptation+1","MasterReality+1","Evaluate+1","ClearTheMind+1","Scrawl+1","Wallop+1","TalkToTheHand+1","WaveOfTheHand+1","DevaForm+1","Alpha+1","CarveReality+1","Fasting2+1","Protect+1","Panacea","Trip","CarveReality","Halt+1","Crescendo+1","MentalFortress","EmptyBody+1","Protect","Parasite","Indignation+1","DevaForm"],"relics":["Sozu","Anchor","TeardropLocket","Ice Cream","Omamori","Mango","Black Star","StoneCalendar","Vajra","Ornamental Fan","Whetstone","Potion Belt","Pen Nib","PreservedInsect","Lizard Tail","Astrolabe","Membership Card","GoldenEye","Dead Branch","Damaru","Calipers","Mummified Hand","Blood Vial","Kunai"],"acts_visited":["Exordium","TheCity","TheBeyond"],"potions_floor_usage":[],"damage_taken":[{"damage":0.0,"enemies":"Cultist","floor":1.0,"turns":2.0},{"damage":2.0,"enemies":"Jaw Worm","floor":3.0,"turns":3.0},{"damage":2.0,"enemies":"2 Louse","floor":4.0,"turns":2.0},{"damage":0.0,"enemies":"2 Fungi Beasts","floor":5.0,"turns":2.0},{"damage":30.0,"enemies":"Lagavulin","floor":6.0,"turns":5.0},{"damage":2.0,"enemies":"Gremlin Nob","floor":11.0,"turns":3.0},{"damage":5.0,"enemies":"3 Sentries","floor":13.0,"turns":3.0},{"damage":0.0,"enemies":"Blue Slaver","floor":14.0,"turns":2.0},{"damage":35.0,"enemies":"Hexaghost","floor":16.0,"turns":8.0},{"damage":25.0,"enemies":"2 Thieves","floor":18.0,"turns":5.0},{"damage":16.0,"enemies":"Spheric Guardian","floor":19.0,"turns":6.0},{"damage":18.0,"enemies":"Book of Stabbing","floor":23.0,"turns":7.0},{"damage":15.0,"enemies":"Slavers","floor":28.0,"turns":4.0},{"damage":0.0,"enemies":"Gremlin Leader","floor":30.0,"turns":4.0},{"damage":49.0,"enemies":"Automaton","floor":33.0,"turns":9.0},{"damage":0.0,"enemies":"3 Shapes","floor":35.0,"turns":1.0},{"damage":0.0,"enemies":"Orb Walker","floor":39.0,"turns":4.0},{"damage":3.0,"enemies":"Giant Head","floor":40.0,"turns":5.0},{"damage":0.0,"enemies":"Nemesis","floor":42.0,"turns":6.0},{"damage":0.0,"enemies":"Sphere and 2 Shapes","floor":45.0,"turns":4.0},{"damage":0.0,"enemies":"Giant Head","floor":46.0,"turns":4.0},{"damage":0,"enemies":"Writhing Mass","floor":47,"turns":4},{"damage":1,"enemies":"4 Shapes","floor":48,"turns":3},{"damage":40,"enemies":"Time Eater","floor":50,"turns":7}],"seed_played":"2674160870369839635","potions_obtained":[],"is_trial":false,"path_per_floor":["M","$","M","M","M","E","R","?","T","$","E","?","E","M","R","B",null,"M","M","?","$","?","E","R","?","T","R","E","R","E","?","R","B",null,"M","?","$","?","M","E","R","E","T","$","M","E","M","M","R","B",null],"character_chosen":"WATCHER","items_purchased":["EmptyFist","LessonLearned","Scrawl","Membership Card","CarveReality","Halt","Mummified Hand","MentalFortress"],"campfire_rested":2,"item_purchase_floors":[2,10,21,37,37,37,44,44],"current_hp_per_floor":[72,72,70,68,68,38,38,38,38,38,36,29,38,38,38,3,86,61,45,45,45,45,27,27,27,27,52,37,62,62,62,62,13,86,86,81,81,86,86,83,83,83,83,83,83,83,85,85,85,46],"gold":72,"neow_bonus":"BOSS_RELIC","is_daily":false,"chose_seed":false,"campfire_upgraded":6,"win_rate":0.0,"timestamp":1613603012,"path_taken":["M","$","M","?","M","E","R","?","T","$","E","?","E","M","R","BOSS","M","M","?","$","?","E","R","?","T","R","E","R","E","?","R","BOSS","M","?","$","?","M","E","R","E","T","$","M","E","M","M","R","BOSS"],"items_purchased_type":["Card","Card","Card","Relic","Card","Card","Relic","Card"],"build_version":"2020-12-18","purchased_purges":1,"victory":true,"max_hp_per_floor":[72,72,72,72,72,72,72,72,72,72,72,72,86,86,86,86,86,86,86,86,86,86,86,86,86,86,86,86,86,86,86,86,86,86,86,86,86,86,86,86,86,86,86,86,86,86,86,86,86,86],"relic_stats":{"counters":[24,103],"Astrolabe":["Alpha","CarveReality","Fasting2"],"Dead Branch":[40],"StoneCalendar":[87],"Pen Nib":[10],"PreservedInsect":329,"Whetstone":["BowlingBash","CrushJoints"],"GoldenEye":[6],"Sozu":10,"Blood Vial":4,"Lizard Tail":0,"Ornamental Fan":[80],"Mummified Hand":[40],"Black Star":6,"Kunai":[5],"obtain_stats":[{"Ice Cream":11,"Calipers":42,"Vajra":23,"Mango":13,"StoneCalendar":22,"TeardropLocket":9,"Whetstone":26,"Sozu":0,"Blood Vial":46,"Lizard Tail":30,"Mummified Hand":44,"Kunai":46,"Potion Belt":28,"Astrolabe":34,"Dead Branch":40,"Damaru":42,"Pen Nib":28,"PreservedInsect":30,"Omamori":12,"GoldenEye":40,"Anchor":6,"Ornamental Fan":23,"Black Star":17,"Membership Card":37,"PureWater":0},{"Ice Cream":6,"Calipers":19,"Vajra":12,"Mango":7,"StoneCalendar":11,"TeardropLocket":5,"Whetstone":12,"Sozu":0,"Blood Vial":21,"Lizard Tail":14,"Mummified Hand":19,"Kunai":21,"Potion Belt":13,"Astrolabe":15,"Dead Branch":18,"Damaru":19,"Pen Nib":13,"PreservedInsect":14,"Omamori":6,"GoldenEye":18,"Anchor":5,"Ornamental Fan":12,"Black Star":9,"Membership Card":16,"PureWater":0},{"Ice Cream":17,"Calipers":81,"Vajra":48,"Mango":20,"StoneCalendar":41,"TeardropLocket":14,"Whetstone":48,"Sozu":0,"Blood Vial":89,"Lizard Tail":56,"Mummified Hand":81,"Kunai":89,"Potion Belt":52,"Astrolabe":65,"Dead Branch":75,"Damaru":81,"Pen Nib":52,"PreservedInsect":56,"Omamori":17,"GoldenEye":75,"Anchor":14,"Ornamental Fan":48,"Black Star":30,"Membership Card":66,"PureWater":0}]},"card_choices":[{"not_picked":["Prostrate","ReachHeaven"],"picked":"Consecrate","floor":1.0},{"not_picked":["Protect","Halt"],"picked":"Adaptation","floor":3.0},{"not_picked":["CutThroughFate","Pray"],"picked":"BowlingBash","floor":4.0},{"not_picked":["Conclude","WheelKick"],"picked":"Crescendo","floor":5.0},{"not_picked":["BowlingBash","Worship"],"picked":"CrushJoints","floor":6.0},{"not_picked":["SashWhip","Fasting2"],"picked":"EmptyFist","floor":11.0},{"not_picked":["Devotion","WreathOfFlame"],"picked":"DeceiveReality","floor":13.0},{"not_picked":["FollowUp","TalkToTheHand"],"picked":"Adaptation","floor":14.0},{"not_picked":["Vault","Alpha"],"picked":"MasterReality","floor":16.0},{"not_picked":["Weave","FlyingSleeves"],"picked":"Evaluate","floor":18.0},{"not_picked":["Consecrate","Collect"],"picked":"ClearTheMind","floor":19.0},{"not_picked":["LikeWater+1","JustLucky+1"],"picked":"Wallop","floor":23.0},{"not_picked":["FollowUp","Vengeance","FlurryOfBlows"],"picked":"SKIP","floor":28.0},{"not_picked":["CutThroughFate","Pray","JustLucky"],"picked":"SKIP","floor":30.0},{"not_picked":["Scrawl","ConjureBlade"],"picked":"DevaForm","floor":33.0},{"not_picked":["EmptyBody","EmptyFist+1"],"picked":"Protect+1","floor":35.0},{"not_picked":["Purity","Blind"],"picked":"Panacea","floor":36.0},{"not_picked":["Swift Strike","Dark Shackles"],"picked":"Trip","floor":36.0},{"not_picked":["CutThroughFate+1","CarveReality+1"],"picked":"Crescendo+1","floor":39.0},{"not_picked":["Crescendo","Weave+1","Indignation"],"picked":"SKIP","floor":40.0},{"not_picked":["BowlingBash","CarveReality","EmptyBody"],"picked":"SKIP","floor":42.0},{"not_picked":["Wireheading+1","EmptyFist"],"picked":"EmptyBody+1","floor":45.0},{"not_picked":["WreathOfFlame","Consecrate+1"],"picked":"Protect","floor":46.0},{"not_picked":["BowlingBash","CrushJoints"],"picked":"Indignation+1","floor":47},{"not_picked":["JustLucky","Prostrate"],"picked":"DevaForm","floor":48}],"player_experience":537575,"relics_obtained":[{"floor":6.0,"key":"Anchor"},{"floor":9.0,"key":"TeardropLocket"},{"floor":11.0,"key":"Ice Cream"},{"floor":13.0,"key":"Mango"},{"floor":23.0,"key":"Vajra"},{"floor":23.0,"key":"Ornamental Fan"},{"floor":26.0,"key":"Whetstone"},{"floor":28.0,"key":"Potion Belt"},{"floor":28.0,"key":"Pen Nib"},{"floor":30.0,"key":"PreservedInsect"},{"floor":30.0,"key":"Lizard Tail"},{"floor":40.0,"key":"GoldenEye"},{"floor":40.0,"key":"Dead Branch"},{"floor":42.0,"key":"Damaru"},{"floor":42.0,"key":"Calipers"},{"floor":46.0,"key":"Blood Vial"},{"floor":46.0,"key":"Kunai"}],"event_choices":[{"damage_healed":0.0,"max_hp_gain":0.0,"max_hp_loss":0.0,"gold_gain":0.0,"event_name":"Liars Game","player_choice":"Ignored","floor":8.0,"gold_loss":0.0,"damage_taken":0.0},{"damage_healed":0.0,"max_hp_gain":0.0,"max_hp_loss":0.0,"gold_gain":0.0,"event_name":"Scrap Ooze","player_choice":"Success","floor":12.0,"gold_loss":0.0,"damage_taken":7.0,"relics_obtained":["Omamori"]},{"damage_healed":0.0,"max_hp_gain":0.0,"max_hp_loss":0.0,"gold_gain":0.0,"event_name":"Back to Basics","player_choice":"Simplicity","floor":20.0,"gold_loss":0.0,"damage_taken":0.0,"cards_upgraded":["Strike_P","Strike_P","Strike_P","Defend_P","Defend_P","Defend_P","Defend_P"]},{"damage_healed":0.0,"max_hp_gain":0.0,"max_hp_loss":0.0,"gold_gain":0.0,"event_name":"The Mausoleum","player_choice":"Opened","floor":22.0,"gold_loss":0.0,"damage_taken":0.0,"relics_obtained":["StoneCalendar"],"cards_obtained":["Writhe"]},{"damage_healed":0.0,"max_hp_gain":0.0,"max_hp_loss":0.0,"gold_gain":0.0,"cards_transformed":["Strike_P","Defend_P"],"event_name":"Drug Dealer","player_choice":"Became Test Subject","floor":25.0,"gold_loss":0.0,"damage_taken":0.0,"cards_obtained":["TalkToTheHand","WaveOfTheHand"]},{"damage_healed":0.0,"max_hp_gain":0.0,"max_hp_loss":0.0,"gold_gain":0.0,"event_name":"Vampires","player_choice":"Ignored","floor":31.0,"gold_loss":0.0,"damage_taken":0.0},{"damage_healed":0.0,"max_hp_gain":0.0,"max_hp_loss":0.0,"gold_gain":0.0,"event_name":"SensoryStone","player_choice":"Memory 2","floor":36.0,"gold_loss":0.0,"damage_taken":5.0},{"damage_healed":22.0,"max_hp_gain":0.0,"max_hp_loss":0.0,"gold_gain":0.0,"event_name":"Winding Halls","player_choice":"Writhe","floor":38.0,"gold_loss":0.0,"damage_taken":0.0,"cards_obtained":["Writhe"]}],"is_beta":true,"boss_relics":[{"not_picked":["Snecko Eye","SlaversCollar"],"picked":"Black Star"},{"not_picked":["Empty Cage","Calling Bell"],"picked":"Astrolabe"}],"items_purged_floors":[37],"is_endless":false,"potions_floor_spawned":[4,13,16,18,19,28,30,35,46,48],"ascension_level":4}}