{"host":"6xghz2lkudss8si6","time":1613554652,"event":{"mods":["AchievementEnabler","BaseMod","Colored Map","DeckTracker","Minty Spire (QoL Compilation)","Quick Restart","StSLib","SuperFastMode"],"gold_per_floor":[114,114,132,18,18,18,29,29,29,47,76,87,105,120,120,220,220,238,258,115,125,125,125,125,125,125,142,142,177,197,122,122,227,227,239,252,252,265,283,293,293,293,293],"floor_reached":42,"language":"KOR","playtime":2791,"items_purged":["Defend_P"],"score":545,"play_id":"7ec42a08-3fe4-4ac5-9603-bf6abd4f1da2","local_time":"20210217183732","is_ascension_mode":true,"campfire_choices":[{"data":"FlurryOfBlows","floor":6.0,"key":"SMITH"},{"data":"WheelKick","floor":8.0,"key":"SMITH"},{"data":"Eruption","floor":15,"key":"SMITH"},{"data":"DeceiveReality","floor":23,"key":"SMITH"},{"data":"Conclude","floor":25,"key":"SMITH"},{"data":"Vault","floor":28,"key":"SMITH"},{"floor":32,"key":"REST"},{"floor":41,"key":"REST"}],"circlet_count":0,"master_deck":["Defend_P","Defend_P","Eruption+1","Vigilance","Protect","FlurryOfBlows+1","Adaptation","WheelKick+1","Conclude+1","EmptyFist","FlyingSleeves","LikeWater","ClearTheMind","Vault+1","EmptyFist+1","WaveOfTheHand+1","Tantrum+1","JustLucky+1","DeceiveReality+1","MentalFortress","CarveReality","DevaForm","Wireheading+1","Parasite","InnerPeace"],"relics":["Sozu","Shuriken","Orichalcum","Astrolabe","The Courier","Unceasing Top","Singing Bowl","VioletLotus"],"acts_visited":["Exordium","TheCity","TheBeyond"],"potions_floor_usage":[],"damage_taken":[{"damage":1.0,"enemies":"Small Slimes","floor":1.0,"turns":5.0},{"damage":0.0,"enemies":"2 Louse","floor":3.0,"turns":2.0},{"damage":0.0,"enemies":"Cultist","floor":7.0,"turns":3.0},{"damage":0.0,"enemies":"Lots of Slimes","floor":10.0,"turns":5.0},{"damage":10.0,"enemies":"3 Sentries","floor":11.0,"turns":5.0},{"damage":1.0,"enemies":"3 Louse","floor":12.0,"turns":2.0},{"damage":3.0,"enemies":"Red Slaver","floor":13.0,"turns":3.0},{"damage":6,"enemies":"Exordium Wildlife","floor":14,"turns":3},{"damage":0,"enemies":"Slime Boss","floor":16,"turns":3},{"damage":3,"enemies":"Shell Parasite","floor":18,"turns":4},{"damage":0,"enemies":"Spheric Guardian","floor":19,"turns":2},{"damage":23,"enemies":"Snake Plant","floor":21,"turns":5},{"damage":0,"enemies":"Centurion and Healer","floor":27,"turns":3},{"damage":9,"enemies":"Book of Stabbing","floor":29,"turns":3},{"damage":0,"enemies":"Cultist and Chosen","floor":30,"turns":5},{"damage":26,"enemies":"Automaton","floor":33,"turns":6},{"damage":0,"enemies":"Orb Walker","floor":35,"turns":3},{"damage":42,"enemies":"3 Shapes","floor":36,"turns":7},{"damage":15,"enemies":"Sphere and 2 Shapes","floor":38,"turns":10},{"damage":14,"enemies":"Writhing Mass","floor":39,"turns":6},{"damage":4,"enemies":"Maw","floor":40,"turns":7},{"damage":27,"enemies":"Transient","floor":42,"turns":3}],"seed_played":"8904364491047856468","potions_obtained":[],"is_trial":false,"path_per_floor":["M","?","M","$","?","R","M","R","T","M","E","M","M","M","R","B",null,"M","M","?","M","$","R","?","R","T","M","R","E","M","?","R","B",null,"M","M","?","M","M","M","R","M"],"character_chosen":"WATCHER","items_purchased":["Adaptation"],"campfire_rested":2,"item_purchase_floors":[4],"current_hp_per_floor":[71,71,71,71,71,71,71,71,71,71,61,60,57,51,51,51,72,69,69,69,46,46,46,46,46,46,46,46,37,37,37,58,32,72,72,32,32,19,7,3,26,0,0],"gold":293,"neow_bonus":"BOSS_RELIC","is_daily":false,"chose_seed":false,"campfire_upgraded":6,"win_rate":0.0,"timestamp":1613554652,"path_taken":["M","?","M","$","?","R","M","R","T","M","E","M","?","?","R","BOSS","M","M","?","?","?","R","?","R","T","?","R","E","M","?","R","BOSS","M","M","?","?","M","M","R","M"],"items_purchased_type":["Card"],"build_version":"2020-12-22","purchased_purges":1,"victory":false,"max_hp_per_floor":[72,72,72,72,72,72,72,72,72,72,72,72,72,72,72,72,72,72,72,72,72,72,72,72,72,72,72,72,72,72,72,72,72,72,72,74,74,76,78,78,78,78,78],"card_choices":[{"not_picked":["WreathOfFlame","CrushJoints"],"picked":"Protect","floor":1.0},{"not_picked":["ThirdEye","Wallop"],"picked":"FlurryOfBlows","floor":3.0},{"not_picked":["Pray","FlurryOfBlows"],"picked":"WheelKick","floor":7.0},{"not_picked":["SandsOfTime","Nirvana"],"picked":"Conclude","floor":10.0},{"not_picked":["ReachHeaven","Study"],"picked":"EmptyFist","floor":11.0},{"not_picked":["Prostrate","EmptyMind"],"picked":"FlyingSleeves","floor":12.0},{"not_picked":["BowlingBash","JustLucky"],"picked":"LikeWater","floor":13.0},{"not_picked":["MasterReality","SashWhip"],"picked":"ClearTheMind","floor":14},{"not_picked":["MasterReality","Devotion"],"picked":"Vault","floor":16},{"not_picked":["Prostrate+1","Fasting2"],"picked":"Tantrum+1","floor":18},{"not_picked":["SignatureMove","Collect"],"picked":"JustLucky+1","floor":19},{"not_picked":["Indignation","Protect"],"picked":"DeceiveReality","floor":21},{"not_picked":["Consecrate","Nirvana+1","Conclude+1"],"picked":"SKIP","floor":27},{"not_picked":["Crescendo","CrushJoints"],"picked":"MentalFortress","floor":29},{"not_picked":["PathToVictory","Protect"],"picked":"CarveReality","floor":30},{"not_picked":["Omniscience","LessonLearned"],"picked":"DevaForm","floor":33},{"not_picked":["Meditate","CutThroughFate+1"],"picked":"Wireheading+1","floor":35},{"not_picked":["TalkToTheHand+1","Consecrate","CrushJoints"],"picked":"Singing Bowl","floor":36},{"not_picked":["ClearTheMind+1","Halt","FlurryOfBlows"],"picked":"Singing Bowl","floor":38},{"not_picked":["JustLucky+1","Halt","WheelKick+1"],"picked":"Singing Bowl","floor":39},{"not_picked":["Protect","Meditate"],"picked":"InnerPeace","floor":40}],"player_experience":255998,"relics_obtained":[{"floor":9.0,"key":"Shuriken"},{"floor":11.0,"key":"Orichalcum"},{"floor":26,"key":"Unceasing Top"},{"floor":29,"key":"Singing Bowl"}],"event_choices":[{"cards_removed":["Strike_P"],"damage_healed":0.0,"max_hp_gain":0.0,"max_hp_loss":0.0,"gold_gain":0.0,"event_name":"Living Wall","player_choice":"Forget","floor":2.0,"gold_loss":0.0,"damage_taken":0.0},{"cards_removed":["Strike_P"],"damage_healed":0.0,"max_hp_gain":0.0,"max_hp_loss":0.0,"gold_gain":0.0,"event_name":"Bonfire Elementals","player_choice":"Offered Basic","floor":5.0,"gold_loss":0.0,"damage_taken":0.0},{"damage_healed":0,"gold_gain":0,"player_choice":"Paid Gold","damage_taken":0,"relics_obtained":["The Courier"],"max_hp_gain":0,"max_hp_loss":0,"event_name":"WeMeetAgain","floor":20,"gold_loss":143},{"damage_healed":0,"gold_gain":0,"player_choice":"Ignored","damage_taken":0,"max_hp_gain":0,"max_hp_loss":0,"event_name":"Ghosts","floor":24,"gold_loss":0},{"cards_removed":["PathToVictory"],"damage_healed":0,"gold_gain":0,"player_choice":"Gave Gold","damage_taken":0,"max_hp_gain":0,"max_hp_loss":0,"event_name":"Beggar","floor":31,"gold_loss":75},{"damage_healed":0,"gold_gain":0,"player_choice":"Bought 0 Potions","damage_taken":0,"max_hp_gain":0,"max_hp_loss":0,"event_name":"The Woman in Blue","floor":37,"gold_loss":0}],"is_beta":false,"boss_relics":[{"not_picked":["Busted Crown","Pandora\u0027s Box"],"picked":"Astrolabe"},{"not_picked":["Black Star","Tiny House"],"picked":"VioletLotus"}],"items_purged_floors":[4],"is_endless":false,"potions_floor_spawned":[1,11,12,16,18,21,29,33,35,36,40],"killed_by":"Transient","ascension_level":3}}