{"host":"jegehu1t82aiec5j","time":1613591855,"event":{"mods":["BaseMod","Colored Map","Minty Spire (QoL Compilation)","Relic Stats","StSLib"],"gold_per_floor":[118,39,39,4,21,21,21,33,101,151,170,195,67,82,82,156,156,174,188,198,198,211,211,229,229,229],"floor_reached":25,"language":"ENG","playtime":2036,"items_purged":["Strike_B"],"score":384,"play_id":"51f7e0f1-ec8c-47a8-9660-017a2e9376ad","local_time":"20210217145735","is_ascension_mode":true,"campfire_choices":[{"floor":6,"key":"REST"},{"floor":15,"key":"REST"},{"floor":23,"key":"REST"}],"circlet_count":0,"master_deck":["AscendersBane","Defend_B","Defend_B","Defend_B","Defend_B","Zap","Dualcast","Multi-Cast","FTL","Defragment","Genetic Algorithm","Core Surge","Go for the Eyes","Cold Snap","Conserve Battery","FTL","Creative AI","Melter","Consume","Hologram+1","Bite","Bite","Bite","Bite","Bite","Steam","Barrage"],"relics":["Cracked Core","WarpedTongs","Du-Vu Doll","Shuriken","Centennial Puzzle","Inserter"],"acts_visited":["Exordium","TheCity"],"potions_floor_usage":[12,16,20],"damage_taken":[{"damage":12,"enemies":"Small Slimes","floor":1,"turns":2},{"damage":0,"enemies":"2 Louse","floor":5,"turns":1},{"damage":11,"enemies":"Jaw Worm","floor":8,"turns":4},{"damage":5,"enemies":"Red Slaver","floor":11,"turns":3},{"damage":21,"enemies":"Gremlin Nob","floor":12,"turns":5},{"damage":5,"enemies":"3 Louse","floor":14,"turns":3},{"damage":20,"enemies":"The Guardian","floor":16,"turns":12},{"damage":0,"enemies":"3 Byrds","floor":18,"turns":8},{"damage":18,"enemies":"2 Thieves","floor":19,"turns":4},{"damage":22,"enemies":"Snake Plant","floor":20,"turns":5},{"damage":3,"enemies":"Sentry and Sphere","floor":22,"turns":3},{"damage":6,"enemies":"Centurion and Healer","floor":24,"turns":8},{"damage":62,"enemies":"Book of Stabbing","floor":25,"turns":6}],"seed_played":"-1356302887031371146","potions_obtained":[{"floor":1,"key":"SkillPotion"},{"floor":8,"key":"Weak Potion"},{"floor":16,"key":"Swift Potion"},{"floor":19,"key":"Ancient Potion"},{"floor":22,"key":"PotionOfCapacity"}],"is_trial":false,"path_per_floor":["M","$","?","?","M","R","$","M","T","?","M","E","$","M","R","B",null,"M","M","M","?","M","R","M","E"],"character_chosen":"DEFECT","items_purchased":["Defragment","Conserve Battery"],"campfire_rested":3,"item_purchase_floors":[2,13],"current_hp_per_floor":[52,52,17,34,34,55,55,44,44,44,39,18,18,13,34,14,57,57,39,17,17,22,36,49,0,0],"gold":229,"neow_bonus":"ONE_RANDOM_RARE_CARD","is_daily":false,"chose_seed":false,"campfire_upgraded":0,"win_rate":0.0,"timestamp":1613591855,"path_taken":["M","$","?","?","M","R","?","?","T","?","M","E","$","M","R","BOSS","M","M","?","?","M","R","M","E"],"items_purchased_type":["Card","Card"],"build_version":"2020-12-22","purchased_purges":1,"victory":false,"max_hp_per_floor":[71,71,71,71,71,71,71,71,71,71,71,71,71,71,71,71,71,71,71,71,49,49,49,49,49,49],"relic_stats":{"Centennial Puzzle":[21],"Inserter":[17],"counters":[13,64],"Shuriken":[20],"obtain_stats":[{"Du-Vu Doll":3,"Centennial Puzzle":12,"Inserter":17,"Shuriken":9,"Cracked Core":0,"WarpedTongs":0},{"Du-Vu Doll":1,"Centennial Puzzle":5,"Inserter":7,"Shuriken":3,"Cracked Core":0,"WarpedTongs":0},{"Du-Vu Doll":2,"Centennial Puzzle":15,"Inserter":30,"Shuriken":7,"Cracked Core":0,"WarpedTongs":0}],"WarpedTongs":[64]},"card_choices":[{"not_picked":["Genetic Algorithm","Reinforced Body"],"picked":"FTL","floor":1},{"not_picked":["Turbo","Static Discharge"],"picked":"Genetic Algorithm","floor":5},{"not_picked":["Compile Driver","Barrage"],"picked":"Core Surge","floor":8},{"not_picked":["Skim","White Noise"],"picked":"Go for the Eyes","floor":11},{"not_picked":["Streamline","Rebound"],"picked":"Cold Snap","floor":12},{"not_picked":["Ball Lightning","Stack"],"picked":"FTL","floor":14},{"not_picked":["All For One","Rainbow"],"picked":"Creative AI","floor":16},{"not_picked":["Recycle","Turbo"],"picked":"Melter","floor":18},{"not_picked":["Turbo","Auto Shields"],"picked":"Consume","floor":19},{"not_picked":["Redo","Conserve Battery"],"picked":"Hologram+1","floor":20},{"not_picked":["Heatsinks","Compile Driver"],"picked":"Steam","floor":22},{"not_picked":["Double Energy","Steam Power"],"picked":"Barrage","floor":24}],"player_experience":2607238,"relics_obtained":[{"floor":9,"key":"Shuriken"},{"floor":12,"key":"Centennial Puzzle"}],"event_choices":[{"damage_healed":0,"gold_gain":0,"player_choice":"Success","damage_taken":35,"relics_obtained":["Du-Vu Doll"],"max_hp_gain":0,"max_hp_loss":0,"event_name":"Scrap Ooze","floor":3,"gold_loss":0},{"damage_healed":17,"gold_gain":0,"player_choice":"Healed","damage_taken":0,"max_hp_gain":0,"max_hp_loss":0,"event_name":"The Cleric","floor":4,"gold_loss":35},{"damage_healed":0,"gold_gain":50,"player_choice":"Pray","damage_taken":0,"max_hp_gain":0,"max_hp_loss":0,"event_name":"Golden Shrine","floor":10,"gold_loss":0},{"damage_healed":0,"gold_gain":0,"player_choice":"Became a vampire","damage_taken":0,"max_hp_gain":0,"max_hp_loss":22,"event_name":"Vampires","floor":21,"gold_loss":0,"cards_obtained":["Bite","Bite","Bite","Bite","Bite"]}],"is_beta":false,"boss_relics":[{"not_picked":["Pandora\u0027s Box","FrozenCore"],"picked":"Inserter"}],"items_purged_floors":[13],"is_endless":false,"potions_floor_spawned":[1,8,16,19,22],"killed_by":"Book of Stabbing","ascension_level":15}}