{"host":"at5b10nm0iti0w4x","time":1613528899,"event":{"mods":["2.2 Compatiblity","AchievementEnabler","BaseMod","Bestiary","Block Reminder","Colored Map","Colored Powertips","Highlight Path","Keyboard Shortcuts","Minty Spire (QoL Compilation)","Quick Restart","Relic Stats","Slay the Relics Exporter","StSLib","SuperFastMode","Unknown Chances"],"gold_per_floor":[111,186,201,18,18,47,77,94,118,140,152,182,210,172,184,294,306,328,265,192,204,231,273,82,82,82,113,113,131,180,215,215,319,319,334,387,400,79,79,110,160,160,234,234,122,27,41,51,51,51],"floor_reached":51,"language":"ENG","playtime":2073,"items_purged":["Strike_G","Strike_G"],"score":886,"play_id":"88b1c8eb-3cee-46f6-8c00-ccbd418a1ce5","local_time":"20210216212819","is_ascension_mode":false,"campfire_choices":[{"data":"Noxious Fumes","floor":11.0,"key":"SMITH"},{"data":"Blade Dance","floor":15.0,"key":"SMITH"},{"floor":25.0,"key":"REST"},{"floor":32,"key":"REST"},{"data":"Accuracy","floor":42,"key":"SMITH"},{"data":"Accuracy","floor":49,"key":"SMITH"}],"circlet_count":0,"master_deck":["Defend_G+1","Defend_G","Defend_G","Defend_G","Survivor+1","Neutralize","Dagger Spray","Accuracy+1","Blade Dance+1","Noxious Fumes+1","Well Laid Plans","Backflip","Cloak And Dagger","After Image","Flying Knee+1","Heel Hook+1","Infinite Blades","Accuracy+1","Writhe","Blade Dance+1","Cloak And Dagger","Bandage Up","Trip","Accuracy+1","Accuracy+1","Blade Dance+1"],"relics":["Ring of the Snake","NeowsBlessing","Membership Card","Toy Ornithopter","Molten Egg 2","MawBank","Astrolabe","Juzu Bracelet","Gambling Chip","Kunai","Bag of Marbles","Red Mask","Pantograph","Bag of Preparation","Tiny Chest","SlaversCollar","Omamori","Frozen Egg 2","Thread and Needle","Bottled Flame","Calipers","Darkstone Periapt","Singing Bowl","Oddly Smooth Stone","DollysMirror"],"acts_visited":["Exordium","TheCity","TheBeyond"],"potions_floor_usage":[35,50],"damage_taken":[{"damage":0.0,"enemies":"2 Louse","floor":1.0,"turns":1.0},{"damage":0.0,"enemies":"Small Slimes","floor":3.0,"turns":1.0},{"damage":0.0,"enemies":"3 Sentries","floor":6.0,"turns":1.0},{"damage":3.0,"enemies":"Jaw Worm","floor":8.0,"turns":2.0},{"damage":1.0,"enemies":"2 Fungi Beasts","floor":10.0,"turns":3.0},{"damage":2.0,"enemies":"Blue Slaver","floor":12.0,"turns":4.0},{"damage":4.0,"enemies":"Large Slime","floor":13.0,"turns":6.0},{"damage":18.0,"enemies":"Hexaghost","floor":16.0,"turns":9.0},{"damage":5.0,"enemies":"3 Byrds","floor":18.0,"turns":4.0},{"damage":8.0,"enemies":"2 Thieves","floor":22.0,"turns":5.0},{"damage":36.0,"enemies":"Gremlin Leader","floor":23.0,"turns":6.0},{"damage":2.0,"enemies":"Masked Bandits","floor":27.0,"turns":4.0},{"damage":0,"enemies":"Snecko","floor":29,"turns":3},{"damage":17,"enemies":"Slavers","floor":31,"turns":4},{"damage":9,"enemies":"Automaton","floor":33,"turns":8},{"damage":17,"enemies":"3 Darklings","floor":35,"turns":4},{"damage":11,"enemies":"Orb Walker","floor":37,"turns":4},{"damage":0,"enemies":"Giant Head","floor":40,"turns":3},{"damage":0,"enemies":"Mind Bloom Boss Battle","floor":41,"turns":3},{"damage":0,"enemies":"Sphere and 2 Shapes","floor":47,"turns":3},{"damage":2,"enemies":"4 Shapes","floor":48,"turns":3},{"damage":27,"enemies":"Time Eater","floor":50,"turns":6}],"seed_played":"5223250489603012249","potions_obtained":[{"floor":1.0,"key":"Ancient Potion"},{"floor":6.0,"key":"DuplicationPotion"},{"floor":13.0,"key":"BlessingOfTheForge"},{"floor":16.0,"key":"Poison Potion"},{"floor":29,"key":"FairyPotion"},{"floor":31,"key":"CunningPotion"},{"floor":33,"key":"DuplicationPotion"},{"floor":37,"key":"Fire Potion"}],"is_trial":false,"path_per_floor":["M","?","M","$","?","E","?","M","T","M","R","M","M","?","R","B",null,"M","?","?","$","M","E","$","R","T","?","?","M","T","E","R","B",null,"M","T","M","$","?","E","?","R","T","T","?","$","M","M","R","B",null],"character_chosen":"THE_SILENT","items_purchased":["Membership Card","Blade Dance","Accuracy","Kunai","Frozen Egg 2","Thread and Needle","Accuracy+1","DollysMirror"],"campfire_rested":2,"item_purchase_floors":[4,4,24,24,38,38,46,46],"current_hp_per_floor":[70,59,59,59,45,45,45,42,42,41,41,39,35,35,35,17,70,65,65,65,65,62,26,26,47,47,45,45,45,45,28,49,61,70,58,58,47,47,42,46,70,70,70,70,70,70,72,72,72,52],"gold":51,"neow_bonus":"THREE_ENEMY_KILL","is_daily":false,"chose_seed":false,"campfire_upgraded":4,"win_rate":0.0,"timestamp":1613528899,"path_taken":["M","?","M","$","?","E","?","M","T","M","R","M","M","?","R","BOSS","M","?","?","$","M","E","?","R","T","?","?","M","?","E","R","BOSS","M","?","M","$","?","E","?","R","T","?","?","?","M","M","R","BOSS"],"items_purchased_type":["Relic","Card","Card","Relic","Relic","Relic","Card","Relic"],"build_version":"2020-12-22","purchased_purges":2,"victory":true,"max_hp_per_floor":[70,70,70,70,70,70,70,70,70,70,70,70,70,70,70,70,70,70,70,70,70,70,70,70,70,70,70,70,70,70,70,70,70,70,70,70,70,70,70,70,70,70,70,70,70,70,72,74,74,74],"relic_stats":{"Darkstone Periapt":0,"Singing Bowl":4,"counters":[22,87],"Astrolabe":["Tactician","Flying Knee","Heel Hook"],"Juzu Bracelet":1,"Bag of Preparation":[18],"MawBank":180,"Gambling Chip":[50],"Pantograph":47,"Tiny Chest":1,"Kunai":[48],"obtain_stats":[{"Darkstone Periapt":43,"Calipers":41,"Singing Bowl":44,"Juzu Bracelet":20,"Bag of Preparation":30,"DollysMirror":46,"Gambling Chip":23,"Pantograph":28,"Tiny Chest":31,"Red Mask":27,"Kunai":24,"Ring of the Snake":0,"NeowsBlessing":0,"Astrolabe":17,"Oddly Smooth Stone":45,"Thread and Needle":38,"Omamori":36,"Frozen Egg 2":38,"MawBank":9,"SlaversCollar":34,"Bottled Flame":40,"Molten Egg 2":7,"Bag of Marbles":26,"Membership Card":4,"Toy Ornithopter":6},{"Darkstone Periapt":19,"Calipers":19,"Singing Bowl":19,"Juzu Bracelet":9,"Bag of Preparation":13,"DollysMirror":19,"Gambling Chip":11,"Pantograph":12,"Tiny Chest":14,"Red Mask":12,"Kunai":11,"Ring of the Snake":0,"NeowsBlessing":0,"Astrolabe":8,"Oddly Smooth Stone":19,"Thread and Needle":17,"Omamori":16,"Frozen Egg 2":17,"MawBank":4,"SlaversCollar":15,"Bottled Flame":18,"Molten Egg 2":3,"Bag of Marbles":11,"Membership Card":2,"Toy Ornithopter":3},{"Darkstone Periapt":75,"Calipers":75,"Singing Bowl":75,"Juzu Bracelet":31,"Bag of Preparation":49,"DollysMirror":75,"Gambling Chip":42,"Pantograph":46,"Tiny Chest":53,"Red Mask":46,"Kunai":42,"Ring of the Snake":0,"NeowsBlessing":0,"Astrolabe":27,"Oddly Smooth Stone":75,"Thread and Needle":69,"Omamori":65,"Frozen Egg 2":69,"MawBank":5,"SlaversCollar":61,"Bottled Flame":72,"Molten Egg 2":3,"Bag of Marbles":42,"Membership Card":2,"Toy Ornithopter":3}],"Toy Ornithopter":15,"Ring of the Snake":[44]},"card_choices":[{"not_picked":["Masterful Stab","Blur"],"picked":"Dagger Spray","floor":1.0},{"not_picked":["Bane","Quick Slash"],"picked":"Accuracy","floor":3.0},{"not_picked":["Choke","Deflect"],"picked":"Noxious Fumes","floor":6.0},{"not_picked":["PiercingWail","Bouncing Flask"],"picked":"Well Laid Plans","floor":8.0},{"not_picked":["Setup","Dodge and Roll"],"picked":"Backflip","floor":10.0},{"not_picked":["Leg Sweep","Flechettes+1"],"picked":"Cloak And Dagger","floor":12.0},{"not_picked":["Quick Slash+1","Dodge and Roll","Distraction"],"picked":"SKIP","floor":13.0},{"not_picked":["Grand Finale+1","Corpse Explosion"],"picked":"After Image","floor":16.0},{"not_picked":["Dagger Throw+1","Quick Slash+1"],"picked":"Infinite Blades","floor":18.0},{"not_picked":["Setup","Dagger Spray+1","Noxious Fumes"],"picked":"SKIP","floor":22.0},{"not_picked":["PiercingWail+1","Predator+1","Blur"],"picked":"SKIP","floor":23.0},{"not_picked":["Dagger Spray+1","Acrobatics"],"picked":"Blade Dance+1","floor":29},{"not_picked":["Flying Knee+1","Prepared"],"picked":"Cloak And Dagger","floor":31},{"not_picked":["Sucker Punch+1","Acrobatics","Distraction+1"],"picked":"SKIP","floor":35},{"not_picked":["Leg Sweep","Backflip","Outmaneuver"],"picked":"SKIP","floor":37},{"not_picked":["Purity","Trip"],"picked":"Bandage Up","floor":39},{"not_picked":["Enlightenment","Chrysalis"],"picked":"Trip","floor":39},{"not_picked":["Cloak And Dagger","Deadly Poison","Quick Slash+1"],"picked":"SKIP","floor":40},{"not_picked":["Riddle With Holes+1","Predator+1"],"picked":"Accuracy+1","floor":41},{"not_picked":["Crippling Poison","Deflect+1","Dagger Spray+1"],"picked":"Singing Bowl","floor":47},{"not_picked":["Setup","Deflect+1","Prepared+1"],"picked":"Singing Bowl","floor":48}],"player_experience":105999,"relics_obtained":[{"floor":6.0,"key":"Toy Ornithopter"},{"floor":9.0,"key":"MawBank"},{"floor":23.0,"key":"Gambling Chip"},{"floor":26.0,"key":"Bag of Marbles"},{"floor":27.0,"key":"Red Mask"},{"floor":30,"key":"Bag of Preparation"},{"floor":31,"key":"Tiny Chest"},{"floor":36,"key":"Omamori"},{"floor":40,"key":"Bottled Flame"},{"floor":41,"key":"Calipers"},{"floor":43,"key":"Darkstone Periapt"},{"floor":44,"key":"Singing Bowl"}],"event_choices":[{"damage_healed":0.0,"max_hp_gain":0.0,"max_hp_loss":0.0,"gold_gain":75.0,"event_name":"World of Goop","player_choice":"Gather Gold","floor":2.0,"gold_loss":0.0,"damage_taken":11.0},{"damage_healed":0.0,"max_hp_gain":0.0,"max_hp_loss":0.0,"gold_gain":0.0,"event_name":"Shining Light","player_choice":"Entered Light","floor":5.0,"gold_loss":0.0,"damage_taken":14.0,"cards_upgraded":["Defend_G","Survivor"]},{"damage_healed":0.0,"max_hp_gain":0.0,"max_hp_loss":0.0,"gold_gain":30.0,"event_name":"Dead Adventurer","player_choice":"Searched \u00273\u0027 times","floor":7.0,"gold_loss":0.0,"damage_taken":0.0,"relics_obtained":["Molten Egg 2"]},{"cards_removed":["Strike_G"],"damage_healed":0.0,"max_hp_gain":0.0,"max_hp_loss":0.0,"gold_gain":0.0,"event_name":"The Cleric","player_choice":"Card Removal","floor":14.0,"gold_loss":50.0,"damage_taken":0.0},{"cards_removed":["Tactician"],"damage_healed":0.0,"max_hp_gain":0.0,"max_hp_loss":0.0,"gold_gain":0.0,"event_name":"Beggar","player_choice":"Gave Gold","floor":19.0,"gold_loss":75.0,"damage_taken":0.0},{"damage_healed":0.0,"max_hp_gain":0.0,"max_hp_loss":0.0,"gold_gain":0.0,"event_name":"Addict","player_choice":"Obtained Relic","floor":20.0,"gold_loss":85.0,"damage_taken":0.0,"relics_obtained":["Juzu Bracelet"]},{"damage_healed":0.0,"max_hp_gain":0.0,"max_hp_loss":0.0,"gold_gain":0.0,"event_name":"Masked Bandits","player_choice":"Fought Bandits","floor":27.0,"gold_loss":0.0,"damage_taken":0.0},{"damage_healed":0.0,"max_hp_gain":0.0,"max_hp_loss":0.0,"gold_gain":0.0,"event_name":"The Mausoleum","player_choice":"Opened","floor":28.0,"gold_loss":0.0,"damage_taken":0.0,"relics_obtained":["Pantograph"],"cards_obtained":["Writhe"]},{"damage_healed":0,"gold_gain":0,"player_choice":"Memory 2","damage_taken":5,"max_hp_gain":0,"max_hp_loss":0,"event_name":"SensoryStone","floor":39,"gold_loss":0},{"damage_healed":0,"gold_gain":0,"player_choice":"Fight","damage_taken":0,"max_hp_gain":0,"max_hp_loss":0,"event_name":"MindBloom","floor":41,"gold_loss":0},{"damage_healed":0,"gold_gain":0,"player_choice":"Paid Gold","damage_taken":0,"relics_obtained":["Oddly Smooth Stone"],"max_hp_gain":0,"max_hp_loss":0,"event_name":"WeMeetAgain","floor":45,"gold_loss":112}],"is_beta":false,"boss_relics":[{"not_picked":["Busted Crown","Fusion Hammer"],"picked":"Astrolabe"},{"not_picked":["Pandora\u0027s Box","Runic Dome"],"picked":"SlaversCollar"}],"items_purged_floors":[24,38],"is_endless":false,"potions_floor_spawned":[1,6,13,16,18,29,31,33,37,40],"ascension_level":0}}