{"host":"d02vqrhhew441p6s","time":1613580397,"event":{"mods":["BaseMod","Duelist Mod","Halation","Hubris","Infinite Spire","Minty Spire (QoL Compilation)","StSLib","The Jungle"],"gold_per_floor":[138,149,169,169,169,169,184,213,213,187,187,197,215,8,8,109,109,128,128,128,143,159,159,184,197,197,226,240,255,37,37,37,142,142,153,173,173,47,47,47,47],"floor_reached":40,"language":"ENG","playtime":2553,"items_purged":["Writhe","Normality"],"score":780,"play_id":"407902ed-d857-48b1-a947-d20397cac9d9","local_time":"20210217174637","is_ascension_mode":true,"campfire_choices":[{"data":"theDuelist:MindAir","floor":6,"key":"SMITH"},{"floor":15,"key":"REST"},{"data":"theDuelist:WitchBlackRose","floor":23,"key":"SMITH"},{"floor":32,"key":"REST"}],"circlet_count":0,"master_deck":["AscendersBane","theDuelist:CastleWalls","theDuelist:CastleWalls","theDuelist:DarkMagician","theDuelist:MysticalElf","theDuelist:MysticalElf","theDuelist:NeoMagic","theDuelist:NeoMagic","theDuelist:Sparks","theDuelist:Sparks","theDuelist:Sparks","theDuelist:SpiritHarp","theDuelist:FrontierWiseman","theDuelist:MindAir+1","Blind","theDuelist:ExodiaNecross","theDuelist:DarkPaladin","theDuelist:GateGuardian","theDuelist:FrontierWiseman","theDuelist:SwordsRevealing","theDuelist:DarkMagicianGirl","theDuelist:ApprenticeIllusionMagician","theDuelist:Wildfire","theDuelist:RainbowOverdragon","theDuelist:IrisEarthMother+1","theDuelist:WitchBlackRose+1","theDuelist:GrandSpellbookTower","theDuelist:SangaThunder+1","theDuelist:InjectionFairy+1","theDuelist:Yami+1","Injury","theDuelist:PsiCurse","theDuelist:Nameless:Magic:GravityLash","theDuelist:RainbowMagician","theDuelist:RainbowOverdragon+1","theDuelist:BlueDragonSummoner+1","theDuelist:PowerKaishin"],"relics":["theDuelist:MillenniumPuzzle","theDuelist:CardPoolRelic","theDuelist:CardPoolBasicRelic","theDuelist:BoosterPackPoolRelic","theDuelist:CardPoolAddRelic","theDuelist:CardPoolMinusRelic","theDuelist:CardPoolSaveRelic","theDuelist:CardPoolOptionsRelic","halation:PurpleSoulGem","Cables","theDuelist:SpellcasterStone","Mummified Hand","Snecko Eye","theDuelist:BoosterBetterBoostersRelic","hubris:MysteriousPyramids","Champion Belt","Turnip","infinitespire:Satchel","halation:HeavySnake"],"acts_visited":["Exordium","TheCity","TheBeyond"],"potions_floor_usage":[12,16,27,29,35],"damage_taken":[{"damage":1,"enemies":"Cultist","floor":1,"turns":5},{"damage":0,"enemies":"2 Louse","floor":2,"turns":2},{"damage":13,"enemies":"Jaw Worm","floor":3,"turns":5},{"damage":6,"enemies":"2 Fungi Beasts","floor":7,"turns":4},{"damage":40,"enemies":"3 Sentries","floor":8,"turns":6},{"damage":10,"enemies":"Exordium Wildlife","floor":12,"turns":4},{"damage":0,"enemies":"Looter","floor":13,"turns":4},{"damage":13,"enemies":"Slime Boss","floor":16,"turns":9},{"damage":7,"enemies":"Chosen","floor":18,"turns":4},{"damage":0,"enemies":"Spheric Guardian","floor":21,"turns":3},{"damage":18,"enemies":"Centurion and Healer","floor":22,"turns":6},{"damage":21,"enemies":"Book of Stabbing","floor":24,"turns":5},{"damage":0,"enemies":"Snake Plant","floor":25,"turns":3},{"damage":0,"enemies":"Nightmare","floor":27,"turns":5},{"damage":0,"enemies":"Shelled Parasite and Fungi","floor":28,"turns":3},{"damage":9,"enemies":"Cultist and Chosen","floor":29,"turns":7},{"damage":0,"enemies":"Collector","floor":33,"turns":8},{"damage":12,"enemies":"3 Darklings","floor":35,"turns":4},{"damage":7,"enemies":"Orb Walker","floor":36,"turns":4},{"damage":53,"enemies":"Reptomancer","floor":40,"turns":2}],"seed_played":"8593737616393839832","potions_obtained":[{"floor":1,"key":"theDuelist:FlamingBottle"},{"floor":7,"key":"theDuelist:BigOrbBottle"},{"floor":13,"key":"Energy Potion"},{"floor":18,"key":"Swift Potion"},{"floor":21,"key":"FocusPotion"},{"floor":22,"key":"Swift Potion"},{"floor":24,"key":"theDuelist:SealedPackE"},{"floor":33,"key":"theDuelist:BottledKuriboh"},{"floor":35,"key":"BlessingOfTheForge"}],"is_trial":false,"path_per_floor":["M","M","M","?","?","R","M","E","T","?","T","M","M","$","R","B",null,"M","?","?","M","M","R","E","M","T","NM","M","M","$","?","R","B",null,"M","M","?","$","?","E"],"character_chosen":"THE_DUELIST","items_purchased":["theDuelist:SwordsRevealing","theDuelist:DarkMagicianGirl","theDuelist:ApprenticeIllusionMagician","infinitespire:Satchel","theDuelist:PowerKaishin"],"campfire_rested":2,"item_purchase_floors":[14,14,14,30,38],"current_hp_per_floor":[71,71,58,58,58,58,52,12,12,12,12,2,2,2,26,13,63,56,56,56,56,38,38,17,17,17,17,17,13,13,13,37,42,71,59,52,52,52,52,0,0],"gold":47,"neow_bonus":"THREE_CARDS","is_daily":false,"chose_seed":false,"campfire_upgraded":2,"win_rate":0.0,"timestamp":1613580397,"path_taken":["M","M","?","?","?","R","M","E","T","?","?","M","?","$","R","BOSS","M","?","?","M","M","R","E","M","T","NM","M","?","$","?","R","BOSS","M","M","?","$","?","E"],"items_purchased_type":["Card","Card","Card","Relic","Card"],"build_version":"2020-12-22","purchased_purges":2,"victory":false,"max_hp_per_floor":[80,80,80,80,80,80,80,80,80,80,80,80,80,80,80,80,80,80,80,80,80,80,80,80,80,80,80,80,80,80,80,80,80,80,80,80,80,80,80,80,80],"card_choices":[{"not_picked":["theDuelist:VoidExpansion","theDuelist:ExodiaLL"],"picked":"theDuelist:SpiritHarp","floor":0},{"not_picked":["theDuelist:BattleOx","theDuelist:BlackPendant","theDuelist:PotDichotomy","theDuelist:PreventRat"],"picked":"theDuelist:FrontierWiseman","floor":1},{"not_picked":["theDuelist:MagiciansRod","theDuelist:TimeWizard","theDuelist:BadReaction"],"picked":"theDuelist:MindAir","floor":2},{"not_picked":["Chrysalis","Metamorphosis","Transmutation"],"picked":"Blind","floor":3},{"not_picked":["theDuelist:ContractExodia","theDuelist:ExodiaRL","theDuelist:ExodiaLL","theDuelist:ExodiaLA"],"picked":"theDuelist:ExodiaNecross","floor":7},{"not_picked":["theDuelist:MagicalBlast","theDuelist:RainbowDarkDragon","theDuelist:QueenDragunDjinn","theDuelist:SangaEarth"],"picked":"theDuelist:DarkPaladin","floor":8},{"not_picked":["theDuelist:ExodiaRA","theDuelist:GuardianAngel","theDuelist:CrystalWingDragon","theDuelist:CharcoalInpachi"],"picked":"theDuelist:GateGuardian","floor":12},{"not_picked":["theDuelist:BattleOx","theDuelist:BlackPendant","theDuelist:GilfordLegend","theDuelist:PreventRat"],"picked":"theDuelist:FrontierWiseman","floor":13},{"not_picked":["theDuelist:RainbowDarkDragon","theDuelist:VoidVanishment","theDuelist:SwordsRevealing","theDuelist:SangaWater"],"picked":"theDuelist:Wildfire","floor":16},{"not_picked":["theDuelist:DarklordSuperbia","theDuelist:EarthquakeGiant","theDuelist:GilfordLegend","theDuelist:Blockman+1"],"picked":"theDuelist:RainbowOverdragon","floor":18},{"not_picked":["theDuelist:RainbowDarkDragon","theDuelist:RainbowMagician","theDuelist:RainbowKuriboh","theDuelist:RainbowOverdragon"],"picked":"theDuelist:IrisEarthMother+1","floor":21},{"not_picked":["theDuelist:LegendaryFlameLord+1","theDuelist:BlizzardPrincess","theDuelist:ThousandEyesIdol","theDuelist:Illusionist"],"picked":"theDuelist:WitchBlackRose","floor":22},{"not_picked":["theDuelist:BlackPendant","theDuelist:GilfordLegend","theDuelist:PotDichotomy+1","theDuelist:FrontierWiseman"],"picked":"theDuelist:PreventRat+1","floor":24},{"not_picked":["theDuelist:SilentDoom","theDuelist:MagicalBlast","theDuelist:ContractExodia+1","theDuelist:Wildfire"],"picked":"theDuelist:GrandSpellbookTower","floor":25},{"not_picked":["theDuelist:InfernoFireBlast","theDuelist:FlyingSaucer","theDuelist:MysticalElf","theDuelist:MythicalBeast"],"picked":"theDuelist:SangaThunder+1","floor":27},{"not_picked":["theDuelist:SangaThunder","theDuelist:FlyingSaucer","theDuelist:BlueDragonSummoner","theDuelist:ExodiaRA+1"],"picked":"theDuelist:InjectionFairy+1","floor":28},{"not_picked":["theDuelist:TimeWizard","theDuelist:BadReaction","theDuelist:WonderWand"],"picked":"theDuelist:Yami+1","floor":29},{"not_picked":["theDuelist:RainbowDarkDragon","theDuelist:IrisEarthMother","theDuelist:RainbowKuriboh","theDuelist:RainbowOverdragon"],"picked":"theDuelist:RainbowMagician","floor":33},{"not_picked":["theDuelist:DummyGolem","theDuelist:EvilswarmHeliotrope+1","theDuelist:MudGolem+1","theDuelist:PowerGiant"],"picked":"theDuelist:RainbowOverdragon+1","floor":35},{"not_picked":["theDuelist:SangaThunder","theDuelist:GeminiElf","theDuelist:CallAtlanteans+1","theDuelist:FlyingSaucer+1"],"picked":"theDuelist:BlueDragonSummoner+1","floor":36}],"player_experience":550561,"relics_obtained":[{"floor":8,"key":"Cables"},{"floor":9,"key":"theDuelist:SpellcasterStone"},{"floor":11,"key":"Mummified Hand"},{"floor":24,"key":"hubris:MysteriousPyramids"},{"floor":26,"key":"Champion Belt"},{"floor":27,"key":"Turnip"}],"event_choices":[{"damage_healed":0,"gold_gain":0,"player_choice":"Left Gold","damage_taken":0,"max_hp_gain":0,"max_hp_loss":0,"event_name":"World of Goop","floor":10,"gold_loss":26},{"damage_healed":0,"gold_gain":0,"player_choice":"Opened","damage_taken":0,"relics_obtained":["theDuelist:BoosterBetterBoostersRelic"],"max_hp_gain":0,"max_hp_loss":0,"event_name":"The Mausoleum","floor":19,"gold_loss":0,"cards_obtained":["Writhe"]},{"damage_healed":0,"gold_gain":0,"player_choice":"Leave","duelist":true,"damage_taken":0,"max_hp_gain":0,"max_hp_loss":0,"event_name":"Relic Duplicator","floor":20,"gold_loss":0},{"total_magic_score":77,"gold_gain":0,"duelist":true,"damage_taken":0,"relics_obtained":[],"points":1,"max_hp_gain":0,"max_hp_loss":0,"spent_points":{"magic":1,"greed":0,"war":0,"power":0,"hunger":0},"event_name":"Nameless Tomb","floor":31,"gold_loss":0,"magic_reward":1,"cards_obtained":["theDuelist:Nameless:Magic:GravityLash","Injury","Normality","theDuelist:PsiCurse"]},{"cards_removed":["theDuelist:PreventRat"],"damage_healed":0,"gold_gain":0,"player_choice":"Removed Skill","damage_taken":0,"max_hp_gain":0,"max_hp_loss":0,"event_name":"Falling","floor":37,"gold_loss":0},{"damage_healed":0,"gold_gain":0,"player_choice":"Leave","duelist":true,"damage_taken":0,"max_hp_gain":0,"max_hp_loss":0,"event_name":"Egyptian Village","floor":39,"gold_loss":0}],"is_beta":false,"boss_relics":[{"not_picked":["Runic Pyramid","Tiny House"],"picked":"Snecko Eye"},{"not_picked":["hubris:VirtuousBlindfold","halation:Yufonium"],"picked":"halation:HeavySnake"}],"items_purged_floors":[30,38],"is_endless":true,"potions_floor_spawned":[1,7,13,18,21,22,24,33,35],"killed_by":"Reptomancer","ascension_level":10}}