{"host":"c3mohl8225ccym5l","time":1613604250,"event":{"mods":["Act Like it!","BaseMod","Beaked The Cultist","BetterRewards","Card Forge","Downfall","Duelist Mod","Glutton Mod","GungeonMod","Hallownest","Hermit","Ironclad Rager","Jorbs\u0027s Wanderer Trilogy","Koishi","Marisa????????","Marked Mod","Minty Spire (QoL Compilation)","Pikachu Mod","Shade Mod","Shop Mod","StSLib","Td1madao Mod","The Administrix","The Blackbeard","The Bladedancer","The Bug Knight","The Clintock","The Construct","The Cursed","The Disciple","The Hierophant","The Jungle","The Kombatant","The Marked","The Necromancer","The Poker Player","The Senshi","The Servant 0.9.4","The Wild Card","TheBandit","TheFirefly","TheVacant","Yuri Mod"],"gold_per_floor":[112,129,140,155,40,40,56,97,122,102,102,51,112,169,169,295,295,353,168,230,276,276,276,48,113,113,113,156,156,31,92,92,254,254,344,431,385,385,436,436,576,686,686,865,865,598,617,731,731,861,861,861,642,747,877],"floor_reached":56,"language":"ENG","playtime":2897,"items_purged":["blackbeard:BlackbeardStrike+1"],"score":1391,"play_id":"e4977735-d6c3-4f15-b279-c3762a0a412d","local_time":"20210217172410","is_ascension_mode":false,"campfire_choices":[{"data":"blackbeard:GoldenCannonball","floor":6,"key":"SMITH"},{"data":"blackbeard:Anchor","floor":11,"key":"SMITH"},{"floor":15,"key":"REST"},{"floor":23,"key":"RECALL"},{"floor":27,"key":"REST"},{"floor":32,"key":"REST"},{"floor":45,"key":"REST"},{"floor":49,"key":"REST"},{"floor":52,"key":"REST"}],"circlet_count":0,"master_deck":["blackbeard:IntimidatingStrike+1","blackbeard:Cutlass+1","blackbeard:Anchor+1","blackbeard:GoldenStrike+1","blackbeard:GoldenCannonball+1","blackbeard:BuriedTreasure+1","blackbeard:BuriedTreasure+1","blackbeard:GoldenStrike+1","blackbeard:GoldenDefense+1","blackbeard:BountyHunter+1","blackbeard:CannonballSupply+1","blackbeard:Rum+1","blackbeard:FieryDefense+1","blackbeard:GoldenCannonball+1","blackbeard:GoldenCannonball+1","blackbeard:BountyHunter+1","blackbeard:FinalBarrage+1","blackbeard:BoostMorale+1","blackbeard:Bandana+1","blackbeard:Bandana+1","blackbeard:CaptainsCabin+1","blackbeard:GoldenStrike+1","blackbeard:GoldenDefense+1","blackbeard:CloakAndCannonball+1","blackbeard:Bandana+1","blackbeard:Rum+1","blackbeard:GoldenStrike+1","blackbeard:CloakAndCannonball+1","blackbeard:Bandana+1"],"relics":["blackbeard:LoadTheCannons","Hammer of Thor","Seething Fire","Anvil of the Gods","DemoMod:GnawedKey","DemoMod:LamentConfigurum","Boot","DemoMod:NanoMachines","Fusion Hammer","theJungle:Creamberry","theJungle:WildPear","Membership Card","theSenshi:FeatherClipsRelic","Kunai","Pandora\u0027s Box","PreservedInsect","Thread and Needle","Pear","DemoMod:VorpalBullet","DemoMod:MonsterBlood","Nunchaku","OrangePellets","blackbeard:PowderCan","Strawberry","theSenshi:SailorFukuRelic"],"acts_visited":["Exordium","Exordium","TheBeyond","TheEnding"],"potions_floor_usage":[8,13,16,16,16,21,25,33,33,33,42,55,55,55],"damage_taken":[{"damage":0,"enemies":"Jaw Worm","floor":1,"turns":3},{"damage":0,"enemies":"Cultist","floor":2,"turns":3},{"damage":0,"enemies":"Small Slimes","floor":3,"turns":3},{"damage":3,"enemies":"2 Fungi Beasts","floor":4,"turns":3},{"damage":0,"enemies":"Red Slaver","floor":7,"turns":2},{"damage":0,"enemies":"3 Sentries","floor":8,"turns":8},{"damage":35,"enemies":"Exordium Thugs","floor":13,"turns":8},{"damage":42,"enemies":"Gremlin Nob","floor":14,"turns":6},{"damage":14,"enemies":"The Guardian","floor":16,"turns":20},{"damage":0,"enemies":"theJungle:GiantWrat","floor":18,"turns":5},{"damage":5,"enemies":"theJungle:Flameango_and_Byrd","floor":20,"turns":5},{"damage":19,"enemies":"theJungle:Lyon","floor":21,"turns":4},{"damage":17,"enemies":"theJungle:2_Snecko_Cultists","floor":25,"turns":4},{"damage":0,"enemies":"theJungle:Snecko_Cultist_And_Trap","floor":28,"turns":5},{"damage":0,"enemies":"theJungle:JungleHuntersEncounter","floor":31,"turns":5},{"damage":32,"enemies":"theJungle:TotemBoss","floor":33,"turns":9},{"damage":0,"enemies":"3 Darklings","floor":35,"turns":4},{"damage":15,"enemies":"3 Shapes","floor":36,"turns":3},{"damage":0,"enemies":"Spire Growth","floor":39,"turns":2},{"damage":19,"enemies":"Mind Bloom Boss Battle","floor":41,"turns":5},{"damage":0,"enemies":"Writhing Mass","floor":42,"turns":5},{"damage":12,"enemies":"Reptomancer","floor":44,"turns":4},{"damage":0,"enemies":"Sphere and 2 Shapes","floor":47,"turns":3},{"damage":0,"enemies":"Spire Growth","floor":48,"turns":4},{"damage":49,"enemies":"Time Eater","floor":50,"turns":9},{"damage":16,"enemies":"Shield and Spear","floor":54,"turns":3},{"damage":64,"enemies":"The Heart","floor":55,"turns":10}],"seed_played":"7419134458801668953","potions_obtained":[{"floor":1,"key":"SkillPotion"},{"floor":3,"key":"Slimebound:ThreeZeroPotion"},{"floor":7,"key":"champ:CounterPotion"},{"floor":10,"key":"Regen Potion"},{"floor":14,"key":"Block Potion"},{"floor":16,"key":"bronze:BurnAndBuffPotion"},{"floor":20,"key":"Explosive Potion"},{"floor":21,"key":"GamblersBrew"},{"floor":28,"key":"champ:CounterPotion"},{"floor":31,"key":"CultistPotion"},{"floor":36,"key":"Weak Potion"},{"floor":41,"key":"Dexterity Potion"},{"floor":44,"key":"Ancient Potion"},{"floor":48,"key":"Energy Potion"}],"is_trial":false,"path_per_floor":["M","M","M","M","$","R","M","E","T","?","R","$","M","E","R","B",null,"M","?","M","M","?","R","$","M","T","R","M","?","$","M","R","B",null,"M","M","$","?","M","T","?","M","T","E","R","$","M","M","R","B",null,"R","$","E","B",null],"character_chosen":"BLACKBEARD_CLASS","items_purchased":["DemoMod:GnawedKey","blackbeard:GoldenStrike","Membership Card","blackbeard:GoldenCannonball","Kunai","blackbeard:GoldenStrike","blackbeard:GoldenDefense","blackbeard:Rum","blackbeard:GoldenStrike","DemoMod:MonsterBlood","Nunchaku","OrangePellets","blackbeard:PowderCan","ColorlessPotion","DemoMod:WeirdEgg"],"campfire_rested":6,"item_purchase_floors":[5,12,24,24,30,37,37,46,46,46,46,46,53,53,53],"current_hp_per_floor":[82,82,82,79,79,79,79,79,79,79,79,79,44,2,26,27,82,82,82,77,58,68,68,68,51,51,78,84,84,84,90,92,66,92,92,83,83,83,89,89,76,82,92,86,102,109,109,109,109,66,109,109,116,106,48],"gold":877,"neow_bonus":"TEN_PERCENT_HP_BONUS","is_daily":false,"chose_seed":false,"campfire_upgraded":2,"win_rate":0.0,"timestamp":1613604250,"path_taken":["M","M","M","M","$","R","M","E","T","?","R","?","M","E","R","BOSS","M","?","M","M","?","R","$","M","T","R","M","?","$","M","R","BOSS","M","M","$","?","M","?","?","?","T","E","R","?","M","M","R","BOSS","R","$","E","BOSS"],"items_purchased_type":["Relic","Card","Relic","Card","Relic","Card","Card","Card","Card","Relic","Relic","Relic","Relic","Potion","Relic"],"build_version":"2020-12-22","purchased_purges":1,"victory":true,"max_hp_per_floor":[82,82,82,82,82,82,82,82,82,82,82,82,82,82,82,82,82,82,82,82,82,92,92,92,92,92,92,92,92,92,92,92,92,92,92,92,92,92,92,92,92,92,102,102,102,109,109,109,109,109,109,109,116,116,116],"card_choices":[{"not_picked":["blackbeard:CatONineTails","blackbeard:WoodenLeg"],"picked":"blackbeard:Anchor","floor":1},{"not_picked":["blackbeard:WeaponProficiency","blackbeard:DangerousBlow"],"picked":"blackbeard:GoldenStrike","floor":2},{"not_picked":["blackbeard:WeaponProficiency","blackbeard:Murder"],"picked":"blackbeard:GoldenCannonball","floor":3},{"not_picked":["blackbeard:SmithingHammer","blackbeard:TerrorOfTheSeas","blackbeard:Toast"],"picked":"SKIP","floor":4},{"not_picked":["blackbeard:Shrapnel","blackbeard:CloakAndCannonball"],"picked":"blackbeard:BuriedTreasure","floor":7},{"not_picked":["blackbeard:ReapersScythe","blackbeard:AgileStrike"],"picked":"blackbeard:BuriedTreasure","floor":8},{"not_picked":["blackbeard:JollyRoger","blackbeard:Eyepatch"],"picked":"blackbeard:GoldenDefense","floor":13},{"not_picked":["blackbeard:Provisioning","blackbeard:Spear","blackbeard:AgileStrike"],"picked":"SKIP","floor":14},{"not_picked":["blackbeard:Parrot","blackbeard:GoldenRain"],"picked":"blackbeard:BountyHunter","floor":16},{"not_picked":["blackbeard:Anchor+1","blackbeard:RearmingStrike"],"picked":"blackbeard:CannonballSupply+1","floor":18},{"not_picked":["blackbeard:Toast","blackbeard:CloakAndCannonball"],"picked":"blackbeard:Rum+1","floor":20},{"not_picked":["blackbeard:Dagger","blackbeard:CannonballSupply+1"],"picked":"blackbeard:FieryDefense+1","floor":21},{"not_picked":["blackbeard:Eyepatch+1","blackbeard:Upgrade+1","blackbeard:Toast"],"picked":"SKIP","floor":25},{"not_picked":["blackbeard:PiratesWill+1","blackbeard:SwordDance"],"picked":"blackbeard:GoldenCannonball+1","floor":28},{"not_picked":["blackbeard:Boarding+1","blackbeard:Fencing+1","blackbeard:BlindAttacks"],"picked":"SKIP","floor":31},{"not_picked":["blackbeard:PirateStrength+1","blackbeard:MegaUpgrade+1"],"picked":"blackbeard:BountyHunter+1","floor":33},{"not_picked":["blackbeard:DeadlyArsenal","blackbeard:FieryDefense+1"],"picked":"blackbeard:Bandana+1","floor":35},{"not_picked":["blackbeard:BeatUp+1","blackbeard:TerrorOfTheSeas+1"],"picked":"blackbeard:CaptainsCabin+1","floor":36},{"not_picked":["blackbeard:DeadlyArsenal","blackbeard:BoostMorale+1"],"picked":"blackbeard:CloakAndCannonball+1","floor":39},{"not_picked":["blackbeard:BeatUp+1","blackbeard:FieryDefense+1"],"picked":"blackbeard:Bandana+1","floor":42},{"not_picked":["blackbeard:SwordDance","blackbeard:Spear+1","blackbeard:DelayedPain+1"],"picked":"SKIP","floor":44},{"not_picked":["blackbeard:Sword","blackbeard:ChaoticDefense+1"],"picked":"blackbeard:CloakAndCannonball+1","floor":47},{"not_picked":["blackbeard:DoubleBottom+1","blackbeard:Sharpening","blackbeard:Toast+1"],"picked":"SKIP","floor":48},{"not_picked":["blackbeard:DelayedPain+1","blackbeard:TerrorOfTheSeas+1"],"picked":"blackbeard:Bandana+1","floor":54}],"player_experience":192051,"relics_obtained":[{"floor":8,"key":"DemoMod:LamentConfigurum"},{"floor":14,"key":"Boot"},{"floor":26,"key":"theSenshi:FeatherClipsRelic"},{"floor":40,"key":"PreservedInsect"},{"floor":41,"key":"Thread and Needle"},{"floor":43,"key":"Pear"},{"floor":44,"key":"DemoMod:VorpalBullet"},{"floor":54,"key":"theSenshi:SailorFukuRelic"}],"event_choices":[{"damage_healed":0,"gold_gain":0,"player_choice":"Bought 1 Potion","damage_taken":0,"max_hp_gain":0,"max_hp_loss":0,"event_name":"The Woman in Blue","floor":10,"gold_loss":0},{"damage_healed":0,"gold_gain":0,"cards_transformed":["blackbeard:BlackbeardStrike"],"player_choice":"Transformed","damage_taken":0,"max_hp_gain":0,"max_hp_loss":0,"event_name":"Transmorgrifier","floor":29,"gold_loss":0,"cards_obtained":["blackbeard:JollyRoger"]},{"cards_removed":["blackbeard:JollyRoger"],"damage_healed":0,"gold_gain":0,"player_choice":"Removed Skill","damage_taken":0,"max_hp_gain":0,"max_hp_loss":0,"event_name":"Falling","floor":38,"gold_loss":0},{"damage_healed":0,"gold_gain":0,"player_choice":"Fight","damage_taken":0,"max_hp_gain":0,"max_hp_loss":0,"event_name":"MindBloom","floor":41,"gold_loss":0}],"is_beta":false,"boss_relics":[{"not_picked":["Runic Dome","SlaversCollar"],"picked":"Fusion Hammer"},{"not_picked":["blackbeard:SoberMinded","Philosopher\u0027s Stone"],"picked":"Pandora\u0027s Box"}],"items_purged_floors":[24],"is_endless":false,"potions_floor_spawned":[1,3,7,14,16,20,21,28,31,36,41,44,48],"ascension_level":0}}