{"host":"1dkd4flhdqbv9eyg","time":1613595230,"event":{"mods":["AchievementEnabler","BaseMod","Better Note","Evolution","Gold Saver","Minty Spire (QoL Compilation)","Spicy Shops","StSLib"],"gold_per_floor":[1052,1062,1062,514,532,532,532,532,614,634,646,660,237,297,297,398,398,409,429,429,126,144,144,175,187,211,310,310,328,328,64,64,161,161,176,176,199,199,214,240,251,268,268,341,341,60,60,86,86,86,86,86,26,51,51],"floor_reached":56,"language":"ENG","playtime":3187,"items_purged":["Zap"],"score":1320,"play_id":"8da15381-51bc-4408-a4ab-e684faea58a1","local_time":"20210217125350","is_ascension_mode":false,"campfire_choices":[{"data":"Echo Form","floor":6,"key":"SMITH"},{"data":"Scrape","floor":8,"key":"SMITH"},{"floor":15,"key":"REST"},{"floor":23,"key":"REST"},{"floor":28,"key":"RECALL"},{"floor":32,"key":"REST"},{"data":"Scrape","floor":47,"key":"SMITH"},{"data":"Skim","floor":49,"key":"SMITH"},{"data":"Echo Form","floor":52,"key":"SMITH"}],"circlet_count":0,"master_deck":["Strike_B","Strike_B","Strike_B+1","Strike_B","Defend_B","Defend_B+1","Defend_B+1","Defend_B+1","Beam Cell","Echo Form+1","Scrape+1","Violence","Steam","Scrape+1","Go for the Eyes","Rebound","Steam","Echo Form+1","Beam Cell+1","Gash","Skim+1","Conserve Battery","Reprogram","Gash+1","Deep Breath","All For One","CurseOfTheBell","Conserve Battery","Steam+1","Gash+1","Doubt","Gash","Finesse+1","Reboot+1"],"relics":["Cracked Core","EVO:Axolotl","Happy Flower","War Paint","Shuriken","Lantern","InkBottle","Letter Opener","Black Star","HandDrill","Centennial Puzzle","Red Mask","Vajra","Calling Bell","Bronze Scales","Mercury Hourglass","Prayer Wheel","Anchor","Pen Nib","CaptainsWheel","Meat on the Bone","Toxic Egg 2","Oddly Smooth Stone","The Courier","Gambling Chip","HornCleat","Pear"],"acts_visited":["Exordium","TheCity","TheBeyond","TheEnding"],"potions_floor_usage":[14,16,19,24,25,40,50],"damage_taken":[{"damage":11,"enemies":"2 Louse","floor":1,"turns":3},{"damage":0,"enemies":"Small Slimes","floor":2,"turns":3},{"damage":3,"enemies":"Jaw Worm","floor":5,"turns":2},{"damage":18,"enemies":"Gremlin Gang","floor":10,"turns":4},{"damage":10,"enemies":"2 Fungi Beasts","floor":11,"turns":3},{"damage":8,"enemies":"Exordium Wildlife","floor":12,"turns":3},{"damage":0,"enemies":"3 Sentries","floor":14,"turns":4},{"damage":8,"enemies":"Slime Boss","floor":16,"turns":6},{"damage":17,"enemies":"Spheric Guardian","floor":18,"turns":4},{"damage":0,"enemies":"Shell Parasite","floor":19,"turns":2},{"damage":21,"enemies":"Snake Plant","floor":22,"turns":3},{"damage":13,"enemies":"Masked Bandits","floor":24,"turns":4},{"damage":2,"enemies":"Shelled Parasite and Fungi","floor":25,"turns":2},{"damage":10,"enemies":"Chosen and Byrds","floor":29,"turns":4},{"damage":0,"enemies":"Collector","floor":33,"turns":6},{"damage":17,"enemies":"3 Darklings","floor":35,"turns":3},{"damage":6,"enemies":"3 Shapes","floor":39,"turns":3},{"damage":23,"enemies":"Reptomancer","floor":40,"turns":5},{"damage":6,"enemies":"Sphere and 2 Shapes","floor":41,"turns":4},{"damage":17,"enemies":"Maw","floor":42,"turns":6},{"damage":0,"enemies":"Giant Head","floor":48,"turns":4},{"damage":26,"enemies":"Donu and Deca","floor":50,"turns":4},{"damage":19,"enemies":"Shield and Spear","floor":54,"turns":4},{"damage":87,"enemies":"The Heart","floor":55,"turns":6}],"seed_played":"2354134335941777070","potions_obtained":[{"floor":2,"key":"GamblersBrew"},{"floor":5,"key":"Energy Potion"},{"floor":11,"key":"Fire Potion"},{"floor":14,"key":"FairyPotion"},{"floor":16,"key":"Energy Potion"},{"floor":18,"key":"FairyPotion"},{"floor":22,"key":"LiquidMemories"},{"floor":24,"key":"Energy Potion"},{"floor":29,"key":"FocusPotion"},{"floor":33,"key":"Strength Potion"},{"floor":40,"key":"Strength Potion"}],"is_trial":false,"path_per_floor":["M","M","?","$","M","R","?","R","T","M","M","M","$","?","R","B",null,"M","M","?","$","M","R","?","M","T","?","R","M","?","$","R","B",null,"M","?","T","?","M","E","M","M","T","T","?","$","R","E","R","B",null,"R","$","E","B",null],"character_chosen":"DEFECT","items_purchased":["Happy Flower","Scrape","War Paint","Violence","Steam","Lantern","Rebound","InkBottle","HandDrill","Centennial Puzzle","Vajra","Deep Breath","Gash","Oddly Smooth Stone","Finesse+1"],"campfire_rested":3,"item_purchase_floors":[4,4,4,4,4,13,13,13,21,21,31,31,46,46,46],"current_hp_per_floor":[64,64,64,64,61,61,46,46,46,28,18,10,10,10,32,24,75,58,58,58,58,37,59,46,44,44,44,44,34,34,34,56,56,75,58,58,58,58,52,29,23,6,6,6,75,75,75,75,75,49,75,75,75,66,31],"gold":51,"neow_bonus":"HUNDRED_GOLD","is_daily":false,"chose_seed":false,"campfire_upgraded":5,"win_rate":0.0,"timestamp":1613595230,"path_taken":["M","M","?","$","M","R","?","R","T","M","M","M","$","?","R","BOSS","M","M","?","$","M","R","?","M","T","?","R","?","?","$","R","BOSS","M","?","?","?","M","E","M","?","T","?","?","$","R","E","R","BOSS","R","$","E","BOSS"],"items_purchased_type":["Relic","Card","Relic","Card","Card","Relic","Card","Relic","Relic","Relic","Relic","Card","Card","Relic","Card"],"build_version":"2020-12-22","purchased_purges":1,"victory":true,"max_hp_per_floor":[75,75,75,75,75,75,75,75,75,75,75,75,75,75,75,75,75,75,75,75,75,75,75,75,75,75,75,75,75,75,75,75,75,75,75,75,75,75,75,75,75,75,75,75,75,75,75,75,75,75,75,75,75,85,85],"card_choices":[{"not_picked":["Turbo","Rebound"],"picked":"Beam Cell","floor":1},{"not_picked":["Compile Driver","Coolheaded"],"picked":"Echo Form","floor":2},{"not_picked":["Steam","Double Energy"],"picked":"Scrape","floor":5},{"not_picked":["Fusion","Double Energy"],"picked":"Go for the Eyes","floor":10},{"not_picked":["Force Field","Compile Driver","Cold Snap"],"picked":"SKIP","floor":11},{"not_picked":["Steam Power","Redo","Tempest"],"picked":"SKIP","floor":12},{"not_picked":["Auto Shields","Glacier"],"picked":"Steam","floor":14},{"not_picked":["Thunder Strike","Rainbow"],"picked":"Echo Form","floor":16},{"not_picked":["Cold Snap","Compile Driver"],"picked":"Beam Cell+1","floor":18},{"not_picked":["Conserve Battery","Barrage"],"picked":"Gash","floor":19},{"not_picked":["Doom and Gloom","Rebound"],"picked":"Skim","floor":22},{"not_picked":["Rebound","Leap+1"],"picked":"Conserve Battery","floor":24},{"not_picked":["Cold Snap","Darkness"],"picked":"Reprogram","floor":25},{"not_picked":["Glacier+1","Coolheaded"],"picked":"Gash+1","floor":29},{"not_picked":["Electrodynamics","Echo Form"],"picked":"All For One","floor":33},{"not_picked":["BootSequence+1","Melter+1"],"picked":"Conserve Battery","floor":35},{"not_picked":["Auto Shields+1","Ball Lightning","Reinforced Body+1"],"picked":"SKIP","floor":35},{"not_picked":["Turbo+1","Sweeping Beam","Compile Driver"],"picked":"SKIP","floor":39},{"not_picked":["Streamline","Doom and Gloom","Sweeping Beam"],"picked":"SKIP","floor":39},{"not_picked":["Streamline+1","Ball Lightning+1","Defragment+1"],"picked":"SKIP","floor":40},{"not_picked":["Rebound","Streamline"],"picked":"Steam+1","floor":41},{"not_picked":["Leap+1","Ball Lightning+1","Reinforced Body+1"],"picked":"SKIP","floor":41},{"not_picked":["Streamline","Stack+1"],"picked":"Gash+1","floor":42},{"not_picked":["Static Discharge","Rebound+1","Stack+1"],"picked":"SKIP","floor":42},{"not_picked":["Hello World","Barrage"],"picked":"Reboot+1","floor":48},{"not_picked":["Consume+1","Compile Driver+1","Stack+1"],"picked":"SKIP","floor":54}],"player_experience":95202,"relics_obtained":[{"floor":9,"key":"Shuriken"},{"floor":14,"key":"Letter Opener"},{"floor":24,"key":"Red Mask"},{"floor":34,"key":"Bronze Scales"},{"floor":34,"key":"Mercury Hourglass"},{"floor":34,"key":"Prayer Wheel"},{"floor":37,"key":"Anchor"},{"floor":40,"key":"Pen Nib"},{"floor":40,"key":"CaptainsWheel"},{"floor":43,"key":"Meat on the Bone"},{"floor":44,"key":"Toxic Egg 2"},{"floor":48,"key":"The Courier"},{"floor":48,"key":"Gambling Chip"},{"floor":54,"key":"HornCleat"},{"floor":54,"key":"Pear"}],"event_choices":[{"damage_healed":0,"gold_gain":0,"player_choice":"Leave","damage_taken":0,"max_hp_gain":0,"max_hp_loss":0,"event_name":"The Cleric","floor":3,"gold_loss":0},{"damage_healed":0,"gold_gain":0,"player_choice":"Entered Light","damage_taken":15,"max_hp_gain":0,"max_hp_loss":0,"event_name":"Shining Light","floor":7,"gold_loss":0,"cards_upgraded":["Defend_B","Strike_B"]},{"damage_healed":0,"gold_gain":0,"player_choice":"Searched \u00271\u0027 times","damage_taken":0,"max_hp_gain":0,"max_hp_loss":0,"event_name":"Dead Adventurer","floor":14,"gold_loss":0},{"damage_healed":0,"gold_gain":0,"player_choice":"Ignored","damage_taken":0,"max_hp_gain":0,"max_hp_loss":0,"event_name":"betterNote:BetterNote","floor":20,"gold_loss":0,"cards_obtained":["Alpha"]},{"damage_healed":0,"gold_gain":0,"player_choice":"Fought Bandits","damage_taken":0,"max_hp_gain":0,"max_hp_loss":0,"event_name":"Masked Bandits","floor":24,"gold_loss":0},{"damage_healed":0,"gold_gain":99,"player_choice":"Stole From Cult","damage_taken":0,"max_hp_gain":0,"max_hp_loss":0,"event_name":"Nest","floor":27,"gold_loss":0},{"damage_healed":0,"gold_gain":0,"player_choice":"Ignored","damage_taken":0,"max_hp_gain":0,"max_hp_loss":0,"event_name":"Vampires","floor":30,"gold_loss":0},{"cards_removed":["Dualcast"],"damage_healed":0,"gold_gain":0,"player_choice":"Removed Skill","damage_taken":0,"max_hp_gain":0,"max_hp_loss":0,"event_name":"Falling","floor":36,"gold_loss":0},{"damage_healed":0,"gold_gain":0,"player_choice":"Ignored","damage_taken":0,"max_hp_gain":0,"max_hp_loss":0,"event_name":"Mysterious Sphere","floor":38,"gold_loss":0},{"damage_healed":69,"gold_gain":0,"player_choice":"Heal","damage_taken":0,"max_hp_gain":0,"max_hp_loss":0,"event_name":"MindBloom","floor":45,"gold_loss":0,"cards_obtained":["Doubt"]}],"is_beta":false,"boss_relics":[{"not_picked":["Astrolabe","FrozenCore"],"picked":"Black Star"},{"not_picked":["Runic Pyramid","Fusion Hammer"],"picked":"Calling Bell"}],"items_purged_floors":[53],"is_endless":false,"potions_floor_spawned":[2,5,11,14,16,18,22,24,29,33,39,40],"ascension_level":0}}