{"host":"z439itq93uucuvou","time":1613531191,"event":{"mods":["BaseMod","Colored Powertips","Jorbs\u0027s Wanderer Trilogy","Minty Spire (QoL Compilation)","StSLib"],"gold_per_floor":[114,189,199,216,216,216,231,231,286,299,449,449,449,449],"floor_reached":13,"language":"ENG","playtime":938,"items_purged":[],"score":150,"play_id":"51c7dd7e-b7fb-4d1e-a0e8-31a38e2c9f00","local_time":"20210216190631","is_ascension_mode":true,"campfire_choices":[{"data":"Well Laid Plans","floor":6.0,"key":"SMITH"},{"floor":8.0,"key":"REST"}],"circlet_count":0,"master_deck":["AscendersBane","Strike_G","Strike_G","Strike_G","Strike_G","Strike_G","Defend_G","Defend_G","Defend_G","Defend_G","Defend_G","Survivor","Neutralize","Blade Dance","Well Laid Plans+1","Dagger Throw","Choke","Calculated Gamble","Doubt"],"relics":["Ring of the Snake","Golden Idol","Strawberry","Singing Bowl"],"acts_visited":["Exordium"],"potions_floor_usage":[13],"damage_taken":[{"damage":4.0,"enemies":"Small Slimes","floor":1.0,"turns":3.0},{"damage":2.0,"enemies":"2 Louse","floor":3.0,"turns":4.0},{"damage":7.0,"enemies":"Jaw Worm","floor":4.0,"turns":4.0},{"damage":13.0,"enemies":"Large Slime","floor":7.0,"turns":6.0},{"damage":4.0,"enemies":"Red Slaver","floor":10.0,"turns":4.0},{"damage":28,"enemies":"Lagavulin","floor":13,"turns":7}],"seed_played":"-3370453315571452154","potions_obtained":[{"floor":3.0,"key":"Dexterity Potion"},{"floor":4.0,"key":"Poison Potion"}],"is_trial":false,"path_per_floor":["M","?","M","M","?","R","M","R","T","M","?","T","E"],"character_chosen":"THE_SILENT","items_purchased":[],"campfire_rested":1,"item_purchase_floors":[],"current_hp_per_floor":[40,29,27,20,20,20,7,25,32,28,28,28,0,0],"gold":449,"neow_bonus":"THREE_RARE_CARDS","is_daily":false,"chose_seed":false,"campfire_upgraded":1,"win_rate":0.0,"timestamp":1613531191,"path_taken":["M","?","M","M","?","R","M","R","T","M","?","?","E"],"items_purchased_type":[],"build_version":"2020-12-22","purchased_purges":0,"victory":false,"max_hp_per_floor":[66,66,66,66,60,60,60,60,67,67,67,67,67,67],"card_choices":[{"not_picked":["Night Terror","Grand Finale"],"picked":"Wraith Form v2","floor":0.0},{"not_picked":["Sucker Punch","Finisher"],"picked":"Blade Dance","floor":1.0},{"not_picked":["Deadly Poison","Backstab"],"picked":"Well Laid Plans","floor":3.0},{"not_picked":["Bane","Poisoned Stab"],"picked":"Dagger Throw","floor":4.0},{"not_picked":["Well Laid Plans","Flying Knee"],"picked":"Choke","floor":7.0},{"not_picked":["Expertise","Quick Slash"],"picked":"Calculated Gamble","floor":10.0}],"player_experience":1495120,"relics_obtained":[{"floor":9.0,"key":"Strawberry"},{"floor":12.0,"key":"Singing Bowl"}],"event_choices":[{"damage_healed":0.0,"max_hp_gain":0.0,"max_hp_loss":0.0,"gold_gain":75.0,"event_name":"World of Goop","player_choice":"Gather Gold","floor":2.0,"gold_loss":0.0,"damage_taken":11.0},{"damage_healed":0.0,"max_hp_gain":0.0,"max_hp_loss":6.0,"gold_gain":0.0,"event_name":"Golden Idol","player_choice":"Lose Max HP","floor":5.0,"gold_loss":0.0,"damage_taken":0.0,"relics_obtained":["Golden Idol"]},{"damage_healed":0.0,"max_hp_gain":0.0,"max_hp_loss":0.0,"gold_gain":150.0,"event_name":"Liars Game","player_choice":"AGREE","floor":11.0,"gold_loss":0.0,"damage_taken":0.0,"cards_obtained":["Doubt"]}],"is_beta":false,"boss_relics":[],"items_purged_floors":[],"is_endless":false,"potions_floor_spawned":[3,4],"killed_by":"Lagavulin","ascension_level":20}}