{"host":"vhifjdba66khcqwn","time":1613591778,"event":{"mods":["AchievementEnabler","BaseMod","Bestiary","Energized Spire","Minty Spire (QoL Compilation)","Practice Mode","Relic Stats","Spicy Shops","StSLib","slay the spire mod where everything is the same but ironclad has a cowboy hat"],"gold_per_floor":[113,126,126,138,138,167,167,147,147,176,176,249,263,277,277,277,289,302,302,302,302],"floor_reached":20,"language":"ENG","playtime":935,"items_purged":[],"score":221,"play_id":"212f365a-b69c-42e9-a35e-e123e1bed077","local_time":"20210217115618","is_ascension_mode":true,"campfire_choices":[{"floor":7,"key":"REST"},{"data":"Crippling Poison","floor":9,"key":"SMITH"},{"floor":15,"key":"REST"},{"data":"Catalyst","floor":19,"key":"SMITH"}],"circlet_count":0,"master_deck":["AscendersBane","Strike_G","Strike_G","Strike_G","Strike_G","Strike_G","Defend_G","Defend_G","Defend_G","Defend_G","Defend_G","Survivor","Neutralize","Flying Knee","Crippling Poison+1","Quick Slash","Bane","Escape Plan","Dagger Spray","Dodge and Roll","Catalyst+1"],"relics":["Ring of the Snake","Happy Flower","Ornamental Fan","Bag of Preparation","Matryoshka"],"acts_visited":["Exordium"],"potions_floor_usage":[6,20,20],"damage_taken":[{"damage":9.0,"enemies":"Jaw Worm","floor":1.0,"turns":4.0},{"damage":7.0,"enemies":"Small Slimes","floor":2.0,"turns":4.0},{"damage":2,"enemies":"Cultist","floor":4,"turns":4},{"damage":33,"enemies":"3 Sentries","floor":6,"turns":11},{"damage":18,"enemies":"Gremlin Nob","floor":10,"turns":4},{"damage":6,"enemies":"Large Slime","floor":13,"turns":6},{"damage":4,"enemies":"Blue Slaver","floor":14,"turns":3},{"damage":0,"enemies":"Exordium Wildlife","floor":17,"turns":3},{"damage":0,"enemies":"2 Fungi Beasts","floor":18,"turns":2},{"damage":42,"enemies":"Slime Boss","floor":20,"turns":7}],"seed_played":"-7507320320990155635","potions_obtained":[{"floor":1.0,"key":"ColorlessPotion"},{"floor":4,"key":"ColorlessPotion"},{"floor":8,"key":"SkillPotion"}],"is_trial":false,"path_per_floor":["M","M","?","M","?","E","R","?","R","E","T","T","M","M","R","?","M","M","R","B"],"character_chosen":"THE_SILENT","items_purchased":[],"campfire_rested":2,"item_purchase_floors":[],"current_hp_per_floor":[61,54,54,52,52,19,42,42,42,24,24,24,18,14,37,37,37,37,37,0,0],"gold":302,"neow_bonus":"TEN_PERCENT_HP_BONUS","is_daily":false,"chose_seed":false,"campfire_upgraded":2,"win_rate":0.0,"timestamp":1613591778,"path_taken":["M","M","?","M","?","E","R","?","R","E","T","T","M","?","R","?","M","M","R","BOSS"],"items_purchased_type":[],"build_version":"2020-12-22","purchased_purges":0,"victory":false,"max_hp_per_floor":[77,77,77,77,77,77,77,77,77,77,77,77,77,77,77,77,77,77,77,77,77],"relic_stats":{"Happy Flower":[8],"counters":[10,48],"Ornamental Fan":[32],"Bag of Preparation":[10],"obtain_stats":[{"Matryoshka":12,"Happy Flower":6,"Ornamental Fan":10,"Bag of Preparation":11,"Ring of the Snake":0},{"Matryoshka":5,"Happy Flower":4,"Ornamental Fan":5,"Bag of Preparation":5,"Ring of the Snake":0},{"Matryoshka":27,"Happy Flower":23,"Ornamental Fan":27,"Bag of Preparation":27,"Ring of the Snake":0}],"Ring of the Snake":[20]},"card_choices":[{"not_picked":["Tactician","Well Laid Plans"],"picked":"Flying Knee","floor":1.0},{"not_picked":["Sucker Punch","Dodge and Roll"],"picked":"Crippling Poison","floor":2.0},{"not_picked":["Outmaneuver","Caltrops"],"picked":"Quick Slash","floor":4},{"not_picked":["Quick Slash","Infinite Blades","Eviscerate"],"picked":"SKIP","floor":6},{"not_picked":["Accuracy","Acrobatics"],"picked":"Bane","floor":10},{"not_picked":["Calculated Gamble","Deflect"],"picked":"Escape Plan","floor":13},{"not_picked":["Infinite Blades","Calculated Gamble"],"picked":"Dagger Spray","floor":14},{"not_picked":["Prepared","Backflip"],"picked":"Dodge and Roll","floor":17},{"not_picked":["Deflect","Doppelganger"],"picked":"Catalyst","floor":18}],"player_experience":1195743,"relics_obtained":[{"floor":6,"key":"Happy Flower"},{"floor":10,"key":"Ornamental Fan"},{"floor":11,"key":"Bag of Preparation"},{"floor":12,"key":"Matryoshka"}],"event_choices":[{"damage_healed":0,"gold_gain":0,"player_choice":"Ignored","damage_taken":0,"max_hp_gain":0,"max_hp_loss":0,"event_name":"Shining Light","floor":3,"gold_loss":0},{"damage_healed":0,"gold_gain":0,"player_choice":"Ignored","damage_taken":0,"max_hp_gain":0,"max_hp_loss":0,"event_name":"Golden Wing","floor":5,"gold_loss":0},{"damage_healed":0,"gold_gain":0,"player_choice":"Bought 1 Potion","damage_taken":0,"max_hp_gain":0,"max_hp_loss":0,"event_name":"The Woman in Blue","floor":8,"gold_loss":0},{"damage_healed":0,"gold_gain":0,"player_choice":"Ignored","damage_taken":0,"max_hp_gain":0,"max_hp_loss":0,"event_name":"Liars Game","floor":16,"gold_loss":0}],"is_beta":false,"boss_relics":[],"items_purged_floors":[],"is_endless":false,"potions_floor_spawned":[1,4,10,14,17],"killed_by":"Slime Boss","ascension_level":13}}