{"host":"l2lylj0omvglf5x0","time":1613573825,"event":{"mods":["2.2 Compatiblity","BaseMod","Bestiary","Block Reminder","Colored Map","Colored Powertips","Curses Come First","Highlight Path","Keyboard Shortcuts","Minty Spire (QoL Compilation)","Relic Sorter","Relic Stats","Slay the Relics Exporter","StSLib","SuperFastMode"],"gold_per_floor":[112,125,125,141,155,155,189,203,203,232,232,250,250,250,250,324,324,303,228,228,243,168,168,194,194,194,210,228,228,228],"floor_reached":29,"language":"ENG","playtime":1157,"items_purged":["Defend_G"],"score":518,"play_id":"71ad0e6e-9bcd-4a77-a4f7-32ca34a29f0f","local_time":"20210217155705","is_ascension_mode":true,"campfire_choices":[{"data":"Burst","floor":6,"key":"SMITH"},{"data":"Neutralize","floor":11,"key":"SMITH"},{"data":"Well Laid Plans","floor":13,"key":"SMITH"},{"data":"Survivor","floor":15,"key":"SMITH"},{"floor":23,"key":"REST"}],"circlet_count":0,"master_deck":["AscendersBane","Strike_G","Defend_G","Defend_G","Defend_G","Survivor+1","Neutralize+1","Noxious Fumes+1","Dash+1","Bouncing Flask+1","Deadly Poison","Burst+1","Blur","Backstab","Deadly Poison","Quick Slash+1","Well Laid Plans+1","After Image+1","Dodge and Roll+1","Flying Knee+1","Backflip"],"relics":["Astrolabe","Art of War","Molten Egg 2","Kunai","Matryoshka","Black Star","Potion Belt","Paper Crane","Anchor","The Courier"],"acts_visited":["Exordium","TheCity"],"potions_floor_usage":[7,16,21,24,29],"damage_taken":[{"damage":0,"enemies":"Small Slimes","floor":1,"turns":4},{"damage":0,"enemies":"Cultist","floor":2,"turns":4},{"damage":0,"enemies":"2 Louse","floor":4,"turns":2},{"damage":0,"enemies":"Blue Slaver","floor":5,"turns":3},{"damage":10,"enemies":"Lagavulin","floor":7,"turns":5},{"damage":1,"enemies":"Looter","floor":8,"turns":4},{"damage":10,"enemies":"3 Sentries","floor":10,"turns":7},{"damage":0,"enemies":"Red Slaver","floor":12,"turns":2},{"damage":10,"enemies":"The Guardian","floor":16,"turns":6},{"damage":28,"enemies":"2 Thieves","floor":18,"turns":4},{"damage":6,"enemies":"3 Byrds","floor":21,"turns":2},{"damage":0,"enemies":"Gremlin Leader","floor":24,"turns":8},{"damage":6,"enemies":"Cultist and Chosen","floor":27,"turns":7},{"damage":5,"enemies":"Snake Plant","floor":28,"turns":5},{"damage":20,"enemies":"Slavers","floor":29,"turns":3}],"seed_played":"-6011155521746032069","potions_obtained":[{"floor":2,"key":"LiquidMemories"},{"floor":7,"key":"CunningPotion"},{"floor":12,"key":"Poison Potion"},{"floor":18,"key":"ColorlessPotion"},{"floor":21,"key":"EssenceOfSteel"}],"is_trial":false,"path_per_floor":["M","M","?","M","M","R","E","M","T","E","R","M","R","?","R","B",null,"M","?","?","M","$","R","E","?","T","M","M","E"],"character_chosen":"THE_SILENT","items_purchased":[],"campfire_rested":1,"item_purchase_floors":[],"current_hp_per_floor":[59,59,59,59,59,59,49,48,48,38,38,38,38,33,33,23,55,27,27,27,21,21,40,40,31,31,25,20,0,0],"gold":228,"neow_bonus":"BOSS_RELIC","is_daily":false,"chose_seed":false,"campfire_upgraded":4,"win_rate":0.0,"timestamp":1613573825,"path_taken":["M","M","?","?","M","R","E","M","T","E","R","M","R","?","R","BOSS","M","?","?","?","$","R","E","?","T","M","?","E"],"items_purchased_type":[],"build_version":"2020-12-22","purchased_purges":1,"victory":false,"max_hp_per_floor":[66,66,66,66,66,66,66,66,66,66,66,66,66,66,66,66,66,66,66,66,66,66,66,66,66,66,66,66,66,66],"relic_stats":{"counters":[15,66],"Astrolabe":["Noxious Fumes","Dash","Bouncing Flask"],"Art of War":[8],"Black Star":1,"Kunai":[5],"obtain_stats":[{"Potion Belt":24,"Anchor":26,"Matryoshka":14,"Astrolabe":0,"Molten Egg 2":9,"The Courier":26,"Art of War":7,"Black Star":17,"Kunai":10,"Paper Crane":24,"Ring of the Snake":0},{"Potion Belt":12,"Anchor":12,"Matryoshka":8,"Astrolabe":0,"Molten Egg 2":6,"The Courier":12,"Art of War":5,"Black Star":9,"Kunai":7,"Paper Crane":12,"Ring of the Snake":0},{"Potion Belt":51,"Anchor":51,"Matryoshka":31,"Astrolabe":0,"Molten Egg 2":22,"The Courier":51,"Art of War":18,"Black Star":37,"Kunai":29,"Paper Crane":51,"Ring of the Snake":0}]},"card_choices":[{"not_picked":["Underhanded Strike","Slice","Flechettes"],"picked":"SKIP","floor":1},{"not_picked":["Acrobatics","Dodge and Roll"],"picked":"Deadly Poison","floor":2},{"not_picked":["Riddle With Holes","Well Laid Plans"],"picked":"Blur","floor":4},{"not_picked":["Infinite Blades","Accuracy"],"picked":"Backstab","floor":5},{"not_picked":["Flechettes","Blade Dance"],"picked":"Deadly Poison","floor":7},{"not_picked":["Cloak And Dagger","Sucker Punch","Terror"],"picked":"SKIP","floor":8},{"not_picked":["Doppelganger","Predator+1"],"picked":"Quick Slash+1","floor":10},{"not_picked":["Predator+1","Dagger Throw+1"],"picked":"Well Laid Plans","floor":12},{"not_picked":["Night Terror","Venomology"],"picked":"After Image","floor":16},{"not_picked":["Cloak And Dagger","Predator+1","Setup"],"picked":"SKIP","floor":18},{"not_picked":["Flying Knee+1","Blade Dance"],"picked":"Dodge and Roll+1","floor":21},{"not_picked":["Underhanded Strike+1","Expertise"],"picked":"Flying Knee+1","floor":24},{"not_picked":["Setup+1","Bullet Time","Blade Dance"],"picked":"SKIP","floor":27},{"not_picked":["Skewer+1","Deadly Poison"],"picked":"Backflip","floor":28}],"player_experience":963775,"relics_obtained":[{"floor":7,"key":"Art of War"},{"floor":9,"key":"Molten Egg 2"},{"floor":10,"key":"Kunai"},{"floor":24,"key":"Potion Belt"},{"floor":24,"key":"Paper Crane"},{"floor":26,"key":"Anchor"},{"floor":26,"key":"The Courier"}],"event_choices":[{"damage_healed":0,"gold_gain":0,"cards_transformed":["Strike_G"],"player_choice":"Transformed","damage_taken":0,"max_hp_gain":0,"max_hp_loss":0,"event_name":"Transmorgrifier","floor":3,"gold_loss":0,"cards_obtained":["Burst"]},{"damage_healed":0,"gold_gain":0,"player_choice":"Success","damage_taken":5,"relics_obtained":["Matryoshka"],"max_hp_gain":0,"max_hp_loss":0,"event_name":"Scrap Ooze","floor":14,"gold_loss":0},{"cards_removed":["Strike_G"],"damage_healed":0,"gold_gain":0,"player_choice":"Gave Gold","damage_taken":0,"max_hp_gain":0,"max_hp_loss":0,"event_name":"Beggar","floor":19,"gold_loss":75},{"damage_healed":0,"gold_gain":0,"player_choice":"Upgraded","damage_taken":0,"max_hp_gain":0,"max_hp_loss":0,"event_name":"Upgrade Shrine","floor":20,"gold_loss":0,"cards_upgraded":["After Image"]},{"damage_healed":0,"gold_gain":0,"player_choice":"Damaged","damage_taken":9,"max_hp_gain":0,"max_hp_loss":0,"event_name":"Wheel of Change","floor":25,"gold_loss":0}],"is_beta":false,"boss_relics":[{"not_picked":["Calling Bell","Cursed Key"],"picked":"Black Star"}],"items_purged_floors":[22],"is_endless":false,"potions_floor_spawned":[2,7,12,18,21],"killed_by":"Slavers","ascension_level":17}}