{"host":"cd7awanv0x2msn9z","time":1613564647,"event":{"mods":["BaseMod","Downfall","Minty Spire (QoL Compilation)","Replay The Spire","StSLib","SuperFastMode"],"gold_per_floor":[115,115,180,180,230,260,322,322,403,434,452,470,484,512,512,512,512],"floor_reached":16,"language":"ZHS","playtime":490,"items_purged":[],"score":154,"play_id":"d6fcd311-bae3-4140-b105-adc979c45e66","local_time":"20210217202407","is_ascension_mode":true,"campfire_choices":[{"data":"Burst","floor":8.0,"key":"SMITH"},{"data":"Draining Mist","floor":15,"key":"SMITH"}],"circlet_count":0,"master_deck":["Strike_G","Strike_G+1","Strike_G+1","Strike_G","Strike_G","Defend_G+1","Defend_G+1","Defend_G","Defend_G","Survivor","Neutralize","Bane","Regret","Burst+1","Deadly Poison","Prepared","Poisoned Stab","Draining Mist+1","Venomology"],"relics":["Ring of the Snake","NeowsBlessing","SsserpentHead","War Paint","ReplayTheSpireMod:Shallot","Snack Pack","Whetstone","Bird Faced Urn"],"acts_visited":["Exordium"],"potions_floor_usage":[13,14],"damage_taken":[{"damage":0.0,"enemies":"2 Louse","floor":1.0,"turns":1.0},{"damage":0.0,"enemies":"Cultist","floor":3.0,"turns":1.0},{"damage":0.0,"enemies":"Lagavulin","floor":6.0,"turns":1.0},{"damage":12.0,"enemies":"Small Slimes","floor":7.0,"turns":4.0},{"damage":12.0,"enemies":"3 Sentries","floor":10.0,"turns":8.0},{"damage":2,"enemies":"Exordium Thugs","floor":11,"turns":6},{"damage":5,"enemies":"3 Louse","floor":12,"turns":5},{"damage":0,"enemies":"2 Fungi Beasts","floor":13,"turns":3},{"damage":34,"enemies":"Replay:BlueRogue","floor":14,"turns":5},{"damage":19,"enemies":"Fading Forest","floor":16,"turns":3}],"seed_played":"-2392618390856055580","potions_obtained":[{"floor":6.0,"key":"SteroidPotion"},{"floor":7.0,"key":"FearPotion"},{"floor":12,"key":"SkillPotion"},{"floor":13,"key":"SkillPotion"}],"is_trial":false,"path_per_floor":["M","?","M","?","?","E","M","R","T","E","M","M","M","E","R","B"],"character_chosen":"THE_SILENT","items_purchased":[],"campfire_rested":0,"item_purchase_floors":[],"current_hp_per_floor":[70,70,70,70,70,70,58,58,58,50,50,47,49,17,17,0,0],"gold":512,"neow_bonus":"THREE_ENEMY_KILL","is_daily":false,"chose_seed":false,"campfire_upgraded":2,"win_rate":0.0,"timestamp":1613564647,"path_taken":["M","?","?","?","?","E","?","R","T","E","M","M","M","E","R","BOSS"],"items_purchased_type":[],"build_version":"2020-12-22","purchased_purges":0,"victory":false,"max_hp_per_floor":[70,70,70,70,70,70,70,70,70,70,70,70,70,70,70,70,70],"card_choices":[{"not_picked":["Cloak And Dagger","Quick Slash"],"picked":"Bane","floor":1.0},{"not_picked":["Calculated Gamble","Dagger Throw","Cloak And Dagger"],"picked":"SKIP","floor":3.0},{"not_picked":["Choke","Slice"],"picked":"Burst","floor":6.0},{"not_picked":["Slice","Dodge and Roll","Outmaneuver"],"picked":"SKIP","floor":7.0},{"not_picked":["Draining Mist","ReplayTheSpireMod:Tripwire"],"picked":"Deadly Poison","floor":10.0},{"not_picked":["Eviscerate","Reflex"],"picked":"Prepared","floor":11},{"not_picked":["Dagger Throw","Hidden Blade"],"picked":"Poisoned Stab","floor":12},{"not_picked":["Dagger Spray","Quick Slash"],"picked":"Draining Mist","floor":13},{"not_picked":["Cloak And Dagger","Dagger Throw"],"picked":"Venomology","floor":14}],"player_experience":84938,"relics_obtained":[{"floor":6.0,"key":"ReplayTheSpireMod:Shallot"},{"floor":9.0,"key":"Snack Pack"},{"floor":10.0,"key":"Whetstone"},{"floor":14,"key":"Bird Faced Urn"}],"event_choices":[{"damage_healed":0.0,"max_hp_gain":0.0,"max_hp_loss":0.0,"gold_gain":0.0,"event_name":"FaceTrader","player_choice":"Trade","floor":2.0,"gold_loss":0.0,"damage_taken":0.0,"relics_obtained":["SsserpentHead"]},{"cards_removed":["Defend_G"],"damage_healed":0.0,"max_hp_gain":0.0,"max_hp_loss":0.0,"gold_gain":0.0,"event_name":"The Cleric","player_choice":"Card Removal","floor":4.0,"gold_loss":50.0,"damage_taken":0.0},{"damage_healed":0.0,"max_hp_gain":0.0,"max_hp_loss":0.0,"gold_gain":0.0,"event_name":"Big Fish","player_choice":"Box","floor":5.0,"gold_loss":0.0,"damage_taken":0.0,"relics_obtained":["War Paint"],"cards_obtained":["Regret"]}],"is_beta":false,"boss_relics":[],"items_purged_floors":[],"is_endless":false,"potions_floor_spawned":[6,7,12,13],"killed_by":"Fading Forest","ascension_level":1}}