{"host":"188x3om7sf6mgxv1","time":1613579639,"event":{"mods":["BaseMod","Block Reminder","Jorbs\u0027s Wanderer Trilogy","Minty Spire (QoL Compilation)","Relic Stats","StSLib"],"gold_per_floor":[111,42,59,71,85,110,110,110,133,168,182,193,225,60,60,161,161,181,199,199,215,231,231,257,257,257,283,108,133,145,28,28,125,125,142,142,160,28,43,77,77,108,108,140,152,175,187,199,211,223,235,247,50,75,75],"floor_reached":56,"language":"ENG","playtime":2560,"items_purged":["Strike_R","Strike_R","Pain","Strike_R"],"score":1662,"play_id":"e80bae90-114c-42f0-99a8-343ed47f9801","local_time":"20210217113359","is_ascension_mode":true,"campfire_choices":[{"floor":8.0,"key":"REST"},{"floor":15.0,"key":"REST"},{"floor":23.0,"key":"REST"},{"floor":25.0,"key":"REST"},{"floor":32,"key":"REST"},{"floor":45,"key":"RECALL"},{"floor":47,"key":"REST"},{"floor":49,"key":"REST"},{"floor":52,"key":"REST"}],"circlet_count":0,"master_deck":["Strike_R","Strike_R","Defend_R","Defend_R","Defend_R","Defend_R","Bash+1","Sever Soul","Whirlwind+1","Armaments","Evolve","Power Through+1","Spot Weakness+1","Power Through","Carnage","Feed","Burning Pact","Immolate","Entrench","Armaments+1","Blood for Blood","Entrench","Flame Barrier","Reaper","Reaper","Reaper","Heavy Blade+1","Flame Barrier+1","Impervious","Inflame+1","Parasite","Dual Wield+1","Feel No Pain","Dark Embrace","Sentinel+1","Burning Pact+1","Corruption"],"relics":["Fusion Hammer","Whetstone","Smiling Mask","War Paint","Magic Flower","Snecko Eye","Matryoshka","Juzu Bracelet","Happy Flower","The Courier","PreservedInsect","Tiny Chest","DollysMirror","Cursed Key","WarpedTongs","Strawberry","Prayer Wheel","Centennial Puzzle","MawBank","Orrery","Mummified Hand"],"acts_visited":["Exordium","TheCity","TheBeyond","TheEnding"],"potions_floor_usage":[33,46,54,55],"damage_taken":[{"damage":0.0,"enemies":"Cultist","floor":1.0,"turns":3.0},{"damage":0.0,"enemies":"2 Louse","floor":3.0,"turns":2.0},{"damage":7.0,"enemies":"Jaw Worm","floor":4.0,"turns":3.0},{"damage":13.0,"enemies":"Gremlin Gang","floor":5.0,"turns":3.0},{"damage":10.0,"enemies":"3 Sentries","floor":6.0,"turns":6.0},{"damage":18.0,"enemies":"Gremlin Nob","floor":10.0,"turns":3.0},{"damage":0.0,"enemies":"Lots of Slimes","floor":11.0,"turns":1.0},{"damage":3.0,"enemies":"3 Louse","floor":12.0,"turns":3.0},{"damage":10.0,"enemies":"Lagavulin","floor":13.0,"turns":5.0},{"damage":3.0,"enemies":"Slime Boss","floor":16.0,"turns":10.0},{"damage":18.0,"enemies":"Shell Parasite","floor":18.0,"turns":4.0},{"damage":0.0,"enemies":"Chosen","floor":19.0,"turns":4.0},{"damage":23.0,"enemies":"Snecko","floor":21.0,"turns":6.0},{"damage":21.0,"enemies":"Centurion and Healer","floor":22.0,"turns":13.0},{"damage":14.0,"enemies":"Slavers","floor":24.0,"turns":4.0},{"damage":29.0,"enemies":"Book of Stabbing","floor":27.0,"turns":6.0},{"damage":7.0,"enemies":"Slavers","floor":29.0,"turns":3.0},{"damage":12,"enemies":"Snake Plant","floor":30,"turns":4},{"damage":75,"enemies":"Collector","floor":33,"turns":10},{"damage":0,"enemies":"3 Shapes","floor":35,"turns":6},{"damage":0,"enemies":"Orb Walker","floor":37,"turns":3},{"damage":30,"enemies":"Writhing Mass","floor":39,"turns":6},{"damage":52,"enemies":"Giant Head","floor":40,"turns":7},{"damage":20,"enemies":"Reptomancer","floor":42,"turns":5},{"damage":12,"enemies":"Nemesis","floor":44,"turns":5},{"damage":36,"enemies":"Jaw Worm Horde","floor":46,"turns":5},{"damage":58,"enemies":"Donu and Deca","floor":50,"turns":10},{"damage":36,"enemies":"Shield and Spear","floor":54,"turns":5},{"damage":83,"enemies":"The Heart","floor":55,"turns":8}],"seed_played":"4126532871471004814","potions_obtained":[{"floor":3.0,"key":"SneckoOil"},{"floor":5.0,"key":"SkillPotion"},{"floor":7.0,"key":"AttackPotion"},{"floor":7.0,"key":"EssenceOfSteel"},{"floor":22.0,"key":"Regen Potion"},{"floor":24.0,"key":"LiquidBronze"},{"floor":29.0,"key":"FearPotion"}],"is_trial":false,"path_per_floor":["M","$","M","M","M","E","?","R","T","E","M","M","E","$","R","B",null,"M","M","?","M","M","R","E","R","T","E","$","E","M","$","R","B",null,"M","?","M","$","M","E","?","E","T","E","R","M","R","T","R","B",null,"R","$","E","B",null],"character_chosen":"IRONCLAD","items_purchased":["Whirlwind","Burning Pact","BloodPotion","PreservedInsect","DollysMirror","Weak Potion","Swift Potion","Orrery","BloodPotion"],"campfire_rested":8,"item_purchase_floors":[2,14,14,28,31,38,38,53,53],"current_hp_per_floor":[72,72,72,65,52,42,42,66,66,48,48,45,35,35,59,61,78,60,60,44,21,32,59,50,78,78,54,54,52,45,45,76,98,103,108,108,108,108,96,93,93,85,85,73,73,95,122,122,122,122,122,122,122,122,120],"gold":75,"neow_bonus":"BOSS_RELIC","is_daily":false,"chose_seed":false,"campfire_upgraded":0,"win_rate":0.0,"timestamp":1613579639,"path_taken":["M","?","?","M","M","E","?","R","T","E","M","M","E","?","R","BOSS","M","M","?","M","M","R","E","R","T","E","$","E","M","?","R","BOSS","M","?","M","$","M","E","?","E","T","E","R","M","R","?","R","BOSS","R","$","E","BOSS"],"items_purchased_type":["Card","Card","Potion","Relic","Relic","Potion","Potion","Relic","Potion"],"build_version":"2020-12-22","purchased_purges":4,"victory":true,"max_hp_per_floor":[80,80,80,80,80,80,80,80,80,80,80,80,80,80,80,83,83,83,83,88,88,92,92,95,95,95,98,98,101,104,104,104,104,104,108,108,108,108,108,119,119,119,119,119,119,122,122,122,122,122,122,122,122,122,122],"relic_stats":{"Happy Flower":[27],"counters":[29,153],"Magic Flower":[145],"PreservedInsect":337,"Juzu Bracelet":2,"Whetstone":["Bash","Whirlwind"],"War Paint":["Spot Weakness","Power Through"],"Smiling Mask":175,"Cursed Key":1,"MawBank":108,"WarpedTongs":[53],"Centennial Puzzle":[14],"Mummified Hand":[9],"Snecko Eye":[214,198,176,219],"Tiny Chest":1,"Prayer Wheel":1,"obtain_stats":[{"Happy Flower":26,"Magic Flower":13,"The Courier":27,"PreservedInsect":28,"Juzu Bracelet":26,"Whetstone":6,"War Paint":10,"Smiling Mask":9,"Cursed Key":34,"MawBank":44,"Burning Blood":0,"WarpedTongs":36,"Centennial Puzzle":43,"Matryoshka":24,"DollysMirror":31,"Mummified Hand":54,"Strawberry":40,"Snecko Eye":17,"Orrery":53,"Tiny Chest":29,"Prayer Wheel":42,"Fusion Hammer":0},{"Happy Flower":15,"Magic Flower":9,"The Courier":16,"PreservedInsect":16,"Juzu Bracelet":15,"Whetstone":5,"War Paint":6,"Smiling Mask":5,"Cursed Key":19,"MawBank":25,"Burning Blood":0,"WarpedTongs":20,"Centennial Puzzle":24,"Matryoshka":15,"DollysMirror":18,"Mummified Hand":28,"Strawberry":23,"Snecko Eye":10,"Orrery":27,"Tiny Chest":17,"Prayer Wheel":24,"Fusion Hammer":0},{"Happy Flower":70,"Magic Flower":29,"The Courier":76,"PreservedInsect":76,"Juzu Bracelet":70,"Whetstone":17,"War Paint":20,"Smiling Mask":17,"Cursed Key":93,"MawBank":125,"Burning Blood":0,"WarpedTongs":99,"Centennial Puzzle":120,"Matryoshka":70,"DollysMirror":83,"Mummified Hand":145,"Strawberry":115,"Snecko Eye":39,"Orrery":140,"Tiny Chest":79,"Prayer Wheel":120,"Fusion Hammer":0}]},"card_choices":[{"not_picked":["Body Slam","Heavy Blade"],"picked":"Sever Soul","floor":1.0},{"not_picked":["Body Slam","Headbutt"],"picked":"Armaments","floor":3.0},{"not_picked":["Reckless Charge","Searing Blow"],"picked":"Evolve","floor":4.0},{"not_picked":["Flex","Entrench"],"picked":"Power Through","floor":5.0},{"not_picked":["Rupture","Carnage"],"picked":"Spot Weakness","floor":6.0},{"not_picked":["Body Slam","Twin Strike"],"picked":"Power Through","floor":10.0},{"not_picked":["Cleave","True Grit","Dual Wield"],"picked":"SKIP","floor":11.0},{"not_picked":["Havoc","Flex"],"picked":"Carnage","floor":12.0},{"not_picked":["Iron Wave","Sever Soul"],"picked":"Feed","floor":13.0},{"not_picked":["Berserk","Offering"],"picked":"Immolate","floor":16.0},{"not_picked":["Disarm+1","Battle Trance+1"],"picked":"Entrench","floor":18.0},{"not_picked":["Rage","Flex+1"],"picked":"Armaments+1","floor":19.0},{"not_picked":["Second Wind","Wild Strike+1"],"picked":"Blood for Blood","floor":21.0},{"not_picked":["Iron Wave+1","Blood for Blood"],"picked":"Entrench","floor":22.0},{"not_picked":["Evolve","Searing Blow","Whirlwind"],"picked":"SKIP","floor":24.0},{"not_picked":["Warcry+1","Shrug It Off"],"picked":"Flame Barrier","floor":27.0},{"not_picked":["Havoc","True Grit","Wild Strike"],"picked":"SKIP","floor":29.0},{"not_picked":["Havoc","Dark Embrace"],"picked":"Reaper","floor":30},{"not_picked":["Brutality","Bludgeon"],"picked":"Reaper","floor":33},{"not_picked":["Cleave+1","Body Slam+1","Ghostly Armor"],"picked":"SKIP","floor":35},{"not_picked":["Ghostly Armor","Clash+1"],"picked":"Heavy Blade+1","floor":37},{"not_picked":["Perfected Strike+1","Inflame"],"picked":"Flame Barrier+1","floor":39},{"not_picked":["Flame Barrier","True Grit"],"picked":"Impervious","floor":40},{"not_picked":["Flame Barrier","Twin Strike"],"picked":"Inflame+1","floor":42},{"not_picked":["Pommel Strike","Sever Soul+1","Iron Wave"],"picked":"SKIP","floor":44},{"not_picked":["Armaments+1","Burning Pact"],"picked":"Dual Wield+1","floor":46},{"not_picked":["Perfected Strike","Rupture","Seeing Red"],"picked":"SKIP","floor":46},{"not_picked":["Flex","Ghostly Armor+1"],"picked":"Feel No Pain","floor":53},{"not_picked":["Evolve+1","Cleave+1"],"picked":"Dark Embrace","floor":53},{"not_picked":["Dark Embrace","Headbutt"],"picked":"Sentinel+1","floor":53},{"not_picked":["Rampage","Dark Embrace"],"picked":"Burning Pact+1","floor":53},{"not_picked":["Flex","Combust+1"],"picked":"Corruption","floor":54}],"player_experience":88122,"relics_obtained":[{"floor":6.0,"key":"Whetstone"},{"floor":9.0,"key":"Smiling Mask"},{"floor":10.0,"key":"War Paint"},{"floor":13.0,"key":"Magic Flower"},{"floor":24.0,"key":"Matryoshka"},{"floor":26.0,"key":"Juzu Bracelet"},{"floor":26.0,"key":"Happy Flower"},{"floor":27.0,"key":"The Courier"},{"floor":29.0,"key":"Tiny Chest"},{"floor":40,"key":"Strawberry"},{"floor":42,"key":"Prayer Wheel"},{"floor":43,"key":"Centennial Puzzle"},{"floor":44,"key":"MawBank"},{"floor":54,"key":"Mummified Hand"}],"event_choices":[{"damage_healed":0.0,"max_hp_gain":0.0,"max_hp_loss":0.0,"gold_gain":0.0,"event_name":"Lab","player_choice":"Got Potions","floor":7.0,"gold_loss":0.0,"damage_taken":0.0},{"damage_healed":0.0,"max_hp_gain":5.0,"max_hp_loss":0.0,"gold_gain":0.0,"event_name":"Forgotten Altar","player_choice":"Shed Blood","floor":20.0,"gold_loss":0.0,"damage_taken":21.0},{"damage_healed":0,"gold_gain":0,"player_choice":"Rummage","damage_taken":0,"relics_obtained":["WarpedTongs"],"max_hp_gain":0,"max_hp_loss":0,"event_name":"Accursed Blacksmith","floor":36,"gold_loss":0,"cards_obtained":["Pain"]},{"damage_healed":0,"gold_gain":0,"player_choice":"Ignored","damage_taken":0,"max_hp_gain":0,"max_hp_loss":0,"event_name":"SecretPortal","floor":41,"gold_loss":0}],"is_beta":false,"boss_relics":[{"not_picked":["SacredBark","Runic Dome"],"picked":"Snecko Eye"},{"not_picked":["Tiny House","Mark of Pain"],"picked":"Cursed Key"}],"items_purged_floors":[14,28,38,53],"is_endless":false,"potions_floor_spawned":[3,5,10,13,18,22,24,29,42,44],"ascension_level":6}}