{"host":"yaxsefyig1et0yi2","time":1613529035,"event":{"mods":["Aspiration","BaseMod","BetterRewards","Colored Powertips","Conspire","Displayed Cursed Tome","Downfall","Halation","Hubris","Infinite Spire","Jorbs\u0027s Wanderer Trilogy","Minty Spire (QoL Compilation)","Quick Restart","RatMod","Replay The Spire","Reworked Bosses","Spikes Relics","StSLib","The Bladedancer","The Jungle"],"gold_per_floor":[116,132,143,161,161,161,191,191,191,191,39,39,52,72,72,72,72],"floor_reached":16,"language":"ENG","playtime":813,"items_purged":[],"score":102,"play_id":"4391ae43-62a5-46fb-811f-987b733e1bef","local_time":"20210216213035","is_ascension_mode":false,"campfire_choices":[{"data":"blademaster:FuriousStrike","floor":6,"key":"SMITH"},{"data":"blademaster:Momentum","floor":10,"key":"SMITH"},{"data":"blademaster:DancingEdge","floor":12,"key":"SMITH"},{"floor":15,"key":"REST"}],"circlet_count":0,"master_deck":["blademaster:Strike","blademaster:Strike","blademaster:Strike","blademaster:Strike","blademaster:Defend","blademaster:Defend","blademaster:Defend","blademaster:Defend","blademaster:RagingBlow","blademaster:HighVoltage","blademaster:BrainBloom","blademaster:FuriousStrike+1","blademaster:Momentum+1","blademaster:Overcharge","blademaster:ParryingStrike","blademaster:Bloodbath","blademaster:DancingEdge+1","blademaster:FlockOfBlades+1","blademaster:EyeOfTheTornado"],"relics":["blademaster:DancersAmulet","hubris:MobiusCoin","hubris:DisguiseKit","RetroEgg"],"acts_visited":["Exordium"],"potions_floor_usage":[13,16],"damage_taken":[{"damage":4,"enemies":"conspire:RoseBush","floor":1,"turns":3},{"damage":0,"enemies":"Jaw Worm","floor":2,"turns":2},{"damage":0,"enemies":"2 Louse","floor":3,"turns":2},{"damage":5,"enemies":"Looter","floor":4,"turns":3},{"damage":43,"enemies":"Lagavulin","floor":7,"turns":9},{"damage":13,"enemies":"Exordium Thugs","floor":13,"turns":4},{"damage":3,"enemies":"3 Louse","floor":14,"turns":3},{"damage":69,"enemies":"Fading Forest","floor":16,"turns":7}],"seed_played":"930910476855516404","potions_obtained":[{"floor":1,"key":"LiquidMemories"},{"floor":4,"key":"Reflective Coating"},{"floor":14,"key":"Adrenaline Potion"}],"is_trial":false,"path_per_floor":["M","M","M","M","$","R","E","?","T","R","$","R","M","M","R","B"],"character_chosen":"THE_BLADEMASTER","items_purchased":["blademaster:Bloodbath","blademaster:DancingEdge"],"campfire_rested":1,"item_purchase_floors":[11,11],"current_hp_per_floor":[78,78,78,73,73,73,30,30,30,30,30,30,17,14,38,0,0],"gold":72,"neow_bonus":"TEN_PERCENT_HP_BONUS","is_daily":false,"chose_seed":false,"campfire_upgraded":3,"win_rate":0.0,"timestamp":1613529035,"path_taken":["M","M","M","M","$","R","E","?","T","R","?","R","M","M","R","BOSS"],"items_purchased_type":["Card","Card"],"build_version":"2020-12-22","purchased_purges":0,"victory":false,"max_hp_per_floor":[82,82,82,82,82,82,82,82,82,82,82,82,82,82,82,82,82],"card_choices":[{"not_picked":["blademaster:Slice","blademaster:Sunder"],"picked":"blademaster:BrainBloom","floor":1},{"not_picked":["blademaster:AirSlash","blademaster:Safeguard"],"picked":"blademaster:FuriousStrike","floor":2},{"not_picked":["blademaster:SlyStabs","blademaster:Vortex"],"picked":"blademaster:Momentum","floor":3},{"not_picked":["blademaster:BrainBloom","blademaster:SharpBlades"],"picked":"blademaster:Overcharge","floor":4},{"not_picked":["blademaster:DragonStrike","blademaster:CombatPrep"],"picked":"blademaster:ParryingStrike","floor":7},{"not_picked":["blademaster:LeechingStrike","blademaster:BloodyBlow","Sentinel"],"picked":"blademaster:FlockOfBlades","floor":13},{"not_picked":["blademaster:Quickness","blademaster:BladeMastery","Bludgeon"],"picked":"blademaster:EyeOfTheTornado","floor":14}],"player_experience":268705,"relics_obtained":[{"floor":7,"key":"hubris:MobiusCoin"},{"floor":7,"key":"blademaster:RandomStancePerk"},{"floor":9,"key":"RetroEgg"}],"event_choices":[{"damage_healed":0,"gold_gain":0,"player_choice":"Gave Potion","damage_taken":0,"relics_obtained":["hubris:DisguiseKit"],"max_hp_gain":0,"max_hp_loss":0,"event_name":"WeMeetAgain","floor":8,"gold_loss":0}],"is_beta":false,"boss_relics":[],"items_purged_floors":[],"is_endless":false,"potions_floor_spawned":[1,4,14],"killed_by":"Fading Forest","ascension_level":0}}