{"host":"psh83vqabmtchp5z","time":1613536030,"event":{"mods":["AchievementEnabler","Aspiration","BaseMod","Better Altar","Better Match","Better Skull","Better Third Choice","Better Vampires","BetterRewards","Challenge The Spire","Conspire","Downfall","Gold Saver","Lobotomy","LobotomyExtend","Minty Spire (QoL Compilation)","Quick Restart","Relic Filter","Replay The Spire","Shop Mod","Spicy Shops","StSLib","óô»ðÖ¸ÄÏ"],"gold_per_floor":[1118,204,204,216,216,216,216,216,294,328,351,351,369,381,381,381,381],"floor_reached":16,"language":"ZHS","playtime":1149,"items_purged":[],"score":155,"play_id":"9fa31f46-e3c0-463a-8a1f-236234b9a20d","local_time":"20210217122710","is_ascension_mode":true,"campfire_choices":[{"floor":6.0,"key":"REST"},{"floor":8.0,"key":"REST"}],"circlet_count":0,"master_deck":["SpecialBullet","SpecialBullet","SpecialBullet","SpecialBullet","SpecialBullet","SpecialBullet","SpecialBullet","SpecialBullet","InformationCode","DisciplinaryCode","ExtractionCode","Christmas+1","ReplayTheSpireMod:Brewmster","Lantern","Regret_ego+1","ReplayTheSpireMod:Private Reserves+1","CherryBlossom","Soda+1","Apotheosis","LongBird","Penitence","Wingbeat","Pot Of Greed","Pot Of Greed","DespairKnight","Blind","Pot Of Greed","DreamingCurrent"],"relics":["CogitoBucket","Cauldron","Gremlin Food","TheAbacus","Juzu Bracelet","aspiration:SeaSaltIceCream","aspiration:Nostalgia","Guardian:ModeShifter","Darkstone Periapt","Tiny Chest","LetterFromLob","Mummified Hand","PrismaticShard","Blue Candle","aspiration:FetidBarrel","aspiration:ChemicalBlood","Grinning Jar"],"acts_visited":["Exordium"],"potions_floor_usage":[10,10,14,14,16,16],"damage_taken":[{"damage":10.0,"enemies":"2 Louse","floor":1.0,"turns":4.0},{"damage":5.0,"enemies":"Small Slimes","floor":4.0,"turns":4.0},{"damage":12,"enemies":"Gremlin Nob","floor":10,"turns":3},{"damage":4,"enemies":"conspire:RoseBush","floor":13,"turns":4},{"damage":18,"enemies":"Exordium Thugs","floor":14,"turns":3},{"damage":51,"enemies":"Hexaghost","floor":16,"turns":2}],"seed_played":"5128745994765065712","potions_obtained":[{"floor":0.0,"key":"SkillPotion"},{"floor":0.0,"key":"Guardian:BlockOnCardUsePotion"},{"floor":0.0,"key":"Block Potion"},{"floor":13,"key":"ColorlessPotion"}],"is_trial":false,"path_per_floor":["M","$","?","M","?","R","?","R","T","E","T","R","M","M","R","B"],"character_chosen":"Angela","items_purchased":["Cauldron","Gremlin Food","TheAbacus","Juzu Bracelet","Christmas+1","ReplayTheSpireMod:Brewmster","aspiration:SeaSaltIceCream","Lantern","Darkstone Periapt","Regret_ego+1","Tiny Chest","ReplayTheSpireMod:Private Reserves","Mummified Hand","PrismaticShard","Soda","Apotheosis"],"campfire_rested":2,"item_purchase_floors":[0,0,0,0,0,0,0,0,0,0,0,0,2,2,2,2],"current_hp_per_floor":[18,18,13,12,12,33,33,54,54,45,45,45,45,32,32,0,0],"gold":381,"neow_bonus":"","is_daily":false,"chose_seed":false,"campfire_upgraded":0,"win_rate":0.0,"timestamp":1613536030,"path_taken":["M","$","?","M","?","R","?","R","T","E","?","R","M","M","R","BOSS"],"items_purchased_type":["Relic","Relic","Relic","Relic","Card","Card","Relic","Card","Relic","Card","Relic","Card","Relic","Relic","Card","Card"],"build_version":"2020-12-22","purchased_purges":0,"victory":false,"max_hp_per_floor":[70,70,70,70,70,70,70,70,70,70,70,70,70,70,70,70,70],"card_choices":[{"not_picked":["TodaysExpression"],"picked":"CherryBlossom","floor":1.0},{"not_picked":["Heaven","Harvest"],"picked":"SKIP","floor":1.0},{"not_picked":["Scorched","WhitesApple"],"picked":"LongBird","floor":4.0},{"not_picked":["sneckomod:DiceCrush"],"picked":"Penitence","floor":4.0},{"not_picked":["Good Instincts","Redo"],"picked":"SKIP","floor":4.0},{"not_picked":["Tempest"],"picked":"Wingbeat","floor":10},{"not_picked":["RapturousDream","Nirvana"],"picked":"SKIP","floor":10},{"not_picked":["GalaxyChild","Yin"],"picked":"DespairKnight","floor":13},{"not_picked":["Hologram","champ:Haymaker"],"picked":"SKIP","floor":13},{"not_picked":["ClearTheMind","Turbo"],"picked":"SKIP","floor":13},{"not_picked":["EmptyFist"],"picked":"Blind","floor":14},{"not_picked":["Scarecrow","Scorched"],"picked":"DreamingCurrent","floor":14},{"not_picked":["Alpha","bronze:Iterate"],"picked":"SKIP","floor":14}],"player_experience":799152,"relics_obtained":[{"floor":1.0,"key":"LetterFromLob"},{"floor":9.0,"key":"aspiration:FetidBarrel"},{"floor":10,"key":"aspiration:ChemicalBlood"},{"floor":11,"key":"Grinning Jar"}],"event_choices":[{"damage_healed":0.0,"max_hp_gain":0.0,"max_hp_loss":0.0,"gold_gain":0.0,"event_name":"betterThird:BetterScrap","player_choice":"LEAVE","floor":5.0,"gold_loss":0.0,"damage_taken":0.0,"cards_obtained":["Reflex"]}],"is_beta":false,"boss_relics":[],"items_purged_floors":[],"is_endless":false,"potions_floor_spawned":[4,13],"killed_by":"Hexaghost","ascension_level":1}}