{"host":"7hsydqxmznr7vgx8","time":1613588600,"event":{"mods":["2.2 Compatiblity","BaseMod","Minty Spire (QoL Compilation)"],"gold_per_floor":[113,113,132,149,161,187,206,206,206,226,245,279,294,311,311,412,412,423,423,31,31,31,64,78,78,78,4,22,22,50,62,62,62,62],"floor_reached":33,"language":"ENG","playtime":1797,"items_purged":[],"score":351,"play_id":"610379a5-3177-4fff-b796-0a89deb1ec65","local_time":"20210217140320","is_ascension_mode":false,"campfire_choices":[{"data":"EmptyFist","floor":8.0,"key":"SMITH"},{"data":"Vigilance","floor":15.0,"key":"SMITH"},{"floor":25.0,"key":"REST"},{"data":"EmptyMind","floor":32,"key":"SMITH"}],"circlet_count":0,"master_deck":["Defend_P","Defend_P","Defend_P","Defend_P","Eruption","Vigilance+1","EmptyFist","SashWhip","Adaptation","BowlingBash","FlurryOfBlows","EmptyFist+1","FearNoEvil","Pray","FlurryOfBlows","FlurryOfBlows","FlurryOfBlows","Establishment","SandsOfTime","Bite","Bite","Bite","Bite","Bite","Crescendo","Protect","Pain","Halt","EmptyMind+1","Conclude+1","FollowUp+1","Shame","ClearTheMind"],"relics":["PureWater","NeowsBlessing","Bottled Flame","MealTicket","Orichalcum","Snecko Eye","Calipers","WarpedTongs","Sundial","Molten Egg 2","Peace Pipe","Bottled Tornado"],"acts_visited":["Exordium","TheCity"],"potions_floor_usage":[31],"damage_taken":[{"damage":0.0,"enemies":"Jaw Worm","floor":1.0,"turns":1.0},{"damage":0.0,"enemies":"2 Louse","floor":3.0,"turns":1.0},{"damage":0.0,"enemies":"Cultist","floor":4.0,"turns":1.0},{"damage":1.0,"enemies":"Large Slime","floor":5.0,"turns":6.0},{"damage":21.0,"enemies":"Gremlin Nob","floor":6.0,"turns":4.0},{"damage":5.0,"enemies":"3 Louse","floor":7.0,"turns":7.0},{"damage":5.0,"enemies":"Looter","floor":10.0,"turns":3.0},{"damage":11.0,"enemies":"Gremlin Gang","floor":11.0,"turns":8.0},{"damage":23.0,"enemies":"Lagavulin","floor":12.0,"turns":5.0},{"damage":0.0,"enemies":"3 Louse","floor":13.0,"turns":2.0},{"damage":8.0,"enemies":"Blue Slaver","floor":14.0,"turns":4.0},{"damage":4.0,"enemies":"Hexaghost","floor":16.0,"turns":9.0},{"damage":14.0,"enemies":"Spheric Guardian","floor":18.0,"turns":4.0},{"damage":48.0,"enemies":"Gremlin Leader","floor":23.0,"turns":8.0},{"damage":10.0,"enemies":"Shell Parasite","floor":24.0,"turns":5.0},{"damage":1.0,"enemies":"Centurion and Healer","floor":28.0,"turns":6.0},{"damage":43.0,"enemies":"Book of Stabbing","floor":30.0,"turns":6.0},{"damage":1,"enemies":"Sentry and Sphere","floor":31,"turns":3},{"damage":22,"enemies":"Champ","floor":33,"turns":5}],"seed_played":"7991833459484053056","potions_obtained":[{"floor":1.0,"key":"Ancient Potion"},{"floor":6.0,"key":"Regen Potion"},{"floor":10.0,"key":"Regen Potion"},{"floor":11.0,"key":"ColorlessPotion"},{"floor":13.0,"key":"DuplicationPotion"},{"floor":18.0,"key":"Strength Potion"},{"floor":23.0,"key":"SmokeBomb"}],"is_trial":false,"path_per_floor":["M","?","M","M","M","E","M","R","T","M","M","E","M","M","R","B",null,"M","?","$","?","$","E","M","R","T","$","M","?","E","M","R","B"],"character_chosen":"WATCHER","items_purchased":["Crescendo","Protect","Calipers","Conclude+1"],"campfire_rested":1,"item_purchase_floors":[20,20,20,27],"current_hp_per_floor":[72,65,65,65,64,43,53,53,53,48,52,29,29,21,21,17,72,58,50,50,50,50,8,8,23,23,38,49,49,17,21,21,5,5],"gold":62,"neow_bonus":"THREE_ENEMY_KILL","is_daily":false,"chose_seed":false,"campfire_upgraded":3,"win_rate":0.0,"timestamp":1613588600,"path_taken":["M","?","M","M","M","E","M","R","T","M","M","E","M","M","R","BOSS","M","?","$","?","$","E","M","R","T","$","?","?","E","M","R","BOSS"],"items_purchased_type":["Card","Card","Relic","Card"],"build_version":"2020-12-22","purchased_purges":0,"victory":false,"max_hp_per_floor":[72,72,72,72,72,72,72,72,72,72,72,72,72,72,72,72,72,72,50,50,50,50,50,50,50,50,50,50,50,50,50,50,50,50],"card_choices":[{"not_picked":["SignatureMove","Sanctity"],"picked":"EmptyFist","floor":1.0},{"not_picked":["ThirdEye","Halt"],"picked":"SashWhip","floor":3.0},{"not_picked":["EmptyFist","FollowUp"],"picked":"Adaptation","floor":4.0},{"not_picked":["Halt","Judgement"],"picked":"BowlingBash","floor":5.0},{"not_picked":["TalkToTheHand","SandsOfTime"],"picked":"FlurryOfBlows","floor":6.0},{"not_picked":["Protect","FlyingSleeves"],"picked":"EmptyFist","floor":7.0},{"not_picked":["Halt","FlyingSleeves"],"picked":"FearNoEvil","floor":10.0},{"not_picked":["EmptyMind","Consecrate"],"picked":"Pray","floor":11.0},{"not_picked":["TalkToTheHand","Perseverance"],"picked":"FlurryOfBlows","floor":12.0},{"not_picked":["Prostrate","Fasting2"],"picked":"FlurryOfBlows","floor":13.0},{"not_picked":["BowlingBash","EmptyFist"],"picked":"FlurryOfBlows","floor":14.0},{"not_picked":["DevaForm","Omniscience"],"picked":"Establishment","floor":16.0},{"not_picked":["CrushJoints","FollowUp"],"picked":"SandsOfTime","floor":18.0},{"not_picked":["EmptyFist+1","Pray"],"picked":"Halt","floor":23.0},{"not_picked":["Adaptation+1","SashWhip"],"picked":"EmptyMind","floor":24.0},{"not_picked":["EmptyFist+1","BowlingBash+1"],"picked":"FollowUp+1","floor":28.0},{"not_picked":["DeusExMachina","Protect","EmptyFist+1"],"picked":"SKIP","floor":30.0},{"not_picked":["InnerPeace","Study"],"picked":"ClearTheMind","floor":31}],"player_experience":301888,"relics_obtained":[{"floor":6.0,"key":"Bottled Flame"},{"floor":9.0,"key":"MealTicket"},{"floor":12.0,"key":"Orichalcum"},{"floor":23.0,"key":"Sundial"},{"floor":26.0,"key":"Molten Egg 2"},{"floor":30.0,"key":"Bottled Tornado"}],"event_choices":[{"cards_removed":["Strike_P"],"damage_healed":0.0,"max_hp_gain":0.0,"max_hp_loss":0.0,"gold_gain":0.0,"event_name":"Golden Wing","player_choice":"Card Removal","floor":2.0,"gold_loss":0.0,"damage_taken":7.0},{"damage_healed":0.0,"max_hp_gain":0.0,"max_hp_loss":22.0,"gold_gain":0.0,"event_name":"Vampires","player_choice":"Became a vampire","floor":19.0,"gold_loss":0.0,"damage_taken":0.0,"cards_obtained":["Bite","Bite","Bite","Bite","Bite"]},{"damage_healed":0.0,"max_hp_gain":0.0,"max_hp_loss":0.0,"gold_gain":0.0,"event_name":"Accursed Blacksmith","player_choice":"Rummage","floor":21.0,"gold_loss":0.0,"damage_taken":0.0,"relics_obtained":["WarpedTongs"],"cards_obtained":["Pain"]},{"damage_healed":0.0,"max_hp_gain":0.0,"max_hp_loss":0.0,"gold_gain":0.0,"event_name":"Addict","player_choice":"Stole Relic","floor":29.0,"gold_loss":0.0,"damage_taken":0.0,"relics_obtained":["Peace Pipe"],"cards_obtained":["Shame"]}],"is_beta":false,"boss_relics":[{"not_picked":["Runic Dome","Fusion Hammer"],"picked":"Snecko Eye"}],"items_purged_floors":[],"is_endless":false,"potions_floor_spawned":[1,6,10,11,13,18,23],"killed_by":"Champ","ascension_level":0}}