{"host":"gyvm9iplrwbfzexe","time":1613521941,"event":{"mods":["BaseMod","Hermit","Minty Spire (QoL Compilation)","StSLib","The Cursed","The Hierophant","The Necromancer","The Runesmith","The Servant 0.9.4"],"gold_per_floor":[109,69,82,4,14,48,1,1,28,28,60,80,95,130,130,130,130],"floor_reached":16,"language":"ENG","playtime":806,"items_purged":[],"score":126,"play_id":"b1cc7416-dae1-4edf-b112-4a91d814647d","local_time":"20210216183221","is_ascension_mode":true,"campfire_choices":[{"data":"Blade Dance","floor":10,"key":"SMITH"},{"data":"Neutralize","floor":15,"key":"SMITH"}],"circlet_count":0,"master_deck":["Strike_G","Strike_G","Strike_G","Strike_G","Strike_G","Defend_G","Defend_G","Defend_G","Defend_G","Defend_G","Survivor","Neutralize+1","Calculated Gamble","Escape Plan","Blade Dance+1","Blur","Blur"],"relics":["Ring of the Snake","NeowsBlessing","Pantograph","InkBottle","PreservedInsect","Runesmith:AutoHammer","Bag of Preparation"],"acts_visited":["Exordium"],"potions_floor_usage":[6,11,16,16,16],"damage_taken":[{"damage":0,"enemies":"Jaw Worm","floor":1,"turns":1},{"damage":0,"enemies":"Cultist","floor":3,"turns":1},{"damage":0,"enemies":"Small Slimes","floor":5,"turns":1},{"damage":28,"enemies":"3 Sentries","floor":6,"turns":16},{"damage":9,"enemies":"Gremlin Nob","floor":11,"turns":4},{"damage":0,"enemies":"Exordium Wildlife","floor":12,"turns":4},{"damage":0,"enemies":"Large Slime","floor":13,"turns":5},{"damage":7,"enemies":"Lagavulin","floor":14,"turns":5},{"damage":51,"enemies":"Hexaghost","floor":16,"turns":16}],"seed_played":"3907195707764301123","potions_obtained":[{"floor":2,"key":"Block Potion"},{"floor":2,"key":"FearPotion"},{"floor":2,"key":"SmokeBomb"},{"floor":5,"key":"Weak Potion"},{"floor":11,"key":"Weak Potion"},{"floor":12,"key":"Poison Potion"}],"is_trial":false,"path_per_floor":["M","?","M","$","M","E","$","T","T","R","E","M","M","E","R","B"],"character_chosen":"THE_SILENT","items_purchased":["Calculated Gamble","Blade Dance"],"campfire_rested":0,"item_purchase_floors":[4,7],"current_hp_per_floor":[70,70,70,70,70,42,42,42,42,42,33,33,33,26,26,0,0],"gold":130,"neow_bonus":"THREE_ENEMY_KILL","is_daily":false,"chose_seed":false,"campfire_upgraded":2,"win_rate":0.0,"timestamp":1613521941,"path_taken":["M","?","M","$","M","E","$","?","T","R","E","M","M","E","R","BOSS"],"items_purchased_type":["Card","Card"],"build_version":"2020-12-22","purchased_purges":0,"victory":false,"max_hp_per_floor":[70,70,70,70,70,70,70,70,70,70,70,70,70,70,70,70,70],"card_choices":[{"not_picked":["Dodge and Roll","Dagger Throw","Deadly Poison"],"picked":"SKIP","floor":1},{"not_picked":["Riddle With Holes","Crippling Poison","Finisher"],"picked":"SKIP","floor":3},{"not_picked":["Night Terror","Masterful Stab"],"picked":"Escape Plan","floor":5},{"not_picked":["Bane","Eviscerate","Choke"],"picked":"SKIP","floor":6},{"not_picked":["Sucker Punch","Backflip","Deadly Poison"],"picked":"SKIP","floor":11},{"not_picked":["Bouncing Flask","Backflip"],"picked":"Blur","floor":12},{"not_picked":["Sucker Punch","Riddle With Holes","Caltrops"],"picked":"SKIP","floor":13},{"not_picked":["Sucker Punch","Underhanded Strike"],"picked":"Blur","floor":14}],"player_experience":52837,"relics_obtained":[{"floor":6,"key":"Pantograph"},{"floor":8,"key":"InkBottle"},{"floor":9,"key":"PreservedInsect"},{"floor":11,"key":"Runesmith:AutoHammer"},{"floor":14,"key":"Bag of Preparation"}],"event_choices":[{"damage_healed":0,"gold_gain":0,"player_choice":"Bought 3 Potions","damage_taken":0,"max_hp_gain":0,"max_hp_loss":0,"event_name":"The Woman in Blue","floor":2,"gold_loss":0}],"is_beta":false,"boss_relics":[],"items_purged_floors":[],"is_endless":false,"potions_floor_spawned":[5,11,12,14],"killed_by":"Hexaghost","ascension_level":1}}