{"host":"xf2qgw60ouc7kuj7","time":1613525443,"event":{"mods":["100% Spire Juice","Act Like it!","Arknights","BaseMod","Bestiary","Better Altar","Better Match","Better Note","Better Sensory Stone","Better Skull","Better Third Choice","Curses Come First","Dark Map","Friendly Minions","Gensokyo","Hallownest","HololiveMod","KomeijiMod","Lobotomy","LobotomyExtend","Marisa????????","Marked Mod","Minty Spire (QoL Compilation)","Quick Restart","Rare Cards Sparkle","Reimu??????","Relic Stats","Reliquary","Robot Space Explorer","Ruina","StSLib","The Bug Knight","Waifu the Spire"],"gold_per_floor":[115,61,80,98,98,112,125,125,125],"floor_reached":8,"language":"ENG","playtime":296,"items_purged":[],"score":50,"play_id":"11d6b060-eeb9-45b2-b06d-52639412923b","local_time":"20210216173043","is_ascension_mode":false,"campfire_choices":[],"circlet_count":0,"master_deck":["Moonworks:Strike","Moonworks:Strike","Moonworks:Strike","Moonworks:Strike","Moonworks:Defend","Moonworks:Defend","Moonworks:Defend","Moonworks:Defend","Moonworks:Ambush","Moonworks:LongDistanceShot","Moonworks:NicePresent","Moonworks:JonathanRush+1","Moonworks:IndiscriminateFireSupport","Moonworks:IndiscriminateFireSupport","Moonworks:JonathanRush","Moonworks:CloudOfSeagulls"],"relics":["Moonworks:BrokenBomb","Moonworks:Homemark"],"acts_visited":["Exordium"],"potions_floor_usage":[0,8,8,8],"damage_taken":[{"damage":10,"enemies":"Cultist","floor":1,"turns":4},{"damage":5,"enemies":"Small Slimes","floor":3,"turns":3},{"damage":11,"enemies":"Jaw Worm","floor":4,"turns":2},{"damage":10,"enemies":"Looter","floor":6,"turns":3},{"damage":0,"enemies":"3 Louse","floor":7,"turns":1},{"damage":31,"enemies":"Lagavulin","floor":8,"turns":5}],"seed_played":"3250918844076980529","potions_obtained":[{"floor":0,"key":"LiquidBronze"},{"floor":0,"key":"Fruit Juice"},{"floor":0,"key":"SmokeBomb"},{"floor":6,"key":"ExcitationPotion"},{"floor":7,"key":"LiquidBronze"}],"is_trial":false,"path_per_floor":["M","$","M","M","?","M","M","E"],"character_chosen":"THE_STARBREAKER","items_purchased":["Moonworks:JonathanRush"],"campfire_rested":0,"item_purchase_floors":[2],"current_hp_per_floor":[55,55,50,39,39,29,29,0,0],"gold":125,"neow_bonus":"THREE_SMALL_POTIONS","is_daily":false,"chose_seed":false,"campfire_upgraded":0,"win_rate":0.0,"timestamp":1613525443,"path_taken":["M","$","M","?","?","M","?","E"],"items_purchased_type":["Card"],"build_version":"2020-12-22","purchased_purges":0,"victory":false,"max_hp_per_floor":[65,65,65,65,65,65,65,65,65],"relic_stats":{"counters":[6,18],"obtain_stats":[{"Moonworks:Homemark":0,"Moonworks:BrokenBomb":0},{"Moonworks:Homemark":0,"Moonworks:BrokenBomb":0},{"Moonworks:Homemark":0,"Moonworks:BrokenBomb":0}]},"card_choices":[{"not_picked":["Moonworks:SakisCookie","Moonworks:Dinner"],"picked":"Moonworks:NicePresent","floor":1},{"not_picked":["Moonworks:AwakeningOfTalent","Moonworks:DeployBits"],"picked":"Moonworks:IndiscriminateFireSupport","floor":3},{"not_picked":["Moonworks:UnluckyCharm","Moonworks:BigMagnum"],"picked":"Moonworks:IndiscriminateFireSupport","floor":4},{"not_picked":["Moonworks:Assault","Moonworks:SakisCookie"],"picked":"Moonworks:JonathanRush","floor":6},{"not_picked":["Moonworks:IndiscriminateFireSupport","Moonworks:LuckyCharm"],"picked":"Moonworks:CloudOfSeagulls","floor":7}],"player_experience":295024,"relics_obtained":[],"event_choices":[{"damage_healed":0,"gold_gain":0,"player_choice":"Upgraded","damage_taken":0,"max_hp_gain":0,"max_hp_loss":0,"event_name":"Upgrade Shrine","floor":5,"gold_loss":0,"cards_upgraded":["Moonworks:JonathanRush"]}],"is_beta":false,"boss_relics":[],"items_purged_floors":[],"is_endless":false,"potions_floor_spawned":[6,7],"killed_by":"Lagavulin","ascension_level":0}}