{"host":"neeznpvpgo0qgfkd","time":1613541471,"event":{"mods":["AchievementEnabler","BaseMod","BetterRewards","Colored Map","Colored Powertips","Exacting","Minty Spire (QoL Compilation)","Permanent Neow","Quick Restart","Shop Mod"],"gold_per_floor":[131,150,165,165,165,196,228,261,286,304,304,337,337,356,356,451,451,461,461,472,0,0,0,34,34,83,115,37,37,63,95,95,199,199,217,217,231,250,250,278,290,290,290],"floor_reached":42,"language":"ENG","playtime":1965,"items_purged":[],"score":965,"play_id":"3855fe51-025a-451c-b800-ffc24decc1ae","local_time":"20210217005751","is_ascension_mode":true,"campfire_choices":[{"floor":11.0,"key":"REST"},{"floor":13.0,"key":"REST"},{"floor":15.0,"key":"REST"},{"data":"Apotheosis","floor":23.0,"key":"SMITH"},{"floor":25.0,"key":"REST"},{"floor":29.0,"key":"REST"},{"floor":32.0,"key":"REST"}],"circlet_count":0,"master_deck":["Strike_R","Strike_R","Strike_R","Defend_R","Defend_R","Defend_R","Bash","Panache+1","Cleave+1","Blood for Blood+1","Pummel+1","Heavy Blade+1","Reaper+1","Metallicize","Armaments","Sword Boomerang+1","Twin Strike+1","Heavy Blade+1","Demon Form","Pain","Searing Blow+1","Apotheosis+1","Cleave+1","Spot Weakness","Rupture","Cleave+1","Demon Form","Heavy Blade+1","Immolate+1","CurseOfTheBell","Reaper+1"],"relics":["Burning Blood","Lizard Tail","Molten Egg 2","WingedGreaves","Dream Catcher","Akabeko","Calipers","Ancient Tea Set","Empty Cage","WarpedTongs","Bag of Marbles","Toy Ornithopter","Art of War","Pen Nib","Bottled Lightning","Pantograph","Calling Bell","Lantern","Shuriken","Thread and Needle","Letter Opener"],"acts_visited":["Exordium","TheCity","TheBeyond"],"potions_floor_usage":[38,40,41],"damage_taken":[{"damage":12.0,"enemies":"Jaw Worm","floor":1.0,"turns":3.0},{"damage":0.0,"enemies":"Small Slimes","floor":2.0,"turns":3.0},{"damage":6.0,"enemies":"Cultist","floor":3.0,"turns":3.0},{"damage":19.0,"enemies":"Gremlin Nob","floor":6.0,"turns":3.0},{"damage":23.0,"enemies":"3 Sentries","floor":7.0,"turns":5.0},{"damage":57.0,"enemies":"Lagavulin","floor":8.0,"turns":8.0},{"damage":11.0,"enemies":"Blue Slaver","floor":10.0,"turns":4.0},{"damage":47.0,"enemies":"Gremlin Nob","floor":12.0,"turns":5.0},{"damage":10.0,"enemies":"Exordium Thugs","floor":14.0,"turns":2.0},{"damage":47.0,"enemies":"Hexaghost","floor":16.0,"turns":7.0},{"damage":36.0,"enemies":"Chosen","floor":18.0,"turns":6.0},{"damage":15.0,"enemies":"3 Byrds","floor":20.0,"turns":4.0},{"damage":104.0,"enemies":"Book of Stabbing","floor":24.0,"turns":7.0},{"damage":68.0,"enemies":"Slavers","floor":27.0,"turns":4.0},{"damage":40.0,"enemies":"Gremlin Leader","floor":30.0,"turns":6.0},{"damage":11.0,"enemies":"Snecko","floor":31.0,"turns":4.0},{"damage":98.0,"enemies":"Collector","floor":33.0,"turns":7.0},{"damage":9.0,"enemies":"3 Darklings","floor":35.0,"turns":4.0},{"damage":4.0,"enemies":"Orb Walker","floor":37.0,"turns":2.0},{"damage":29,"enemies":"Jaw Worm Horde","floor":38,"turns":2},{"damage":87,"enemies":"Giant Head","floor":40,"turns":7},{"damage":23,"enemies":"3 Darklings","floor":41,"turns":2},{"damage":100,"enemies":"Nemesis","floor":42,"turns":5}],"seed_played":"-23604247425095785","potions_obtained":[{"floor":1.0,"key":"LiquidMemories"},{"floor":3.0,"key":"PowerPotion"},{"floor":10.0,"key":"Fire Potion"},{"floor":12.0,"key":"AttackPotion"},{"floor":16.0,"key":"BloodPotion"},{"floor":27.0,"key":"CultistPotion"},{"floor":30.0,"key":"Ancient Potion"},{"floor":31.0,"key":"Energy Potion"},{"floor":35.0,"key":"SpeedPotion"},{"floor":36.0,"key":"AttackPotion"},{"floor":36.0,"key":"Fire Potion"},{"floor":40,"key":"DistilledChaos"}],"is_trial":false,"path_per_floor":["M","M","M","?","?","E","E","E","T","M","R","E","R","M","R","B",null,"M","?","M","$","$","R","E","R","T","E","$","R","E","M","R","B",null,"M","?","M","M","?","E","M","E"],"character_chosen":"IRONCLAD","items_purchased":["Panache","Molten Egg 2","Cleave+1","Apotheosis","Bag of Marbles","Toy Ornithopter","Rupture"],"campfire_rested":6,"item_purchase_floors":[0,0,0,21,21,21,28],"current_hp_per_floor":[66,72,72,72,72,59,57,25,25,20,44,10,34,56,80,46,72,47,47,63,63,63,63,26,50,50,21,21,45,16,21,45,7,62,59,59,61,57,57,33,57,0,0],"gold":290,"neow_bonus":"","is_daily":false,"chose_seed":false,"campfire_upgraded":1,"win_rate":0.0,"timestamp":1613541471,"path_taken":["M","M","M","?","?","E","E","E","T","?","R","E","R","M","R","BOSS","M","?","M","?","$","R","E","R","T","E","$","R","E","M","R","BOSS","M","?","?","?","?","E","M","E"],"items_purchased_type":["Card","Relic","Card","Card","Relic","Relic","Card"],"build_version":"2020-12-22","purchased_purges":0,"victory":false,"max_hp_per_floor":[80,80,80,80,80,80,80,80,80,80,80,80,80,80,80,80,80,80,80,80,80,80,80,80,80,80,80,80,80,80,80,80,80,80,80,80,80,80,80,80,80,80,80],"card_choices":[{"not_picked":["Headbutt+1","Clothesline+1"],"picked":"Blood for Blood+1","floor":1.0},{"not_picked":["Havoc","Flame Barrier"],"picked":"Pummel+1","floor":2.0},{"not_picked":["Shockwave","Flex"],"picked":"Heavy Blade+1","floor":3.0},{"not_picked":["Clash+1","Wild Strike+1"],"picked":"Reaper+1","floor":6.0},{"not_picked":["True Grit","Seeing Red"],"picked":"Metallicize","floor":7.0},{"not_picked":["Shrug It Off","Wild Strike+1"],"picked":"Armaments","floor":7.0},{"not_picked":["Flame Barrier","Wild Strike+1"],"picked":"Sword Boomerang+1","floor":8.0},{"not_picked":["Headbutt+1","Anger+1","Burning Pact"],"picked":"SKIP","floor":10.0},{"not_picked":["Havoc","Clash+1"],"picked":"Twin Strike+1","floor":11.0},{"not_picked":["Clothesline+1","Pummel+1"],"picked":"Heavy Blade+1","floor":12.0},{"not_picked":["Blood for Blood+1","Impervious","Power Through"],"picked":"SKIP","floor":14.0},{"not_picked":["Offering","Feed+1"],"picked":"Demon Form","floor":16.0},{"not_picked":["Evolve","Fire Breathing+1","Shrug It Off"],"picked":"SKIP","floor":18.0},{"not_picked":["Second Wind","Warcry"],"picked":"Searing Blow+1","floor":20.0},{"not_picked":["Perfected Strike+1","Flex"],"picked":"Cleave+1","floor":24.0},{"not_picked":["Fire Breathing","Clothesline+1"],"picked":"Spot Weakness","floor":25.0},{"not_picked":["Blood for Blood+1","Sever Soul+1","Wild Strike+1"],"picked":"SKIP","floor":27.0},{"not_picked":["Clash+1","Wild Strike+1"],"picked":"Cleave+1","floor":29.0},{"not_picked":["Pummel+1","Havoc"],"picked":"Demon Form","floor":30.0},{"not_picked":["Searing Blow+1","Havoc"],"picked":"Heavy Blade+1","floor":31.0},{"not_picked":["Corruption","Fiend Fire+1"],"picked":"Immolate+1","floor":33.0},{"not_picked":["Dual Wield+1","Heavy Blade+1","Pommel Strike+1"],"picked":"SKIP","floor":35.0},{"not_picked":["Clothesline+1","Anger+1","Pommel Strike+1"],"picked":"SKIP","floor":37.0},{"not_picked":["Reckless Charge+1","Wild Strike+1","Bludgeon+1"],"picked":"SKIP","floor":38},{"not_picked":["Pommel Strike+1","Sword Boomerang+1"],"picked":"Reaper+1","floor":40},{"not_picked":["Thunderclap+1","Havoc+1","Twin Strike+1"],"picked":"SKIP","floor":41}],"player_experience":1424945,"relics_obtained":[{"floor":6.0,"key":"Dream Catcher"},{"floor":7.0,"key":"Akabeko"},{"floor":8.0,"key":"Calipers"},{"floor":12.0,"key":"Ancient Tea Set"},{"floor":24.0,"key":"Art of War"},{"floor":26.0,"key":"Pen Nib"},{"floor":27.0,"key":"Bottled Lightning"},{"floor":30.0,"key":"Pantograph"},{"floor":34.0,"key":"Lantern"},{"floor":34.0,"key":"Shuriken"},{"floor":34.0,"key":"Thread and Needle"},{"floor":40,"key":"Letter Opener"}],"event_choices":[{"damage_healed":0.0,"max_hp_gain":0.0,"max_hp_loss":0.0,"gold_gain":0.0,"event_name":"Big Fish","player_choice":"Box","floor":4.0,"gold_loss":0.0,"damage_taken":0.0,"relics_obtained":["WingedGreaves"],"cards_obtained":["Regret"]},{"damage_healed":0.0,"max_hp_gain":0.0,"max_hp_loss":0.0,"gold_gain":0.0,"event_name":"Upgrade Shrine","player_choice":"Upgraded","floor":5.0,"gold_loss":0.0,"damage_taken":0.0,"cards_upgraded":["Panache"]},{"damage_healed":0.0,"max_hp_gain":0.0,"max_hp_loss":0.0,"gold_gain":0.0,"event_name":"Accursed Blacksmith","player_choice":"Rummage","floor":19.0,"gold_loss":0.0,"damage_taken":0.0,"relics_obtained":["WarpedTongs"],"cards_obtained":["Pain"]},{"damage_healed":0.0,"max_hp_gain":0.0,"max_hp_loss":0.0,"gold_gain":0.0,"event_name":"Lab","player_choice":"Got Potions","floor":36.0,"gold_loss":0.0,"damage_taken":0.0},{"cards_removed":["Defend_R"],"damage_healed":0,"gold_gain":0,"player_choice":"Removed Skill","damage_taken":0,"max_hp_gain":0,"max_hp_loss":0,"event_name":"Falling","floor":39,"gold_loss":0}],"is_beta":false,"boss_relics":[{"not_picked":["Astrolabe","Velvet Choker"],"picked":"Empty Cage"},{"not_picked":["Runic Cube","Sozu"],"picked":"Calling Bell"}],"items_purged_floors":[],"is_endless":false,"potions_floor_spawned":[1,10,12,16,27,30,31,35,40],"killed_by":"Nemesis","ascension_level":8}}