{"host":"ace4y8wgj0fxngh2","time":1613525827,"event":{"mods":["BaseMod","Colored Map","Colored Powertips","Minty Spire (QoL Compilation)","StSLib"],"gold_per_floor":[215,215,215,61,73,103,103,114,187,187,77,137,163,177,177,281,281,301,301,301,312,332,367,393,418,472,472,472,472,490,504,504,605,605,616,636,656,656,672,699,137,167,193,204,204,204,257,257,257,257,257],"floor_reached":50,"language":"ENG","playtime":2434,"items_purged":["Strike_G","Strike_G"],"score":673,"play_id":"19cffbcb-b366-4eed-8dd4-3dfb2a947f60","local_time":"20210216203707","is_ascension_mode":false,"campfire_choices":[{"data":"Poisoned Stab","floor":7,"key":"SMITH"},{"data":"Noxious Fumes","floor":15,"key":"SMITH"},{"floor":27,"key":"REST"},{"data":"Bane","floor":29,"key":"SMITH"},{"data":"Backstab","floor":32,"key":"SMITH"},{"floor":49,"key":"RECALL"}],"circlet_count":0,"master_deck":["Strike_G","Defend_G","Defend_G","Survivor","Neutralize","Poisoned Stab+1","Choke","Backstab","Dagger Spray","Noxious Fumes+1","Noxious Fumes","Deadly Poison+1","Bane+1","Corpse Explosion+1","Terror+1","Backstab+1","Bouncing Flask+1","Poisoned Stab+1","Burst+1","Riddle With Holes+1","Calculated Gamble+1","Bouncing Flask+1","Cloak And Dagger+1","Cloak And Dagger+1","Catalyst+1","Accuracy+1","Catalyst+1","Backstab+1","Terror+1","Terror+1","Enlightenment+1","Slice+1"],"relics":["Ring of the Snake","Sling","Bag of Preparation","Mercury Hourglass","Toxic Egg 2","Letter Opener","SlaversCollar","MutagenicStrength","Frozen Egg 2","Red Mask","Centennial Puzzle","Blood Vial","Pantograph","Astrolabe","Kunai","DollysMirror","Strawberry","Mummified Hand","Ice Cream","Question Card"],"acts_visited":["Exordium","TheCity","TheBeyond"],"potions_floor_usage":[13,23,33,33,42,47],"damage_taken":[{"damage":5,"enemies":"Cultist","floor":1,"turns":5},{"damage":2,"enemies":"2 Louse","floor":5,"turns":3},{"damage":9,"enemies":"Gremlin Nob","floor":6,"turns":4},{"damage":0,"enemies":"Small Slimes","floor":8,"turns":2},{"damage":18,"enemies":"Lagavulin Event","floor":12,"turns":4},{"damage":21,"enemies":"Lagavulin","floor":13,"turns":4},{"damage":0,"enemies":"Blue Slaver","floor":14,"turns":2},{"damage":0,"enemies":"Slime Boss","floor":16,"turns":6},{"damage":20,"enemies":"2 Thieves","floor":18,"turns":2},{"damage":0,"enemies":"3 Byrds","floor":21,"turns":1},{"damage":3,"enemies":"Snecko","floor":22,"turns":3},{"damage":12,"enemies":"Gremlin Leader","floor":23,"turns":3},{"damage":0,"enemies":"Masked Bandits","floor":24,"turns":2},{"damage":15,"enemies":"Book of Stabbing","floor":25,"turns":3},{"damage":18,"enemies":"Centurion and Healer","floor":30,"turns":3},{"damage":0,"enemies":"Cultist and Chosen","floor":31,"turns":3},{"damage":27,"enemies":"Collector","floor":33,"turns":4},{"damage":0,"enemies":"Orb Walker","floor":35,"turns":2},{"damage":6,"enemies":"3 Shapes","floor":36,"turns":2},{"damage":0,"enemies":"Jaw Worm Horde","floor":37,"turns":2},{"damage":0,"enemies":"Transient","floor":39,"turns":5},{"damage":26,"enemies":"Reptomancer","floor":40,"turns":4},{"damage":5,"enemies":"Nemesis","floor":42,"turns":3},{"damage":3,"enemies":"Sphere and 2 Shapes","floor":44,"turns":1},{"damage":7,"enemies":"2 Orb Walkers","floor":47,"turns":3},{"damage":85,"enemies":"Time Eater","floor":50,"turns":5}],"seed_played":"2309778174713162129","potions_obtained":[{"floor":6,"key":"Explosive Potion"},{"floor":12,"key":"Weak Potion"},{"floor":13,"key":"Weak Potion"},{"floor":14,"key":"LiquidBronze"},{"floor":23,"key":"Swift Potion"},{"floor":33,"key":"EssenceOfSteel"},{"floor":36,"key":"Dexterity Potion"},{"floor":44,"key":"LiquidMemories"}],"is_trial":false,"path_per_floor":["M","?","?","$","M","E","R","M","T","?","$","?","E","M","R","B",null,"M","?","?","M","M","E","?","E","T","R","T","R","M","M","R","B",null,"M","M","M","?","M","E","$","E","T","M","?","?","?","T","R","B"],"character_chosen":"THE_SILENT","items_purchased":["Sling","Noxious Fumes","Catalyst+1","DollysMirror","Strawberry","Terror+1"],"campfire_rested":1,"item_purchase_floors":[4,11,41,41,41,41],"current_hp_per_floor":[65,70,70,70,68,59,59,59,59,59,59,41,20,20,20,20,75,55,55,55,55,52,40,40,25,25,47,47,47,31,33,33,33,75,75,69,71,71,73,49,56,53,53,52,52,52,47,47,47,0,0],"gold":257,"neow_bonus":"HUNDRED_GOLD","is_daily":false,"chose_seed":false,"campfire_upgraded":4,"win_rate":0.0,"timestamp":1613525827,"path_taken":["M","?","?","$","M","E","R","?","T","?","$","?","E","M","R","BOSS","M","?","?","M","M","E","?","E","T","R","?","R","M","?","R","BOSS","M","M","M","?","M","E","$","E","T","M","?","?","?","?","R","BOSS"],"items_purchased_type":["Relic","Card","Card","Relic","Relic","Card"],"build_version":"2020-12-22","purchased_purges":2,"victory":false,"max_hp_per_floor":[70,75,75,75,75,75,75,75,75,75,75,75,75,75,75,75,75,75,75,75,75,75,75,75,75,75,75,75,75,75,75,75,75,75,75,75,75,75,75,75,82,82,82,82,78,78,78,78,78,78,78],"card_choices":[{"not_picked":["Dagger Throw","Deflect"],"picked":"Poisoned Stab","floor":1},{"not_picked":["Eviscerate","Outmaneuver"],"picked":"Choke","floor":5},{"not_picked":["Deadly Poison","Night Terror"],"picked":"Backstab","floor":6},{"not_picked":["PiercingWail","Sucker Punch"],"picked":"Dagger Spray","floor":8},{"not_picked":["Leg Sweep+1","Acrobatics+1"],"picked":"Noxious Fumes","floor":12},{"not_picked":["Noxious Fumes","Flying Knee"],"picked":"Deadly Poison+1","floor":13},{"not_picked":["Calculated Gamble+1","Dagger Throw"],"picked":"Bane","floor":14},{"not_picked":["Unload","Adrenaline+1"],"picked":"Corpse Explosion+1","floor":16},{"not_picked":["Accuracy","Expertise+1"],"picked":"Terror+1","floor":18},{"not_picked":["Cloak And Dagger+1","Dodge and Roll+1"],"picked":"Bouncing Flask+1","floor":21},{"not_picked":["Outmaneuver+1","Backflip+1","Underhanded Strike+1"],"picked":"SKIP","floor":22},{"not_picked":["Flying Knee","Poisoned Stab","Backflip+1"],"picked":"SKIP","floor":23},{"not_picked":["Acrobatics+1","Caltrops+1"],"picked":"Poisoned Stab+1","floor":25},{"not_picked":["Choke","Flying Knee","Dodge and Roll+1"],"picked":"SKIP","floor":30},{"not_picked":["Deadly Poison+1","Expertise+1","Prepared+1"],"picked":"SKIP","floor":31},{"not_picked":["Doppelganger+1","Wraith Form v2+1"],"picked":"Burst+1","floor":33},{"not_picked":["Escape Plan+1","Bane+1"],"picked":"Cloak And Dagger+1","floor":35},{"not_picked":["Backflip+1","Footwork+1"],"picked":"Cloak And Dagger+1","floor":36},{"not_picked":["Flying Knee+1","Sucker Punch"],"picked":"Catalyst+1","floor":37},{"not_picked":["Outmaneuver+1","Unload"],"picked":"Accuracy+1","floor":39},{"not_picked":["Poisoned Stab+1","Flying Knee","Leg Sweep+1"],"picked":"SKIP","floor":40},{"not_picked":["Expertise+1","Dagger Throw","Backflip+1"],"picked":"SKIP","floor":42},{"not_picked":["Flying Knee+1","Blade Dance+1"],"picked":"Terror+1","floor":44},{"not_picked":["Forethought+1","Mayhem+1"],"picked":"Enlightenment+1","floor":46},{"not_picked":["Flechettes","Acrobatics+1"],"picked":"Slice+1","floor":47}],"player_experience":146767,"relics_obtained":[{"floor":6,"key":"Bag of Preparation"},{"floor":9,"key":"Mercury Hourglass"},{"floor":13,"key":"Letter Opener"},{"floor":23,"key":"Frozen Egg 2"},{"floor":24,"key":"Red Mask"},{"floor":25,"key":"Centennial Puzzle"},{"floor":26,"key":"Blood Vial"},{"floor":28,"key":"Pantograph"},{"floor":40,"key":"Kunai"},{"floor":42,"key":"Mummified Hand"},{"floor":47,"key":"Ice Cream"},{"floor":48,"key":"Question Card"}],"event_choices":[{"damage_healed":0,"gold_gain":0,"player_choice":"Donut","damage_taken":0,"max_hp_gain":5,"max_hp_loss":0,"event_name":"Big Fish","floor":2,"gold_loss":0},{"cards_removed":["Defend_G"],"damage_healed":0,"gold_gain":0,"player_choice":"Offered Basic","damage_taken":0,"max_hp_gain":0,"max_hp_loss":0,"event_name":"Bonfire Elementals","floor":3,"gold_loss":0},{"damage_healed":0,"gold_gain":0,"player_choice":"Ignored","damage_taken":0,"max_hp_gain":0,"max_hp_loss":0,"event_name":"Liars Game","floor":10,"gold_loss":0},{"damage_healed":0,"gold_gain":30,"player_choice":"Searched \u00273\u0027 times","damage_taken":0,"relics_obtained":["Toxic Egg 2"],"max_hp_gain":0,"max_hp_loss":0,"event_name":"Dead Adventurer","floor":12,"gold_loss":0},{"damage_healed":0,"gold_gain":0,"player_choice":"Read","damage_taken":0,"max_hp_gain":0,"max_hp_loss":0,"event_name":"The Library","floor":19,"gold_loss":0,"cards_obtained":["Backstab"]},{"damage_healed":0,"gold_gain":0,"player_choice":"Inject Mutagens","damage_taken":0,"relics_obtained":["MutagenicStrength"],"max_hp_gain":0,"max_hp_loss":0,"event_name":"Drug Dealer","floor":20,"gold_loss":0},{"damage_healed":0,"gold_gain":0,"player_choice":"Fought Bandits","damage_taken":0,"max_hp_gain":0,"max_hp_loss":0,"event_name":"Masked Bandits","floor":24,"gold_loss":0},{"cards_removed":["Defend_G"],"damage_healed":0,"gold_gain":0,"player_choice":"Removed Skill","damage_taken":0,"max_hp_gain":0,"max_hp_loss":0,"event_name":"Falling","floor":38,"gold_loss":0},{"damage_healed":0,"gold_gain":0,"player_choice":"Max HP","damage_taken":0,"max_hp_gain":0,"max_hp_loss":4,"event_name":"Winding Halls","floor":45,"gold_loss":0},{"damage_healed":0,"gold_gain":0,"player_choice":"Memory 1","damage_taken":0,"max_hp_gain":0,"max_hp_loss":0,"event_name":"SensoryStone","floor":46,"gold_loss":0},{"damage_healed":0,"gold_gain":0,"player_choice":"Fight","damage_taken":0,"max_hp_gain":0,"max_hp_loss":0,"event_name":"Mysterious Sphere","floor":47,"gold_loss":0}],"is_beta":false,"boss_relics":[{"not_picked":["Ectoplasm","Runic Pyramid"],"picked":"SlaversCollar"},{"not_picked":["Sozu","Busted Crown"],"picked":"Astrolabe"}],"items_purged_floors":[11,41],"is_endless":false,"potions_floor_spawned":[6,12,13,14,21,23,24,25,33,36,39,44],"killed_by":"Time Eater","ascension_level":0}}