{"host":"vyiqbz5w606ur92t","time":1613576948,"event":{"mods":["BaseMod","Downfall","Minty Spire (QoL Compilation)","Relic Stats","StSLib"],"gold_per_floor":[99,119,119,119,219,238,238,252,283,36,53,53,53,80,98,98,98,98],"floor_reached":16,"language":"ENG","playtime":875,"items_purged":["Slimebound:Strike_Slimebound"],"score":215,"play_id":"03f549ce-a441-4e56-928d-decb3cec67e0","local_time":"20210217154908","is_ascension_mode":true,"campfire_choices":[{"floor":1,"key":"RECALL"},{"data":"Slimebound:Split","floor":13,"key":"SMITH"}],"circlet_count":0,"master_deck":["AscendersBane","Slimebound:Strike_Slimebound","Slimebound:Strike_Slimebound+1","Slimebound:Tackle","Slimebound:Defend_Slimebound","Slimebound:Defend_Slimebound","Slimebound:Defend_Slimebound","Slimebound:Defend_Slimebound","Slimebound:Split+1","Slimebound:CorrosiveSpit","Slimebound:RollThrough+1","Slimebound:HungryTackle","Slimebound:SplitSpecialist","Slimebound:Replication","Slimebound:ComboTackle","Slimebound:ForwardTackle","Slimebound:SplitSpecialist","Slimebound:MinionMaster","Slimebound:Chomp"],"relics":["Slimebound:AbsorbEndCombat","downfall:ShatteredFragment","Whetstone","Bronze Scales","sneckomod:BlankCard"],"acts_visited":["Exordium"],"potions_floor_usage":[11,15,16],"damage_taken":[{"damage":10,"enemies":"Small Slimes","floor":2,"turns":5},{"damage":4,"enemies":"Jaw Worm","floor":6,"turns":4},{"damage":6,"enemies":"Cultist","floor":8,"turns":3},{"damage":20,"enemies":"3 Sentries","floor":9,"turns":6},{"damage":5,"enemies":"downfall:FleeingMerchant","floor":10,"turns":4},{"damage":17,"enemies":"Exordium Wildlife","floor":11,"turns":5},{"damage":27,"enemies":"Lagavulin","floor":14,"turns":5},{"damage":6,"enemies":"Blue Slaver","floor":15,"turns":1},{"damage":12,"enemies":"IC_STATUS_ARCHETYPE","floor":16,"turns":2}],"seed_played":"-1380902440094710944","potions_obtained":[{"floor":8,"key":"Fruit Juice"},{"floor":9,"key":"Ancient Potion"},{"floor":11,"key":"Slimebound:SlimedPotion"}],"is_trial":false,"path_per_floor":["R","M","?","?","?","M","T","M","E","$","M","?","R","E","M","B"],"character_chosen":"SLIMEBOUND","items_purchased":["Bronze Scales"],"campfire_rested":0,"item_purchase_floors":[10],"current_hp_per_floor":[58,56,38,59,59,63,63,58,38,41,33,33,33,12,8,0,0,0],"gold":98,"neow_bonus":"TEN_PERCENT_HP_BONUS","is_daily":false,"chose_seed":false,"campfire_upgraded":1,"win_rate":0.0,"timestamp":1613576948,"path_taken":["R","M","?","?","?","M","T","M","E","?","M","?","R","E","M","BOSS"],"items_purchased_type":["Relic"],"build_version":"2020-12-22","purchased_purges":1,"victory":false,"max_hp_per_floor":[64,64,64,64,64,64,64,64,64,64,69,69,69,69,69,69,69,69],"relic_stats":{"counters":[9,35],"Bronze Scales":[24],"Whetstone":["Slimebound:RollThrough","Slimebound:Strike_Slimebound"],"obtain_stats":[{"downfall:ShatteredFragment":3,"Bronze Scales":10,"sneckomod:BlankCard":14,"Slimebound:AbsorbEndCombat":0,"Whetstone":9},{"downfall:ShatteredFragment":1,"Bronze Scales":5,"sneckomod:BlankCard":7,"Slimebound:AbsorbEndCombat":0,"Whetstone":4},{"downfall:ShatteredFragment":5,"Bronze Scales":22,"sneckomod:BlankCard":32,"Slimebound:AbsorbEndCombat":0,"Whetstone":18}]},"card_choices":[{"not_picked":["Slimebound:ComboTackle","Slimebound:GoopTackle"],"picked":"Slimebound:RollThrough","floor":2},{"not_picked":["Slimebound:ItLooksTasty","Slimebound:Dissolve"],"picked":"Slimebound:HungryTackle","floor":6},{"not_picked":["Slimebound:SplitAcid","Slimebound:LevelUp"],"picked":"Slimebound:SplitSpecialist","floor":8},{"not_picked":["Slimebound:DivideAndConquer","Slimebound:SlimeBrawl"],"picked":"Slimebound:Replication","floor":9},{"not_picked":["Slimebound:HauntingLick","Slimebound:ViciousTackle"],"picked":"Slimebound:ComboTackle","floor":10},{"not_picked":["Slimebound:SplitMire","Slimebound:GrowthPunch"],"picked":"Slimebound:ForwardTackle","floor":11},{"not_picked":["Slimebound:RejuvenatingLick","Slimebound:FormOfPuddle"],"picked":"Slimebound:MinionMaster","floor":14},{"not_picked":["Slimebound:RollThrough","Slimebound:RejuvenatingLick"],"picked":"Slimebound:Chomp","floor":15}],"player_experience":1823615,"relics_obtained":[{"floor":9,"key":"Whetstone"},{"floor":14,"key":"sneckomod:BlankCard"}],"event_choices":[{"damage_healed":21,"gold_gain":0,"player_choice":"Banana","damage_taken":0,"max_hp_gain":0,"max_hp_loss":0,"event_name":"Big Fish","floor":4,"gold_loss":0}],"is_beta":false,"boss_relics":[],"items_purged_floors":[10],"is_endless":false,"potions_floor_spawned":[8,9,11,14],"killed_by":"IC_STATUS_ARCHETYPE","ascension_level":19}}