{"host":"ocll6kdfqxraqtza","time":1613540127,"event":{"mods":["2.2 Compatiblity","Act Like it!","Arknights","Aspiration","BaseMod","Better Third Choice","Gensokyo","Hallownest","Hermit","Hubris","Jorbs\u0027s Wanderer Trilogy","Luminous","Marisa（霧雨　魔理沙）","Minty Spire (QoL Compilation)","Reimu（博??梦）","Reliquary","Replay The Spire","Shade Mod","StSLib","The Alterego","The Bug Knight","The Cursed","The Hierophant","The Marked","The Runesmith","TheBandit","Wandering Minibosses"],"gold_per_floor":[109,109,128,53,53,53,83,94,94,113,133,150,0,0,0,100,100],"floor_reached":16,"language":"ENG","playtime":654,"items_purged":["Luminous:Defend_Luminous"],"score":102,"play_id":"84b16004-e48e-4198-b780-2a32a82d0d03","local_time":"20210217133527","is_ascension_mode":false,"campfire_choices":[{"data":"Venomology","floor":6.0,"key":"SMITH"},{"data":"Luminous:Chaos_Field_Luminous","floor":15.0,"key":"SMITH"}],"circlet_count":0,"master_deck":["Luminous:Light_Flash_Shower","Luminous:Light_Flash_Shower","Luminous:Light_Flash_Shower","Luminous:Dark_Abyssal_Drop","Luminous:Dark_Abyssal_Drop","Luminous:Dark_Abyssal_Drop","Luminous:Switch_Luminous+1","hubris:Insight","Luminous:Sympathy_Luminous","Luminous:Chaos_Field_Luminous+1","Prepared","Venomology+1","Corpse Explosion","Luminous:Magic_Guard_Luminous","Luminous:Dark_Moonlight_Spear","Luminous:Fast_Spell_Luminous","Luminous:Dark_Pressure_Void","Luminous:Magic_Guard_Luminous"],"relics":["Luminous:MirrorRelic","aspiration:StickyExplosives_weak","Letter Opener","Hallownest:BankAccountRelic","hubris:Icosahedron"],"acts_visited":["Hallownest:Greenpath"],"potions_floor_usage":[16,16,16],"damage_taken":[{"damage":1.0,"enemies":"Hallownest:2_MossCreeps","floor":1.0,"turns":6.0},{"damage":8.0,"enemies":"Hallownest:monsterHuskGuard","floor":3.0,"turns":5.0},{"damage":20.0,"enemies":"Hallownest:eliteCrystalGuardian","floor":7.0,"turns":5.0},{"damage":11.0,"enemies":"Hallownest:2_Tiktiks_and_1_Crawlid","floor":8.0,"turns":2.0},{"damage":5.0,"enemies":"Hallownest:2_Tiktiks_1_Baldur_1_Crawlid","floor":10.0,"turns":3.0},{"damage":0.0,"enemies":"Hallownest:monsterMossCharger","floor":11.0,"turns":1.0},{"damage":3.0,"enemies":"Hallownest:1_Baldur_1_Crawlid_1_Warrior","floor":12.0,"turns":3.0},{"damage":37,"enemies":"Hallownest:BossHornet","floor":16,"turns":10}],"seed_played":"-6756196905895752714","potions_obtained":[{"floor":3.0,"key":"Fire Potion"},{"floor":10.0,"key":"SneckoOil"},{"floor":11.0,"key":"DistilledChaos"}],"is_trial":false,"path_per_floor":["M","?","M","$","?","R","E","M","T","M","M","M","?","?","R","B"],"character_chosen":"LuminousClass","items_purchased":[],"campfire_rested":0,"item_purchase_floors":[],"current_hp_per_floor":[74,74,66,66,66,66,46,35,35,30,30,27,27,27,27,0,0],"gold":100,"neow_bonus":"RANDOM_COLORLESS","is_daily":false,"chose_seed":false,"campfire_upgraded":2,"win_rate":0.0,"timestamp":1613540127,"path_taken":["M","?","M","$","?","R","E","M","T","M","?","?","?","?","R","BOSS"],"items_purchased_type":[],"build_version":"2020-12-22","purchased_purges":1,"victory":false,"max_hp_per_floor":[75,75,75,75,75,75,75,75,75,75,75,75,75,75,75,75,75],"card_choices":[{"not_picked":["Survey Options","Impatience"],"picked":"hubris:Insight","floor":0.0},{"not_picked":["Luminous:Accumulation_Luminous","Luminous:Mana_Barrier_Luminous"],"picked":"Luminous:Sympathy_Luminous","floor":1.0},{"not_picked":["Luminous:Light_Glare","Luminous:Dark_Dim_Erosion"],"picked":"Luminous:Chaos_Field_Luminous","floor":3.0},{"not_picked":["Luminous:Balance_Death_Scythe","Luminous:Lunar_Tide_Luminous"],"picked":"Luminous:Magic_Guard_Luminous","floor":7.0},{"not_picked":["Luminous:Accumulation_Luminous","Luminous:Sympathy_Luminous"],"picked":"Luminous:Dark_Moonlight_Spear","floor":8.0},{"not_picked":["Luminous:Blinding_Pillar_Luminous","Luminous:Hero_Will_Luminous"],"picked":"Luminous:Fast_Spell_Luminous","floor":10.0},{"not_picked":["Luminous:Light_Glare","Luminous:Balance_Death_Scythe"],"picked":"Luminous:Dark_Pressure_Void","floor":11.0},{"not_picked":["Luminous:Lunar_Tide_Luminous","Luminous:Mirror_Force_Luminous"],"picked":"Luminous:Magic_Guard_Luminous","floor":12.0}],"player_experience":552948,"relics_obtained":[{"floor":7.0,"key":"aspiration:StickyExplosives_weak"},{"floor":9.0,"key":"Letter Opener"}],"event_choices":[],"is_beta":false,"boss_relics":[],"items_purged_floors":[4],"is_endless":false,"potions_floor_spawned":[3,10,11,12],"killed_by":"Hallownest:BossHornet","ascension_level":0}}