{"host":"bq4pt811tk9yrmjl","time":1613521517,"event":{"mods":["AchievementEnabler","BaseMod","Colored Map","Colored Powertips","Defuse TimeMaze Blight","Hermit","Minty Spire (QoL Compilation)","Smile Girya","StSLib","SuperFastMode"],"gold_per_floor":[110,110,285,285,297,297,325,339,366,366,45,45,66,91,91,217,280,299,399,412,193,193,193,227,227,227,270,270,44,67,67,67,67,67],"floor_reached":33,"language":"ENG","playtime":417,"items_purged":["Doubt"],"score":425,"play_id":"720ae658-159d-486a-85d1-eac7517cefac","local_time":"20210216222517","is_ascension_mode":true,"campfire_choices":[{"data":"Bash","floor":6.0,"key":"SMITH"},{"data":"Twin Strike","floor":12.0,"key":"SMITH"},{"floor":15.0,"key":"REST"},{"data":"Armaments","floor":23.0,"key":"SMITH"},{"floor":25.0,"key":"REST"},{"floor":28.0,"key":"RECALL"},{"data":"Metallicize","floor":32,"key":"SMITH"}],"circlet_count":0,"master_deck":["Strike_R+1","Strike_R","Strike_R+1","Strike_R","Strike_R","Defend_R","Defend_R","Defend_R","Defend_R","Bash+1","Twin Strike+1","Anger","Cleave+1","Metallicize+1","Rage+1","Armaments+1","Armaments+1"],"relics":["Burning Blood","NeowsBlessing","Incense Burner","PreservedInsect","Happy Flower","Golden Idol","StrikeDummy","Tiny House","Membership Card","Whetstone","Red Skull","Smiling Mask","Vajra","CeramicFish","Strawberry","Lee\u0027s Waffle"],"acts_visited":["Exordium","TheCity"],"potions_floor_usage":[30],"damage_taken":[{"damage":0.0,"enemies":"Jaw Worm","floor":1.0,"turns":1.0},{"damage":0.0,"enemies":"Small Slimes","floor":5.0,"turns":1.0},{"damage":0.0,"enemies":"Lagavulin","floor":7.0,"turns":1.0},{"damage":6.0,"enemies":"Cultist","floor":8.0,"turns":3.0},{"damage":0.0,"enemies":"Lots of Slimes","floor":13.0,"turns":2.0},{"damage":16.0,"enemies":"3 Louse","floor":14.0,"turns":3.0},{"damage":0.0,"enemies":"Slime Boss","floor":16.0,"turns":6.0},{"damage":21.0,"enemies":"2 Thieves","floor":18.0,"turns":3.0},{"damage":9.0,"enemies":"3 Byrds","floor":20.0,"turns":7.0},{"damage":22.0,"enemies":"Slavers","floor":24.0,"turns":5.0},{"damage":0.0,"enemies":"Gremlin Leader","floor":27.0,"turns":5.0},{"damage":0,"enemies":"Sentry and Sphere","floor":30,"turns":3},{"damage":65,"enemies":"Champ","floor":33,"turns":11}],"seed_played":"299174730312543133","potions_obtained":[{"floor":5.0,"key":"SneckoOil"},{"floor":8.0,"key":"Strength Potion"},{"floor":17.0,"key":"Regen Potion"},{"floor":24.0,"key":"Explosive Potion"},{"floor":27.0,"key":"DuplicationPotion"},{"floor":30,"key":"Explosive Potion"}],"is_trial":false,"path_per_floor":["M","?","?","T","M","R","E","M","T","?","$","R","M","M","R","B",null,"M","?","M","$","?","R","E","R","T","E","R","$","M","$","R","B"],"character_chosen":"IRONCLAD","items_purchased":["StrikeDummy","Membership Card","Whetstone","CeramicFish","Strawberry","Lee\u0027s Waffle"],"campfire_rested":2,"item_purchase_floors":[11,21,21,29,29,29],"current_hp_per_floor":[80,77,77,77,80,80,80,80,80,60,60,60,66,56,80,80,85,70,70,81,81,75,75,59,84,84,85,85,99,99,99,99,34,34],"gold":67,"neow_bonus":"THREE_ENEMY_KILL","is_daily":false,"chose_seed":false,"campfire_upgraded":4,"win_rate":0.0,"timestamp":1613521517,"path_taken":["M","?","?","?","?","R","E","?","T","?","$","R","M","M","R","BOSS","M","?","?","$","?","R","E","R","T","E","R","?","?","$","R","BOSS"],"items_purchased_type":["Relic","Relic","Relic","Relic","Relic","Relic"],"build_version":"2020-12-22","purchased_purges":1,"victory":false,"max_hp_per_floor":[80,80,80,80,80,80,80,80,80,80,80,80,80,80,80,80,85,85,85,85,85,85,85,85,85,85,85,85,99,99,99,99,99,99],"card_choices":[{"not_picked":["Sword Boomerang","Wild Strike","Headbutt"],"picked":"SKIP","floor":1.0},{"not_picked":["Reckless Charge","Perfected Strike"],"picked":"Twin Strike","floor":5.0},{"not_picked":["Combust","Flame Barrier"],"picked":"Anger","floor":7.0},{"not_picked":["Clothesline","Iron Wave"],"picked":"Cleave","floor":8.0},{"not_picked":["Burning Pact","Body Slam"],"picked":"Metallicize","floor":13.0},{"not_picked":["Heavy Blade","Sword Boomerang","Dual Wield"],"picked":"SKIP","floor":14.0},{"not_picked":["True Grit","Clash"],"picked":"Rage+1","floor":18.0},{"not_picked":["Flex","Warcry"],"picked":"Armaments","floor":20.0},{"not_picked":["Flex","Pommel Strike"],"picked":"Armaments+1","floor":24.0},{"not_picked":["Pommel Strike","Feed","Body Slam"],"picked":"SKIP","floor":27.0},{"not_picked":["Clothesline","Pommel Strike","Iron Wave"],"picked":"SKIP","floor":30}],"player_experience":315440,"relics_obtained":[{"floor":7.0,"key":"PreservedInsect"},{"floor":9.0,"key":"Happy Flower"},{"floor":24.0,"key":"Red Skull"},{"floor":26.0,"key":"Smiling Mask"},{"floor":27.0,"key":"Vajra"}],"event_choices":[{"damage_healed":0.0,"max_hp_gain":0.0,"max_hp_loss":0.0,"gold_gain":0.0,"event_name":"Scrap Ooze","player_choice":"Success","floor":2.0,"gold_loss":0.0,"damage_taken":3.0,"relics_obtained":["Incense Burner"]},{"damage_healed":0.0,"max_hp_gain":0.0,"max_hp_loss":0.0,"gold_gain":175.0,"event_name":"Liars Game","player_choice":"AGREE","floor":3.0,"gold_loss":0.0,"damage_taken":0.0,"cards_obtained":["Doubt"]},{"damage_healed":0.0,"max_hp_gain":0.0,"max_hp_loss":0.0,"gold_gain":0.0,"event_name":"Golden Idol","player_choice":"Take Damage","floor":10.0,"gold_loss":0.0,"damage_taken":20.0,"relics_obtained":["Golden Idol"]},{"damage_healed":0.0,"max_hp_gain":0.0,"max_hp_loss":0.0,"gold_gain":100.0,"event_name":"Golden Shrine","player_choice":"Pray","floor":19.0,"gold_loss":0.0,"damage_taken":0.0},{"damage_healed":0.0,"max_hp_gain":0.0,"max_hp_loss":0.0,"gold_gain":0.0,"event_name":"Knowing Skull","player_choice":"","floor":22.0,"potions_obtained":[],"gold_loss":0.0,"damage_taken":6.0,"cards_obtained":[]}],"is_beta":false,"boss_relics":[{"not_picked":["Pandora\u0027s Box","Ectoplasm"],"picked":"Tiny House"}],"items_purged_floors":[11],"is_endless":false,"potions_floor_spawned":[5,8,24,27,30],"killed_by":"Champ","ascension_level":1}}