{"host":"0kk91h4bq4kgfj0u","time":1613590028,"event":{"mods":["BaseMod","Bestiary","Block Reminder","Colored Map","Colored Powertips","Curses Come First","Highlight Path","Minty Spire (QoL Compilation)","Relic Stats","StSLib"],"gold_per_floor":[118,138,138,138,138,163,174,209,209,227,227,238,89,116,116,215,215,227,227,245,245,245,245,23,23,73,73,108,108,120,134,134,134,134],"floor_reached":33,"language":"ENG","playtime":2125,"items_purged":[],"score":407,"play_id":"c3d0c4c4-6b65-4fb5-9b5d-1f1b49a39875","local_time":"20210217142708","is_ascension_mode":true,"campfire_choices":[{"floor":11,"key":"REST"},{"floor":15,"key":"REST"},{"data":"A Thousand Cuts","floor":23,"key":"SMITH"},{"floor":25,"key":"RECALL"},{"floor":32,"key":"REST"}],"circlet_count":0,"master_deck":["Strike_G+1","Strike_G+1","Strike_G+1","Strike_G+1","Strike_G+1","Defend_G+1","Defend_G+1","Defend_G+1","Defend_G+1","Defend_G+1","Survivor","Neutralize","Deflect","Footwork+1","Deep Breath","A Thousand Cuts+1","Poisoned Stab","Cloak And Dagger","Blade Dance","Dagger Throw","Leg Sweep","Adrenaline","Dagger Spray+1","Underhanded Strike+1","Backflip","Caltrops","Noxious Fumes","Necronomicurse","Tactician+1","Bane"],"relics":["Ring of the Snake","Gremlin Horn","Sundial","Pear","Happy Flower","Bottled Flame","HoveringKite","TwistedFunnel","Snake Skull","Paper Crane","Necronomicon"],"acts_visited":["Exordium","TheCity"],"potions_floor_usage":[6,6,10,28,28,28,33],"damage_taken":[{"damage":0.0,"enemies":"2 Louse","floor":1.0,"turns":3.0},{"damage":1.0,"enemies":"Small Slimes","floor":2.0,"turns":4.0},{"damage":7,"enemies":"Lagavulin","floor":6,"turns":5},{"damage":0,"enemies":"Cultist","floor":7,"turns":4},{"damage":14,"enemies":"3 Sentries","floor":8,"turns":9},{"damage":13,"enemies":"Large Slime","floor":10,"turns":7},{"damage":5,"enemies":"Blue Slaver","floor":12,"turns":4},{"damage":21,"enemies":"Lagavulin","floor":14,"turns":6},{"damage":11,"enemies":"The Guardian","floor":16,"turns":14},{"damage":5,"enemies":"2 Thieves","floor":18,"turns":5},{"damage":10,"enemies":"Chosen","floor":20,"turns":5},{"damage":22,"enemies":"Book of Stabbing","floor":28,"turns":6},{"damage":1,"enemies":"3 Cultists","floor":30,"turns":4},{"damage":4,"enemies":"Snake Plant","floor":31,"turns":5},{"damage":53,"enemies":"Automaton","floor":33,"turns":6}],"seed_played":"325500818243481654","potions_obtained":[{"floor":1.0,"key":"FearPotion"},{"floor":2.0,"key":"Strength Potion"},{"floor":8,"key":"Weak Potion"},{"floor":12,"key":"DuplicationPotion"},{"floor":18,"key":"AttackPotion"},{"floor":20,"key":"ColorlessPotion"},{"floor":28,"key":"Weak Potion"}],"is_trial":false,"path_per_floor":["M","M","?","?","?","E","M","E","T","M","R","M","$","E","R","B",null,"M","?","M","?","?","R","$","R","T","$","E","?","M","M","R","B"],"character_chosen":"THE_SILENT","items_purchased":["Happy Flower","TwistedFunnel","Caltrops"],"campfire_rested":3,"item_purchase_floors":[13,24,24],"current_hp_per_floor":[70,69,54,54,54,47,47,33,43,30,56,51,51,30,56,45,77,72,72,62,62,62,62,62,62,62,62,40,24,23,19,45,0,0],"gold":134,"neow_bonus":"TEN_PERCENT_HP_BONUS","is_daily":false,"chose_seed":false,"campfire_upgraded":1,"win_rate":0.0,"timestamp":1613590028,"path_taken":["M","M","?","?","?","E","M","E","T","?","R","M","$","E","R","BOSS","M","?","M","?","?","R","$","R","T","?","E","?","M","M","R","BOSS"],"items_purchased_type":["Relic","Relic","Card"],"build_version":"2020-12-22","purchased_purges":0,"victory":false,"max_hp_per_floor":[77,77,77,77,77,77,77,77,87,87,87,87,87,87,87,87,87,87,87,87,87,87,87,87,87,87,87,87,87,87,87,87,87,87],"relic_stats":{"Gremlin Horn":[7,7],"Happy Flower":[17],"counters":[15,87],"Sundial":[14],"HoveringKite":[9],"Snake Skull":[12],"Necronomicon":[3],"obtain_stats":[{"TwistedFunnel":24,"Bottled Flame":14,"Pear":9,"Gremlin Horn":6,"Happy Flower":13,"Sundial":8,"HoveringKite":17,"Snake Skull":26,"Necronomicon":29,"Paper Crane":28,"Ring of the Snake":0},{"TwistedFunnel":11,"Bottled Flame":8,"Pear":5,"Gremlin Horn":3,"Happy Flower":7,"Sundial":5,"HoveringKite":9,"Snake Skull":11,"Necronomicon":12,"Paper Crane":12,"Ring of the Snake":0},{"TwistedFunnel":66,"Bottled Flame":42,"Pear":25,"Gremlin Horn":12,"Happy Flower":36,"Sundial":25,"HoveringKite":56,"Snake Skull":66,"Necronomicon":72,"Paper Crane":72,"Ring of the Snake":0}],"Ring of the Snake":[30]},"card_choices":[{"not_picked":["Eviscerate","Acrobatics"],"picked":"Deflect","floor":1.0},{"not_picked":["Dagger Spray","Backflip"],"picked":"Footwork","floor":2.0},{"not_picked":["Backstab","All Out Attack"],"picked":"A Thousand Cuts","floor":6},{"not_picked":["Deflect","Acrobatics"],"picked":"Poisoned Stab","floor":7},{"not_picked":["Doppelganger","PiercingWail"],"picked":"Cloak And Dagger","floor":8},{"not_picked":["Deflect","Dodge and Roll"],"picked":"Blade Dance","floor":10},{"not_picked":["Deflect","Concentrate"],"picked":"Dagger Throw","floor":12},{"not_picked":["Deflect","Tools of the Trade"],"picked":"Leg Sweep","floor":14},{"not_picked":["Storm of Steel","Doppelganger"],"picked":"Adrenaline","floor":16},{"not_picked":["Setup","Poisoned Stab"],"picked":"Dagger Spray+1","floor":18},{"not_picked":["Quick Slash","PiercingWail"],"picked":"Underhanded Strike+1","floor":20},{"not_picked":["Flechettes","Finisher"],"picked":"Noxious Fumes","floor":28},{"not_picked":["Terror","Acrobatics"],"picked":"Tactician+1","floor":30},{"not_picked":["Dagger Spray","Dodge and Roll"],"picked":"Bane","floor":31}],"player_experience":883525,"relics_obtained":[{"floor":6,"key":"Gremlin Horn"},{"floor":8,"key":"Sundial"},{"floor":9,"key":"Pear"},{"floor":14,"key":"Bottled Flame"},{"floor":26,"key":"Snake Skull"},{"floor":28,"key":"Paper Crane"},{"floor":29,"key":"Necronomicon"}],"event_choices":[{"damage_healed":0.0,"max_hp_gain":0.0,"max_hp_loss":0.0,"gold_gain":0.0,"event_name":"Shining Light","player_choice":"Entered Light","floor":3.0,"gold_loss":0.0,"damage_taken":15.0,"cards_upgraded":["Footwork","Strike_G"]},{"damage_healed":0.0,"max_hp_gain":0.0,"max_hp_loss":0.0,"gold_gain":0.0,"event_name":"The Cleric","player_choice":"Leave","floor":4.0,"gold_loss":0.0,"damage_taken":0.0},{"damage_healed":0.0,"max_hp_gain":0.0,"max_hp_loss":0.0,"gold_gain":0.0,"event_name":"Match and Keep!","player_choice":"1 cards matched","floor":5.0,"gold_loss":0.0,"damage_taken":0.0,"cards_obtained":["Deep Breath"]},{"damage_healed":0,"gold_gain":0,"player_choice":"Ignored","damage_taken":0,"max_hp_gain":0,"max_hp_loss":0,"event_name":"Ghosts","floor":19,"gold_loss":0},{"damage_healed":0,"gold_gain":0,"player_choice":"Read","damage_taken":0,"max_hp_gain":0,"max_hp_loss":0,"event_name":"The Library","floor":21,"gold_loss":0,"cards_obtained":["Backflip"]},{"damage_healed":0,"gold_gain":0,"player_choice":"Simplicity","damage_taken":0,"max_hp_gain":0,"max_hp_loss":0,"event_name":"Back to Basics","floor":22,"gold_loss":0,"cards_upgraded":["Strike_G","Strike_G","Strike_G","Strike_G","Defend_G","Defend_G","Defend_G","Defend_G","Defend_G"]},{"damage_healed":0,"gold_gain":0,"player_choice":"Obtained Book","damage_taken":16,"max_hp_gain":0,"max_hp_loss":0,"event_name":"Cursed Tome","floor":29,"gold_loss":0}],"is_beta":false,"boss_relics":[{"not_picked":["Philosopher\u0027s Stone","Snecko Eye"],"picked":"HoveringKite"}],"items_purged_floors":[],"is_endless":false,"potions_floor_spawned":[1,2,8,12,18,20,28],"killed_by":"Automaton","ascension_level":7}}