{"host":"2qv44oxt58ptq59r","time":1613593699,"event":{"mods":["AchievementEnabler","BaseMod","Colored Powertips","Highlight Path","Minty Spire (QoL Compilation)","Permanent Neow","StSLib"],"gold_per_floor":[115,130,141,61,77,77,93,18,45,59,69,69,80,106,106,106,106],"floor_reached":16,"language":"ENG","playtime":1687,"items_purged":["Strike_R"],"score":154,"play_id":"dbbe9809-65a5-42a9-9e77-63c0c1e90966","local_time":"20210217202819","is_ascension_mode":true,"campfire_choices":[{"data":"Corruption","floor":6,"key":"SMITH"},{"data":"Inflame","floor":12,"key":"SMITH"},{"floor":15,"key":"REST"}],"circlet_count":0,"master_deck":["Strike_R","Strike_R","Strike_R","Defend_R","Defend_R","Defend_R","Defend_R","Bash","Corruption+1","Thunderclap","Disarm","Inflame+1","Spot Weakness","Intimidate","Cleave","Body Slam"],"relics":["Burning Blood","MealTicket"],"acts_visited":["Exordium"],"potions_floor_usage":[14,14,16],"damage_taken":[{"damage":10,"enemies":"Cultist","floor":1,"turns":5},{"damage":11,"enemies":"Small Slimes","floor":2,"turns":4},{"damage":0,"enemies":"Jaw Worm","floor":3,"turns":5},{"damage":27,"enemies":"3 Louse","floor":5,"turns":5},{"damage":11,"enemies":"Blue Slaver","floor":7,"turns":3},{"damage":4,"enemies":"Gremlin Gang","floor":10,"turns":4},{"damage":11,"enemies":"2 Fungi Beasts","floor":11,"turns":4},{"damage":8,"enemies":"Exordium Wildlife","floor":13,"turns":4},{"damage":28,"enemies":"Gremlin Nob","floor":14,"turns":5},{"damage":40,"enemies":"Slime Boss","floor":16,"turns":5}],"seed_played":"8321180847288596571","potions_obtained":[{"floor":2,"key":"CultistPotion"},{"floor":3,"key":"FearPotion"},{"floor":10,"key":"FearPotion"},{"floor":13,"key":"Block Potion"},{"floor":14,"key":"SpeedPotion"}],"is_trial":false,"path_per_floor":["M","M","M","$","M","R","M","$","T","M","M","R","M","E","R","B"],"character_chosen":"IRONCLAD","items_purchased":["Inflame"],"campfire_rested":1,"item_purchase_floors":[4],"current_hp_per_floor":[68,63,69,69,48,48,43,43,43,45,40,40,38,16,40,0,0],"gold":106,"neow_bonus":"TRANSFORM_CARD","is_daily":false,"chose_seed":false,"campfire_upgraded":2,"win_rate":0.0,"timestamp":1613593699,"path_taken":["M","?","M","$","M","R","M","$","T","M","M","R","M","E","R","BOSS"],"items_purchased_type":["Card"],"build_version":"2020-12-22","purchased_purges":1,"victory":false,"max_hp_per_floor":[80,80,80,80,80,80,80,80,80,80,80,80,80,80,80,80,80],"card_choices":[{"not_picked":["Anger","Twin Strike"],"picked":"Thunderclap","floor":1},{"not_picked":["Sword Boomerang","Reckless Charge"],"picked":"Disarm","floor":2},{"not_picked":["Perfected Strike","Burning Pact","Corruption"],"picked":"SKIP","floor":3},{"not_picked":["Sever Soul","Evolve"],"picked":"Spot Weakness","floor":5},{"not_picked":["Disarm","Twin Strike"],"picked":"Intimidate","floor":7},{"not_picked":["Pummel","Infernal Blade","Flex"],"picked":"SKIP","floor":10},{"not_picked":["True Grit","Dual Wield","Clothesline"],"picked":"SKIP","floor":11},{"not_picked":["Evolve","Reckless Charge"],"picked":"Cleave","floor":13},{"not_picked":["Pommel Strike","Havoc"],"picked":"Body Slam","floor":14}],"player_experience":5754855,"relics_obtained":[{"floor":14,"key":"MealTicket"}],"event_choices":[],"is_beta":false,"boss_relics":[],"items_purged_floors":[8],"is_endless":false,"potions_floor_spawned":[2,3,10,11,13,14],"killed_by":"Slime Boss","ascension_level":9}}