{"host":"t9667tqki5o0r0xm","time":1613530070,"event":{"mods":["BaseMod","Minty Spire (QoL Compilation)","StSLib","The Marked"],"gold_per_floor":[113,128,128,128,141,157,157,191,191,191,204,204,204,266,266,369,369,384,239,338,388,448,448,375,407,407,425,425,488,488,507,507,612,612,624,643,609,627,644,644,644,644],"floor_reached":41,"language":"ENG","playtime":2739,"items_purged":[],"score":415,"play_id":"078b33b2-cfed-49c4-a07f-786dfe34bae7","local_time":"20210217034750","is_ascension_mode":false,"campfire_choices":[{"data":"theMarked:SoldierOfQuellstein","floor":7,"key":"SMITH"},{"data":"theMarked:ParalyzingBlade","floor":10,"key":"SMITH"},{"floor":12,"key":"REST"},{"floor":15,"key":"REST"},{"data":"theMarked:EmpowerWeapon","floor":23,"key":"SMITH"},{"data":"theMarked:OneWithTheBlade","floor":28,"key":"SMITH"},{"floor":30,"key":"REST"},{"floor":32,"key":"REST"},{"floor":40,"key":"REST"}],"circlet_count":0,"master_deck":["theMarked:Strike","theMarked:Strike","theMarked:Strike","theMarked:Strike","theMarked:Strike","theMarked:Defend","theMarked:Defend","theMarked:Defend","theMarked:Defend","theMarked:SoldierOfQuellstein+1","theMarked:StartUp","theMarked:LightningStrikesTwice","theMarked:Friction","theMarked:OneWithTheBlade+1","theMarked:ParalyzingBlade+1","theMarked:BiggerThanFate","theMarked:Opportunist","theMarked:FavorableWinds","theMarked:RogueSparks","theMarked:EmpowerWeapon+1","theMarked:TwofoldDefense+1","theMarked:ResourceFulStrike","theMarked:BindingBlade","theMarked:Aftermath","theMarked:Defy","theMarked:SwordAndMagic+1","theMarked:HeightenedSenses+1","theMarked:Panic","theMarked:SwordAndMagic+1","theMarked:Challenge"],"relics":["theMarked:ArtifactOfAir","NeowsBlessing","SsserpentHead","Boot","Anchor","theMarked:Eyepatch","Vajra","theMarked:DemonDagger","Eternal Feather","Bottled Tornado","Pear","SlaversCollar"],"acts_visited":["Exordium","TheCity","TheBeyond"],"potions_floor_usage":[18,18,25,25,33,39,39,39],"damage_taken":[{"damage":0,"enemies":"Small Slimes","floor":1,"turns":1},{"damage":0,"enemies":"2 Louse","floor":2,"turns":1},{"damage":0,"enemies":"Cultist","floor":5,"turns":1},{"damage":11,"enemies":"Lots of Slimes","floor":6,"turns":5},{"damage":18,"enemies":"Lagavulin","floor":8,"turns":9},{"damage":0,"enemies":"Large Slime","floor":11,"turns":4},{"damage":9,"enemies":"Red Slaver","floor":14,"turns":4},{"damage":9,"enemies":"Slime Boss","floor":16,"turns":8},{"damage":5,"enemies":"2 Thieves","floor":18,"turns":3},{"damage":8,"enemies":"Chosen","floor":22,"turns":5},{"damage":36,"enemies":"Gremlin Leader","floor":25,"turns":6},{"damage":37,"enemies":"Shelled Parasite and Fungi","floor":27,"turns":6},{"damage":0,"enemies":"Snecko","floor":29,"turns":5},{"damage":26,"enemies":"Sentry and Sphere","floor":31,"turns":5},{"damage":60,"enemies":"Champ","floor":33,"turns":9},{"damage":60,"enemies":"3 Darklings","floor":35,"turns":6},{"damage":14,"enemies":"Orb Walker","floor":36,"turns":4},{"damage":2,"enemies":"4 Shapes","floor":38,"turns":4},{"damage":0,"enemies":"Sphere and 2 Shapes","floor":39,"turns":4},{"damage":50,"enemies":"Giant Head","floor":41,"turns":8}],"seed_played":"1696773268330316005","potions_obtained":[{"floor":6,"key":"FearPotion"},{"floor":8,"key":"Energy Potion"},{"floor":11,"key":"DistilledChaos"},{"floor":22,"key":"SpeedPotion"},{"floor":29,"key":"theMarked:HoverShot"},{"floor":31,"key":"SpeedPotion"},{"floor":36,"key":"AttackPotion"},{"floor":38,"key":"Block Potion"}],"is_trial":false,"path_per_floor":["M","M","?","?","M","M","R","E","T","R","M","R","$","M","R","B",null,"M","$","T","?","M","R","$","E","T","M","R","M","R","M","R","B",null,"M","M","$","M","M","R","E"],"character_chosen":"THE_DEFAULT","items_purchased":["Vajra","theMarked:SummonPotion","theMarked:Panic"],"campfire_rested":5,"item_purchase_floors":[19,24,37],"current_hp_per_floor":[72,72,72,72,72,61,61,43,43,43,43,64,64,55,72,63,72,67,67,67,67,59,71,71,35,45,8,20,20,56,30,66,6,82,22,8,8,6,6,48,0,0],"gold":644,"neow_bonus":"THREE_ENEMY_KILL","is_daily":false,"chose_seed":false,"campfire_upgraded":4,"win_rate":0.0,"timestamp":1613530070,"path_taken":["M","M","?","?","M","M","R","E","T","R","M","R","$","?","R","BOSS","M","$","?","?","?","R","$","E","T","M","R","?","R","M","R","BOSS","M","M","$","M","M","R","E"],"items_purchased_type":["Relic","Potion","Card"],"build_version":"2020-12-22","purchased_purges":0,"victory":false,"max_hp_per_floor":[72,72,72,72,72,72,72,72,72,72,72,72,72,72,72,72,72,72,72,72,72,72,72,72,72,82,82,82,82,82,82,82,82,82,82,82,82,82,82,82,82,82],"card_choices":[{"not_picked":["theMarked:Improvise","theMarked:Memento"],"picked":"theMarked:StartUp","floor":1},{"not_picked":["theMarked:BanishingWave","theMarked:BanishingStrike"],"picked":"theMarked:LightningStrikesTwice","floor":2},{"not_picked":["theMarked:BanishingStrike","theMarked:Memento"],"picked":"theMarked:Friction","floor":5},{"not_picked":["theMarked:ElectricStrings","theMarked:Reabsorb"],"picked":"theMarked:OneWithTheBlade","floor":6},{"not_picked":["theMarked:HeightenedSenses","theMarked:Frustration"],"picked":"theMarked:ParalyzingBlade","floor":8},{"not_picked":["theMarked:WardOff","theMarked:ComboAttacks"],"picked":"theMarked:BiggerThanFate","floor":11},{"not_picked":["theMarked:Seal","theMarked:EnhanceMovement"],"picked":"theMarked:Opportunist","floor":14},{"not_picked":["theMarked:Vacuum","theMarked:Defy"],"picked":"theMarked:FavorableWinds","floor":16},{"not_picked":["theMarked:Aftermath+1","theMarked:Maelstrom+1"],"picked":"theMarked:RogueSparks","floor":18},{"not_picked":["theMarked:ElectricStrings","theMarked:Generate+1"],"picked":"theMarked:EmpowerWeapon","floor":22},{"not_picked":["theMarked:Indomitable","theMarked:ChainLightning"],"picked":"theMarked:TwofoldDefense+1","floor":25},{"not_picked":["theMarked:Improvise","theMarked:Frustration"],"picked":"theMarked:ResourceFulStrike","floor":27},{"not_picked":["theMarked:EmpowerWeapon","theMarked:PowerFlow"],"picked":"theMarked:BindingBlade","floor":29},{"not_picked":["theMarked:HeightenedSenses","theMarked:TakeCover+1"],"picked":"theMarked:Aftermath","floor":31},{"not_picked":["theMarked:Abjuration","theMarked:BindingBlade"],"picked":"theMarked:Defy","floor":33},{"not_picked":["theMarked:TakeCover","theMarked:Frustration"],"picked":"theMarked:SwordAndMagic+1","floor":35},{"not_picked":["theMarked:ElectricStrings+1","theMarked:ResourceFulStrike"],"picked":"theMarked:HeightenedSenses+1","floor":36},{"not_picked":["theMarked:MuscleMemory+1","theMarked:ResourceFulStrike+1"],"picked":"theMarked:SwordAndMagic+1","floor":38},{"not_picked":["theMarked:Frustration+1","theMarked:Seal+1"],"picked":"theMarked:Challenge","floor":39}],"player_experience":1989434,"relics_obtained":[{"floor":8,"key":"Boot"},{"floor":9,"key":"Anchor"},{"floor":20,"key":"theMarked:DemonDagger"},{"floor":21,"key":"Eternal Feather"},{"floor":25,"key":"Bottled Tornado"},{"floor":26,"key":"Pear"}],"event_choices":[{"damage_healed":0,"gold_gain":0,"player_choice":"Fled","damage_taken":0,"max_hp_gain":0,"max_hp_loss":0,"event_name":"Scrap Ooze","floor":3,"gold_loss":0},{"damage_healed":0,"gold_gain":0,"player_choice":"Trade","damage_taken":0,"relics_obtained":["SsserpentHead"],"max_hp_gain":0,"max_hp_loss":0,"event_name":"FaceTrader","floor":4,"gold_loss":0},{"damage_healed":0,"gold_gain":0,"player_choice":"Relic","damage_taken":0,"max_hp_gain":0,"max_hp_loss":0,"event_name":"Wheel of Change","floor":21,"gold_loss":0}],"is_beta":false,"boss_relics":[{"not_picked":["Sozu","Fusion Hammer"],"picked":"theMarked:Eyepatch"},{"not_picked":["Busted Crown","Cursed Key"],"picked":"SlaversCollar"}],"items_purged_floors":[],"is_endless":false,"potions_floor_spawned":[6,8,11,16,22,29,31,36,38],"killed_by":"Giant Head","ascension_level":0}}