{"host":"whloki2o3dp1b07n","time":1613586134,"event":{"mods":["100% Spire Juice","Abigail Mod","Act Like it!","Arknights","BaseMod","Better Synergies","Block Reminder","Bossed Relics","CapriCore","Colored Map","Colored Powertips","DNKmod","Friendly Minions","GifTheSpireLib","GungeonMod","HexUI Lib","Koishi","Marked Mod","Minty Spire (QoL Compilation)","Poor People Problems","Shapeshifter Mod","StSLib","Swap Starting Deck Mod","The Bug Knight","The Marked","TheSurvivalist","Transform Curses"],"gold_per_floor":[114,127,127,139,139,166,16,16,16,27,27,27,63,112,112,237,237,256,256,276,69,88,88,88,109,109,124,124,147,95,119,119,243,243,257,19,33,58,72,72,96,96,96,115,115,139,139,139,139,139],"floor_reached":51,"language":"ENG","playtime":4466,"items_purged":[],"score":661,"play_id":"35c9a84a-2018-46fb-84ec-36854554a24c","local_time":"20210217132214","is_ascension_mode":false,"campfire_choices":[{"floor":8,"key":"REST"},{"floor":12,"key":"REST"},{"data":"ats:Shell Defense","floor":15,"key":"SMITH"},{"floor":23,"key":"REST"},{"data":"ats:Magnetic Hammer","floor":32,"key":"SMITH"},{"data":"ats:Echo Reverb","floor":40,"key":"SMITH"},{"data":"ats:Neurotoxin","floor":42,"key":"SMITH"},{"data":"ats:Ignite","floor":45,"key":"SMITH"},{"data":"ats:Ambush","floor":47,"key":"SMITH"},{"data":"ats:Thorns","floor":49,"key":"SMITH"}],"circlet_count":0,"master_deck":["ats:Strike C","ats:Strike G","ats:Strike S","ats:Strike V","ats:Armor Crushing Shot","ats:Defend","ats:Defend","ats:Defend","ats:Defend","ats:Emotion Absorption","ats:Apocalypse+1","ats:Hook Shot","ats:Closed Bolt Burst Fire","ats:Healing Drone","ats:Hammer On","Injury","ats:Shell Defense+1","ats:Ambush+1","ats:Consecutive Shot Auto","ats:Flexible Camouflage","ats:Thorns+1","ats:Disruption Kick","ats:Sashimi Platter","ats:Explosion Area Strengthen","Moonworks:RedAndBlue","ats:Blood Oath","ats:Guard Mode","ats:Magnetic Hammer+1","ats:Echo Reverb+1","ats:Leaping Hammer+1","ats:Calcification","ats:Sunburst+1","ats:Blood Oath+1","ats:Neurotoxin+1","ats:Ignite+1","ats:Apocalypse+1"],"relics":["ats:Sanity Plus","FaceOfCleric","ats:Originium","Kunai","DemoMod:ClearGuonStone","Question Card","Golden Idol","Eternal Feather","ats:Rhine Circuitry","ats:Tactical Delivery","DemoMod:BlueGuonStone","ats:Lavender","Mercury Hourglass"],"acts_visited":["Exordium","TheCity","TheBeyond"],"potions_floor_usage":[6,16,22,33,33,37,38,50,50],"damage_taken":[{"damage":18,"enemies":"Jaw Worm","floor":1,"turns":7},{"damage":4,"enemies":"Small Slimes","floor":2,"turns":6},{"damage":19,"enemies":"ats:Genji","floor":4,"turns":7},{"damage":60,"enemies":"Gremlin Nob","floor":6,"turns":6},{"damage":68,"enemies":"Exordium Wildlife","floor":10,"turns":13},{"damage":46,"enemies":"HollowMod:MossKnight","floor":13,"turns":26},{"damage":126,"enemies":"Slime Boss","floor":16,"turns":20},{"damage":19,"enemies":"3 Byrds","floor":18,"turns":8},{"damage":28,"enemies":"Chosen","floor":20,"turns":8},{"damage":41,"enemies":"Snake Plant","floor":22,"turns":6},{"damage":51,"enemies":"Centurion and Healer","floor":25,"turns":12},{"damage":9,"enemies":"Sentry and Sphere","floor":27,"turns":4},{"damage":10,"enemies":"3 Cultists","floor":29,"turns":8},{"damage":46,"enemies":"Centurion and Healer","floor":31,"turns":17},{"damage":154,"enemies":"Collector","floor":33,"turns":21},{"damage":4,"enemies":"Orb Walker","floor":35,"turns":5},{"damage":4,"enemies":"3 Shapes","floor":37,"turns":6},{"damage":14,"enemies":"Jaw Worm Horde","floor":38,"turns":5},{"damage":15,"enemies":"Spire Growth","floor":39,"turns":8},{"damage":22,"enemies":"3 Darklings","floor":41,"turns":7},{"damage":38,"enemies":"Transient","floor":44,"turns":5},{"damage":18,"enemies":"Spire Growth","floor":46,"turns":7},{"damage":172,"enemies":"Time Eater","floor":50,"turns":22}],"seed_played":"-7382071044492387593","potions_obtained":[{"floor":1,"key":"DistilledChaos"},{"floor":10,"key":"GamblersBrew"},{"floor":16,"key":"ats:Top Emergency Sanity Potion"},{"floor":20,"key":"SkillPotion"},{"floor":25,"key":"Explosive Potion"},{"floor":27,"key":"LiquidBronze"},{"floor":37,"key":"Block Potion"},{"floor":39,"key":"Dexterity Potion"},{"floor":46,"key":"Swift Potion"}],"is_trial":false,"path_per_floor":["M","M","?","M","?","E","$","R","T","M","?","R","E","T","R","B",null,"M","?","M","$","M","R","?","M","T","M","?","M","$","M","R","B",null,"M","$","M","M","M","R","M","R","T","M","R","M","R","?","R","B",null],"character_chosen":"DOCTOR_CLASS","items_purchased":["DemoMod:ClearGuonStone","ats:Thorns","ats:Disruption Kick","ats:Guard Mode","ats:Lavender"],"campfire_rested":3,"item_purchase_floors":[7,21,21,30,36],"current_hp_per_floor":[54,62,62,69,69,18,18,39,39,32,32,54,74,74,75,30,76,77,77,63,63,38,73,73,49,49,47,47,68,68,83,83,80,84,85,85,86,87,74,88,79,89,89,63,84,90,91,91,91,16],"gold":139,"neow_bonus":"ONE_RANDOM_RARE_CARD","is_daily":false,"chose_seed":false,"campfire_upgraded":7,"win_rate":0.0,"timestamp":1613586134,"path_taken":["M","M","?","M","?","E","$","R","T","?","?","R","E","?","R","BOSS","M","?","M","$","M","R","?","M","T","M","?","M","$","?","R","BOSS","M","$","M","M","M","R","M","R","T","M","R","M","R","?","R","BOSS"],"items_purchased_type":["Relic","Card","Card","Card","Relic"],"build_version":"2020-12-22","purchased_purges":0,"victory":true,"max_hp_per_floor":[72,72,72,72,72,73,73,73,73,74,74,74,75,75,75,76,76,77,77,78,78,79,79,79,80,80,81,81,82,82,83,83,84,84,85,85,86,87,88,88,89,89,89,90,90,91,91,91,91,92],"card_choices":[{"not_picked":["ats:Explosion Area Strengthen","ats:Red Shift"],"picked":"ats:Apocalypse","floor":1},{"not_picked":["ats:Explosion Area Strengthen","ats:Part Time Job"],"picked":"ats:Hook Shot","floor":2},{"not_picked":["ats:Absolute Focus","ats:Flexible Camouflage"],"picked":"ats:Closed Bolt Burst Fire","floor":4},{"not_picked":["ats:Part Time Job","ats:Revitalization"],"picked":"ats:Healing Drone","floor":6},{"not_picked":["ats:Curse Doll","ats:Powerful Strike","ats:Red Shift"],"picked":"ats:Hammer On","floor":10},{"not_picked":["ats:Soul Rend","ats:Beaten Up","ats:Sunburst"],"picked":"ats:Shell Defense","floor":13},{"not_picked":["ats:Durian","ats:Rat Pack","ats:True Silver Slash"],"picked":"ats:Ambush","floor":16},{"not_picked":["ats:Blood Oath","ats:Flexible Camouflage","ats:Automatic Cover"],"picked":"ats:Consecutive Shot Auto","floor":18},{"not_picked":["ats:Apocalypse","ats:Curse Doll","ats:Shell Defense"],"picked":"ats:Flexible Camouflage","floor":20},{"not_picked":["ats:Apocalypse","ats:Serious Mode+1","ats:Nebulous Foxfire"],"picked":"ats:Explosion Area Strengthen","floor":22},{"not_picked":["ats:Leaping Hammer+1","ats:Cat Scratch+1","ats:Flexible Camouflage"],"picked":"ats:Sashimi Platter","floor":25},{"not_picked":["ats:Hook Shot+1","ats:Steam Pump","ats:Soul Absorption"],"picked":"ats:Explosion Area Strengthen","floor":27},{"not_picked":["ats:Hammer On","ats:Guard Mode","ats:Explosion Area Strengthen"],"picked":"ats:Blood Oath","floor":29},{"not_picked":["ats:Shell Defense+1","ats:Hook Shot+1","ats:Soul Absorption"],"picked":"ats:Magnetic Hammer","floor":31},{"not_picked":["ats:Wolf Pack","ats:Roar Of Ursus","ats:Volcano"],"picked":"ats:Echo Reverb","floor":33},{"not_picked":["ats:Song Of Battle","ats:Explosion Area Strengthen+1","ats:Assault Order"],"picked":"ats:Leaping Hammer+1","floor":35},{"not_picked":["ats:Guardian Obelisk+1","ats:Literary Storm+1","ats:Very Hot Blade"],"picked":"ats:Calcification","floor":37},{"not_picked":["ats:Poison Spread","ats:Hammer On+1","ats:Shell Defense"],"picked":"ats:Sunburst+1","floor":38},{"not_picked":["ats:Guard Mode","ats:Chain Hook+1","ats:Apocalypse+1"],"picked":"ats:Blood Oath+1","floor":39},{"not_picked":["ats:Demon Strength+1","ats:True Silver Slash","ats:Chain Hook+1"],"picked":"ats:Neurotoxin","floor":41},{"not_picked":["ats:Rapid Magazine+1","ats:Poison Spread","ats:Flexible Camouflage"],"picked":"ats:Ignite","floor":44},{"not_picked":["ats:Poison Spread","ats:Shell Defense+1","ats:Soul Absorption"],"picked":"ats:Apocalypse+1","floor":46}],"player_experience":1168946,"relics_obtained":[{"floor":6,"key":"ats:Originium"},{"floor":6,"key":"Kunai"},{"floor":9,"key":"Question Card"},{"floor":13,"key":"ats:Originium"},{"floor":13,"key":"Eternal Feather"},{"floor":14,"key":"ats:Rhine Circuitry"},{"floor":26,"key":"DemoMod:BlueGuonStone"},{"floor":43,"key":"Mercury Hourglass"}],"event_choices":[{"damage_healed":0,"gold_gain":0,"player_choice":"Grow","damage_taken":0,"max_hp_gain":0,"max_hp_loss":0,"event_name":"Living Wall","floor":3,"gold_loss":0,"cards_upgraded":["ats:Apocalypse"]},{"damage_healed":0,"gold_gain":0,"player_choice":"Trade","damage_taken":0,"relics_obtained":["FaceOfCleric"],"max_hp_gain":0,"max_hp_loss":0,"event_name":"FaceTrader","floor":5,"gold_loss":0},{"damage_healed":0,"gold_gain":0,"player_choice":"Take Wound","damage_taken":0,"relics_obtained":["Golden Idol"],"max_hp_gain":0,"max_hp_loss":0,"event_name":"Golden Idol","floor":11,"gold_loss":0,"cards_obtained":["Injury"]},{"damage_healed":0,"gold_gain":0,"player_choice":"Ignored","damage_taken":0,"max_hp_gain":0,"max_hp_loss":0,"event_name":"Vampires","floor":19,"gold_loss":0},{"damage_healed":0,"gold_gain":0,"player_choice":"Ignored","damage_taken":0,"max_hp_gain":0,"max_hp_loss":0,"event_name":"Ghosts","floor":24,"gold_loss":0},{"cards_removed":["ats:Explosion Area Strengthen"],"damage_healed":0,"gold_gain":0,"player_choice":"Took Card","damage_taken":0,"max_hp_gain":0,"max_hp_loss":0,"event_name":"NoteForYourself","floor":28,"gold_loss":0,"cards_obtained":["Moonworks:RedAndBlue"]},{"cards_removed":["ats:Dogmatic Field"],"damage_healed":0,"gold_gain":0,"player_choice":"Removed Power","damage_taken":0,"max_hp_gain":0,"max_hp_loss":0,"event_name":"Falling","floor":48,"gold_loss":0}],"is_beta":false,"boss_relics":[{"not_picked":["Astrolabe","Empty Cage"],"picked":"ats:Tactical Delivery"},{"not_picked":["Snecko Eye","Runic Pyramid"],"picked":"ats:Sanity Plus"}],"items_purged_floors":[],"is_endless":false,"potions_floor_spawned":[1,10,16,20,25,27,31,37,39,46],"ascension_level":0}}