{"host":"k919bq8mkuzdqhzi","time":1613533460,"event":{"mods":["AchievementEnabler","BaseMod","Colored Map","Colored Powertips","DeckTracker","Minty Spire (QoL Compilation)","Relic Sorter","SuperFastMode"],"gold_per_floor":[117,129,141,16,34,60,75,103,103,103,121,121,132,150,150,248,248,248,248,96,96,96,96,96,96,96,96,96,96,96,96,96,96,96,96,96,96,96,96,96,96,96,96,96,96,48,48,9,9,9,9],"floor_reached":50,"language":"ENG","playtime":2084,"items_purged":["Strike_R"],"score":510,"play_id":"491e63db-132d-440f-9ac1-f33ab1854319","local_time":"20210216224420","is_ascension_mode":false,"campfire_choices":[{"floor":10,"key":"REST"},{"data":"Body Slam","floor":12,"key":"SMITH"},{"floor":15,"key":"RECALL"},{"data":"Limit Break","floor":23,"key":"SMITH"},{"data":"Shrug It Off","floor":25,"key":"SMITH"},{"data":"Entrench","floor":29,"key":"SMITH"},{"floor":32,"key":"REST"},{"data":"Clothesline","floor":40,"key":"SMITH"},{"data":"Thunderclap","floor":42,"key":"SMITH"},{"data":"Iron Wave","floor":44,"key":"SMITH"},{"floor":49,"key":"REST"}],"circlet_count":0,"master_deck":["Strike_R","Strike_R","Strike_R","Strike_R","Defend_R","Defend_R","Defend_R+1","Defend_R","Bash+1","Shrug It Off+1","Dual Wield","Armaments+1","Flex","Clothesline+1","Body Slam+1","Battle Trance","Clash","Limit Break+1","Cleave+1","Entrench+1","Flex","Headbutt","Thunderclap+1","Carnage+1","Bloodletting+1","Iron Wave+1","Flex+1","Trip","Writhe","Flex","Inflame"],"relics":["Burning Blood","War Paint","Ancient Tea Set","HornCleat","Ectoplasm","Brimstone","Velvet Choker","Gremlin Horn","Turnip"],"acts_visited":["Exordium","TheCity","TheBeyond"],"potions_floor_usage":[6,16,16,16,33,50],"damage_taken":[{"damage":0,"enemies":"Small Slimes","floor":1,"turns":5},{"damage":1,"enemies":"Cultist","floor":2,"turns":4},{"damage":5,"enemies":"2 Louse","floor":3,"turns":5},{"damage":10,"enemies":"Large Slime","floor":5,"turns":8},{"damage":73,"enemies":"Gremlin Nob","floor":6,"turns":7},{"damage":0,"enemies":"Blue Slaver","floor":7,"turns":5},{"damage":29,"enemies":"3 Sentries","floor":8,"turns":11},{"damage":0,"enemies":"Looter","floor":11,"turns":2},{"damage":0,"enemies":"Gremlin Gang","floor":13,"turns":3},{"damage":6,"enemies":"Large Slime","floor":14,"turns":6},{"damage":40,"enemies":"The Guardian","floor":16,"turns":13},{"damage":34,"enemies":"Spheric Guardian","floor":18,"turns":6},{"damage":7,"enemies":"Chosen","floor":19,"turns":5},{"damage":6,"enemies":"Snake Plant","floor":22,"turns":4},{"damage":0,"enemies":"Snecko","floor":24,"turns":3},{"damage":2,"enemies":"3 Cultists","floor":27,"turns":4},{"damage":0,"enemies":"Snake Plant","floor":30,"turns":2},{"damage":15,"enemies":"Cultist and Chosen","floor":31,"turns":6},{"damage":12,"enemies":"Champ","floor":33,"turns":6},{"damage":3,"enemies":"Orb Walker","floor":35,"turns":2},{"damage":0,"enemies":"3 Shapes","floor":36,"turns":3},{"damage":4,"enemies":"Maw","floor":37,"turns":6},{"damage":41,"enemies":"Writhing Mass","floor":39,"turns":4},{"damage":12,"enemies":"Transient","floor":47,"turns":5},{"damage":106,"enemies":"Time Eater","floor":50,"turns":6}],"seed_played":"2093004755078211504","potions_obtained":[{"floor":2,"key":"DistilledChaos"},{"floor":5,"key":"BloodPotion"},{"floor":6,"key":"Fire Potion"},{"floor":8,"key":"FearPotion"},{"floor":22,"key":"ElixirPotion"},{"floor":30,"key":"Dexterity Potion"},{"floor":31,"key":"GamblersBrew"},{"floor":35,"key":"BlessingOfTheForge"},{"floor":36,"key":"Strength Potion"},{"floor":39,"key":"Energy Potion"}],"is_trial":false,"path_per_floor":["M","M","M","$","M","E","M","E","T","R","M","R","M","M","R","B",null,"M","M","$","?","M","R","M","R","T","M","$","R","M","M","R","B",null,"M","M","M","?","M","R","?","R","T","R","T","$","M","$","R","B"],"character_chosen":"IRONCLAD","items_purchased":["Flex","Brimstone","Flex","Inflame"],"campfire_rested":3,"item_purchase_floors":[4,20,46,48],"current_hp_per_floor":[88,88,88,88,84,34,40,17,17,43,49,49,55,55,55,21,88,60,59,59,59,59,59,65,65,65,69,69,69,75,66,88,82,88,88,88,88,88,53,53,75,75,75,75,75,75,69,69,88,0,0],"gold":9,"neow_bonus":"TEN_PERCENT_HP_BONUS","is_daily":false,"chose_seed":false,"campfire_upgraded":7,"win_rate":0.0,"timestamp":1613533460,"path_taken":["M","M","M","$","M","E","M","E","T","R","M","R","M","M","R","BOSS","M","M","$","?","M","R","M","R","T","M","$","R","?","M","R","BOSS","M","M","M","?","M","R","?","R","T","R","?","$","?","$","R","BOSS"],"items_purchased_type":["Card","Relic","Card","Card"],"build_version":"2020-12-22","purchased_purges":1,"victory":false,"max_hp_per_floor":[88,88,88,88,88,88,88,88,88,88,88,88,88,88,88,88,88,88,88,88,88,88,88,88,88,88,88,88,88,88,88,88,88,88,88,88,88,88,88,88,88,88,88,88,88,88,88,88,88,88,88],"card_choices":[{"not_picked":["Twin Strike","Sword Boomerang"],"picked":"Shrug It Off","floor":1},{"not_picked":["Sever Soul","Power Through"],"picked":"Dual Wield","floor":2},{"not_picked":["Iron Wave","Rage"],"picked":"Armaments","floor":3},{"not_picked":["Bloodletting","Perfected Strike"],"picked":"Clothesline","floor":5},{"not_picked":["Evolve","Shrug It Off","Feel No Pain"],"picked":"SKIP","floor":6},{"not_picked":["Anger","Dual Wield"],"picked":"Body Slam","floor":7},{"not_picked":["Rage","Immolate"],"picked":"Battle Trance","floor":8},{"not_picked":["Bloodletting","Shrug It Off"],"picked":"Clash","floor":11},{"not_picked":["True Grit","Wild Strike","Fire Breathing"],"picked":"SKIP","floor":13},{"not_picked":["Fire Breathing","Havoc","Wild Strike"],"picked":"SKIP","floor":14},{"not_picked":["Immolate","Berserk"],"picked":"Limit Break","floor":16},{"not_picked":["Thunderclap","Heavy Blade"],"picked":"Cleave+1","floor":18},{"not_picked":["Armaments","Clothesline"],"picked":"Entrench","floor":19},{"not_picked":["Carnage","Entrench"],"picked":"Flex","floor":22},{"not_picked":["Armaments","Sword Boomerang"],"picked":"Headbutt","floor":24},{"not_picked":["Iron Wave","Shrug It Off"],"picked":"Thunderclap","floor":27},{"not_picked":["Headbutt","Flex"],"picked":"Carnage+1","floor":30},{"not_picked":["Shrug It Off","Body Slam","Clothesline+1"],"picked":"SKIP","floor":31},{"not_picked":["Entrench","Shrug It Off"],"picked":"Bloodletting+1","floor":35},{"not_picked":["Clothesline+1","Reckless Charge"],"picked":"Iron Wave","floor":36},{"not_picked":["Havoc+1","Flame Barrier"],"picked":"Flex+1","floor":37},{"not_picked":["Purity","Impatience"],"picked":"Trip","floor":38},{"not_picked":["Reaper","Clash","Thunderclap"],"picked":"SKIP","floor":39},{"not_picked":["Havoc+1","Cleave+1","Sword Boomerang"],"picked":"SKIP","floor":47}],"player_experience":167304,"relics_obtained":[{"floor":6,"key":"War Paint"},{"floor":8,"key":"Ancient Tea Set"},{"floor":9,"key":"HornCleat"},{"floor":43,"key":"Gremlin Horn"},{"floor":45,"key":"Turnip"}],"event_choices":[{"damage_healed":0,"gold_gain":0,"player_choice":"Forge","damage_taken":0,"max_hp_gain":0,"max_hp_loss":0,"event_name":"Accursed Blacksmith","floor":21,"gold_loss":0,"cards_upgraded":["Bash"]},{"damage_healed":0,"gold_gain":0,"player_choice":"Memory 1","damage_taken":0,"max_hp_gain":0,"max_hp_loss":0,"event_name":"SensoryStone","floor":38,"gold_loss":0},{"damage_healed":22,"gold_gain":0,"player_choice":"Writhe","damage_taken":0,"max_hp_gain":0,"max_hp_loss":0,"event_name":"Winding Halls","floor":41,"gold_loss":0,"cards_obtained":["Writhe"]}],"is_beta":false,"boss_relics":[{"not_picked":["Runic Cube","Fusion Hammer"],"picked":"Ectoplasm"},{"not_picked":["Cursed Key","Empty Cage"],"picked":"Velvet Choker"}],"items_purged_floors":[4],"is_endless":false,"potions_floor_spawned":[2,5,6,8,22,30,31,35,36,39],"killed_by":"Time Eater","ascension_level":0}}