{"host":"4qp30tywltrhkmjj","time":1613571631,"event":{"mods":["2.2 Compatiblity","AchievementEnabler","Act Like it!","Ascension Unlocker","Aspiration","BaseMod","Bestiary","Better Altar","Better Match","Better Note","Better Skull","Better Third Choice","BetterRewards","CCEM2","CapriCore","Challenge The Spire","Colored Map","Colored Powertips","Conjunction","Conspire","Defuse TimeMaze Blight","Displayed Cursed Tome","Downfall","EXCEPTION","Emptier Cage","Energized Spire","Exacting","Gold Saver","Halation","Highlight Path","Hubris","Infinite Spire","Jedi Mod","Lobotomy","LobotomyExtend","Magitek Elite","Minty Spire (QoL Compilation)","Poor People Problems","Replay The Spire","SacredBarkPlus","Shop Mod","Spicy Shops","Spire Arcade","StSLib","The Blue Laboratory","Transform Curses","Uncapped","Unceasing Turn Reminder","Wandering Minibosses","Yuri Mod"],"gold_per_floor":[99,125,155,208,136,136,188,241,41,55,55,80,180,200,213,318,318,318,330,344,444,462,488,488,508,542,194,244,144,144,173,186,288,288,288,288,338,422,441,508,508,558,20,178,228,380,380,650,800,935,935,1087,15,15,140,255],"floor_reached":57,"language":"ENG","playtime":5524,"items_purged":["bronze:Defend"],"score":3834,"play_id":"dc2b36ae-bca7-48a6-94c9-df02b8a84f28","local_time":"20210217152031","is_ascension_mode":true,"campfire_choices":[{"floor":1.0,"key":"RECALL"},{"data":"bronze:Assembly","floor":9.0,"key":"SMITH"},{"data":"bronze:DelayedSlice","floor":11.0,"key":"SMITH"},{"data":"bronze:Goto","floor":29.0,"key":"SMITH"},{"data":"expansioncontent:StudyTheSpire","floor":54,"key":"SMITH"}],"circlet_count":0,"master_deck":["BigBird","LongBird","bronze:Strike","bronze:Strike","bronze:Strike","bronze:Defend","bronze:Defend","bronze:Replicate+1","bronze:Goto+1","bronze:DelayedSlice+1","bronze:Deprecate+1","bronze:Assembly+1","bronze:ChildClass","bronze:ChosenStrike","bronze:Shell","bronze:Invalidate","FieryBird","bronze:Assembly+1","bronze:Virus","bronze:WhirlingStrike","bronze:DelayedSlice","bronze:InfiniteBeams+1","bronze:DelayedGuard+1","bronze:Iterate+1","bronze:Format","Hallucinations","bronze:ClassDefault","bronze:CleanCode+1","bronze:MaxOutput+1","bronze:WhirlingStrike","bronze:DelayedSlice+1","expansioncontent:QuickStudy","expansioncontent:StudyTheSpire+1"],"relics":["bronze:BronzeCore","CogitoBucket","LetterFromLob","hubris:Metronome","downfall:HeartBlessingRed","downfall:HeartBlessingBlue","LuminousBracelet","The Courier","downfall:CloakOfManyFaces","CultistMask","FaceOfCleric","NlothsMask","GremlinMask","SsserpentHead","AspirationHeart","Quantum Egg","Justitia_r","MerchantsRug","Unceasing Top","downfall:HeartBlessingGreen","Nunchaku","Replay:Bronze Core","aspiration:ArtOfWarUpgrade","TreeSap","SolemnVow_r","WantedRequest","energizedSpire:DeadBattery","Moonlight_r","Gaze_r","Lamp_r","ReplayTheSpireMod:Ring of Addiction","Toy Ornithopter","hubris:EmptyBottle","CrimsonScar_r","hubris:CuriousFeather","infinitespire:FocusingShard","Replay:Bandana","InTheNameOfLoveAndHate_r","CENSORED_r","DeathAngel","Logging_r","aspiration:ChemicalBlood","infinitespire:Lucky Rock","Guard_Bracelet","CCEMRelics:BundleOfDynamite","OrangePellets","CCEMRelics:FakeTeeth","Onion Ring","Calipers","CCEMRelics:PorcelainBowl"],"acts_visited":["Exordium","TheCity","TheBeyond","TheEnding"],"potions_floor_usage":[50,52,56,56],"damage_taken":[{"damage":2.0,"enemies":"2 Louse","floor":2.0,"turns":3.0},{"damage":0.0,"enemies":"Small Slimes","floor":3.0,"turns":3.0},{"damage":0.0,"enemies":"downfall:FleeingMerchant","floor":5.0,"turns":4.0},{"damage":8.0,"enemies":"3 Sentries","floor":8.0,"turns":10.0},{"damage":0.0,"enemies":"Jaw Worm","floor":10.0,"turns":2.0},{"damage":0.0,"enemies":"Gremlin Nob","floor":12.0,"turns":2.0},{"damage":23.0,"enemies":"downfall:Heads","floor":13.0,"turns":5.0},{"damage":27.0,"enemies":"downfall:LooterAlt","floor":14.0,"turns":3.0},{"damage":7.0,"enemies":"Large Slime","floor":15.0,"turns":4.0},{"damage":0.0,"enemies":"SI_SHIV_ARCHETYPE","floor":16.0,"turns":7.0},{"damage":57.0,"enemies":"Shell Parasite","floor":19.0,"turns":7.0},{"damage":6.0,"enemies":"conspire:FuzzyDice","floor":20.0,"turns":2.0},{"damage":7.0,"enemies":"downfall:FaceTrader","floor":21.0,"turns":10.0},{"damage":103.0,"enemies":"3 Cultists","floor":22.0,"turns":13.0},{"damage":25.0,"enemies":"Replay:Snechameleon","floor":23.0,"turns":5.0},{"damage":16.0,"enemies":"Centurion and Healer","floor":25.0,"turns":4.0},{"damage":6.0,"enemies":"Book of Stabbing","floor":26.0,"turns":4.0},{"damage":30.0,"enemies":"downfall:FleeingMerchant","floor":27.0,"turns":5.0},{"damage":17.0,"enemies":"Nightmare","floor":31.0,"turns":5.0},{"damage":4.0,"enemies":"conspire:HollyBat","floor":32.0,"turns":3.0},{"damage":21.0,"enemies":"IC_MUSHROOM_ARCHETYPE","floor":33.0,"turns":3.0},{"damage":9.0,"enemies":"Orb Walker","floor":36.0,"turns":4.0},{"damage":2.0,"enemies":"conspire:MimicChest","floor":38.0,"turns":2.0},{"damage":19.0,"enemies":"Orb Walker","floor":39.0,"turns":2.0},{"damage":23.0,"enemies":"3 Shapes","floor":40.0,"turns":1.0},{"damage":2.0,"enemies":"downfall:FleeingMerchant","floor":43.0,"turns":3.0},{"damage":0.0,"enemies":"3 Darklings","floor":44.0,"turns":2.0},{"damage":0.0,"enemies":"Jaw Worm Horde","floor":46.0,"turns":2.0},{"damage":11.0,"enemies":"Transient","floor":48.0,"turns":5.0},{"damage":2,"enemies":"3 Darklings","floor":49,"turns":3},{"damage":3,"enemies":"DF_ARCHETYPE_ORBS","floor":50,"turns":2},{"damage":5,"enemies":"downfall:CharBossMerchant","floor":52,"turns":2},{"damage":7,"enemies":"downfall:NeowBoss","floor":55,"turns":5},{"damage":18,"enemies":"downfall:NeowBossFinal","floor":56,"turns":5}],"seed_played":"5096004796615819318","potions_obtained":[{"floor":3.0,"key":"blueLaboratory:CorrosionFlask"},{"floor":4.0,"key":"blueLaboratory:EnragingPotion"},{"floor":4.0,"key":"blueLaboratory:NullPotion"},{"floor":4.0,"key":"Block Potion"},{"floor":8.0,"key":"LiquidMemories"},{"floor":14.0,"key":"Block Potion"},{"floor":18.0,"key":"conspire:TimeTravelPotion"},{"floor":18.0,"key":"Guardian:BlockOnCardUsePotion"},{"floor":20.0,"key":"blueLaboratory:CorrosionFlask"},{"floor":21.0,"key":"blueLaboratory:BottledHope"},{"floor":25.0,"key":"Languid Potion"},{"floor":31.0,"key":"BlessingOfTheForge"},{"floor":32.0,"key":"blueLaboratory:AbyssPotion"},{"floor":37.0,"key":"blueLaboratory:RememoryPotion"},{"floor":37.0,"key":"Swift Potion"},{"floor":37.0,"key":"blueLaboratory:HummingbirdPotion"},{"floor":38.0,"key":"blueLaboratory:BottledHope"},{"floor":39.0,"key":"FairyPotion"},{"floor":40.0,"key":"sneckomod:MuddlingPotion"},{"floor":43.0,"key":"Slimebound:ThreeZeroPotion"},{"floor":48.0,"key":"FairyPotion"},{"floor":49,"key":"EssenceOfSteel"},{"floor":52,"key":"FearPotion"}],"is_trial":false,"path_per_floor":["R_BF","M","M","?","$","?","T","E","R","M","R","E","?","M","M","B",null,"R_BF","M","M","?","M","E","T","M","E","$","?","R","AVR","NM","M","B",null,"R","M","?","?","M","M","T","?","$","M","?","M","R","M","M","B",null,"E","$","R","B","B",null],"character_chosen":"THE_AUTOMATON","items_purchased":["halation:PeacePiece","MerchantsRug","hubris:TenFootPole","Unceasing Top","jedi:shrinkray","Golden Egg","infinitespire:FocusingShard","Replay:Bandana","Lantern","Angel_Ring","halation:AfternoonTea","infinitespire:Lucky Rock","Guard_Bracelet","CCEMRelics:BundleOfDynamite","OrangePellets","CCEMRelics:FakeTeeth","Onion Ring","Calipers","CCEMRelics:PorcelainBowl","bronze:DelayedSlice+1","expansioncontent:QuickStudy","expansioncontent:StudyTheSpire"],"campfire_rested":0,"item_purchase_floors":[5,27,27,27,43,43,43,43,43,43,43,53,53,53,53,53,53,53,53,53,53,53],"current_hp_per_floor":[77,75,77,58,58,58,58,74,84,84,84,84,61,61,61,85,92,92,65,59,53,81,67,67,60,57,29,29,29,29,14,18,24,85,85,60,60,59,69,65,65,65,80,89,89,90,90,83,82,85,93,89,89,89,88,90],"gold":255,"neow_bonus":"TEN_PERCENT_HP_BONUS","is_daily":false,"chose_seed":false,"campfire_upgraded":4,"win_rate":0.0,"timestamp":1613571631,"path_taken":["R_BF","M","M","?","?","?","T","E","R","M","R","E","?","?","M","BOSS","R_BF","M","M","?","M","E","T","M","E","$","?","R","AVR","NM","M","BOSS","R","M","?","?","M","?","T","?","?","M","?","?","R","M","M","BOSS","E","$","R","BOSS","BOSS"],"items_purchased_type":["Relic","Relic","Relic","Relic","Relic","Relic","Relic","Relic","Card","Relic","Relic","Relic","Relic","Relic","Relic","Relic","Relic","Relic","Relic","Card","Card","Card"],"build_version":"2020-12-22","purchased_purges":1,"victory":true,"max_hp_per_floor":[77,77,77,77,77,77,77,77,87,87,87,87,87,102,102,92,92,92,92,92,82,93,94,94,95,96,97,97,97,97,98,99,85,85,85,86,86,87,88,89,89,89,88,89,89,90,90,91,92,93,93,94,94,94,95,94],"card_choices":[{"not_picked":["bronze:Flail","bronze:Branch"],"picked":"bronze:DelayedSlice","floor":2.0},{"not_picked":["Wellcheers","MHz"],"picked":"QueenOfHatred","floor":2.0},{"not_picked":["bronze:Frontload","bronze:Iterate"],"picked":"bronze:Deprecate","floor":3.0},{"not_picked":["bronze:Fortify","bronze:ChosenStrike"],"picked":"bronze:Assembly","floor":5.0},{"not_picked":["bronze:CleanCode","bronze:Boost"],"picked":"bronze:ChildClass","floor":8.0},{"not_picked":["bronze:Frontload","bronze:FollowUp"],"picked":"bronze:WhirlingStrike","floor":10.0},{"not_picked":["bronze:Repulsor","bronze:Frontload"],"picked":"bronze:ChosenStrike","floor":12.0},{"not_picked":["bronze:CutThrough","bronze:Fortify"],"picked":"bronze:Terminator","floor":13.0},{"not_picked":["bronze:CutThrough","bronze:Turbo"],"picked":"bronze:Invalidate","floor":14.0},{"not_picked":["bronze:Frontload","bronze:Branch","bronze:Repulsor"],"picked":"SKIP","floor":15.0},{"not_picked":["LittlePrince","CherryBlossoms"],"picked":"FieryBird","floor":16.0},{"not_picked":["bronze:FindAndReplace","bronze:HardenedForm"],"picked":"bronze:Assembly","floor":16.0},{"not_picked":["bronze:DelayedGuard","bronze:Refactor+1"],"picked":"bronze:Virus","floor":19.0},{"not_picked":["bronze:Fortify","bronze:Shield"],"picked":"bronze:Constructor","floor":20.0},{"not_picked":["bronze:Allocate","bronze:Turbo"],"picked":"bronze:WhirlingStrike","floor":21.0},{"not_picked":["Freischutz","Wellcheers","Variant"],"picked":"Singing Bowl","floor":21.0},{"not_picked":["bronze:FineTuning","bronze:Overheat"],"picked":"bronze:DelayedSlice","floor":22.0},{"not_picked":["SingingMachine","HeroicMonk","DreamingCurrent"],"picked":"Singing Bowl","floor":22.0},{"not_picked":["FairyFestival","Murderer","BeautyBeast"],"picked":"Singing Bowl","floor":23.0},{"not_picked":["bronze:WhirlingStrike+1","bronze:Break"],"picked":"bronze:InfiniteBeams+1","floor":23.0},{"not_picked":["DreamingCurrent","NakedNest","VoidDream"],"picked":"Singing Bowl","floor":25.0},{"not_picked":["Porccubus","Alriune"],"picked":"LongBird","floor":25.0},{"not_picked":["bronze:Overheat","bronze:NullPointer","bronze:FineTuning"],"picked":"SKIP","floor":25.0},{"not_picked":["NothingThere","Murderer","DreamingCurrent"],"picked":"Singing Bowl","floor":26.0},{"not_picked":["bronze:ThunderWave","bronze:ForLoop"],"picked":"bronze:DelayedGuard","floor":26.0},{"not_picked":["bronze:Flail","bronze:Invalidate+1"],"picked":"bronze:Iterate+1","floor":27.0},{"not_picked":["SingingMachine","BlackSwan","Murderer"],"picked":"Singing Bowl","floor":27.0},{"not_picked":["Murderer","Laetitia"],"picked":"Mercenary","floor":31.0},{"not_picked":["bronze:BuggyMess+1","bronze:Shield"],"picked":"bronze:Format","floor":31.0},{"not_picked":["LittlePrince","Freischutz"],"picked":"Funeral","floor":32.0},{"not_picked":["bronze:ItsAFeature","bronze:Shield","bronze:FineTuning"],"picked":"SKIP","floor":32.0},{"not_picked":["bronze:Assembly","bronze:ShipIt"],"picked":"bronze:SpaghettiCode","floor":33.0},{"not_picked":["NakedNest","PlagueDoctor"],"picked":"BigBird","floor":33.0},{"not_picked":["GreedKing","Laetitia"],"picked":"MeltingLove","floor":38.0},{"not_picked":["bronze:BuggyMess","bronze:WildBeam"],"picked":"bronze:ClassDefault","floor":38.0},{"not_picked":["SnowQueen","Funeral","Wellcheers"],"picked":"Singing Bowl","floor":39.0},{"not_picked":["bronze:Overheat","bronze:Invalidate+1","bronze:Fortify+1"],"picked":"SKIP","floor":39.0},{"not_picked":["DreamingCurrent","Laetitia","ShyLook"],"picked":"Singing Bowl","floor":40.0},{"not_picked":["QueenBee","Alriune"],"picked":"CENSORED","floor":40.0},{"not_picked":["bronze:Shield","bronze:DarkDash","bronze:Branch+1"],"picked":"SKIP","floor":40.0},{"not_picked":["GreedKing","Scarecrow","RedShoes"],"picked":"Singing Bowl","floor":43.0},{"not_picked":["bronze:ChosenStrike+1","bronze:Safeguard","bronze:Shield"],"picked":"SKIP","floor":43.0},{"not_picked":["bronze:Iterate+1","bronze:Overheat+1"],"picked":"bronze:CleanCode","floor":44.0},{"not_picked":["bronze:CutThrough","bronze:Iterate+1"],"picked":"bronze:MaxOutput+1","floor":46.0},{"not_picked":["Alriune","QueenBee","NothingThere"],"picked":"Singing Bowl","floor":46.0},{"not_picked":["Variant","Scarecrow"],"picked":"PlagueDoctor","floor":46.0},{"not_picked":["bronze:FineTuning+1","bronze:Fortify","bronze:Overload+1"],"picked":"SKIP","floor":46.0},{"not_picked":["bronze:FineTuning+1","bronze:Fortify","bronze:Overload+1"],"picked":"SKIP","floor":46.0},{"not_picked":["Murderer","Mercenary","NakedNest"],"picked":"Singing Bowl","floor":48.0},{"not_picked":["bronze:Branch","bronze:Boost+1","bronze:Invalidate"],"picked":"SKIP","floor":48.0},{"not_picked":["bronze:Branch","bronze:Boost+1","bronze:Invalidate"],"picked":"SKIP","floor":48.0},{"not_picked":["bronze:Safeguard","bronze:Overheat+1"],"picked":"bronze:WhirlingStrike","floor":49},{"not_picked":["HeroicMonk","Rudolta","NakedNest"],"picked":"Singing Bowl","floor":49},{"not_picked":["WhitesApple","Mercenary"],"picked":"Woodsman","floor":49},{"not_picked":["DreamingCurrent","DespairKnight","NakedNest"],"picked":"Singing Bowl","floor":52},{"not_picked":["bronze:Overload","bronze:Frontload","bronze:OilSpill"],"picked":"SKIP","floor":52}],"player_experience":475072,"relics_obtained":[{"floor":2.0,"key":"LetterFromLob"},{"floor":8.0,"key":"hubris:Metronome"},{"floor":12.0,"key":"CCEMRelics:D6"},{"floor":21.0,"key":"downfall:CloakOfManyFaces"},{"floor":23.0,"key":"aspiration:TomeofQuesting"},{"floor":26.0,"key":"Quantum Egg"},{"floor":31.0,"key":"Art of War"},{"floor":37.0,"key":"ReplayTheSpireMod:Ring of Addiction"},{"floor":37.0,"key":"Toy Ornithopter"},{"floor":37.0,"key":"hubris:EmptyBottle"},{"floor":38.0,"key":"bronze:ProtectiveGoggles"},{"floor":41.0,"key":"hubris:CuriousFeather"},{"floor":49,"key":"DeathAngel"},{"floor":52,"key":"aspiration:ChemicalBlood"}],"event_choices":[{"damage_healed":0.0,"max_hp_gain":0.0,"max_hp_loss":0.0,"gold_gain":0.0,"event_name":"conspire:Investor","player_choice":"Leave","floor":6.0,"gold_loss":0.0,"damage_taken":0.0},{"damage_healed":0.0,"max_hp_gain":0.0,"max_hp_loss":0.0,"gold_gain":0.0,"event_name":"betterMatch:BetterMatch","player_choice":"2","floor":28.0,"gold_loss":0.0,"damage_taken":0.0,"cards_obtained":["betterMatch:CommonCard"]}],"is_beta":false,"boss_relics":[{"not_picked":["aspiration:DefectSkillbook","Tiny House"],"picked":"hubris:Backtick"},{"not_picked":["hubris:ScarierMask","hubris:TerracottaHorce"],"picked":"energizedSpire:DeadBattery"}],"items_purged_floors":[30],"is_endless":false,"potions_floor_spawned":[3,8,12,14,20,21,25,26,31,32,38,39,40,48,49,52],"ascension_level":1}}