{"host":"4ojbxe11utoi7geq","time":1613532345,"event":{"mods":["2.2 Compatiblity","Act Like it!","Aspiration","Astrologer","Bard","BaseMod","Challenge The Spire","ChefMod","Colored Map","Colored Powertips","Conspire","Elementarium","Energized Spire","Gensokyo","GifTheSpireLib","Halation","Hallownest","Hermit","Hubris","Infinite Spire","Jedi Mod","Jorbs\u0027s Wanderer Trilogy","Marisa（霧雨　魔理沙）","Marked Mod","Menagerie","Minty Spire (QoL Compilation)","Permanent Neow","Reliquary","Replay The Spire","Robot Space Explorer","Ruina","Spicy Shops","Spire Arcade","StSLib","Stuff the Spire","The Blue Laboratory","The Bug Knight","The Construct","The Disciple","The Hayseed","The Hierophant","The Marked","The Runesmith","The Sage","TheFirefly"],"gold_per_floor":[114,126,126,76,90,90,125,125,125,125,125,142,142,153,153,250,250,265,283,283,283,38,38,73,73,97,107,107,134,145,162,162,162,162],"floor_reached":33,"language":"ENG","playtime":3011,"items_purged":["Strike_R","StuffTheSpire:CuriosityCurse"],"score":285,"play_id":"d91d1b16-90d4-4c47-b5bb-db29150384c0","local_time":"20210216222545","is_ascension_mode":false,"campfire_choices":[{"data":"Bash","floor":6,"key":"SMITH"},{"data":"ReplayTheSpireMod:Corrosion Curse","floor":8,"key":"SMITH"},{"data":"StuffTheSpire:Innocence","floor":10,"key":"SMITH"},{"data":"Thunderclap","floor":13,"key":"SMITH"},{"data":"Double Tap","floor":15,"key":"SMITH"},{"data":"Fiend Fire","floor":23,"key":"SMITH"},{"data":"Armaments","floor":28,"key":"SMITH"},{"floor":32,"key":"REST"}],"circlet_count":0,"master_deck":["Strike_R","Strike_R","Strike_R","Defend_R","Defend_R","Defend_R","Defend_R","ReplayTheSpireMod:Corrosion Curse+1","Thunderclap+1","StuffTheSpire:Innocence+1","Shrug It Off","Twin Strike","Survivor+1","Neutralize+1","conspire:Charge","Double Tap+1","Fiend Fire+1","Hemokinesis+1","StuffTheSpire:RagingBull+1","ruina:Nihil","Armaments+1","infinitespire:Fortify","Pommel Strike+1","Clothesline+1"],"relics":["Burning Blood","Sundial","infinitespire:Eraser","conspire:SlowCooker","construct:ClawGrip","reliquary:FerryPass","Replay:Rubber Ducky","Replay:Mystery Machine","Garlic"],"acts_visited":["Exordium","Exordium"],"potions_floor_usage":[24,27,29],"damage_taken":[{"damage":5,"enemies":"Small Slimes","floor":1,"turns":3},{"damage":4,"enemies":"conspire:RoseBush","floor":2,"turns":3},{"damage":0,"enemies":"2 Louse","floor":5,"turns":3},{"damage":45,"enemies":"Lagavulin","floor":7,"turns":8},{"damage":2,"enemies":"conspire:2 RoseBushes","floor":12,"turns":5},{"damage":0,"enemies":"3 Louse","floor":14,"turns":2},{"damage":20,"enemies":"The Guardian","floor":16,"turns":10},{"damage":6,"enemies":"ruina:2_Scarecrows","floor":18,"turns":5},{"damage":13,"enemies":"ruina:BadWolf","floor":19,"turns":4},{"damage":15,"enemies":"ruina:ServantOfWrath","floor":24,"turns":4},{"damage":15,"enemies":"ruina:KnightOfDespair","floor":27,"turns":5},{"damage":35,"enemies":"ruina:Mountain","floor":29,"turns":10},{"damage":13,"enemies":"ruina:QueenOfHate","floor":30,"turns":5},{"damage":1,"enemies":"ruina:Nos_and_Bat","floor":31,"turns":6},{"damage":49,"enemies":"ruina:JesterOfNihil","floor":33,"turns":5}],"seed_played":"-7440803904047253483","potions_obtained":[{"floor":1,"key":"BloodPotion"},{"floor":7,"key":"BloodPotion"},{"floor":18,"key":"Dexterity Potion"},{"floor":24,"key":"AttackPotion"},{"floor":31,"key":"jedi:wingpotion"}],"is_trial":false,"path_per_floor":["M","M","?","?","M","R","E","R","T","R","?","M","R","M","R","B",null,"M","M","AVR","?","$","R","E","?","T","M","R","E","M","M","R","B"],"character_chosen":"IRONCLAD","items_purchased":["ruina:Nihil"],"campfire_rested":1,"item_purchase_floors":[22],"current_hp_per_floor":[80,80,73,73,79,79,40,40,40,40,40,44,44,50,50,36,80,80,73,73,73,73,73,64,44,44,35,35,22,15,20,44,0,0],"gold":162,"neow_bonus":"","is_daily":false,"chose_seed":false,"campfire_upgraded":7,"win_rate":0.0,"timestamp":1613532345,"path_taken":["M","M","?","?","M","R","E","R","T","R","?","M","R","?","R","BOSS","M","M","AVR","?","$","R","E","?","T","M","R","E","M","?","R","BOSS"],"items_purchased_type":["Card"],"build_version":"2020-12-22","purchased_purges":2,"victory":false,"max_hp_per_floor":[80,80,80,80,80,80,80,80,80,80,80,80,80,80,80,80,80,80,80,80,80,80,80,80,80,80,80,80,80,80,80,80,80,80],"card_choices":[{"not_picked":["conspire:ExplosiveBarrier","Warcry"],"picked":"ReplayTheSpireMod:Corrosion Curse","floor":1},{"not_picked":["Flex","Sword Boomerang"],"picked":"Thunderclap","floor":2},{"not_picked":["hubris:SharpeningStone","ReplayTheSpireMod:Strike From Hell"],"picked":"Shrug It Off","floor":5},{"not_picked":["ReplayTheSpireMod:Limb From Limb","ReplayReversal"],"picked":"Twin Strike","floor":7},{"not_picked":["Headbutt","Body Slam"],"picked":"conspire:Charge","floor":12},{"not_picked":["Dark Embrace","Flex"],"picked":"Double Tap","floor":14},{"not_picked":["Double Tap","Eclipse"],"picked":"Fiend Fire","floor":16},{"not_picked":["StuffTheSpire:Pyroclast","Body Slam"],"picked":"Hemokinesis+1","floor":18},{"not_picked":["Anger+1","Searing Blow"],"picked":"StuffTheSpire:RagingBull+1","floor":19},{"not_picked":["Anger","Clash+1"],"picked":"Armaments","floor":24},{"not_picked":["infinitespire:NeuralNetwork","ReplayTheSpireMod:Black Plague"],"picked":"infinitespire:Fortify","floor":25},{"not_picked":["Anger","jedi:hate","Perfected Strike+1"],"picked":"SKIP","floor":27},{"not_picked":["Cleave+1","conspire:Charge"],"picked":"Pommel Strike+1","floor":29},{"not_picked":["Hemokinesis","Body Slam+1"],"picked":"Clothesline+1","floor":30},{"not_picked":["Perfected Strike","ReplayTheSpireMod:Strike From Hell+1","Body Slam"],"picked":"SKIP","floor":31}],"player_experience":1336610,"relics_obtained":[{"floor":7,"key":"Sundial"},{"floor":9,"key":"infinitespire:Eraser"},{"floor":24,"key":"Replay:Rubber Ducky"},{"floor":26,"key":"Replay:Mystery Machine"},{"floor":29,"key":"Garlic"}],"event_choices":[{"cards_removed":["Strike_R"],"damage_healed":0,"gold_gain":0,"player_choice":"Card Removal","damage_taken":0,"max_hp_gain":0,"max_hp_loss":0,"event_name":"The Cleric","floor":4,"gold_loss":50}],"is_beta":false,"boss_relics":[{"not_picked":["StuffTheSpire:RunicHypercube","aspiration:SecretTechniqueScroll"],"picked":"conspire:SlowCooker"}],"items_purged_floors":[20,22],"is_endless":false,"potions_floor_spawned":[1,7,18,24,31],"killed_by":"ruina:JesterOfNihil","ascension_level":0}}