{"host":"Ringo","time":1613545582,"event":{"mods":["BaseMod","Colored Map","Conspire","Dota2Spire","Hubris","Minty Spire (QoL Compilation)","Replay The Spire","StSLib","The Construct","[IsaacMod]ÒÔÈö¼âËþ","¡¾ÒÅÎï¿¨ÅÆ¡¿REMEMod"],"gold_per_floor":[112,62,80,93,116,147,198,227,227,255,301,336,363,414,414,495,495,530,420,457,457,487,525,565,631,721,1170,1182,1224,1272,1309,1321,1411,1423,1477,1489,1501,1028,1040,1075,663,697,697,750,836,885,918,918,918,930,930],"floor_reached":52,"language":"ZHS","playtime":1701,"items_purged":[],"score":4073,"play_id":"599b66da-5ce6-46a0-8b7c-fc6871e9973e","local_time":"20210217150622","daily_mods":["SealedDeck","Vintage","Colorless Cards","Heirloom","Time Dilation","Flight","DeadlyEvents","Elite Swarm","Lethality","Binary"],"is_ascension_mode":true,"campfire_choices":[{"data":"Armaments","floor":15.0,"key":"SMITH"},{"data":"conspire:Banana","floor":28.0,"key":"SMITH"},{"data":"Inflame","floor":32.0,"key":"SMITH"},{"data":"ReplayTheSpireMod:Trickstab","floor":49,"key":"SMITH"}],"circlet_count":0,"master_deck":["AscendersBane","hubris:ReadiedAction","Sword Boomerang","ReplayTheSpireMod:Trickstab+1","Shrug It Off","Spot Weakness","Pommel Strike","Inflame+1","Flex","Anger","Cleave","Offering","conspire:SpireCoStock","Armaments+1","conspire:Banana+1","Good Instincts","conspire:Charge+1","Iron Wave","REME_Cut+1","Finesse","Run Through+1","ReplayTheSpireMod:Muscle Training","Carnage"],"relics":["Burning Blood","Busted Crown","HushsDoor","replay:Trail_Library","BlankCard","Void","Turnip","BookOfRevelations","Happy Flower","Counterbalance","Mummified Hand","BelialBook","Nunchaku","Dota2Spire:CrimsonGuard","Garlic","Leech","Dota2Spire:AssaultCuirass","UnicornStump","MawBank","hubris:MedicalManual","Dota2Spire:AghanimScepter","Quantum Egg","DeathBook","BloodBag","YumHeart","SharpPlug","Dota2Spire:ArcaneBoots","Philosopher\u0027s Stone","Replay:WaspNest","Replay:Ringing Soul","PunchingBag","Dota2Spire:PowerTreads","Potion Belt","Durian","hubris:CrystalStatue","Replay:Bottled Eggs","Dota2Spire:BlackKingBar","Dota2Spire:AssaultCuirass","PokeGo","Dota2Spire:EchoSabre"],"acts_visited":["Exordium","TheCity","TheBeyond"],"potions_floor_usage":[33,33,40,51],"damage_taken":[{"damage":0.0,"enemies":"Small Slimes","floor":1.0,"turns":1.0},{"damage":9.0,"enemies":"conspire:RoseBush","floor":3.0,"turns":1.0},{"damage":0.0,"enemies":"Cultist","floor":4.0,"turns":2.0},{"damage":0.0,"enemies":"Gremlin Nob","floor":6.0,"turns":2.0},{"damage":0.0,"enemies":"Lagavulin","floor":7.0,"turns":2.0},{"damage":0.0,"enemies":"Gremlin Nob","floor":8.0,"turns":2.0},{"damage":0.0,"enemies":"Lagavulin","floor":10.0,"turns":2.0},{"damage":6.0,"enemies":"Replay:BlueRogue","floor":11.0,"turns":1.0},{"damage":0.0,"enemies":"Gremlin Nob","floor":12.0,"turns":2.0},{"damage":0.0,"enemies":"3 Sentries","floor":13.0,"turns":3.0},{"damage":6.0,"enemies":"Replay:BlueRogue","floor":14.0,"turns":1.0},{"damage":6.0,"enemies":"Slime Boss","floor":16.0,"turns":9.0},{"damage":0.0,"enemies":"Spheric Guardian","floor":18.0,"turns":2.0},{"damage":6.0,"enemies":"Chosen","floor":20.0,"turns":2.0},{"damage":0.0,"enemies":"conspire:Head Lice","floor":22.0,"turns":3.0},{"damage":0.0,"enemies":"Replay:Snechameleon","floor":23.0,"turns":3.0},{"damage":6.0,"enemies":"Slavers","floor":24.0,"turns":3.0},{"damage":6.0,"enemies":"REME_1_Revenger","floor":25.0,"turns":2.0},{"damage":6.0,"enemies":"Book of Stabbing","floor":27.0,"turns":2.0},{"damage":0.0,"enemies":"Slavers","floor":29.0,"turns":2.0},{"damage":0.0,"enemies":"REME_1_Revenger","floor":31.0,"turns":1.0},{"damage":4,"enemies":"hubris:MusketHawk","floor":33,"turns":3},{"damage":0,"enemies":"3 Darklings","floor":35,"turns":2},{"damage":0,"enemies":"Orb Walker","floor":39,"turns":1},{"damage":6,"enemies":"Nemesis","floor":40,"turns":1},{"damage":7,"enemies":"Giant Head","floor":42,"turns":3},{"damage":0,"enemies":"Nemesis","floor":44,"turns":1},{"damage":0,"enemies":"R_Hoarder","floor":45,"turns":2},{"damage":0,"enemies":"Giant Head","floor":46,"turns":1},{"damage":1,"enemies":"Reptomancer","floor":47,"turns":1},{"damage":1,"enemies":"Donu and Deca","floor":50,"turns":2},{"damage":2,"enemies":"Time Eater","floor":51,"turns":4}],"seed_played":"-4937953196732875191","potions_obtained":[{"floor":1.0,"key":"Energy Potion"},{"floor":3.0,"key":"Weak Potion"},{"floor":10.0,"key":"SneckoOil"},{"floor":14.0,"key":"FearPotion"},{"floor":29.0,"key":"Toxic Potion"},{"floor":30.0,"key":"CultistPotion"},{"floor":33,"key":"SkillPotion"},{"floor":35,"key":"Elixir"},{"floor":42,"key":"conspire:TimeTravelPotion"}],"is_trial":true,"path_per_floor":["M","?","M","M","T","E","E","E","T","E","E","E","E","E","R","B",null,"M","$","M","?","E","E","E","E","T","E","R","E","?","E","R","B",null,"M","$","?","$","M","E","$","E","T","E","E","E","E","?","R","B","B",null],"character_chosen":"IRONCLAD","items_purchased":["Good Instincts","conspire:Charge+1","Iron Wave","REME_Cut","Replay:Ringing Soul","Finesse","Run Through+1","ReplayTheSpireMod:Muscle Training","Dota2Spire:PowerTreads","Potion Belt","Carnage"],"campfire_rested":0,"item_purchase_floors":[17,19,19,34,38,38,38,38,41,41,41],"current_hp_per_floor":[74,74,71,75,82,82,82,82,82,82,82,82,82,82,82,91,89,90,90,91,91,92,94,95,96,96,54,54,88,46,54,54,62,97,104,104,104,107,112,114,117,123,123,124,124,126,126,111,111,128,128],"gold":930,"neow_bonus":"","is_daily":false,"chose_seed":false,"campfire_upgraded":4,"win_rate":0.0,"timestamp":1613545582,"path_taken":["M","?","?","M","?","E","E","E","T","E","E","E","E","?","R","BOSS","M","$","?","?","?","E","E","E","T","E","R","E","?","?","R","BOSS","M","?","?","$","?","E","$","E","T","E","E","?","E","?","R","BOSS","BOSS"],"items_purchased_type":["Card","Card","Card","Card","Relic","Card","Card","Card","Relic","Relic","Card"],"build_version":"2020-12-18","purchased_purges":0,"victory":true,"max_hp_per_floor":[75,75,75,75,82,82,82,82,82,82,82,82,82,82,82,91,89,90,90,91,91,92,94,95,96,96,103,103,105,105,107,107,111,109,109,109,109,112,112,114,117,124,124,124,124,126,126,126,126,128,128],"card_choices":[],"player_experience":709415,"relics_obtained":[{"floor":1.0,"key":"Turnip"},{"floor":3.0,"key":"BookOfRevelations"},{"floor":4.0,"key":"Happy Flower"},{"floor":5.0,"key":"Strawberry"},{"floor":6.0,"key":"Counterbalance"},{"floor":7.0,"key":"Mummified Hand"},{"floor":8.0,"key":"BelialBook"},{"floor":9.0,"key":"Nunchaku"},{"floor":10.0,"key":"Dream Catcher"},{"floor":11.0,"key":"Dota2Spire:CrimsonGuard"},{"floor":12.0,"key":"Garlic"},{"floor":13.0,"key":"Pantograph"},{"floor":14.0,"key":"Leech"},{"floor":18.0,"key":"Dota2Spire:AssaultCuirass"},{"floor":20.0,"key":"UnicornStump"},{"floor":22.0,"key":"MawBank"},{"floor":23.0,"key":"hubris:MedicalManual"},{"floor":24.0,"key":"Dota2Spire:AghanimScepter"},{"floor":25.0,"key":"Quantum Egg"},{"floor":26.0,"key":"DeathBook"},{"floor":27.0,"key":"BloodDonationMachine"},{"floor":29.0,"key":"YumHeart"},{"floor":30.0,"key":"SharpPlug"},{"floor":31.0,"key":"Dota2Spire:ArcaneBoots"},{"floor":35,"key":"Replay:WaspNest"},{"floor":39,"key":"PillsDrop"},{"floor":40,"key":"PunchingBag"},{"floor":42,"key":"Durian"},{"floor":43,"key":"REME_ArchaeologicalTools"},{"floor":44,"key":"hubris:CrystalStatue"},{"floor":45,"key":"Replay:Bottled Eggs"},{"floor":46,"key":"Dota2Spire:BlackKingBar"},{"floor":47,"key":"PokeGo"}],"event_choices":[{"damage_healed":0.0,"max_hp_gain":0.0,"max_hp_loss":0.0,"gold_gain":0.0,"event_name":"conspire:Investor","player_choice":"Invest 1","floor":2.0,"gold_loss":0.0,"damage_taken":0.0},{"damage_healed":0.0,"max_hp_gain":0.0,"max_hp_loss":0.0,"gold_gain":0.0,"event_name":"Duplicator","player_choice":"Ignored","floor":21.0,"gold_loss":0.0,"damage_taken":0.0},{"damage_healed":0,"gold_gain":0,"player_choice":"Memory 1","damage_taken":0,"max_hp_gain":0,"max_hp_loss":0,"event_name":"SensoryStone","floor":37,"gold_loss":0}],"is_beta":true,"boss_relics":[{"not_picked":["conspire:RunicOctahedron","Ooze Armor"],"picked":"hubris:Backtick"},{"not_picked":[]},{"not_picked":["Replay:Wanted Poster","Empty Cage"],"picked":"Philosopher\u0027s Stone"},{"not_picked":[]}],"items_purged_floors":[],"is_endless":false,"potions_floor_spawned":[1,3,8,10,14,16,18,22,29,31,33,35,42],"ascension_level":20}}