{"host":"uzcks4yhskks9i02","time":1613597594,"event":{"mods":["BaseMod","Minty Spire (QoL Compilation)","Quick Restart"],"gold_per_floor":[109,119,119,137,155,185,35,70,70,105,19,19,35,35,35],"floor_reached":14,"language":"ENG","playtime":3273,"items_purged":[],"score":187,"play_id":"5603ce7b-0680-4486-bbd5-f8729d199c27","local_time":"20210217143314","is_ascension_mode":true,"campfire_choices":[],"circlet_count":0,"master_deck":["AscendersBane","Strike_P","Strike_P","Strike_P","Defend_P","Defend_P","Defend_P","Defend_P","Eruption","Vigilance","Consecrate","SandsOfTime","Collect","WaveOfTheHand","Omniscience","Wallop","InnerPeace"],"relics":["PureWater","Potion Belt","Toy Ornithopter","Happy Flower","Strawberry","StrikeDummy","Tiny Chest"],"acts_visited":["Exordium"],"potions_floor_usage":[14],"damage_taken":[{"damage":2.0,"enemies":"Small Slimes","floor":1.0,"turns":4.0},{"damage":0.0,"enemies":"Cultist","floor":2.0,"turns":3.0},{"damage":0.0,"enemies":"Jaw Worm","floor":4.0,"turns":2.0},{"damage":0.0,"enemies":"3 Louse","floor":5.0,"turns":2.0},{"damage":27.0,"enemies":"3 Sentries","floor":6.0,"turns":10.0},{"damage":29.0,"enemies":"Gremlin Nob","floor":8.0,"turns":4.0},{"damage":5.0,"enemies":"Lagavulin","floor":10.0,"turns":6.0},{"damage":17,"enemies":"Gremlin Gang","floor":13,"turns":3},{"damage":22,"enemies":"Gremlin Nob","floor":14,"turns":3}],"seed_played":"-1256152960120615808","potions_obtained":[{"floor":5.0,"key":"Weak Potion"},{"floor":6.0,"key":"Weak Potion"},{"floor":10.0,"key":"Fruit Juice"}],"is_trial":false,"path_per_floor":["M","M","?","M","M","E","$","E","T","E","$","?","M","E"],"character_chosen":"WATCHER","items_purchased":["Toy Ornithopter","Wallop","PowerPotion"],"campfire_rested":0,"item_purchase_floors":[7,11,11],"current_hp_per_floor":[65,65,65,65,65,38,38,14,21,26,26,26,9,0,0],"gold":35,"neow_bonus":"TEN_PERCENT_HP_BONUS","is_daily":false,"chose_seed":false,"campfire_upgraded":0,"win_rate":0.0,"timestamp":1613597594,"path_taken":["M","M","?","?","M","E","?","E","T","E","$","?","?","E"],"items_purchased_type":["Relic","Card","Potion"],"build_version":"2020-12-22","purchased_purges":0,"victory":false,"max_hp_per_floor":[74,74,74,74,74,74,74,74,81,86,86,86,86,86,86],"card_choices":[{"not_picked":["FlyingSleeves","ThirdEye"],"picked":"Consecrate","floor":1.0},{"not_picked":["Protect","FlurryOfBlows","FlyingSleeves"],"picked":"SKIP","floor":2.0},{"not_picked":["Prostrate","CarveReality"],"picked":"SandsOfTime","floor":4.0},{"not_picked":["Pray","Evaluate"],"picked":"Collect","floor":5.0},{"not_picked":["EmptyBody","ThirdEye"],"picked":"WaveOfTheHand","floor":6.0},{"not_picked":["WindmillStrike","CrushJoints"],"picked":"Omniscience","floor":8.0},{"not_picked":["CutThroughFate","ThirdEye","EmptyMind"],"picked":"SKIP","floor":10.0},{"not_picked":["Fasting2","Collect"],"picked":"InnerPeace","floor":13}],"player_experience":594020,"relics_obtained":[{"floor":6.0,"key":"Potion Belt"},{"floor":8.0,"key":"Happy Flower"},{"floor":9.0,"key":"Strawberry"},{"floor":10.0,"key":"StrikeDummy"}],"event_choices":[{"cards_removed":["Strike_P"],"damage_healed":0.0,"max_hp_gain":0.0,"max_hp_loss":0.0,"gold_gain":0.0,"event_name":"Purifier","player_choice":"Purged","floor":3.0,"gold_loss":0.0,"damage_taken":0.0},{"damage_healed":0.0,"max_hp_gain":0.0,"max_hp_loss":0.0,"gold_gain":0.0,"event_name":"WeMeetAgain","player_choice":"Gave Potion","floor":12.0,"gold_loss":0.0,"damage_taken":0.0,"relics_obtained":["Tiny Chest"]}],"is_beta":false,"boss_relics":[],"items_purged_floors":[],"is_endless":false,"potions_floor_spawned":[5,6,10],"killed_by":"Gremlin Nob","ascension_level":14}}