{"host":"ilhhjx796p2x2wmd","time":1613545946,"event":{"mods":["AchievementEnabler","BaseMod","BetterRewards","Colored Map","Colored Powertips","DeckTracker","Highlight Path","Minty Spire (QoL Compilation)","Permanent Neow","Rare Cards Sparkle","Shop Mod"],"gold_per_floor":[118,129,2,12,30,62,62,103,103,287,387,407,407,483,483,588,588,611,811,834,400,428,428,464,487,487,487,503,503,503],"floor_reached":29,"language":"KOR","playtime":1061,"items_purged":["Strike_R","Doubt"],"score":404,"play_id":"6491d646-2a5e-402e-839e-5920b0c9b16f","local_time":"20210217161226","is_ascension_mode":true,"campfire_choices":[{"data":"Armaments","floor":13.0,"key":"SMITH"},{"floor":15.0,"key":"REST"},{"floor":27,"key":"REST"}],"circlet_count":0,"master_deck":["Strike_R","Strike_R","Strike_R","Strike_R","Defend_R","Defend_R","Defend_R","Defend_R","Bash","Feed","Armaments+1","Headbutt","Sword Boomerang","Whirlwind","Shockwave","Fire Breathing","True Grit","Fiend Fire","Ghostly Armor+1","Shrug It Off","True Grit","Perfected Strike+1","Inflame"],"relics":["Burning Blood","Tiny Chest","CeramicFish","Mercury Hourglass","InkBottle","Sozu","Orichalcum","Anchor","Darkstone Periapt","Potion Belt","MealTicket","Pear"],"acts_visited":["Exordium","TheCity"],"potions_floor_usage":[],"damage_taken":[{"damage":0.0,"enemies":"Small Slimes","floor":1.0,"turns":3.0},{"damage":9.0,"enemies":"2 Louse","floor":2.0,"turns":3.0},{"damage":0.0,"enemies":"Cultist","floor":4.0,"turns":4.0},{"damage":21.0,"enemies":"Looter","floor":5.0,"turns":4.0},{"damage":30.0,"enemies":"Lagavulin","floor":6.0,"turns":5.0},{"damage":23.0,"enemies":"Gremlin Nob","floor":8.0,"turns":4.0},{"damage":16.0,"enemies":"Red Slaver","floor":12.0,"turns":3.0},{"damage":44,"enemies":"Slime Boss","floor":16,"turns":8},{"damage":6,"enemies":"3 Byrds","floor":18,"turns":5},{"damage":6,"enemies":"Chosen","floor":20,"turns":7},{"damage":31,"enemies":"Snake Plant","floor":22,"turns":5},{"damage":66,"enemies":"Gremlin Leader","floor":24,"turns":10},{"damage":12,"enemies":"Snecko","floor":28,"turns":6},{"damage":58,"enemies":"Sentry and Sphere","floor":29,"turns":7}],"seed_played":"-3804417692611378130","potions_obtained":[{"floor":2.0,"key":"Strength Potion"},{"floor":6.0,"key":"Swift Potion"},{"floor":8.0,"key":"BlessingOfTheForge"}],"is_trial":false,"path_per_floor":["M","M","$","M","M","E","?","E","T","?","?","M","R","T","R","B",null,"M","?","M","$","M","?","E","T","T","R","M","M"],"character_chosen":"IRONCLAD","items_purchased":["Fire Potion","True Grit","Orichalcum","Anchor"],"campfire_rested":2,"item_purchase_floors":[3,21,21,21],"current_hp_per_floor":[81,82,82,90,78,58,63,46,46,46,46,39,39,39,70,35,90,90,90,93,93,68,68,8,8,18,54,51,0,0],"gold":503,"neow_bonus":"ONE_RANDOM_RARE_CARD","is_daily":false,"chose_seed":false,"campfire_upgraded":1,"win_rate":0.0,"timestamp":1613545946,"path_taken":["M","M","$","M","M","E","?","E","T","?","?","M","R","?","R","BOSS","M","?","?","$","M","?","E","?","T","R","M","M"],"items_purchased_type":["Potion","Card","Relic","Relic"],"build_version":"2020-12-22","purchased_purges":2,"victory":false,"max_hp_per_floor":[83,87,87,90,93,97,102,102,102,102,102,105,105,105,105,108,108,108,108,111,111,111,111,111,111,121,121,124,124,124],"card_choices":[{"not_picked":["Burning Pact","Rupture"],"picked":"Armaments","floor":1.0},{"not_picked":["Clash","Power Through"],"picked":"Headbutt","floor":2.0},{"not_picked":["Wild Strike","Disarm"],"picked":"Sword Boomerang","floor":4.0},{"not_picked":["Wild Strike","Flex"],"picked":"Whirlwind","floor":5.0},{"not_picked":["Iron Wave","Combust"],"picked":"Shockwave","floor":6.0},{"not_picked":["Heavy Blade","Iron Wave"],"picked":"Fire Breathing","floor":8.0},{"not_picked":["Flex","Sentinel"],"picked":"True Grit","floor":12.0},{"not_picked":["Immolate","Double Tap"],"picked":"Fiend Fire","floor":16},{"not_picked":["Wild Strike","Hemokinesis"],"picked":"Ghostly Armor+1","floor":18},{"not_picked":["Wild Strike+1","Havoc"],"picked":"Shrug It Off","floor":20},{"not_picked":["True Grit","Body Slam"],"picked":"Perfected Strike+1","floor":22},{"not_picked":["Pummel+1","Heavy Blade+1"],"picked":"Inflame","floor":24},{"not_picked":["Whirlwind","Anger","Armaments"],"picked":"SKIP","floor":28}],"player_experience":339183,"relics_obtained":[{"floor":6.0,"key":"Tiny Chest"},{"floor":8.0,"key":"CeramicFish"},{"floor":9.0,"key":"Mercury Hourglass"},{"floor":14.0,"key":"InkBottle"},{"floor":24,"key":"Potion Belt"},{"floor":25,"key":"MealTicket"},{"floor":26,"key":"Pear"}],"event_choices":[{"damage_healed":0.0,"max_hp_gain":5.0,"max_hp_loss":0.0,"gold_gain":0.0,"event_name":"Big Fish","player_choice":"Donut","floor":7.0,"gold_loss":0.0,"damage_taken":0.0},{"damage_healed":0.0,"max_hp_gain":0.0,"max_hp_loss":0.0,"gold_gain":175.0,"event_name":"Liars Game","player_choice":"AGREE","floor":10.0,"gold_loss":0.0,"damage_taken":0.0,"cards_obtained":["Doubt"]},{"damage_healed":0.0,"max_hp_gain":0.0,"max_hp_loss":0.0,"gold_gain":100.0,"event_name":"Golden Shrine","player_choice":"Pray","floor":11.0,"gold_loss":0.0,"damage_taken":0.0},{"damage_healed":0,"gold_gain":200,"player_choice":"Gold","damage_taken":0,"max_hp_gain":0,"max_hp_loss":0,"event_name":"Wheel of Change","floor":19,"gold_loss":0},{"damage_healed":0,"gold_gain":0,"player_choice":"Gave Potion","damage_taken":0,"relics_obtained":["Darkstone Periapt"],"max_hp_gain":0,"max_hp_loss":0,"event_name":"WeMeetAgain","floor":23,"gold_loss":0}],"is_beta":false,"boss_relics":[{"not_picked":["Velvet Choker","Runic Cube"],"picked":"Sozu"}],"items_purged_floors":[3,21],"is_endless":false,"potions_floor_spawned":[2,6,8,24],"killed_by":"Sentry and Sphere","ascension_level":8}}