{"host":"a3oe3gstxz77c7qu","time":1613570289,"event":{"mods":["2.2 Compatiblity","Act Like it!","Astrologer","BaseMod","Bestiary","Better Altar","Better Match","Better Note","Better Skull","Better Third Choice","Block Reminder","Curses Come First","Custom Start","Dark Map","Downfall","Friendly Minions","GifTheSpireLib","Hermit","Jorbs\u0027s Wanderer Trilogy","Lobotomy","LobotomyExtend","Marisa????????","Minty Spire (QoL Compilation)","Permanent Neow","Quick Restart","Relic Filter Mod","Relic Stats","Reliquary","Replay The Spire","Ruina","Smile Girya","Spire Arcade","StSLib","The Bug Knight","The Cursed","The Disciple","Uncapped","Unknown Chances","Wandering Minibosses"],"gold_per_floor":[111,111,125,125,143,183,27,27,74,112,112,112,112,112,112,231,231,250,281,306,34,52,52,95,95,119,144,158,199,199,199,199,328,328,352,352,352,368,68,68,68,109,109,140,186,186,207,207,82,97,97,97,97],"floor_reached":54,"language":"ENG","playtime":3392,"items_purged":["Strike_MRS","MeatLantern","Strike_MRS"],"score":954,"play_id":"ab856a7f-069f-48b0-a2aa-0efcc4247ffe","local_time":"20210217135809","is_ascension_mode":true,"campfire_choices":[{"data":"MasterSpark","floor":8,"key":"SMITH"},{"data":"MagicChant","floor":11,"key":"SMITH"},{"data":"MillisecondPulsars","floor":13,"key":"SMITH"},{"data":"AlicesGift","floor":15,"key":"SMITH"},{"data":"UltimateShortwave","floor":23,"key":"SMITH"},{"data":"CasketOfStar","floor":25,"key":"SMITH"},{"data":"CasketOfStar","floor":30,"key":"SMITH"},{"data":"Strike_MRS","floor":32,"key":"PURGE"},{"data":"Singularity","floor":43,"key":"SMITH"},{"data":"ruina:Thirst","floor":46,"key":"SMITH"},{"data":"AsteroidBelt","floor":48,"key":"SMITH"},{"data":"Defend_MRS","floor":51,"key":"PURGE"}],"circlet_count":0,"master_deck":["Defend_MRS","Defend_MRS","Defend_MRS","MagicChant+1","AlicesGift+1","MillisecondPulsars+1","UniverseFragment","Acceleration","CasketOfStar+1","UltimateShortwave+1","SporeBomb","QueenOfHatred","ruina:Thirst+1","6A","CasketOfStar+1","DragonMeteor","EventHorizon+1","Singularity+1","FinalSpark","AsteroidBelt+1"],"relics":["MiniHakkero","CogitoBucket","RabbitCall","LetterFromLob","Golden Idol","Replay:Mystery Machine","PreservedInsect","Blood Vial","Lantern","sneckomod:SneckoTalon","Frozen Eye","SkinProphecy","reliquary:Sod","Pet Ghost","BehaviorAdjustment","Eternal Feather","Busted Crown","wanderingMiniBosses:OtherGremlinHorn","bronze:DonusWashers","Molten Egg 2","Bottled Tornado","reliquary:ExpiredCoupon","AtMidnight","AdjustmentMirror"],"acts_visited":["Exordium","Exordium","TheBeyond"],"potions_floor_usage":[6,16,22,28,29,52,52],"damage_taken":[{"damage":1,"enemies":"Jaw Worm","floor":1,"turns":4},{"damage":0,"enemies":"2 Louse","floor":3,"turns":3},{"damage":0,"enemies":"Cultist","floor":5,"turns":4},{"damage":10,"enemies":"3 Sentries","floor":6,"turns":11},{"damage":0,"enemies":"HollowMod:MossKnight","floor":10,"turns":4},{"damage":18,"enemies":"Hexaghost","floor":16,"turns":24},{"damage":9,"enemies":"ruina:2_Scarecrows","floor":18,"turns":4},{"damage":4,"enemies":"ruina:Nosferatu","floor":20,"turns":4},{"damage":0,"enemies":"ruina:KingOfGreed","floor":22,"turns":7},{"damage":3,"enemies":"ruina:RoadHome","floor":24,"turns":6},{"damage":0,"enemies":"ruina:Woodsman","floor":27,"turns":3},{"damage":12,"enemies":"ruina:KnightOfDespair","floor":28,"turns":4},{"damage":28,"enemies":"ruina:Mountain","floor":29,"turns":6},{"damage":17,"enemies":"ruina:Ozma","floor":33,"turns":6},{"damage":7,"enemies":"3 Darklings","floor":35,"turns":3},{"damage":0,"enemies":"3 Shapes","floor":38,"turns":2},{"damage":0,"enemies":"Giant Head","floor":42,"turns":2},{"damage":29,"enemies":"Reptomancer","floor":44,"turns":4},{"damage":4,"enemies":"Spire Growth","floor":47,"turns":4},{"damage":7,"enemies":"Maw","floor":50,"turns":3},{"damage":75,"enemies":"Time Eater","floor":52,"turns":5}],"seed_played":"-438953282296703885","potions_obtained":[{"floor":1,"key":"Energy Potion"},{"floor":3,"key":"SpeedPotion"},{"floor":10,"key":"Guardian:BlockOnCardUsePotion"},{"floor":19,"key":"Fire Potion"},{"floor":19,"key":"AttackPotion"},{"floor":20,"key":"champ:CounterPotion"},{"floor":22,"key":"SpeedPotion"},{"floor":28,"key":"StarNLove"},{"floor":35,"key":"Regen Potion"}],"is_trial":false,"path_per_floor":["M","?","M","?","M","E","$","R","T","E","R","?","R","E","R","B",null,"M","?","M","$","M","R","E","R","T","M","M","E","R","?","R","B",null,"M","?","?","M","$","PTL","PTL","E","R","E","T","R","M","R","$","M","R","B",null,null],"character_chosen":"MARISA","items_purchased":["PreservedInsect","ruina:Thirst","bronze:DonusWashers","AsteroidBelt"],"campfire_rested":0,"item_purchase_floors":[7,21,39,39],"current_hp_per_floor":[67,67,67,49,49,39,39,39,39,41,41,41,41,63,63,47,68,63,63,57,57,73,73,74,74,74,78,68,44,56,56,68,61,84,87,93,93,95,95,95,95,97,97,77,77,89,93,103,103,100,105,32,32],"gold":97,"neow_bonus":"","is_daily":false,"chose_seed":false,"campfire_upgraded":10,"win_rate":0.0,"timestamp":1613570289,"path_taken":["M","?","M","?","M","E","$","R","T","E","R","?","R","E","R","BOSS","M","?","M","$","M","R","E","R","T","M","?","E","R","?","R","BOSS","M","?","?","M","$","PTL","PTL","E","R","E","T","R","M","R","$","M","R","BOSS"],"items_purchased_type":["Relic","Card","Relic","Card"],"build_version":"2020-12-22","purchased_purges":3,"victory":true,"max_hp_per_floor":[75,75,75,75,75,75,75,75,75,75,75,75,75,75,75,75,75,75,75,77,77,79,79,81,81,81,83,87,89,89,89,89,91,91,93,93,93,95,95,95,95,97,97,99,99,99,103,103,103,105,105,109,109],"relic_stats":{"Blood Vial":42,"Busted Crown":42,"counters":[25,117],"Golden Idol":167,"Eternal Feather":51,"PreservedInsect":286,"obtain_stats":[{"RabbitCall":0,"Lantern":10,"bronze:DonusWashers":39,"Golden Idol":4,"Eternal Feather":29,"PreservedInsect":7,"wanderingMiniBosses:OtherGremlinHorn":35,"Replay:Mystery Machine":6,"SkinProphecy":18,"Bottled Tornado":44,"AdjustmentMirror":47,"sneckomod:SneckoTalon":17,"Pet Ghost":26,"Blood Vial":9,"reliquary:Sod":24,"Frozen Eye":18,"reliquary:ExpiredCoupon":45,"CogitoBucket":0,"Busted Crown":34,"AtMidnight":47,"Molten Egg 2":42,"BehaviorAdjustment":28,"LetterFromLob":1,"MiniHakkero":0},{"RabbitCall":0,"Lantern":5,"bronze:DonusWashers":18,"Golden Idol":2,"Eternal Feather":15,"PreservedInsect":4,"wanderingMiniBosses:OtherGremlinHorn":17,"Replay:Mystery Machine":4,"SkinProphecy":8,"Bottled Tornado":20,"AdjustmentMirror":22,"sneckomod:SneckoTalon":6,"Pet Ghost":11,"Blood Vial":4,"reliquary:Sod":11,"Frozen Eye":6,"reliquary:ExpiredCoupon":20,"CogitoBucket":0,"Busted Crown":16,"AtMidnight":22,"Molten Egg 2":19,"BehaviorAdjustment":14,"LetterFromLob":1,"MiniHakkero":0},{"RabbitCall":0,"Lantern":26,"bronze:DonusWashers":97,"Golden Idol":7,"Eternal Feather":86,"PreservedInsect":22,"wanderingMiniBosses:OtherGremlinHorn":95,"Replay:Mystery Machine":22,"SkinProphecy":55,"Bottled Tornado":103,"AdjustmentMirror":108,"sneckomod:SneckoTalon":50,"Pet Ghost":72,"Blood Vial":22,"reliquary:Sod":72,"Frozen Eye":50,"reliquary:ExpiredCoupon":103,"CogitoBucket":0,"Busted Crown":92,"AtMidnight":108,"Molten Egg 2":99,"BehaviorAdjustment":80,"LetterFromLob":4,"MiniHakkero":0}]},"card_choices":[{"not_picked":["OldLady","OSAHOGD","WhitesApple"],"picked":"Singing Bowl","floor":1},{"not_picked":["BeautyBeast","Variant"],"picked":"MeatLantern","floor":1},{"not_picked":["NonDirectionalLaser","ShootTheMoon"],"picked":"MagicChant","floor":1},{"not_picked":["LuminesStrike","WitchLeyline"],"picked":"AlicesGift","floor":3},{"not_picked":["NakedNest","FairyFestival","SingingMachine"],"picked":"Singing Bowl","floor":3},{"not_picked":["SprinkleStarSeal","OrrerysSun"],"picked":"MillisecondPulsars","floor":5},{"not_picked":["QueenOfHatred","Wellcheers"],"picked":"UniverseFragment","floor":5},{"not_picked":["SpiderBud","Scorched","Scarecrow"],"picked":"Singing Bowl","floor":6},{"not_picked":["Occultation","PowerUp"],"picked":"Acceleration","floor":6},{"not_picked":["Bloodbath","RedShoes","NakedNest"],"picked":"Singing Bowl","floor":10},{"not_picked":["StarBarrage","DragonMeteor","6A"],"picked":"SKIP","floor":10},{"not_picked":["AbsoluteMagnitude","TreasureHunter"],"picked":"CasketOfStar","floor":16},{"not_picked":["DespairKnight","CherryBlossoms","CrumblingArmor"],"picked":"Singing Bowl","floor":16},{"not_picked":["VoidDream","LongBird","CherryBlossoms"],"picked":"Singing Bowl","floor":18},{"not_picked":["ManaConvection","PulseMagic","ShootingEcho"],"picked":"SKIP","floor":18},{"not_picked":["MysteriousBeam","DC+1"],"picked":"UltimateShortwave","floor":19},{"not_picked":["GalacticHalo+1","GrandCross+1"],"picked":"SporeBomb","floor":20},{"not_picked":["QueenBee","Rudolta"],"picked":"QueenOfHatred","floor":20},{"not_picked":["NonDirectionalLaser+1","EnergyFlow"],"picked":"6A","floor":22},{"not_picked":["BeautyBeast","SpiderBud","PunishingBird"],"picked":"Singing Bowl","floor":22},{"not_picked":["WitchOfGreed","AlicesGift+1"],"picked":"CasketOfStar","floor":24},{"not_picked":["Bloodbath","CENSORED","LaLuna"],"picked":"Singing Bowl","floor":24},{"not_picked":["DoubleSpark","EnergyFlow+1"],"picked":"DragonMeteor","floor":27},{"not_picked":["WallGazer","Yin","BigBadWolf"],"picked":"Singing Bowl","floor":27},{"not_picked":["ChargingUp","6A"],"picked":"EventHorizon+1","floor":28},{"not_picked":["Murderer","Funeral","Freischutz"],"picked":"Singing Bowl","floor":28},{"not_picked":["UnstableBomb+1","6A"],"picked":"Singularity","floor":29},{"not_picked":["DespairKnight","Porccubus","QueenBee"],"picked":"Singing Bowl","floor":29},{"not_picked":["SuperNova","BigCrunch"],"picked":"FinalSpark","floor":33},{"not_picked":["Woodsman","MHz","Scorched"],"picked":"Singing Bowl","floor":33},{"not_picked":["CherryBlossoms","Alriune","BlackSwan"],"picked":"Singing Bowl","floor":35},{"not_picked":["PowerUp"],"picked":"SKIP","floor":35},{"not_picked":["SpiderBud","WallGazer","SnowQueen"],"picked":"Singing Bowl","floor":38},{"not_picked":["WitchLeyline+1"],"picked":"SKIP","floor":38},{"not_picked":["GalaxyChild","ShyLook","QueenBee"],"picked":"Singing Bowl","floor":42},{"not_picked":["NonDirectionalLaser+1"],"picked":"SKIP","floor":42},{"not_picked":["NakedNest","Variant","BigBadWolf"],"picked":"Singing Bowl","floor":44},{"not_picked":["PowerUp"],"picked":"SKIP","floor":44},{"not_picked":["BodiesMountain","GalaxyChild","ShyLook"],"picked":"Singing Bowl","floor":47},{"not_picked":["GrandCross+1"],"picked":"SKIP","floor":47},{"not_picked":["Freischutz","HappyTeddy","DreamingCurrent"],"picked":"Singing Bowl","floor":50},{"not_picked":["AsteroidBelt+1"],"picked":"SKIP","floor":50}],"player_experience":1167573,"relics_obtained":[{"floor":1,"key":"LetterFromLob"},{"floor":6,"key":"Replay:Mystery Machine"},{"floor":9,"key":"Blood Vial"},{"floor":10,"key":"Lantern"},{"floor":24,"key":"reliquary:Sod"},{"floor":26,"key":"Pet Ghost"},{"floor":29,"key":"Eternal Feather"},{"floor":35,"key":"wanderingMiniBosses:OtherGremlinHorn"},{"floor":42,"key":"Molten Egg 2"},{"floor":44,"key":"Bottled Tornado"},{"floor":45,"key":"reliquary:ExpiredCoupon"},{"floor":47,"key":"AtMidnight"}],"event_choices":[{"damage_healed":0,"gold_gain":0,"cards_transformed":["Strike_MRS"],"player_choice":"Change","damage_taken":0,"max_hp_gain":0,"max_hp_loss":0,"event_name":"Living Wall","floor":2,"gold_loss":0,"cards_obtained":["SatelliteIllusion"]},{"damage_healed":0,"gold_gain":0,"player_choice":"Take Damage","damage_taken":18,"relics_obtained":["Golden Idol"],"max_hp_gain":0,"max_hp_loss":0,"event_name":"Golden Idol","floor":4,"gold_loss":0}],"is_beta":false,"boss_relics":[{"not_picked":["Coffee Dripper","reliquary:RedPaperclip"],"picked":"sneckomod:SneckoTalon"},{"not_picked":["reliquary:RedCape","bronze:MakeshiftBattery"],"picked":"Busted Crown"}],"items_purged_floors":[21,39,49],"is_endless":false,"potions_floor_spawned":[1,3,10,20,22,24,28,35,47],"ascension_level":8}}