{"host":"o7j6aatxjwpw1421","time":1613579183,"event":{"mods":["2.2 Compatiblity","AchievementEnabler","BaseMod","Colored Map","DeckTracker","Highlight Path","Keyboard Shortcuts","Minty Spire (QoL Compilation)","Permanent Neow","Quick Restart","StSLib","SuperFastMode","everything is the same but u backflip on backflip"],"gold_per_floor":[109,122,122,47,47,47,62,79,106,106,106,123,148,164,164,269,269,289,34,44,59,78,78,108,118,118,118,118,130,146,21,21,117,117,132,149,149,161,211,211,240,240,240,251,282,294,309,34,34,34],"floor_reached":51,"language":"KOR","playtime":1595,"items_purged":["Strike_R","Defend_R","Defend_R"],"score":808,"play_id":"0cdef4c2-ccc5-45f7-b7e0-9dea4fdaca59","local_time":"20210218012623","is_ascension_mode":false,"campfire_choices":[{"data":"Pommel Strike","floor":6.0,"key":"SMITH"},{"data":"Perfected Strike","floor":10.0,"key":"SMITH"},{"data":"Perfected Strike","floor":15.0,"key":"SMITH"},{"data":"Iron Wave","floor":23.0,"key":"SMITH"},{"data":"Iron Wave","floor":28.0,"key":"SMITH"},{"data":"Shrug It Off","floor":32.0,"key":"SMITH"},{"data":"Perfected Strike","floor":40.0,"key":"SMITH"},{"data":"Shrug It Off","floor":42.0,"key":"SMITH"},{"data":"Iron Wave","floor":49.0,"key":"SMITH"}],"circlet_count":0,"master_deck":["Strike_R","Strike_R","Strike_R","Bash+1","Pommel Strike+1","Twin Strike","Perfected Strike+1","Perfected Strike+1","Iron Wave+1","Twin Strike","Perfected Strike+1","Iron Wave+1","Iron Wave+1","Shrug It Off+1","Shrug It Off+1","Twin Strike","Perfected Strike+1","Clothesline+1","Armaments+1"],"relics":["Burning Blood","Lantern","Red Skull","Anchor","Velvet Choker","DollysMirror","Blood Vial","Unceasing Top","Empty Cage","Ginger","Frozen Egg 2","The Courier","Bird Faced Urn","Lee\u0027s Waffle","Centennial Puzzle"],"acts_visited":["Exordium","TheCity","TheBeyond"],"potions_floor_usage":[50],"damage_taken":[{"damage":7.0,"enemies":"Small Slimes","floor":1.0,"turns":5.0},{"damage":1.0,"enemies":"Cultist","floor":2.0,"turns":3.0},{"damage":0.0,"enemies":"2 Louse","floor":7.0,"turns":2.0},{"damage":3.0,"enemies":"Lots of Slimes","floor":8.0,"turns":4.0},{"damage":2.0,"enemies":"3 Louse","floor":12.0,"turns":3.0},{"damage":8.0,"enemies":"Lagavulin","floor":13.0,"turns":3.0},{"damage":0.0,"enemies":"2 Fungi Beasts","floor":14.0,"turns":2.0},{"damage":51.0,"enemies":"Hexaghost","floor":16.0,"turns":7.0},{"damage":0.0,"enemies":"Spheric Guardian","floor":18.0,"turns":2.0},{"damage":0.0,"enemies":"Chosen","floor":20.0,"turns":2.0},{"damage":0.0,"enemies":"Snake Plant","floor":21.0,"turns":2.0},{"damage":0.0,"enemies":"Centurion and Healer","floor":22.0,"turns":3.0},{"damage":12.0,"enemies":"Slavers","floor":24.0,"turns":4.0},{"damage":5.0,"enemies":"Chosen and Byrds","floor":25.0,"turns":4.0},{"damage":0.0,"enemies":"Cultist and Chosen","floor":29.0,"turns":4.0},{"damage":8.0,"enemies":"Snecko","floor":30.0,"turns":3.0},{"damage":50.0,"enemies":"Champ","floor":33.0,"turns":9.0},{"damage":0.0,"enemies":"3 Shapes","floor":35.0,"turns":2.0},{"damage":16.0,"enemies":"3 Darklings","floor":36.0,"turns":8.0},{"damage":1.0,"enemies":"4 Shapes","floor":38.0,"turns":5.0},{"damage":0.0,"enemies":"Mind Bloom Boss Battle","floor":39.0,"turns":4.0},{"damage":42.0,"enemies":"Giant Head","floor":41.0,"turns":7.0},{"damage":0.0,"enemies":"Transient","floor":44.0,"turns":5.0},{"damage":19.0,"enemies":"Nemesis","floor":45.0,"turns":5.0},{"damage":0.0,"enemies":"Spire Growth","floor":46.0,"turns":3.0},{"damage":17.0,"enemies":"Maw","floor":47.0,"turns":4.0},{"damage":58,"enemies":"Time Eater","floor":50,"turns":9}],"seed_played":"-7728111395739395745","potions_obtained":[{"floor":2.0,"key":"Fire Potion"},{"floor":7.0,"key":"Dexterity Potion"},{"floor":11.0,"key":"Weak Potion"},{"floor":16.0,"key":"FearPotion"},{"floor":21.0,"key":"ElixirPotion"},{"floor":24.0,"key":"ColorlessPotion"},{"floor":29.0,"key":"SkillPotion"},{"floor":36.0,"key":"Fire Potion"},{"floor":39.0,"key":"GamblersBrew"},{"floor":41.0,"key":"BloodPotion"}],"is_trial":false,"path_per_floor":["M","M","?","$","?","R","M","M","T","R","?","M","E","M","R","B",null,"M","$","M","M","M","R","E","M","T","?","R","M","M","$","R","B",null,"M","M","?","M","?","R","E","R","T","M","E","M","M","$","R","B",null],"character_chosen":"IRONCLAD","items_purchased":["DollysMirror","PowerPotion","Lee\u0027s Waffle","Centennial Puzzle"],"campfire_rested":0,"item_purchase_floors":[19,48,48,48],"current_hp_per_floor":[79,80,73,73,73,73,79,80,80,80,80,80,78,80,80,35,80,80,80,80,80,80,80,74,77,77,77,77,80,78,78,78,36,80,80,70,70,76,76,76,40,40,40,48,37,45,36,83,83,31],"gold":34,"neow_bonus":"UPGRADE_CARD","is_daily":false,"chose_seed":false,"campfire_upgraded":9,"win_rate":0.0,"timestamp":1613579183,"path_taken":["M","M","?","$","?","R","M","?","T","R","?","M","E","M","R","BOSS","M","$","M","?","M","R","E","M","T","?","R","M","M","$","R","BOSS","M","M","?","M","?","R","E","R","T","M","E","M","M","$","R","BOSS"],"items_purchased_type":["Relic","Potion","Relic","Relic"],"build_version":"2020-12-22","purchased_purges":3,"victory":true,"max_hp_per_floor":[80,80,80,80,80,80,80,80,80,80,80,80,80,80,80,80,80,80,80,80,80,80,80,80,80,80,80,80,80,80,80,80,80,80,80,80,76,76,76,76,76,76,76,76,76,76,76,83,83,83],"card_choices":[{"not_picked":["Headbutt","Blood for Blood"],"picked":"Pommel Strike","floor":1.0},{"not_picked":["Wild Strike","Burning Pact"],"picked":"Twin Strike","floor":2.0},{"not_picked":["Headbutt","Fire Breathing"],"picked":"Perfected Strike","floor":7.0},{"not_picked":["Sword Boomerang","Ghostly Armor","Heavy Blade"],"picked":"SKIP","floor":8.0},{"not_picked":["Inflame","Dual Wield"],"picked":"Perfected Strike","floor":12.0},{"not_picked":["Dual Wield","Body Slam","Flex"],"picked":"SKIP","floor":13.0},{"not_picked":["Dual Wield","Flame Barrier","Iron Wave"],"picked":"SKIP","floor":14.0},{"not_picked":["Dual Wield","Flame Barrier"],"picked":"Iron Wave","floor":14.0},{"not_picked":["Flex","Headbutt"],"picked":"Twin Strike","floor":18.0},{"not_picked":["Disarm+1","Anger","Thunderclap"],"picked":"SKIP","floor":20.0},{"not_picked":["Second Wind+1","True Grit","Blood for Blood"],"picked":"SKIP","floor":21.0},{"not_picked":["Cleave","Power Through+1"],"picked":"Iron Wave","floor":22.0},{"not_picked":["Warcry","Juggernaut"],"picked":"Iron Wave","floor":24.0},{"not_picked":["Bloodletting","Iron Wave","Sever Soul"],"picked":"SKIP","floor":25.0},{"not_picked":["Anger","Flex+1"],"picked":"Shrug It Off","floor":29.0},{"not_picked":["Fire Breathing","Pummel+1","Entrench"],"picked":"SKIP","floor":30.0},{"not_picked":["Burning Pact","Uppercut"],"picked":"Shrug It Off","floor":35.0},{"not_picked":["Shrug It Off+1","Havoc+1"],"picked":"Twin Strike","floor":36.0},{"not_picked":["Iron Wave+1","Thunderclap"],"picked":"Perfected Strike","floor":38.0},{"not_picked":["Bludgeon","Body Slam","Clash+1"],"picked":"SKIP","floor":41.0},{"not_picked":["Bludgeon","Body Slam","Clash+1"],"picked":"SKIP","floor":41.0},{"not_picked":["Iron Wave+1","Headbutt+1"],"picked":"Clothesline+1","floor":44.0},{"not_picked":["Thunderclap+1","Anger+1"],"picked":"Armaments+1","floor":45.0},{"not_picked":["Searing Blow+1","Warcry+1","Uppercut+1"],"picked":"SKIP","floor":46.0},{"not_picked":["Ghostly Armor","Infernal Blade","Heavy Blade"],"picked":"SKIP","floor":47.0}],"player_experience":620131,"relics_obtained":[{"floor":9.0,"key":"Red Skull"},{"floor":13.0,"key":"Anchor"},{"floor":24.0,"key":"Blood Vial"},{"floor":26.0,"key":"Unceasing Top"},{"floor":39.0,"key":"Ginger"},{"floor":41.0,"key":"Frozen Egg 2"},{"floor":43.0,"key":"The Courier"},{"floor":45.0,"key":"Bird Faced Urn"}],"event_choices":[{"damage_healed":0.0,"max_hp_gain":0.0,"max_hp_loss":0.0,"gold_gain":0.0,"event_name":"Scrap Ooze","player_choice":"Success","floor":3.0,"gold_loss":0.0,"damage_taken":7.0,"relics_obtained":["Lantern"]},{"cards_removed":["Strike_R"],"damage_healed":0.0,"max_hp_gain":0.0,"max_hp_loss":0.0,"gold_gain":0.0,"event_name":"Bonfire Elementals","player_choice":"Offered Basic","floor":5.0,"gold_loss":0.0,"damage_taken":0.0},{"damage_healed":0.0,"max_hp_gain":0.0,"max_hp_loss":0.0,"gold_gain":0.0,"event_name":"Lab","player_choice":"Got Potions","floor":11.0,"gold_loss":0.0,"damage_taken":0.0},{"damage_healed":0.0,"max_hp_gain":0.0,"max_hp_loss":0.0,"gold_gain":0.0,"event_name":"Cursed Tome","player_choice":"Ignored","floor":27.0,"gold_loss":0.0,"damage_taken":0.0},{"damage_healed":0.0,"max_hp_gain":0.0,"max_hp_loss":4.0,"gold_gain":0.0,"event_name":"Winding Halls","player_choice":"Max HP","floor":37.0,"gold_loss":0.0,"damage_taken":0.0},{"damage_healed":0.0,"max_hp_gain":0.0,"max_hp_loss":0.0,"gold_gain":0.0,"event_name":"MindBloom","player_choice":"Fight","floor":39.0,"gold_loss":0.0,"damage_taken":0.0}],"is_beta":false,"boss_relics":[{"not_picked":["Philosopher\u0027s Stone","Tiny House"],"picked":"Velvet Choker"},{"not_picked":["Runic Pyramid","SlaversCollar"],"picked":"Empty Cage"}],"items_purged_floors":[4,19,31],"is_endless":false,"potions_floor_spawned":[2,7,16,21,24,29,36,39,41,47],"ascension_level":0}}