{"host":"9glxjasd35ghdaim","time":1613526466,"event":{"mods":["Act Like it!","AlwaysNeverKeys","Aspiration","Bard","BaseMod","Better Third Choice","CCEM2","CapriCore","Colored Map","Colored Powertips","Dark Map","Displayed Cursed Tome","Energized Spire","GifTheSpireLib","Halation","Hermit","Infinite Spire","Jorbs\u0027s Wanderer Trilogy","Luminous","Marisa????????","Minty Spire (QoL Compilation)","Permanent Neow","Quick Restart","Random Character Button","Rare Cards Sparkle","Reliquary","Replay The Spire","Shade Mod","Spicy Shops","StS++","StSLib","Stuff the Spire","The Administrix","The Animator","The Blue Laboratory","The Bug Knight","The Construct","The Cursed","The Disciple","The Florist","The Hierophant","The Problem Sleuth","The Senshi","The Servant 0.9.4","The Wild Card","TheSwordswoman","Unceasing Turn Reminder","Wandering Minibosses"],"gold_per_floor":[111,137,161,189,224,266,266,341,386,386,386,73,131,169,169,285,285,317,317,317,317,344,393,393,421,421,453,479,516,564,604,604,628,628],"floor_reached":33,"language":"ENG","playtime":2910,"items_purged":["Defend_P","Strike_P"],"score":391,"play_id":"9c15e5ee-0bad-46d4-a0bf-8e8903e6d601","local_time":"20210216204746","is_ascension_mode":true,"campfire_choices":[{"floor":7.0,"key":"REST"},{"data":"Eruption","floor":10.0,"key":"SMITH"},{"data":"Defend_P","floor":15.0,"key":"PURGE"},{"data":"EmptyBody","floor":24.0,"key":"SMITH"},{"floor":32,"key":"REST"}],"circlet_count":0,"master_deck":["Strike_P","Strike_P","Strike_P","Defend_P+1","Eruption+1","Vigilance","FearNoEvil","FlurryOfBlows","Adaptation+1","Replay:Hum","TalkToTheHand","StuffTheSpire:Innocence","EmptyFist","EmptyBody+1","LikeWater+1","BattleHymn","FollowUp","Alpha","MilkyWay+1","LuminesStrike+1","DeusExMachina","Collect+1","GravityBeat+1","Crescendo+1","WitchLeyline","OpenUniverse","GravityBeat"],"relics":["PureWater","Replay:Bandana","CCEMRelics:IronFruit","CCEMRelics:PorcelainBowl","Mango","Omamori","aspiration:MarisaSkillbook","BargainBundle","wanderingMiniBosses:ThiefScarf","halation:PinkSoulGem","reliquary:RoseTintedGlasses","infinitespire:Bottled Soul","reliquary:FerryPass"],"acts_visited":["Exordium","TheCity"],"potions_floor_usage":[31],"damage_taken":[{"damage":0.0,"enemies":"Cultist","floor":1.0,"turns":2.0},{"damage":14.0,"enemies":"Jaw Worm","floor":3.0,"turns":2.0},{"damage":0.0,"enemies":"Small Slimes","floor":4.0,"turns":2.0},{"damage":9.0,"enemies":"3 Louse","floor":5.0,"turns":3.0},{"damage":0.0,"enemies":"Gremlin Nob","floor":6.0,"turns":2.0},{"damage":0.0,"enemies":"3 Sentries","floor":13.0,"turns":4.0},{"damage":8.0,"enemies":"Gremlin Gang","floor":14.0,"turns":3.0},{"damage":23.0,"enemies":"The Guardian","floor":16.0,"turns":11.0},{"damage":0.0,"enemies":"Spheric Guardian","floor":18.0,"turns":2.0},{"damage":10.0,"enemies":"3 Byrds","floor":22.0,"turns":6.0},{"damage":8.0,"enemies":"Replay:Snechameleon","floor":23.0,"turns":3.0},{"damage":4.0,"enemies":"Sentry and Sphere","floor":25.0,"turns":3.0},{"damage":0.0,"enemies":"Snecko","floor":27.0,"turns":3.0},{"damage":17.0,"enemies":"Centurion and Healer","floor":28.0,"turns":2.0},{"damage":0.0,"enemies":"Cultist and Chosen","floor":29.0,"turns":3.0},{"damage":39.0,"enemies":"Nightmare","floor":30.0,"turns":5.0},{"damage":0,"enemies":"Chosen and Byrds","floor":31,"turns":4},{"damage":44,"enemies":"Collector","floor":33,"turns":3}],"seed_played":"-1578668922827802370","potions_obtained":[{"floor":3.0,"key":"FearPotion"},{"floor":4.0,"key":"blueLaboratory:RecallPotion"},{"floor":6.0,"key":"blueLaboratory:MidnightOil"},{"floor":13.0,"key":"blueLaboratory:BottledTrinity"},{"floor":14.0,"key":"DuplicationPotion"},{"floor":16.0,"key":"Ambrosia"},{"floor":28.0,"key":"blueLaboratory:MidnightOil"},{"floor":30,"key":"PowerPotion"}],"is_trial":false,"path_per_floor":["M","T","M","M","M","E","R","?","T","R","?","$","E","M","R_BF","B",null,"M","?","AVR","?","M","E","R","M","T","M","M","M","NM","M","R","B"],"character_chosen":"WATCHER","items_purchased":["EmptyFist","EmptyBody","LikeWater+1","Mango"],"campfire_rested":2,"item_purchase_floors":[12,12,12,12],"current_hp_per_floor":[72,72,58,58,49,54,77,66,66,66,59,73,73,65,65,42,91,91,91,91,91,81,73,73,69,69,69,52,52,13,13,40,0,0],"gold":628,"neow_bonus":"REMOVE_CARD","is_daily":false,"chose_seed":false,"campfire_upgraded":2,"win_rate":0.0,"timestamp":1613526466,"path_taken":["M","?","M","?","M","E","R","?","T","R","?","$","E","M","R_BF","BOSS","M","?","AVR","?","M","E","R","M","T","?","M","M","NM","M","R","BOSS"],"items_purchased_type":["Card","Card","Card","Relic"],"build_version":"2020-12-22","purchased_purges":2,"victory":false,"max_hp_per_floor":[72,72,72,72,72,77,77,77,77,77,77,91,91,91,91,91,91,91,91,91,91,91,91,91,91,91,91,91,91,91,91,91,91,91],"card_choices":[{"not_picked":["Tantrum","StSpp:Chanting"],"picked":"FearNoEvil","floor":1.0},{"not_picked":["Weave","CutThroughFate"],"picked":"FlurryOfBlows","floor":3.0},{"not_picked":["Crescendo","ForeignInfluence"],"picked":"Adaptation","floor":4.0},{"not_picked":["StSpp:Chanting","Meditate"],"picked":"Replay:Hum","floor":5.0},{"not_picked":["Replay:AtTheReady","CarveReality"],"picked":"TalkToTheHand","floor":6.0},{"not_picked":["ThirdEye","WheelKick"],"picked":"BattleHymn","floor":13.0},{"not_picked":["Consecrate","BattleHymn"],"picked":"FollowUp","floor":14.0},{"not_picked":["ConjureBlade","Scrawl"],"picked":"Alpha","floor":16.0},{"not_picked":["DC","AsteroidBelt","Acceleration"],"picked":"MilkyWay+1","floor":18.0},{"not_picked":["UnstableBomb","WitchLeyline","MilkyWay"],"picked":"LuminesStrike+1","floor":22.0},{"not_picked":["WindmillStrike+1","Replay:BluntJabs+1","PathToVictory"],"picked":"DeusExMachina","floor":23.0},{"not_picked":["SashWhip","AsteroidBelt+1","BowlingBash+1"],"picked":"Collect+1","floor":25.0},{"not_picked":["Replay:BluntJabs","DeepEcoloBomb","Orbital"],"picked":"GravityBeat+1","floor":27.0},{"not_picked":["Indignation+1","PathToVictory","TalkToTheHand+1"],"picked":"Crescendo+1","floor":28.0},{"not_picked":["SashWhip","MilkyWay","EscapeVelocity"],"picked":"WitchLeyline","floor":29.0},{"not_picked":["Judgement","6A+1","BigCrunch"],"picked":"OpenUniverse","floor":30},{"not_picked":["Replay:Anticipation","EmptyBody","GalacticHalo+1"],"picked":"GravityBeat","floor":31}],"player_experience":256344,"relics_obtained":[{"floor":2.0,"key":"Replay:Bandana"},{"floor":6.0,"key":"CCEMRelics:IronFruit"},{"floor":9.0,"key":"CCEMRelics:PorcelainBowl"},{"floor":13.0,"key":"Omamori"},{"floor":22.0,"key":"wanderingMiniBosses:ThiefScarf"},{"floor":22.0,"key":"halation:PinkSoulGem"},{"floor":23.0,"key":"reliquary:RoseTintedGlasses"},{"floor":26.0,"key":"infinitespire:Bottled Soul"},{"floor":30,"key":"reliquary:FerryPass"}],"event_choices":[{"damage_healed":0.0,"max_hp_gain":0.0,"max_hp_loss":0.0,"gold_gain":75.0,"event_name":"betterThird:BetterGoop","player_choice":"Gold","floor":8.0,"gold_loss":0.0,"damage_taken":11.0},{"damage_healed":0.0,"max_hp_gain":0.0,"max_hp_loss":0.0,"gold_gain":0.0,"event_name":"Upgrade Shrine","player_choice":"Upgraded","floor":21.0,"gold_loss":0.0,"damage_taken":0.0,"cards_upgraded":["Adaptation"]}],"is_beta":false,"boss_relics":[{"not_picked":["halation:MonkeysPaw","Ectoplasm"],"picked":"aspiration:MarisaSkillbook"}],"items_purged_floors":[12,20],"is_endless":false,"potions_floor_spawned":[3,4,6,13,14,16,18,23,28,30],"killed_by":"Collector","ascension_level":1}}