{"host":"sxnl403xm2xmiyj1","time":1613563675,"event":{"mods":["AchievementEnabler","BaseMod","Colored Map","Keyboard Shortcuts","Minty Spire (QoL Compilation)","Quick Restart","StSLib","SuperFastMode"],"gold_per_floor":[365,440,459,25,39,39,69,84,84,84,84],"floor_reached":10,"language":"KOR","playtime":170,"items_purged":["Doubt"],"score":126,"play_id":"e5c20408-ae99-488f-a23d-6b5afa47f6c1","local_time":"20210217210755","is_ascension_mode":true,"campfire_choices":[{"data":"Choke","floor":6.0,"key":"SMITH"}],"circlet_count":0,"master_deck":["AscendersBane","Strike_G","Strike_G","Strike_G","Strike_G","Strike_G","Defend_G","Defend_G","Defend_G","Defend_G","Defend_G","Survivor","Neutralize","Cloak And Dagger","Flying Knee","Choke+1","Acrobatics","Underhanded Strike"],"relics":["Ring of the Snake","Matryoshka","Bottled Flame","Anchor","Sundial"],"acts_visited":["Exordium"],"potions_floor_usage":[10],"damage_taken":[{"damage":6.0,"enemies":"Cultist","floor":1.0,"turns":5.0},{"damage":5.0,"enemies":"Jaw Worm","floor":3.0,"turns":6.0},{"damage":1.0,"enemies":"Small Slimes","floor":5.0,"turns":3.0},{"damage":15.0,"enemies":"Gremlin Nob","floor":7.0,"turns":5.0},{"damage":5.0,"enemies":"Looter","floor":8.0,"turns":3.0},{"damage":11,"enemies":"Lagavulin","floor":10,"turns":5}],"seed_played":"7150969665933718173","potions_obtained":[{"floor":5.0,"key":"EssenceOfSteel"},{"floor":7.0,"key":"Swift Potion"}],"is_trial":false,"path_per_floor":["M","?","M","$","M","R","E","M","T","E"],"character_chosen":"THE_SILENT","items_purchased":["Choke","Matryoshka"],"campfire_rested":0,"item_purchase_floors":[4,4],"current_hp_per_floor":[53,42,37,37,36,36,21,16,16,5,5],"gold":84,"neow_bonus":"TWO_FIFTY_GOLD","is_daily":false,"chose_seed":false,"campfire_upgraded":1,"win_rate":0.0,"timestamp":1613563675,"path_taken":["M","?","M","$","M","R","E","M","T","E"],"items_purchased_type":["Card","Relic"],"build_version":"2020-12-22","purchased_purges":1,"victory":false,"max_hp_per_floor":[66,66,66,66,66,66,66,66,66,66,66],"card_choices":[{"not_picked":["Deadly Poison","Prepared"],"picked":"Cloak And Dagger","floor":1.0},{"not_picked":["Eviscerate","Leg Sweep"],"picked":"Flying Knee","floor":3.0},{"not_picked":["Flechettes","Predator","Deadly Poison"],"picked":"SKIP","floor":5.0},{"not_picked":["Bane","Dagger Spray"],"picked":"Acrobatics","floor":7.0},{"not_picked":["Acrobatics","Caltrops"],"picked":"Underhanded Strike","floor":8.0}],"player_experience":224463,"relics_obtained":[{"floor":7.0,"key":"Bottled Flame"},{"floor":9.0,"key":"Anchor"},{"floor":9.0,"key":"Sundial"}],"event_choices":[{"damage_healed":0.0,"max_hp_gain":0.0,"max_hp_loss":0.0,"gold_gain":75.0,"event_name":"World of Goop","player_choice":"Gather Gold","floor":2.0,"gold_loss":0.0,"damage_taken":11.0}],"is_beta":false,"boss_relics":[],"items_purged_floors":[4],"is_endless":false,"potions_floor_spawned":[5,7],"killed_by":"Lagavulin","ascension_level":17}}