{"host":"373g0ui1bgeshz9m","time":1613528628,"event":{"mods":["Act Like it!","Aspiration","BaseMod","Beaked The Cultist","Better Third Choice","Colored Map","Conspire","Downfall","Halation","Hermit","Hubris","Infinite Spire","Jorbs\u0027s Wanderer Trilogy","Minty Spire (QoL Compilation)","Pale of the Ancients","Permanent Neow","Quick Restart","Replay The Spire","Shade Mod","Shop Mod","Spikes Relics","StSLib","The Animator","The Bladedancer","The Bug Knight","The Construct","The Cursed","The Florist","The Jungle","The Necromancer","The Sage","The Wild Card","Trackpad"],"gold_per_floor":[119,50,50,50,50,50,80,90,90,90,12,26,59,13,13,114,114,132,132,231,160,146,146,158,188,215,235,258,258,258,258,258,416,416,460,517,617,682,749,842,923,923,974,974,1062,1062,1062,505,505,516],"floor_reached":51,"language":"ENG","playtime":3533,"items_purged":["Strike_G"],"score":728,"play_id":"4e0e8d17-3f0c-4188-8035-b12385254c57","local_time":"20210216212348","is_ascension_mode":false,"campfire_choices":[{"data":"Infinite Blades","floor":6.0,"key":"SMITH"},{"data":"hubris:Counter","floor":10.0,"key":"SMITH"},{"data":"Replay:Bag of Tricks","floor":23.0,"key":"SMITH"},{"data":"Finisher","floor":29.0,"key":"SMITH"},{"data":"Footwork","floor":32.0,"key":"SMITH"},{"floor":49.0,"key":"REST"}],"circlet_count":0,"master_deck":["Strike_G","Strike_G","Strike_G+1","Defend_G+1","Defend_G","Defend_G","Defend_G","Defend_G","Survivor","Neutralize","Footwork+1","Infinite Blades+1","Leg Sweep","hubris:Counter+1","Footwork","Dodge and Roll","Blade Dance","Deadly Poison","Poisoned Stab","Replay:Bag of Tricks+1","Dagger Spray","Footwork","Well Laid Plans+1","Finisher+1","Phantasmal Killer","Infinite Blades+1","Accuracy+1","infinitespire:Punishment","Deflect+1","Backstab","Blade Dance"],"relics":["Ring of the Snake","beaked:MendingPlumage","Mercury Hourglass","Simple Rune","Question Card","halation:PromiseList","halation:IllGainedPizza","Oddly Smooth Stone","MutagenicStrength","Nloth\u0027s Gift","infinitespire:EvilPickle","Ancient Tea Set","Blue Doll","hubris:Icosahedron","Gremlin Horn"],"acts_visited":["Exordium","TheCity","TheBeyond"],"potions_floor_usage":[50,50],"damage_taken":[{"damage":1.0,"enemies":"Cultist","floor":1.0,"turns":3.0},{"damage":17.0,"enemies":"Lagavulin","floor":7.0,"turns":9.0},{"damage":1.0,"enemies":"Jaw Worm","floor":8.0,"turns":3.0},{"damage":0.0,"enemies":"2 Louse","floor":12.0,"turns":3.0},{"damage":22.0,"enemies":"Gremlin Nob","floor":13.0,"turns":4.0},{"damage":37.0,"enemies":"Fading Forest","floor":16.0,"turns":11.0},{"damage":0.0,"enemies":"3 Byrds","floor":18.0,"turns":6.0},{"damage":15.0,"enemies":"2 Thieves","floor":22.0,"turns":4.0},{"damage":4.0,"enemies":"Snecko","floor":24.0,"turns":6.0},{"damage":46.0,"enemies":"Gremlin Leader","floor":25.0,"turns":8.0},{"damage":2.0,"enemies":"Chosen and Byrds","floor":27.0,"turns":8.0},{"damage":4.0,"enemies":"Snake Plant","floor":28.0,"turns":5.0},{"damage":49.0,"enemies":"Pondfish","floor":33.0,"turns":12.0},{"damage":7.0,"enemies":"3 Shapes","floor":35.0,"turns":8.0},{"damage":23.0,"enemies":"3 Darklings","floor":36.0,"turns":9.0},{"damage":15.0,"enemies":"4 Shapes","floor":38.0,"turns":8.0},{"damage":43.0,"enemies":"Sphere and 2 Shapes","floor":39.0,"turns":8.0},{"damage":48.0,"enemies":"Reptomancer","floor":40.0,"turns":8.0},{"damage":21.0,"enemies":"Jaw Worm Horde","floor":41.0,"turns":5.0},{"damage":31.0,"enemies":"Spire Growth","floor":45.0,"turns":5.0},{"damage":49,"enemies":"hubris:GrandSnecko","floor":50,"turns":9}],"seed_played":"3740982675060592887","potions_obtained":[{"floor":5.0,"key":"DuplicationPotion"},{"floor":5.0,"key":"PowerPotion"},{"floor":5.0,"key":"GhostInAJar"},{"floor":45.0,"key":"Block Potion"}],"is_trial":false,"path_per_floor":["M","$","T","?","?","R","E","M","T","R","$","M","E","$","R_BF","B",null,"M","?","?","$","M","R","M","E","T","M","M","R","?","?","R","B",null,"M","M","?","M","M","E","M","?","T","?","M","?","?","$","R","B",null],"character_chosen":"THE_SILENT","items_purchased":["Infinite Blades","Footwork","Deadly Poison","Footwork","Backstab","Gremlin Horn","GhostInAJar","Blade Dance"],"campfire_rested":1,"item_purchase_floors":[2,11,14,21,48,48,48,48],"current_hp_per_floor":[70,70,70,70,70,70,64,70,70,70,70,70,55,55,55,45,70,70,70,70,70,70,70,70,55,55,70,70,70,70,70,70,63,70,70,70,70,70,51,43,44,44,44,28,21,21,21,21,42,61],"gold":516,"neow_bonus":"NOSTALGIA","is_daily":false,"chose_seed":false,"campfire_upgraded":5,"win_rate":0.0,"timestamp":1613528628,"path_taken":["M","?","?","?","?","R","E","M","T","R","$","?","E","$","R_BF","BOSS","M","?","?","$","M","R","M","E","T","M","M","R","?","?","R","BOSS","M","M","?","?","M","E","M","?","T","?","M","?","?","$","R","BOSS"],"items_purchased_type":["Card","Card","Card","Card","Card","Relic","Potion","Card"],"build_version":"2020-12-22","purchased_purges":1,"victory":true,"max_hp_per_floor":[70,70,70,70,70,70,70,70,70,70,70,70,70,70,70,70,70,70,70,70,70,70,70,70,70,70,70,70,70,70,70,70,70,70,70,70,70,70,70,70,70,70,70,70,70,70,70,70,70,70],"card_choices":[{"not_picked":["Cloak And Dagger","Backflip"],"picked":"Footwork","floor":1.0},{"not_picked":["Dagger Throw","Deadly Poison"],"picked":"Leg Sweep","floor":7.0},{"not_picked":["Dash","Riddle With Holes"],"picked":"hubris:Counter","floor":8.0},{"not_picked":["Flying Knee","Underhanded Strike","Endless Agony"],"picked":"Dodge and Roll","floor":12.0},{"not_picked":["ReplayTheSpireMod:Shiv Toss","Blur","hubris:SlightOfHand"],"picked":"Blade Dance","floor":13.0},{"not_picked":["Unload","Bullet Time","Glass Knife"],"picked":"Replay:Bag of Tricks","floor":16.0},{"not_picked":["Quick Slash","Dodge and Roll","Deadly Poison+1"],"picked":"Dagger Spray","floor":18.0},{"not_picked":["ReplayTheSpireMod:Speed Training","Deflect","Slice+1","Sucker Punch"],"picked":"SKIP","floor":22.0},{"not_picked":["Backflip+1","Dash","InfectiousVector+1","Cloak And Dagger"],"picked":"SKIP","floor":24.0},{"not_picked":["Cloak And Dagger","Wraith Form v2","Slice+1","hubris:SlightOfHand"],"picked":"SKIP","floor":25.0},{"not_picked":["PiercingWail","Hidden Blade","hubris:TrickCloak"],"picked":"Well Laid Plans+1","floor":27.0},{"not_picked":["ReplayTheSpireMod:Scrap Shanks","ReplayTheSpireMod:Speed Training+1","PiercingWail"],"picked":"Finisher","floor":28.0},{"not_picked":["infinitespire:Neurotoxin","Adrenaline","Venomology"],"picked":"Phantasmal Killer","floor":33.0},{"not_picked":["Replay:Poison Smokescreen","hubris:SlightOfHand","Predator","Dagger Throw"],"picked":"SKIP","floor":35.0},{"not_picked":["Dodge and Roll+1","PiercingWail","All Out Attack","Outmaneuver"],"picked":"SKIP","floor":36.0},{"not_picked":["ReplayTheSpireMod:The Works+1","Dagger Throw+1","Poisoned Stab+1"],"picked":"Infinite Blades+1","floor":38.0},{"not_picked":["Well Laid Plans+1","conspire:PoisonWeapons","Dagger Throw+1","Quick Slash"],"picked":"SKIP","floor":39.0},{"not_picked":["Poisoned Stab","Corpse Explosion","Endless Agony+1"],"picked":"Accuracy","floor":40.0},{"not_picked":["Terror","Poisoned Stab+1","Cloak And Dagger+1","Leg Sweep+1"],"picked":"SKIP","floor":41.0},{"not_picked":["infinitespire:SealOfDarkness+","infinitespire:TheBestDefense"],"picked":"infinitespire:Punishment","floor":44.0},{"not_picked":["hubris:TrickCloak","ReplayTheSpireMod:Scrap Shanks+1","Sneak Up+1"],"picked":"Deflect+1","floor":45.0}],"player_experience":366103,"relics_obtained":[{"floor":3.0,"key":"Mercury Hourglass"},{"floor":7.0,"key":"Simple Rune"},{"floor":9.0,"key":"Question Card"},{"floor":13.0,"key":"halation:PromiseList"},{"floor":25.0,"key":"halation:IllGainedPizza"},{"floor":26.0,"key":"Oddly Smooth Stone"},{"floor":40.0,"key":"Ancient Tea Set"},{"floor":43.0,"key":"Blue Doll"}],"event_choices":[{"damage_healed":0.0,"max_hp_gain":0.0,"max_hp_loss":0.0,"gold_gain":0.0,"event_name":"conspire:Investor","player_choice":"Leave","floor":4.0,"gold_loss":0.0,"damage_taken":0.0},{"damage_healed":0.0,"max_hp_gain":0.0,"max_hp_loss":0.0,"gold_gain":0.0,"event_name":"Lab","player_choice":"Got Potions","floor":5.0,"gold_loss":0.0,"damage_taken":0.0},{"damage_healed":0.0,"max_hp_gain":0.0,"max_hp_loss":0.0,"gold_gain":99.0,"event_name":"betterThird:BetterNest","player_choice":"Steal","floor":20.0,"gold_loss":0.0,"damage_taken":0.0},{"damage_healed":0.0,"max_hp_gain":0.0,"max_hp_loss":0.0,"gold_gain":0.0,"event_name":"Drug Dealer","player_choice":"Inject Mutagens","floor":30.0,"gold_loss":0.0,"damage_taken":0.0,"relics_obtained":["MutagenicStrength"]},{"damage_healed":0.0,"max_hp_gain":0.0,"max_hp_loss":0.0,"gold_gain":0.0,"event_name":"N\u0027loth","player_choice":"Traded Relic","floor":31.0,"relics_lost":["aspiration:Nostalgia"],"gold_loss":0.0,"damage_taken":0.0,"relics_obtained":["Nloth\u0027s Gift"]},{"damage_healed":0.0,"max_hp_gain":0.0,"max_hp_loss":0.0,"gold_gain":100.0,"event_name":"Golden Shrine","player_choice":"Pray","floor":37.0,"gold_loss":0.0,"damage_taken":0.0}],"is_beta":false,"boss_relics":[{"not_picked":["conspire:SlowCooker","sagemod:Falmels_Amulet","halation:CatFaceCupcake"]},{"not_picked":["Calling Bell","Fusion Hammer","ReplayTheSpireMod:DimensionalGlitch"]}],"items_purged_floors":[48],"is_endless":false,"potions_floor_spawned":[7,12,18,28,36,45],"ascension_level":0}}