{"host":"bkfh0em4323elict","time":1613564846,"event":{"mods":["BaseMod","Downfall","Minty Spire (QoL Compilation)","StSLib","[IsaacMod]ÒÔÈö¼âËþ"],"gold_per_floor":[109,109,109,128,6997,7037,7037,7081,7130,7151,7151,7203,7203,5658,5658,6112,6112,6125,6425,6425,5428,5439,5439,5468,5468,5494,5032,5032,5132,4707,5007,5007,5110,5110,5126,2728,2728,2728,1920,1946,1946,1980,2054,2073,2090,1767,1787,1798,1798,1798],"floor_reached":51,"language":"ZHS","playtime":1804,"items_purged":["Strike_R","Strike_R","Strike_R","Injury"],"score":985,"play_id":"f76ff271-0ca8-49be-88c9-fac3537f2948","local_time":"20210217202726","is_ascension_mode":false,"campfire_choices":[{"data":"Entrench","floor":11.0,"key":"SMITH"},{"data":"Pummel","floor":13.0,"key":"SMITH"},{"data":"Bash","floor":15.0,"key":"SMITH"},{"data":"Barricade","floor":23.0,"key":"SMITH"},{"data":"Body Slam","floor":25,"key":"SMITH"},{"data":"Sadistic Nature","floor":28,"key":"SMITH"},{"data":"Intimidate","floor":32,"key":"SMITH"},{"data":"1","floor":41,"key":"LIFT"},{"data":"Sword Boomerang","floor":49,"key":"SMITH"}],"circlet_count":0,"master_deck":["Strike_R","Defend_R","Defend_R+1","Defend_R+1","Bash+1","Entrench+1","Entrench+1","Dual Wield","Pummel+1","Battle Trance","Rampage+1","Twin Strike+1","Barricade+1","Body Slam+1","Feel No Pain","Intimidate+1","CurseOfTheBell","Sadistic Nature+1","Berserk+1","Body Slam+1","Body Slam","Decay","Sword Boomerang+1"],"relics":["HushsDoor","D4","NineLifeCat","Burning Blood","Pantograph","Emotion Chip","Philosopher\u0027s Stone","Runic Dome","Girya","Darkstone Periapt","Toolbox","FossilizedHelix","BFFS","WristBlade","OrangePellets","TheBible","Pen Nib","DataDisk","MomsKnife","TheBattery","Nuclear Battery","GuppysTail","Ring of the Snake","Runic Pyramid","Cables","MyShadow","ClockworkSouvenir","Lizard Tail","Eternal Feather","Runic Cube","Cursed Key","MagicMushroom","Incense Burner","Torii","SatanicBible","Bottled Tornado","JudasShadow","MegaBlast","bronze:MakeshiftBattery","SteamSale","BloodDonationMachine"],"acts_visited":["Exordium","TheCity","TheBeyond"],"potions_floor_usage":[29,29,33,33,50,50,50],"damage_taken":[{"damage":15.0,"enemies":"Small Slimes","floor":1.0,"turns":4.0},{"damage":17.0,"enemies":"Jaw Worm","floor":4.0,"turns":6.0},{"damage":31.0,"enemies":"Lagavulin","floor":6.0,"turns":8.0},{"damage":17.0,"enemies":"Gremlin Nob","floor":8.0,"turns":4.0},{"damage":0.0,"enemies":"Cultist","floor":10.0,"turns":3.0},{"damage":29.0,"enemies":"Lagavulin","floor":12.0,"turns":6.0},{"damage":20.0,"enemies":"The Guardian","floor":16.0,"turns":15.0},{"damage":10.0,"enemies":"2 Thieves","floor":18.0,"turns":4.0},{"damage":2.0,"enemies":"3 Byrds","floor":22.0,"turns":6.0},{"damage":18.0,"enemies":"Gremlin Leader","floor":24.0,"turns":5.0},{"damage":0,"enemies":"Colosseum Slavers","floor":29,"turns":3},{"damage":0,"enemies":"Colosseum Nobs","floor":29,"turns":1},{"damage":0,"enemies":"Champ","floor":33,"turns":4},{"damage":0,"enemies":"3 Darklings","floor":35,"turns":2},{"damage":0,"enemies":"Reptomancer","floor":40,"turns":2},{"damage":0,"enemies":"Nemesis","floor":42,"turns":1},{"damage":0,"enemies":"3 Shapes","floor":44,"turns":2},{"damage":0,"enemies":"Spire Growth","floor":45,"turns":1},{"damage":0,"enemies":"4 Shapes","floor":47,"turns":1},{"damage":0,"enemies":"Maw","floor":48,"turns":1},{"damage":0,"enemies":"Awakened One","floor":50,"turns":3}],"seed_played":"-5817239383147992758","potions_obtained":[{"floor":8.0,"key":"FearPotion"},{"floor":10.0,"key":"Regen Potion"},{"floor":12.0,"key":"Energy Potion"},{"floor":29,"key":"BlessingOfTheForge"},{"floor":33,"key":"Fire Potion"}],"is_trial":false,"path_per_floor":["M","?","?","M","$","E","?","E","T","M","R","E","R","$","R","B",null,"M","?","?","$","M","R","E","R","T","$","R","?","$","?","R","B",null,"M","$","?","?","$","E","R","E","T","M","M","$","M","M","R","B",null],"character_chosen":"IRONCLAD","items_purchased":["UnicornStump","Champion Belt","Sling","LiquidMemories","EssenceOfSteel","ElixirPotion","Entrench","D4","Molten Egg 2","PrismaticShard","Battle Trance","Rampage+1","Twin Strike+1","Blood Vial","War Paint","Medical Kit","NineLifeCat","Dream Catcher","Empty Cage","champ:CounterPotion","Body Slam","Feel No Pain","Intimidate","Bag of Preparation","Paper Frog","Lantern","Sadistic Nature","DistilledChaos","SkillPotion","Block Potion","Frozen Egg 2","Happy Flower","Incubus","Dexterity Potion","Cursed Key","MagicMushroom","Incense Burner","Guardian:BlockOnCardUsePotion","Torii","SatanicBible","Bottled Tornado","SteamSale","BloodDonationMachine","Sword Boomerang"],"campfire_rested":0,"item_purchase_floors":[5,5,5,5,5,5,5,14,14,14,14,14,14,14,14,14,21,21,21,21,21,21,21,27,27,27,27,27,27,27,30,30,30,30,36,36,36,36,39,39,39,46,46,46],"current_hp_per_floor":[71,71,90,79,79,54,54,43,43,49,49,35,35,35,35,35,90,80,80,80,23,21,21,21,21,21,23,23,23,23,23,23,23,23,23,30,28,28,28,28,28,28,34,34,34,34,34,34,34,34],"gold":1798,"neow_bonus":"","is_daily":false,"chose_seed":false,"campfire_upgraded":8,"win_rate":0.0,"timestamp":1613564846,"path_taken":["M","?","?","M","$","E","?","E","T","M","R","E","R","?","R","BOSS","M","?","?","$","M","R","E","R","T","$","R","?","$","?","R","BOSS","M","$","?","?","$","E","R","E","T","?","M","?","M","M","R","BOSS"],"items_purchased_type":["Relic","Relic","Relic","Potion","Potion","Potion","Card","Relic","Relic","Relic","Card","Card","Card","Relic","Relic","Relic","Relic","Relic","Relic","Potion","Card","Card","Card","Relic","Relic","Relic","Card","Potion","Potion","Potion","Relic","Relic","Relic","Potion","Relic","Relic","Relic","Potion","Relic","Relic","Relic","Relic","Relic","Card"],"build_version":"2020-12-22","purchased_purges":4,"victory":true,"max_hp_per_floor":[80,80,90,90,90,90,90,90,90,90,90,90,90,90,90,90,90,90,90,90,23,23,23,23,23,23,23,23,23,23,23,23,23,23,23,30,28,28,28,28,28,28,34,34,34,34,34,34,34,34],"card_choices":[{"not_picked":[],"picked":"BloodyBrimstone","floor":0.0},{"not_picked":["Fire Breathing","Hemokinesis"],"picked":"Entrench","floor":1.0},{"not_picked":["Pommel Strike","Iron Wave"],"picked":"Bomb","floor":4.0},{"not_picked":["Shrug It Off","Corruption"],"picked":"Dual Wield","floor":6.0},{"not_picked":["Perfected Strike","Offering"],"picked":"Pummel","floor":8.0},{"not_picked":["Iron Wave","Shrug It Off","Intimidate"],"picked":"SKIP","floor":10.0},{"not_picked":["Burning Pact","Sever Soul"],"picked":"Bomb","floor":12.0},{"not_picked":["Feed","Impervious"],"picked":"Barricade","floor":16.0},{"not_picked":["Thunderclap","Whirlwind","Disarm"],"picked":"SKIP","floor":18.0},{"not_picked":["Searing Blow","Armaments","Whirlwind"],"picked":"SKIP","floor":22.0},{"not_picked":["Sever Soul","Dual Wield","Flex"],"picked":"SKIP","floor":24.0},{"not_picked":["Brutality+1","Feed"],"picked":"Berserk+1","floor":33},{"not_picked":["Warcry+1","Dual Wield","Clash"],"picked":"SKIP","floor":35},{"not_picked":["Searing Blow","Carnage+1"],"picked":"Body Slam+1","floor":40},{"not_picked":["Hemokinesis","Rupture"],"picked":"Body Slam","floor":42},{"not_picked":["Anger+1","Second Wind","Flex+1"],"picked":"SKIP","floor":44},{"not_picked":["Shockwave+1","Iron Wave+1","Clothesline+1"],"picked":"SKIP","floor":45},{"not_picked":["Twin Strike+1","Body Slam","Headbutt+1"],"picked":"SKIP","floor":47},{"not_picked":["Twin Strike","Inflame+1","Feel No Pain+1"],"picked":"SKIP","floor":48}],"player_experience":0,"relics_obtained":[{"floor":6.0,"key":"Ancient Tea Set"},{"floor":8.0,"key":"Bag of Marbles"},{"floor":9.0,"key":"SalivaCoin"},{"floor":12.0,"key":"Void"},{"floor":24.0,"key":"Calling Bell"},{"floor":26,"key":"GnawedLeaf"},{"floor":29,"key":"Mummified Hand"},{"floor":29,"key":"Calipers"},{"floor":40,"key":"JudasShadow"},{"floor":42,"key":"MegaBlast"},{"floor":43,"key":"bronze:MakeshiftBattery"}],"event_choices":[{"damage_healed":0.0,"max_hp_gain":0.0,"max_hp_loss":0.0,"gold_gain":0.0,"event_name":"Golden Idol","player_choice":"Take Wound","floor":2.0,"gold_loss":0.0,"damage_taken":0.0,"relics_obtained":["Golden Idol"],"cards_obtained":["Injury"]},{"cards_removed":["BloodyBrimstone"],"damage_healed":9.0,"max_hp_gain":10.0,"max_hp_loss":0.0,"gold_gain":0.0,"event_name":"Bonfire Elementals","player_choice":"Offered Rare","floor":3.0,"gold_loss":0.0,"damage_taken":0.0},{"damage_healed":0.0,"max_hp_gain":0.0,"max_hp_loss":0.0,"gold_gain":0.0,"event_name":"Living Wall","player_choice":"Grow","floor":7.0,"gold_loss":0.0,"damage_taken":0.0,"cards_upgraded":["Entrench"]},{"damage_healed":0.0,"max_hp_gain":0.0,"max_hp_loss":0.0,"gold_gain":0.0,"event_name":"Ghosts","player_choice":"Ignored","floor":20.0,"gold_loss":0.0,"damage_taken":0.0},{"damage_healed":0,"gold_gain":0,"player_choice":"Fight","damage_taken":0,"max_hp_gain":0,"max_hp_loss":0,"event_name":"Colosseum","floor":29,"gold_loss":0},{"damage_healed":0,"gold_gain":0,"player_choice":"Fought Nobs","damage_taken":0,"max_hp_gain":0,"max_hp_loss":0,"event_name":"Colosseum","floor":29,"gold_loss":0},{"damage_healed":0,"gold_gain":0,"player_choice":"Max HP","damage_taken":0,"max_hp_gain":0,"max_hp_loss":2,"event_name":"Winding Halls","floor":37,"gold_loss":0},{"damage_healed":0,"gold_gain":0,"player_choice":"Got Potions","damage_taken":0,"max_hp_gain":0,"max_hp_loss":0,"event_name":"Lab","floor":38,"gold_loss":0}],"is_beta":false,"boss_relics":[{"not_picked":["Symbiotic Virus","Tough Bandages"],"picked":"TungstenRod"},{"not_picked":[]},{"not_picked":["Nunchaku","Question Card"],"picked":"GuppysHead"},{"not_picked":[]}],"items_purged_floors":[5,14,14,21],"is_endless":false,"potions_floor_spawned":[8,10,12,29,29,33,45,47],"ascension_level":0}}