{"host":"00olc56ucl6mk3pv","time":1613567656,"event":{"mods":["AchievementEnabler","BaseMod","Minty Spire (QoL Compilation)","SuperFastMode"],"gold_per_floor":[110,110,110,121,46,72,72,99,99,99,258,45,66,105,105,189,189,206,215,140,160,189,189,230,230,275,85,85,85,98,98,98,98,98],"floor_reached":33,"language":"KOR","playtime":748,"items_purged":["Strike_R","Doubt","Strike_R"],"score":608,"play_id":"fdba9cd0-06d4-40f5-8eb8-e407c40e19f3","local_time":"20210217221416","is_ascension_mode":true,"campfire_choices":[{"data":"Inflame","floor":7.0,"key":"SMITH"},{"data":"Fiend Fire","floor":10.0,"key":"SMITH"},{"data":"Feel No Pain","floor":15.0,"key":"SMITH"},{"floor":23.0,"key":"REST"},{"floor":25.0,"key":"REST"},{"floor":32,"key":"REST"}],"circlet_count":0,"master_deck":["AscendersBane","Strike_R","Defend_R","Defend_R","Defend_R","Defend_R","Bash","Pommel Strike","Impervious","Twin Strike","Inflame+1","Fiend Fire+1","Evolve","Reckless Charge","Feel No Pain+1","Pommel Strike","Offering","Body Slam","Shrug It Off","Corruption","Flame Barrier"],"relics":["Burning Blood","NeowsBlessing","Ornamental Fan","Matryoshka","Ginger","Gremlin Horn","CeramicFish","Omamori","Fusion Hammer","Self Forming Clay","Frozen Egg 2","MawBank","Lantern"],"acts_visited":["Exordium","TheCity"],"potions_floor_usage":[30,33],"damage_taken":[{"damage":0.0,"enemies":"Jaw Worm","floor":1.0,"turns":1.0},{"damage":0.0,"enemies":"2 Louse","floor":4.0,"turns":2.0},{"damage":0.0,"enemies":"3 Sentries","floor":6.0,"turns":2.0},{"damage":20.0,"enemies":"Gremlin Nob","floor":8.0,"turns":4.0},{"damage":6.0,"enemies":"Small Slimes","floor":13.0,"turns":2.0},{"damage":19.0,"enemies":"3 Sentries","floor":14.0,"turns":6.0},{"damage":27.0,"enemies":"Slime Boss","floor":16.0,"turns":9.0},{"damage":6.0,"enemies":"3 Byrds","floor":18.0,"turns":5.0},{"damage":13.0,"enemies":"Shell Parasite","floor":21.0,"turns":4.0},{"damage":32.0,"enemies":"Snecko","floor":22.0,"turns":4.0},{"damage":40.0,"enemies":"Slavers","floor":24.0,"turns":6.0},{"damage":6,"enemies":"Chosen and Byrds","floor":30,"turns":6},{"damage":53,"enemies":"Champ","floor":33,"turns":7}],"seed_played":"3477924483112616781","potions_obtained":[{"floor":1.0,"key":"Block Potion"},{"floor":8.0,"key":"PowerPotion"},{"floor":13.0,"key":"Explosive Potion"},{"floor":24.0,"key":"PowerPotion"},{"floor":30,"key":"EssenceOfSteel"}],"is_trial":false,"path_per_floor":["M","?","?","M","$","E","R","E","T","R","?","$","M","E","R","B",null,"M","?","?","M","M","R","E","R","T","$","?","T","M","?","R","B"],"character_chosen":"IRONCLAD","items_purchased":["Evolve","Reckless Charge","Flame Barrier"],"campfire_rested":3,"item_purchase_floors":[12,12,27],"current_hp_per_floor":[74,69,69,75,75,75,75,61,61,61,61,61,61,48,48,27,63,63,63,63,56,30,52,18,40,40,40,19,19,19,19,43,0,0],"gold":98,"neow_bonus":"THREE_ENEMY_KILL","is_daily":false,"chose_seed":false,"campfire_upgraded":3,"win_rate":0.0,"timestamp":1613567656,"path_taken":["M","?","?","M","$","E","R","E","T","R","?","$","M","E","R","BOSS","M","?","?","M","M","R","E","R","T","$","?","?","M","?","R","BOSS"],"items_purchased_type":["Card","Card","Card"],"build_version":"2020-12-22","purchased_purges":3,"victory":false,"max_hp_per_floor":[75,75,75,75,75,75,75,75,75,75,75,75,75,75,75,75,75,75,75,75,75,75,75,75,75,75,75,80,80,80,80,80,80,80],"card_choices":[{"not_picked":["Flex","Ghostly Armor"],"picked":"Pommel Strike","floor":1.0},{"not_picked":["Burning Pact","Battle Trance"],"picked":"Twin Strike","floor":4.0},{"not_picked":["Feed","Flame Barrier"],"picked":"Inflame","floor":6.0},{"not_picked":["True Grit","Power Through"],"picked":"Fiend Fire","floor":8.0},{"not_picked":["Clash","Sever Soul"],"picked":"Feel No Pain","floor":13.0},{"not_picked":["True Grit","Inflame"],"picked":"Pommel Strike","floor":14.0},{"not_picked":["Demon Form","Fiend Fire"],"picked":"Offering","floor":16.0},{"not_picked":["Perfected Strike","Anger","Iron Wave"],"picked":"SKIP","floor":18.0},{"not_picked":["Dropkick","Hemokinesis","Havoc"],"picked":"SKIP","floor":21.0},{"not_picked":["Headbutt","Clash"],"picked":"Shrug It Off","floor":22.0},{"not_picked":["Anger","Impervious"],"picked":"Corruption","floor":24.0},{"not_picked":["Flex","Dropkick","Twin Strike+1"],"picked":"SKIP","floor":30}],"player_experience":589832,"relics_obtained":[{"floor":6.0,"key":"Matryoshka"},{"floor":8.0,"key":"Ginger"},{"floor":9.0,"key":"Gremlin Horn"},{"floor":9.0,"key":"CeramicFish"},{"floor":14.0,"key":"Omamori"},{"floor":24.0,"key":"Self Forming Clay"},{"floor":26.0,"key":"Frozen Egg 2"},{"floor":26.0,"key":"MawBank"},{"floor":29.0,"key":"Lantern"}],"event_choices":[{"damage_healed":0.0,"max_hp_gain":0.0,"max_hp_loss":0.0,"gold_gain":0.0,"event_name":"Scrap Ooze","player_choice":"Success","floor":2.0,"gold_loss":0.0,"damage_taken":5.0,"relics_obtained":["Ornamental Fan"]},{"damage_healed":0.0,"max_hp_gain":0.0,"max_hp_loss":0.0,"gold_gain":0.0,"cards_transformed":["Strike_R"],"event_name":"Living Wall","player_choice":"Change","floor":3.0,"gold_loss":0.0,"damage_taken":0.0,"cards_obtained":["Impervious"]},{"damage_healed":0.0,"max_hp_gain":0.0,"max_hp_loss":0.0,"gold_gain":150.0,"event_name":"Liars Game","player_choice":"AGREE","floor":11.0,"gold_loss":0.0,"damage_taken":0.0,"cards_obtained":["Doubt"]},{"damage_healed":0.0,"max_hp_gain":0.0,"max_hp_loss":0.0,"gold_gain":0.0,"event_name":"The Library","player_choice":"Read","floor":19.0,"gold_loss":0.0,"damage_taken":0.0,"cards_obtained":["Body Slam"]},{"cards_removed":["Strike_R"],"damage_healed":0.0,"max_hp_gain":0.0,"max_hp_loss":0.0,"gold_gain":0.0,"event_name":"Beggar","player_choice":"Gave Gold","floor":20.0,"gold_loss":75.0,"damage_taken":0.0},{"damage_healed":0.0,"max_hp_gain":5.0,"max_hp_loss":0.0,"gold_gain":0.0,"event_name":"Forgotten Altar","player_choice":"Shed Blood","floor":28.0,"gold_loss":0.0,"damage_taken":26.0},{"damage_healed":0,"gold_gain":0,"player_choice":"Ignored","damage_taken":0,"max_hp_gain":0,"max_hp_loss":0,"event_name":"Cursed Tome","floor":31,"gold_loss":0}],"is_beta":false,"boss_relics":[{"not_picked":["Black Blood","Runic Cube"],"picked":"Fusion Hammer"}],"items_purged_floors":[5,12,27],"is_endless":false,"potions_floor_spawned":[1,8,13,14,24,30],"killed_by":"Champ","ascension_level":20}}