{"host":"80x1ozqd5wpd4nvo","time":1613521834,"event":{"mods":["2.2 Compatiblity","Act Like it!","Aspiration","BaseMod","Better Altar","Better Match","Better Note","Better Sensory Stone","Better Skull","Better Third Choice","BetterRewards","Card Forge","Custom Start","DNKmod","Defuse TimeMaze Blight","Dota2Spire","Energized Spire","Friendly Minions","GifTheSpireLib","Hubris","Infinite Spire","Jedi Mod","Minty Spire (QoL Compilation)","MostiFishMod","Permanent Neow","Poor People Problems","Ruina","Shop Mod","Spicy Shops","StSLib","The Blue Laboratory","??????REMEMod"],"gold_per_floor":[1219,1219,1237,1237,1237,1248,762,780,851,884,894,894,375,375,375,471,471,483,501,175,193,48,77,77,88,111,127,137,153,170,170,170,266,266,286,304,321,321,340,369,388,388,412,423,423,453,467,477,477,477,477,477,81,110,110],"floor_reached":56,"language":"ENG","playtime":4729,"items_purged":["Strike_B","Defend_B","Doubt"],"score":1464,"play_id":"86ac9bf0-2fc8-460c-aa4f-b2a733a18257","local_time":"20210217013034","is_ascension_mode":true,"campfire_choices":[{"data":"Apotheosis","floor":12,"key":"SMITH"},{"data":"Defragment","floor":15,"key":"SMITH"},{"floor":49,"key":"RECALL"},{"data":"BootSequence","floor":52,"key":"SMITH"}],"circlet_count":0,"master_deck":["Zap","Dualcast","Apotheosis+1","jedi:blockon","Cold Snap","Capacitor","Defragment+1","jedi:forcepull","Genetic Algorithm+1","BootSequence+1","Echo Form","Rebound","jedi:gatheringstorm+1","Steam Power+1","Reprogram+1","Skim+1","REME_Compress+1","Hologram+1","ruina:Mimicry","aspiration:Polymerization+1","Chaos+1","Coolheaded+1","MostiFishMod:LinkProtocol+1","Defragment+1","Heatsinks","Consume+1","MostiFishMod:ATRI+1","jedi:BurstFrost+1","MostiFishMod:IceShield+1","Loop+1","Turbo+1","Recycle+1","MostiFishMod:InterfaceCompatibility","jedi:overflow+1","REME_MagicPocketWatch+1","Conserve Battery+1","Compile Driver","Go for the Eyes"],"relics":["Cracked Core","Hammer of Thor","Seething Fire","Anvil of the Gods","REME_ComplimentaryCards","DaveBox","aspiration:Nostalgia","PureWater","HollowDreamFlower","SynthV:TestCard","aspiration:BabyByrd","hubris:Towel","hubris:RGBLights","infinitespire:Golems Mask","Dota2Spire:Butterfly","Toxic Egg 2","Pandora\u0027s Box","DataDisk","ClockworkSouvenir","aspiration:ArtOfWarUpgrade","Akabeko","RhineFirstAidKit","Dota2Spire:DivineRapier","infinitespire:Beetle Shell","hubris:MysteriousPyramids","ThornShield","aspiration:EnhancedActuators"],"acts_visited":["Exordium","Exordium","TheBeyond","TheEnding"],"potions_floor_usage":[10,23,25,33,36,44,46,46,46,47,48,50,55],"damage_taken":[{"damage":0,"enemies":"Small Slimes","floor":1,"turns":2},{"damage":0,"enemies":"2 Louse","floor":3,"turns":2},{"damage":0,"enemies":"Cultist","floor":6,"turns":2},{"damage":3,"enemies":"3 Louse","floor":8,"turns":3},{"damage":6,"enemies":"3 Sentries","floor":10,"turns":7},{"damage":0,"enemies":"Looter","floor":11,"turns":2},{"damage":0,"enemies":"The Guardian","floor":16,"turns":8},{"damage":10,"enemies":"ruina:3_Bats","floor":18,"turns":4},{"damage":0,"enemies":"ruina:Nosferatu","floor":19,"turns":4},{"damage":0,"enemies":"ruina:Woodsman","floor":21,"turns":2},{"damage":0,"enemies":"ruina:ServantOfWrath","floor":23,"turns":5},{"damage":1,"enemies":"ruina:QueenOfHate","floor":25,"turns":4},{"damage":0,"enemies":"ruina:3_Scarecrows","floor":27,"turns":5},{"damage":0,"enemies":"ruina:KingOfGreed","floor":28,"turns":3},{"damage":0,"enemies":"ruina:QueenOfHate","floor":29,"turns":4},{"damage":0,"enemies":"ruina:Woodsman","floor":30,"turns":3},{"damage":11,"enemies":"ruina:Red_and_Wolf","floor":33,"turns":10},{"damage":0,"enemies":"3 Shapes","floor":35,"turns":3},{"damage":27,"enemies":"3 Darklings","floor":36,"turns":5},{"damage":0,"enemies":"Transient","floor":37,"turns":5},{"damage":0,"enemies":"Maw","floor":39,"turns":6},{"damage":0,"enemies":"Giant Head","floor":40,"turns":6},{"damage":0,"enemies":"Sphere and 2 Shapes","floor":41,"turns":4},{"damage":0,"enemies":"Spire Growth","floor":44,"turns":2},{"damage":24,"enemies":"Reptomancer","floor":46,"turns":4},{"damage":28,"enemies":"Maw","floor":47,"turns":6},{"damage":7,"enemies":"Writhing Mass","floor":48,"turns":4},{"damage":102,"enemies":"Awakened One","floor":50,"turns":11},{"damage":0,"enemies":"Shield and Spear","floor":54,"turns":4},{"damage":44,"enemies":"The Heart","floor":55,"turns":8}],"seed_played":"3520756704962250518","potions_obtained":[{"floor":3,"key":"blueLaboratory:PhilterOfMotion"},{"floor":8,"key":"blueLaboratory:PlasmaFuel"},{"floor":11,"key":"blueLaboratory:BottleOfVodka"},{"floor":16,"key":"blueLaboratory:HorrorPotion"},{"floor":19,"key":"Swift Potion"},{"floor":27,"key":"blueLaboratory:CreativityPotion"},{"floor":28,"key":"Explosive Potion"},{"floor":35,"key":"DistilledChaos"},{"floor":37,"key":"Regen Potion"},{"floor":44,"key":"blueLaboratory:BubblePotion"},{"floor":46,"key":"EssenceOfDarkness"},{"floor":47,"key":"blueLaboratory:PlasmaFuel"},{"floor":48,"key":"Explosive Potion"}],"is_trial":false,"path_per_floor":["M","?","M","?","?","M","$","M","T","E","M","R","$","?","R","B",null,"M","M","$","M","$","E","R","M","T","M","M","M","M","?","R","B",null,"M","M","M","?","M","E","M","?","T","M","?","E","M","M","R","B",null,"R","$","E","B",null],"character_chosen":"DEFECT","items_purchased":["Defragment","jedi:forcepull","hubris:RGBLights","Dota2Spire:Butterfly","Toxic Egg 2","DataDisk","ruina:Mimicry","ClockworkSouvenir","ThornShield","Regen Potion","FocusPotion","Go for the Eyes"],"campfire_rested":0,"item_purchase_floors":[7,7,7,13,13,20,20,22,53,53,53,53],"current_hp_per_floor":[100,100,100,100,100,100,100,97,97,94,98,98,98,98,98,100,100,90,94,94,98,98,100,100,100,100,100,100,100,100,100,100,89,100,100,94,98,95,95,95,95,95,95,95,95,71,95,88,88,54,95,95,95,95,51],"gold":110,"neow_bonus":"NOSTALGIA","is_daily":false,"chose_seed":false,"campfire_upgraded":3,"win_rate":0.0,"timestamp":1613521834,"path_taken":["M","?","M","?","?","M","$","?","T","E","M","R","$","?","R","BOSS","M","M","$","M","$","E","R","M","T","M","M","M","M","?","R","BOSS","M","M","M","?","M","E","M","?","T","M","?","E","M","?","R","BOSS","R","$","E","BOSS"],"items_purchased_type":["Card","Card","Relic","Relic","Relic","Relic","Card","Relic","Relic","Potion","Potion","Card"],"build_version":"2020-12-22","purchased_purges":3,"victory":true,"max_hp_per_floor":[100,100,100,100,100,100,100,100,100,100,100,100,100,100,100,100,100,100,100,100,100,100,100,100,100,100,100,100,100,100,100,100,100,100,100,100,100,95,95,95,95,95,95,95,95,95,95,95,95,95,95,95,95,95,95],"card_choices":[{"not_picked":["Gash","Conserve Battery"],"picked":"jedi:blockon","floor":1},{"not_picked":["hubris:PowerSurge","jedi:overflow","Sweeping Beam","Fusion"],"picked":"Cold Snap","floor":3},{"not_picked":["Streamline","Beam Cell","Coolheaded","Compile Driver"],"picked":"Capacitor","floor":6},{"not_picked":["Barrage","Go for the Eyes","Stack","All For One"],"picked":"Genetic Algorithm","floor":8},{"not_picked":["Rebound","jedi:hex","jedi:BurstFrost","Lockon"],"picked":"BootSequence","floor":10},{"not_picked":["Barrage","Rebound","Streamline","Cold Snap","Sweeping Beam"],"picked":"SKIP","floor":11},{"not_picked":["MostiFishMod:Culaccino+1","MostiFishMod:Hijack+1","MostiFishMod:IntelligentEquipment","Buffer"],"picked":"Echo Form","floor":16},{"not_picked":["Redo+1","MostiFishMod:ReprogramOld+1","Cold Snap","Turbo+1"],"picked":"REME_Compress+1","floor":18},{"not_picked":["Barrage+1","FTL","Compile Driver","REME_SelfUpgrade"],"picked":"Hologram+1","floor":19},{"not_picked":["Hologram+1","BootSequence+1","Turbo+1","Tempest+1"],"picked":"aspiration:Polymerization+1","floor":21},{"not_picked":["Barrage","Steam+1","BootSequence+1","jedi:studyfrost+1"],"picked":"Chaos+1","floor":23},{"not_picked":["jedi:hex+1","Stack+1","jedi:BurstFrost+1","Hologram+1"],"picked":"Coolheaded+1","floor":25},{"not_picked":["Fusion+1","Stack+1","Hologram+1","Auto Shields+1"],"picked":"MostiFishMod:LinkProtocol+1","floor":27},{"not_picked":["Darkness+1","Undo+1","Streamline","MostiFishMod:Culaccino+1"],"picked":"Defragment+1","floor":28},{"not_picked":["Barrage+1","Hyperbeam","Hologram+1","Rebound"],"picked":"Heatsinks","floor":29},{"not_picked":["Coolheaded+1","Rip and Tear","Sweeping Beam","Ball Lightning"],"picked":"Consume+1","floor":30},{"not_picked":["MostiFishMod:Nova","MostiFishMod:DeathFromBelow","jedi:studyfrost+1","jedi:darknesscall+1"],"picked":"MostiFishMod:ATRI+1","floor":33},{"not_picked":["Stack+1","Beam Cell+1","Leap+1","Turbo+1"],"picked":"jedi:BurstFrost+1","floor":35},{"not_picked":["Darkness+1","jedi:spotbugs+1","Steam+1","Consume+1"],"picked":"MostiFishMod:IceShield+1","floor":36},{"not_picked":["Go for the Eyes+1","MostiFishMod:PushDownKick","Coolheaded+1","MostiFishMod:Culaccino+1"],"picked":"Loop+1","floor":37},{"not_picked":["Undo+1","Hello World","Sweeping Beam+1","BootSequence+1"],"picked":"Turbo+1","floor":39},{"not_picked":["Cold Snap+1","Steam+1","MostiFishMod:PushDownKick+1","Hologram+1"],"picked":"Recycle+1","floor":40},{"not_picked":["Rebound+1","Go for the Eyes","Streamline","jedi:locknload+1"],"picked":"MostiFishMod:InterfaceCompatibility","floor":41},{"not_picked":["Scrape+1","MostiFishMod:LinkProtocol+1","Compile Driver+1","Doom and Gloom+1"],"picked":"jedi:overflow+1","floor":44},{"not_picked":["MostiFishMod:ForestofLight+1","REME_ProfessionalPlagiarism+1","REME_BuildACard+1","HandOfGreed"],"picked":"REME_MagicPocketWatch+1","floor":45},{"not_picked":["Turbo+1","jedi:BurstLightning","Undo+1","Coolheaded+1"],"picked":"Conserve Battery+1","floor":46},{"not_picked":["jedi:sharpshooter+1","Ball Lightning+1","REME_SelfUpgrade+1","Coolheaded+1","Turbo+1"],"picked":"SKIP","floor":47},{"not_picked":["Stack+1","Turbo+1","Barrage","jedi:blockon+1"],"picked":"Compile Driver","floor":48},{"not_picked":["Ball Lightning+1","Turbo+1","MostiFishMod:Culaccino+1","jedi:BurstLightning+1","Chill+1"],"picked":"SKIP","floor":54}],"player_experience":256424,"relics_obtained":[{"floor":1,"key":"SynthV:TestCard"},{"floor":10,"key":"infinitespire:Golems Mask"},{"floor":23,"key":"Art of War"},{"floor":26,"key":"Akabeko"},{"floor":40,"key":"Dota2Spire:DivineRapier"},{"floor":43,"key":"infinitespire:Beetle Shell"},{"floor":46,"key":"hubris:MysteriousPyramids"},{"floor":54,"key":"aspiration:EnhancedActuators"}],"event_choices":[{"cards_removed":["Strike_B"],"damage_healed":0,"gold_gain":0,"player_choice":"Purged","damage_taken":0,"max_hp_gain":0,"max_hp_loss":0,"event_name":"Purifier","floor":5,"gold_loss":0},{"damage_healed":0,"gold_gain":0,"player_choice":"Grow","damage_taken":0,"max_hp_gain":0,"max_hp_loss":0,"event_name":"Living Wall","floor":14,"gold_loss":0,"cards_upgraded":["Genetic Algorithm"]},{"damage_healed":0,"gold_gain":0,"player_choice":"Max HP","damage_taken":0,"max_hp_gain":0,"max_hp_loss":5,"event_name":"Winding Halls","floor":38,"gold_loss":0},{"damage_healed":0,"gold_gain":0,"player_choice":"Heal","damage_taken":0,"max_hp_gain":0,"max_hp_loss":0,"event_name":"MindBloom","floor":42,"gold_loss":0,"cards_obtained":["Doubt"]},{"damage_healed":0,"gold_gain":3,"player_choice":"1","damage_taken":0,"max_hp_gain":0,"max_hp_loss":0,"event_name":"betterStone:BetterStone","floor":45,"gold_loss":0}],"is_beta":false,"boss_relics":[{"not_picked":["energizedSpire:SpiderWeb","GuanYuAspect"],"picked":"Pandora\u0027s Box"},{"not_picked":["Snecko Eye","aspiration:RunicSpoon"],"picked":"RhineFirstAidKit"}],"items_purged_floors":[7,13,53],"is_endless":false,"potions_floor_spawned":[3,8,11,16,19,27,28,35,37,39,44,46,47,48],"ascension_level":1}}