{"host":"7s2d9a8gejctdvjm","time":1613605116,"event":{"mods":["BaseMod","Downfall","Hermit","Marisa????????","Minty Spire (QoL Compilation)","StSLib","The Servant 0.9.4"],"gold_per_floor":[99,119,133,143,161,181,205,234,248,248,282,346,366,416,429,533,533,533,546,560,394,410,110,110,95,95,115,141,153,153,164,175,278,278,278,291,304,304,304,283,283,320,74,86,86,101,114,168,180,180,180,210,55,55,55,55,55,55],"floor_reached":56,"language":"ENG","playtime":4050,"items_purged":[],"score":737,"play_id":"dc7b5e72-0788-436c-95a8-f97c33d86359","local_time":"20210217153836","is_ascension_mode":false,"campfire_choices":[{"data":"bronze:Replicate","floor":1.0,"key":"SMITH"},{"data":"bronze:Goto","floor":10.0,"key":"SMITH"},{"floor":18.0,"key":"RECALL"},{"data":"bronze:Format","floor":23,"key":"SMITH"},{"floor":35,"key":"REST"},{"floor":45,"key":"REST"},{"floor":54,"key":"REST"}],"circlet_count":0,"master_deck":["bronze:Strike","bronze:Strike","bronze:Defend","bronze:Defend","bronze:Defend","bronze:Defend","bronze:Replicate+1","bronze:Goto+1","bronze:Iterate","bronze:CloningBeam","bronze:WhirlingStrike+1","bronze:DelayedGuard","bronze:Boost","bronze:Fortify","bronze:FineTuning","bronze:SpaghettiCode","bronze:BronzeOrb","bronze:BronzeOrb","bronze:Format+1","bronze:DelayedSlice+1","downfall:Icky","bronze:Boost+1","bronze:Format+1","bronze:Optimize","bronze:ChildClass+1","bronze:SpaghettiCode","bronze:ClassDefault","bronze:Iterate+1","bronze:AlphaBuild","bronze:Flail+1","expansioncontent:StudyTheSpire","downfall:Aged","Pain","bronze:Shell"],"relics":["bronze:BronzeCore","bronze:SilverBullet","Pen Nib","bronze:CableSpool","Boot","Cursed Key","PreservedInsect","downfall:HeartBlessingRed","downfall:HeartBlessingGreen","downfall:HeartBlessingBlue","Matryoshka","Anchor","Fusion Hammer","Bag of Marbles","MawBank","Gremlin Horn","Whetstone","Bag of Preparation","Kunai","StoneCalendar","Orichalcum","Chemical X"],"acts_visited":["Exordium","TheCity","TheBeyond","TheEnding"],"potions_floor_usage":[56,56,56],"damage_taken":[{"damage":5.0,"enemies":"Small Slimes","floor":2.0,"turns":4.0},{"damage":1.0,"enemies":"Jaw Worm","floor":3.0,"turns":3.0},{"damage":0.0,"enemies":"Cultist","floor":4.0,"turns":3.0},{"damage":3.0,"enemies":"Red Slaver","floor":5.0,"turns":3.0},{"damage":10.0,"enemies":"downfall:LooterAlt","floor":6.0,"turns":2.0},{"damage":0.0,"enemies":"3 Sentries","floor":8.0,"turns":4.0},{"damage":3.0,"enemies":"Lots of Slimes","floor":9.0,"turns":2.0},{"damage":16.0,"enemies":"Gremlin Nob","floor":11.0,"turns":4.0},{"damage":20.0,"enemies":"Gremlin Nob","floor":12.0,"turns":4.0},{"damage":0.0,"enemies":"Gremlin Gang","floor":13.0,"turns":3.0},{"damage":0.0,"enemies":"Exordium Wildlife","floor":15.0,"turns":1.0},{"damage":20.0,"enemies":"IC_STATUS_ARCHETYPE","floor":16.0,"turns":7.0},{"damage":12.0,"enemies":"Shell Parasite","floor":19.0,"turns":2.0},{"damage":5.0,"enemies":"Chosen","floor":20.0,"turns":3.0},{"damage":0.0,"enemies":"downfall:FleeingMerchant","floor":21.0,"turns":4.0},{"damage":14,"enemies":"Shelled Parasite and Fungi","floor":22,"turns":5},{"damage":9,"enemies":"downfall:FleeingMerchant","floor":25,"turns":4},{"damage":0,"enemies":"Centurion and Healer","floor":27,"turns":2},{"damage":8,"enemies":"Book of Stabbing","floor":28,"turns":4},{"damage":0,"enemies":"Chosen and Byrds","floor":29,"turns":4},{"damage":14,"enemies":"Shelled Parasite and Fungi","floor":31,"turns":3},{"damage":0,"enemies":"Cultist and Chosen","floor":32,"turns":2},{"damage":5,"enemies":"SI_MIRROR_ARCHETYPE","floor":33,"turns":7},{"damage":0,"enemies":"3 Darklings","floor":36,"turns":2},{"damage":0,"enemies":"Orb Walker","floor":37,"turns":3},{"damage":0,"enemies":"downfall:FleeingMerchant","floor":40,"turns":3},{"damage":0,"enemies":"Spire Growth","floor":44,"turns":1},{"damage":12,"enemies":"Maw","floor":46,"turns":7},{"damage":0,"enemies":"3 Darklings","floor":47,"turns":3},{"damage":9,"enemies":"2 Orb Walkers","floor":48,"turns":3},{"damage":0,"enemies":"4 Shapes","floor":49,"turns":1},{"damage":31,"enemies":"WA_ARCHETYPE_DIVINITY","floor":50,"turns":11},{"damage":35,"enemies":"downfall:CharBossMerchant","floor":52,"turns":5},{"damage":54,"enemies":"downfall:NeowBoss","floor":55,"turns":13},{"damage":36,"enemies":"downfall:NeowBossFinal","floor":56,"turns":5}],"seed_played":"7221508104399003661","potions_obtained":[{"floor":3.0,"key":"DuplicationPotion"},{"floor":5.0,"key":"Explosive Potion"},{"floor":6.0,"key":"SkillPotion"},{"floor":9.0,"key":"Fruit Juice"},{"floor":15.0,"key":"DistilledChaos"},{"floor":26,"key":"downfall:CursedFountainPotion"},{"floor":27,"key":"Dexterity Potion"}],"is_trial":false,"path_per_floor":["R","M","M","M","M","M","T","E","M","R","E","?","M","T","M","B",null,"R","M","M","$","M","R","T","$","?","M","E","M","?","M","M","B",null,"R","M","M","?","?","$","T","T","$","M","R","M","M","?","M","B",null,"E","$","R","B","B"],"character_chosen":"THE_AUTOMATON","items_purchased":["PreservedInsect","Bag of Marbles","expansioncontent:StudyTheSpire","Kunai","Chemical X"],"campfire_rested":3,"item_purchase_floors":[21,40,40,43,53],"current_hp_per_floor":[77,72,71,71,68,58,58,58,60,60,44,24,24,24,24,4,82,82,70,65,65,51,61,61,52,52,52,44,44,44,30,30,25,92,92,92,92,92,92,92,92,92,92,92,92,80,80,71,71,40,92,57,57,84,30,0,0,0],"gold":55,"neow_bonus":"TEN_PERCENT_HP_BONUS","is_daily":false,"chose_seed":false,"campfire_upgraded":3,"win_rate":0.0,"timestamp":1613605116,"path_taken":["R","M","M","M","M","M","T","E","M","R","E","?","M","?","M","BOSS","R","M","M","$","M","R","T","$","?","?","E","M","?","?","M","BOSS","R","M","?","?","?","$","T","?","?","M","R","M","?","?","M","BOSS","E","$","R","BOSS","BOSS"],"items_purchased_type":["Relic","Relic","Card","Relic","Relic"],"build_version":"2020-12-22","purchased_purges":0,"victory":false,"max_hp_per_floor":[77,77,77,77,77,77,77,77,82,82,82,82,82,82,82,82,82,82,82,82,82,82,92,92,92,92,92,92,92,92,92,92,92,92,92,92,92,92,92,92,92,92,92,92,92,92,92,92,92,92,92,92,92,92,92,92,92,92],"card_choices":[{"not_picked":["bronze:CutThrough","bronze:OilSpill"],"picked":"bronze:Iterate","floor":2.0},{"not_picked":["bronze:Frontload","bronze:Shell"],"picked":"bronze:CloningBeam","floor":3.0},{"not_picked":["bronze:DelayedGuard","bronze:BugBarrage"],"picked":"bronze:WhirlingStrike","floor":4.0},{"not_picked":["bronze:BitShift","bronze:Repulsor"],"picked":"bronze:DelayedGuard","floor":5.0},{"not_picked":["bronze:Shield","bronze:AlphaBuild"],"picked":"bronze:Boost","floor":6.0},{"not_picked":["bronze:Safeguard","bronze:ItsAFeature"],"picked":"bronze:Fortify","floor":8.0},{"not_picked":["bronze:ForLoop","bronze:Iterate"],"picked":"bronze:FineTuning","floor":9.0},{"not_picked":["bronze:WildBeam","bronze:BugBarrage"],"picked":"bronze:SpaghettiCode","floor":11.0},{"not_picked":["bronze:Invalidate","bronze:DarkDash"],"picked":"bronze:BronzeOrb","floor":12.0},{"not_picked":["bronze:FineTuning","bronze:Invalidate"],"picked":"bronze:BronzeOrb","floor":13.0},{"not_picked":["bronze:BuggyMess","bronze:Branch","bronze:Repair"],"picked":"SKIP","floor":15.0},{"not_picked":["bronze:Assembly","bronze:ThunderWave"],"picked":"bronze:Format","floor":16.0},{"not_picked":["bronze:BugBarrage","bronze:Safeguard","bronze:BitShift"],"picked":"SKIP","floor":19.0},{"not_picked":["bronze:BuggyMess","bronze:Backtrace","bronze:Invalidate"],"picked":"SKIP","floor":20.0},{"not_picked":["bronze:Branch","bronze:FollowUp","bronze:Deprecate"],"picked":"SKIP","floor":21},{"not_picked":["bronze:Frontload","bronze:CutThrough"],"picked":"bronze:DelayedSlice+1","floor":22},{"not_picked":["bronze:WildBeam+1","bronze:Branch","bronze:OilSpill"],"picked":"SKIP","floor":25},{"not_picked":["bronze:CutThrough+1","bronze:NullPointer","bronze:Virus"],"picked":"SKIP","floor":27},{"not_picked":["bronze:Overheat+1","bronze:FineTuning+1"],"picked":"bronze:Boost+1","floor":28},{"not_picked":["bronze:BitShift","bronze:Shield","bronze:MaxOutput+1"],"picked":"SKIP","floor":29},{"not_picked":["bronze:Shield","bronze:Branch+1"],"picked":"bronze:Optimize","floor":31},{"not_picked":["bronze:Overload","bronze:MaxOutput"],"picked":"bronze:ChildClass+1","floor":32},{"not_picked":["bronze:HyperBeam","bronze:ShipIt"],"picked":"bronze:SpaghettiCode","floor":33},{"not_picked":["bronze:Overload+1","bronze:Optimize+1"],"picked":"bronze:ClassDefault","floor":36},{"not_picked":["bronze:Safeguard+1","bronze:BugBarrage"],"picked":"bronze:Iterate","floor":37},{"not_picked":["bronze:Deprecate","bronze:DigitalCarnage"],"picked":"bronze:Flail+1","floor":40},{"not_picked":["bronze:CloningBeam+1","bronze:Invalidate+1","bronze:DarkDash+1"],"picked":"SKIP","floor":44},{"not_picked":["bronze:WildBeam","bronze:Iterate","bronze:BuggyMess"],"picked":"SKIP","floor":46},{"not_picked":["bronze:BronzeArmor","bronze:Branch","bronze:FineTuning+1"],"picked":"SKIP","floor":47},{"not_picked":["bronze:Optimize","bronze:Return+1"],"picked":"bronze:Shell","floor":49},{"not_picked":["bronze:DelayedGuard+1","bronze:BuggyMess","bronze:BugBarrage+1"],"picked":"SKIP","floor":52}],"player_experience":38049,"relics_obtained":[{"floor":8.0,"key":"bronze:SilverBullet"},{"floor":11.0,"key":"Pen Nib"},{"floor":12.0,"key":"bronze:CableSpool"},{"floor":14.0,"key":"Boot"},{"floor":24,"key":"Matryoshka"},{"floor":28,"key":"Anchor"},{"floor":41,"key":"MawBank"},{"floor":41,"key":"Gremlin Horn"},{"floor":42,"key":"Whetstone"},{"floor":42,"key":"Bag of Preparation"},{"floor":48,"key":"StoneCalendar"},{"floor":52,"key":"Orichalcum"}],"event_choices":[{"cards_removed":["bronze:Strike"],"damage_healed":0,"gold_gain":0,"player_choice":"Removed Attack","damage_taken":0,"max_hp_gain":0,"max_hp_loss":0,"event_name":"Falling","floor":39,"gold_loss":0},{"damage_healed":0,"gold_gain":0,"player_choice":"Fight","damage_taken":0,"max_hp_gain":0,"max_hp_loss":0,"event_name":"Mysterious Sphere","floor":48,"gold_loss":0}],"is_beta":false,"boss_relics":[{"not_picked":["Velvet Choker","Empty Cage"],"picked":"Cursed Key"},{"not_picked":["Black Star","bronze:MakeshiftBattery"],"picked":"Fusion Hammer"}],"items_purged_floors":[],"is_endless":false,"potions_floor_spawned":[3,5,6,9,15,27,28,29,31,32,36,44,49],"killed_by":"downfall:NeowBossFinal","ascension_level":0}}