{"host":"xy5qih4nvxccm4rc","time":1613526263,"event":{"mods":["AchievementEnabler","BaseMod","Minty Spire (QoL Compilation)","StSLib"],"gold_per_floor":[119,119,119,41,53,83,95,109,109,34,34,68,68,93,93,189,189,199,217,217,217,40,40,40],"floor_reached":23,"language":"ENG","playtime":664,"items_purged":["Strike_R"],"score":302,"play_id":"bf4301c5-3111-44ad-8ddc-ef464e60efa3","local_time":"20210216194423","is_ascension_mode":true,"campfire_choices":[{"data":"Inflame","floor":13,"key":"SMITH"},{"data":"Seeing Red","floor":15,"key":"SMITH"}],"circlet_count":0,"master_deck":["Strike_R","Strike_R","Strike_R","Strike_R+1","Defend_R","Defend_R","Defend_R+1","Defend_R","Bash","Flex","Spot Weakness","Shrug It Off","Clothesline","Inflame+1","Clothesline","Seeing Red+1","Impatience","Thunderclap","Hemokinesis","Power Through","Berserk","Fire Breathing","Rupture+1","Anger","Shockwave","J.A.X.","Armaments"],"relics":["Burning Blood","NeowsBlessing","Mango","Magic Flower","Prayer Wheel","Calipers","Snecko Eye","Tiny Chest","ClockworkSouvenir"],"acts_visited":["Exordium","TheCity"],"potions_floor_usage":[12,12,18],"damage_taken":[{"damage":0,"enemies":"2 Louse","floor":1,"turns":1},{"damage":0,"enemies":"Small Slimes","floor":5,"turns":1},{"damage":0,"enemies":"3 Sentries","floor":6,"turns":1},{"damage":9,"enemies":"Jaw Worm","floor":7,"turns":4},{"damage":23,"enemies":"3 Louse","floor":8,"turns":4},{"damage":25,"enemies":"Lagavulin","floor":12,"turns":4},{"damage":20,"enemies":"Gremlin Nob","floor":14,"turns":4},{"damage":72,"enemies":"Slime Boss","floor":16,"turns":10},{"damage":25,"enemies":"2 Thieves","floor":18,"turns":3},{"damage":36,"enemies":"Shell Parasite","floor":19,"turns":5},{"damage":41,"enemies":"Book of Stabbing","floor":23,"turns":3}],"seed_played":"-546026027541121535","potions_obtained":[{"floor":7,"key":"DistilledChaos"},{"floor":8,"key":"AttackPotion"},{"floor":14,"key":"FairyPotion"},{"floor":16,"key":"Explosive Potion"},{"floor":19,"key":"Weak Potion"}],"is_trial":false,"path_per_floor":["M","?","?","$","M","E","M","M","T","$","?","E","R","E","R","B",null,"M","M","?","T","$","E"],"character_chosen":"IRONCLAD","items_purchased":["Spot Weakness","ClockworkSouvenir","Armaments"],"campfire_rested":0,"item_purchase_floors":[4,22,22],"current_hp_per_floor":[78,78,62,62,68,88,85,68,68,68,68,52,52,41,41,31,78,62,35,35,35,35,0,0],"gold":40,"neow_bonus":"THREE_ENEMY_KILL","is_daily":false,"chose_seed":false,"campfire_upgraded":2,"win_rate":0.0,"timestamp":1613526263,"path_taken":["M","?","?","$","M","E","M","M","T","?","?","E","R","E","R","BOSS","M","M","?","?","$","E"],"items_purchased_type":["Card","Relic","Card"],"build_version":"2020-12-22","purchased_purges":1,"victory":false,"max_hp_per_floor":[80,80,80,80,80,94,94,94,94,94,94,94,94,94,94,94,94,94,94,94,94,94,94,94],"card_choices":[{"not_picked":["Havoc","Fire Breathing"],"picked":"Flex","floor":1},{"not_picked":["Clash","Metallicize"],"picked":"Shrug It Off","floor":5},{"not_picked":["Anger","Brutality"],"picked":"Clothesline","floor":6},{"not_picked":["Flex","Battle Trance"],"picked":"Inflame","floor":7},{"not_picked":["Headbutt","Pommel Strike"],"picked":"Clothesline","floor":8},{"not_picked":["Searing Blow","Warcry"],"picked":"Hemokinesis","floor":12},{"not_picked":["Clash","Rampage"],"picked":"Power Through","floor":14},{"not_picked":["Fiend Fire","Barricade"],"picked":"Berserk","floor":16},{"not_picked":["Armaments","Perfected Strike"],"picked":"Fire Breathing","floor":18},{"not_picked":["Perfected Strike","Twin Strike+1"],"picked":"Rupture+1","floor":18},{"not_picked":["Havoc","Clash"],"picked":"Anger","floor":19},{"not_picked":["Iron Wave+1","True Grit"],"picked":"Shockwave","floor":19}],"player_experience":342314,"relics_obtained":[{"floor":6,"key":"Mango"},{"floor":9,"key":"Magic Flower"},{"floor":12,"key":"Prayer Wheel"},{"floor":14,"key":"Calipers"},{"floor":21,"key":"Tiny Chest"}],"event_choices":[{"damage_healed":0,"gold_gain":0,"player_choice":"Leave","damage_taken":0,"max_hp_gain":0,"max_hp_loss":0,"event_name":"The Cleric","floor":2,"gold_loss":0},{"damage_healed":0,"gold_gain":0,"player_choice":"Entered Light","damage_taken":16,"max_hp_gain":0,"max_hp_loss":0,"event_name":"Shining Light","floor":3,"gold_loss":0,"cards_upgraded":["Defend_R","Strike_R"]},{"damage_healed":0,"gold_gain":0,"player_choice":"3 cards matched","damage_taken":0,"max_hp_gain":0,"max_hp_loss":0,"event_name":"Match and Keep!","floor":11,"gold_loss":0,"cards_obtained":["Seeing Red","Impatience","Thunderclap"]},{"damage_healed":0,"gold_gain":0,"player_choice":"Obtain J.A.X.","damage_taken":0,"max_hp_gain":0,"max_hp_loss":0,"event_name":"Drug Dealer","floor":20,"gold_loss":0,"cards_obtained":["J.A.X."]}],"is_beta":false,"boss_relics":[{"not_picked":["Ectoplasm","Coffee Dripper"],"picked":"Snecko Eye"}],"items_purged_floors":[10],"is_endless":false,"potions_floor_spawned":[7,8,14,16,19],"killed_by":"Book of Stabbing","ascension_level":6}}