{"host":"clf2hd4adhiiw0zf","time":1613598876,"event":{"mods":["AchievementEnabler","BaseMod","Beaked The Cultist","Bestiary","Dark Map","Downfall","Gremlin Mod","Hermit","Jorbs\u0027s Wanderer Trilogy","Marisa????????","Minty Spire (QoL Compilation)","Quick Restart","Shop Mod","Spire Arcade","StSLib","The Construct","The Cursed","Wide Potions"],"gold_per_floor":[99,99,99,199,199,213,213,213,223,257,57,91,91,117,136,245,245,245,267,115,140,149,177,234,271,171,171,171,171,151,193,222,222,222,222],"floor_reached":33,"language":"ENG","playtime":1369,"items_purged":[],"score":364,"play_id":"8fda0cfd-606c-4cce-b8d5-aed373b8c83a","local_time":"20210217145436","is_ascension_mode":true,"campfire_choices":[{"floor":1.0,"key":"RECALL"},{"data":"Guardian:Orbwalk","floor":11.0,"key":"SMITH"},{"data":"Guardian:FierceBash","floor":18.0,"key":"SMITH"},{"data":"Guardian:BaubleBeam","floor":26.0,"key":"SMITH"},{"data":"Guardian:FastForward","floor":29.0,"key":"SMITH"}],"circlet_count":0,"master_deck":["Guardian:Strike_Guardian","Guardian:Strike_Guardian","Guardian:Strike_Guardian","Guardian:Defend_Guardian","Guardian:Defend_Guardian","Guardian:Defend_Guardian","Guardian:Defend_Guardian","Guardian:CurlUp","Guardian:TwinSlam","Guardian:TimeBomb","Guardian:Clone","Guardian:TemporalStrike","Guardian:TimeCapacitor","Guardian:Orbwalk+1","Guardian:DonusPower","Guardian:Preprogram","Guardian:FierceBash+1","Guardian:BaubleBeam+1","Guardian:Reroute","Guardian:Orbwalk","Guardian:FastForward+1","Guardian:DecasProtection+1","Necronomicurse","Guardian:StasisStrike","Parasite","Guardian:Suspension+1","Guardian:ShieldCharger","Guardian:Gem_Synthetic","Guardian:BronzeOrb+1"],"relics":["Guardian:ModeShifter","downfall:HeartsMalice","Meat on the Bone","Oddly Smooth Stone","downfall:HeartBlessingRed","downfall:HeartBlessingGreen","CeramicFish","Cursed Key","Necronomicon","Omamori","downfall:HeartBlessingBlue","Boot"],"acts_visited":["Exordium","TheCity"],"potions_floor_usage":[33],"damage_taken":[{"damage":0.0,"enemies":"Cultist","floor":2.0,"turns":1.0},{"damage":0.0,"enemies":"Small Slimes","floor":3.0,"turns":1.0},{"damage":0.0,"enemies":"2 Louse","floor":5.0,"turns":1.0},{"damage":5.0,"enemies":"2 Fungi Beasts","floor":6.0,"turns":5.0},{"damage":11.0,"enemies":"Blue Slaver","floor":9.0,"turns":5.0},{"damage":35.0,"enemies":"Lagavulin","floor":10.0,"turns":9.0},{"damage":10.0,"enemies":"3 Sentries","floor":12.0,"turns":7.0},{"damage":12.0,"enemies":"Exordium Wildlife","floor":14.0,"turns":4.0},{"damage":8.0,"enemies":"2 Fungi Beasts","floor":15.0,"turns":6.0},{"damage":35.0,"enemies":"DF_ARCHETYPE_STREAMLINE","floor":16.0,"turns":7.0},{"damage":12.0,"enemies":"downfall:LooterAlt2","floor":19.0,"turns":5.0},{"damage":10.0,"enemies":"downfall:FleeingMerchant","floor":20.0,"turns":4.0},{"damage":31.0,"enemies":"Chosen","floor":21.0,"turns":5.0},{"damage":0.0,"enemies":"Snake Plant","floor":23.0,"turns":4.0},{"damage":14.0,"enemies":"Slavers","floor":25.0,"turns":5.0},{"damage":8.0,"enemies":"downfall:FleeingMerchant","floor":30.0,"turns":4.0},{"damage":19.0,"enemies":"Gremlin Leader","floor":31.0,"turns":6.0},{"damage":14.0,"enemies":"Shelled Parasite and Fungi","floor":32.0,"turns":4.0},{"damage":36,"enemies":"IC_MUSHROOM_ARCHETYPE","floor":33,"turns":4}],"seed_played":"3608176809685657041","potions_obtained":[{"floor":9.0,"key":"FearPotion"},{"floor":10.0,"key":"PowerPotion"},{"floor":12.0,"key":"SpeedPotion"},{"floor":14.0,"key":"Guardian:BlockOnCardUsePotion"},{"floor":23.0,"key":"SkillPotion"},{"floor":32.0,"key":"SteroidPotion"}],"is_trial":false,"path_per_floor":["R","M","M","?","M","M","T","?","M","E","R","E","?","M","M","B",null,"R","M","$","M","?","M","T","E","R","?","?","R","$","E","M","B"],"character_chosen":"GUARDIAN","items_purchased":["Guardian:FastForward","Guardian:ShieldCharger"],"campfire_rested":0,"item_purchase_floors":[20,30],"current_hp_per_floor":[80,80,80,80,80,75,75,75,64,41,41,43,43,43,47,24,66,66,54,44,25,9,21,21,19,29,29,29,29,33,26,24,0,0,0],"gold":222,"neow_bonus":"THREE_ENEMY_KILL","is_daily":false,"chose_seed":false,"campfire_upgraded":4,"win_rate":0.0,"timestamp":1613598876,"path_taken":["R","M","M","?","M","?","T","?","M","E","R","E","?","?","M","BOSS","R","M","$","M","?","M","T","E","R","?","?","R","$","E","M","BOSS"],"items_purchased_type":["Card","Card"],"build_version":"2020-12-22","purchased_purges":0,"victory":false,"max_hp_per_floor":[80,80,80,80,80,80,80,80,80,80,80,80,80,80,80,80,80,80,80,80,80,80,80,80,80,90,90,90,90,90,90,90,90,90,90],"card_choices":[{"not_picked":["Guardian:SentryBeam","Guardian:TemporalShield"],"picked":"Guardian:TimeBomb","floor":2.0},{"not_picked":["Guardian:RollAttack","Guardian:SpikerProtocol"],"picked":"Guardian:Clone","floor":3.0},{"not_picked":["Guardian:ChargeCore","Guardian:WalkerClaw"],"picked":"Guardian:TemporalStrike","floor":5.0},{"not_picked":["Guardian:ShieldCharger","Guardian:Gem_Blue"],"picked":"Guardian:TimeCapacitor","floor":6.0},{"not_picked":["Guardian:FloatingOrbs","Guardian:PrimingBeam"],"picked":"Guardian:Orbwalk","floor":9.0},{"not_picked":["Guardian:PrimingBeam","Guardian:Gem_Red"],"picked":"Guardian:DonusPower","floor":10.0},{"not_picked":["Guardian:PrismaticBeam","Guardian:BodySlam"],"picked":"Guardian:Preprogram","floor":12.0},{"not_picked":["Guardian:Gem_Green","Guardian:PiercingHide"],"picked":"Guardian:FierceBash","floor":14.0},{"not_picked":["Guardian:WalkerClaw","Guardian:PrimingBeam"],"picked":"Guardian:Gem_Crimson","floor":15.0},{"not_picked":["Guardian:ExploitGems","Guardian:SphericShield"],"picked":"Guardian:BaubleBeam","floor":16.0},{"not_picked":["Guardian:PiercingHide","Guardian:CrystalBeam"],"picked":"Guardian:Reroute","floor":19.0},{"not_picked":["Guardian:VentSteam","Guardian:Gem_Green"],"picked":"Guardian:Orbwalk","floor":20.0},{"not_picked":["Guardian:PiercingHide","Guardian:PrismaticBarrier"],"picked":"Guardian:DecasProtection+1","floor":21.0},{"not_picked":["Guardian:BronzeArmor","Guardian:Gem_White"],"picked":"Guardian:StasisStrike","floor":23.0},{"not_picked":["Guardian:PiercingHide+1","Guardian:TemporalStrike"],"picked":"Guardian:Gem_Orange","floor":25.0},{"not_picked":["Guardian:PiercingHide","Guardian:VentSteam+1"],"picked":"Guardian:Suspension+1","floor":30.0},{"not_picked":["Guardian:StasisField","Guardian:Incinerate"],"picked":"Guardian:Gem_Synthetic","floor":31.0},{"not_picked":["Guardian:RollAttack","Guardian:Planning"],"picked":"Guardian:BronzeOrb+1","floor":32.0}],"player_experience":347676,"relics_obtained":[{"floor":7.0,"key":"Meat on the Bone"},{"floor":10.0,"key":"Oddly Smooth Stone"},{"floor":12.0,"key":"CeramicFish"},{"floor":22.0,"key":"Necronomicon"},{"floor":25.0,"key":"Omamori"},{"floor":31.0,"key":"Boot"}],"event_choices":[{"damage_healed":0.0,"max_hp_gain":0.0,"max_hp_loss":0.0,"gold_gain":0.0,"event_name":"Ghosts","player_choice":"Ignored","floor":27.0,"gold_loss":0.0,"damage_taken":0.0}],"is_beta":false,"boss_relics":[{"not_picked":["Astrolabe","Tiny House"],"picked":"Cursed Key"}],"items_purged_floors":[],"is_endless":false,"potions_floor_spawned":[9,10,12,14,16,19,23,32],"killed_by":"IC_MUSHROOM_ARCHETYPE","ascension_level":5}}