{"host":"yuoancq4cku3x8wq","time":1613576314,"event":{"mods":["AchievementEnabler","BaseMod","Minty Spire (QoL Compilation)","Quick Restart","StSLib","SuperFastMode"],"gold_per_floor":[116,133,133,4,4,4,33,33,110,110,144,144,154,173,173,273,273,287,302,302,11,27,27,62,62,62,91,14,14,14,26,26,123,123,136,136,156,156,56,56,89,89,112,137,137,137,149,24,24,24,24,24,24,58,58],"floor_reached":56,"language":"ZHS","playtime":2352,"items_purged":["Strike_R","Strike_R","Strike_R"],"score":1696,"play_id":"7c631cbc-7337-4510-b4b3-25ab68328ba7","local_time":"20210217233834","is_ascension_mode":true,"campfire_choices":[{"data":"Armaments","floor":6.0,"key":"SMITH"},{"data":"Fiend Fire","floor":8.0,"key":"SMITH"},{"data":"Burning Pact","floor":10.0,"key":"SMITH"},{"floor":15.0,"key":"RECALL"},{"data":"Carnage","floor":23.0,"key":"SMITH"},{"data":"Feel No Pain","floor":30.0,"key":"SMITH"},{"data":"Pommel Strike","floor":32.0,"key":"SMITH"},{"data":"Power Through","floor":40.0,"key":"SMITH"},{"floor":45.0,"key":"REST"},{"data":"Bash","floor":49.0,"key":"SMITH"},{"floor":52.0,"key":"REST"}],"circlet_count":0,"master_deck":["Defend_R","Defend_R","Defend_R","Defend_R","Bash+1","Power Through+1","Burning Pact+1","Armaments+1","Fiend Fire+1","Shockwave+1","True Grit+1","Impervious+1","Berserk+1","Second Wind+1","Carnage+1","Pommel Strike+1","Sentinel+1","Feel No Pain+1","Shrug It Off+1","Corruption","Sentinel+1","Shrug It Off+1"],"relics":["Burning Blood","NeowsBlessing","FaceOfCleric","Ornamental Fan","Toxic Egg 2","InkBottle","Snecko Eye","OrangePellets","Art of War","CaptainsWheel","Matryoshka","Empty Cage","Boot","Akabeko","Singing Bowl","Shuriken"],"acts_visited":["Exordium","TheCity","TheBeyond","TheEnding"],"potions_floor_usage":[55,55,55],"damage_taken":[{"damage":0.0,"enemies":"2 Louse","floor":1.0,"turns":1.0},{"damage":0.0,"enemies":"Cultist","floor":2.0,"turns":1.0},{"damage":0.0,"enemies":"Lagavulin","floor":7.0,"turns":1.0},{"damage":28.0,"enemies":"Gremlin Nob","floor":11.0,"turns":4.0},{"damage":4.0,"enemies":"Small Slimes","floor":13.0,"turns":3.0},{"damage":5.0,"enemies":"Blue Slaver","floor":14.0,"turns":4.0},{"damage":15.0,"enemies":"The Guardian","floor":16.0,"turns":15.0},{"damage":0.0,"enemies":"Shell Parasite","floor":18.0,"turns":4.0},{"damage":3.0,"enemies":"2 Thieves","floor":19.0,"turns":3.0},{"damage":0.0,"enemies":"3 Cultists","floor":22.0,"turns":5.0},{"damage":51.0,"enemies":"Slavers","floor":24.0,"turns":6.0},{"damage":5.0,"enemies":"Gremlin Leader","floor":27.0,"turns":6.0},{"damage":0.0,"enemies":"Snake Plant","floor":31.0,"turns":3.0},{"damage":32.0,"enemies":"Champ","floor":33.0,"turns":15.0},{"damage":0.0,"enemies":"3 Shapes","floor":35.0,"turns":3.0},{"damage":8.0,"enemies":"3 Darklings","floor":37.0,"turns":5.0},{"damage":0.0,"enemies":"Reptomancer","floor":41.0,"turns":4.0},{"damage":23.0,"enemies":"Nemesis","floor":44.0,"turns":12.0},{"damage":0.0,"enemies":"Maw","floor":47.0,"turns":7.0},{"damage":92.0,"enemies":"Donu and Deca","floor":50.0,"turns":10.0},{"damage":4,"enemies":"Shield and Spear","floor":54,"turns":5},{"damage":10,"enemies":"The Heart","floor":55,"turns":9}],"seed_played":"3629722910763316645","potions_obtained":[{"floor":1.0,"key":"Swift Potion"},{"floor":14.0,"key":"LiquidBronze"},{"floor":16.0,"key":"SneckoOil"},{"floor":27.0,"key":"Swift Potion"},{"floor":31.0,"key":"BlessingOfTheForge"},{"floor":37.0,"key":"PowerPotion"},{"floor":54,"key":"AttackPotion"}],"is_trial":false,"path_per_floor":["M","M","?","$","?","R","E","R","T","R","E","?","M","M","R","B",null,"M","M","?","$","M","R","E","$","T","E","$","?","R","M","R","B",null,"M","?","M","?","$","R","E","?","T","E","R","?","M","$","R","B",null,"R","$","E","B",null],"character_chosen":"IRONCLAD","items_purchased":["Armaments","Second Wind+1","OrangePellets","Carnage","Feel No Pain"],"campfire_rested":2,"item_purchase_floors":[4,21,21,21,28],"current_hp_per_floor":[78,80,80,80,80,80,81,81,81,81,60,60,63,65,65,57,78,85,87,87,87,88,88,44,44,44,46,46,46,46,53,53,28,76,83,93,92,92,92,92,95,90,90,74,91,91,94,94,94,9,74,95,95,96,93],"gold":58,"neow_bonus":"THREE_ENEMY_KILL","is_daily":false,"chose_seed":false,"campfire_upgraded":8,"win_rate":0.0,"timestamp":1613576314,"path_taken":["M","M","?","?","?","R","E","R","T","R","E","?","?","M","R","BOSS","M","M","?","$","?","R","E","?","T","E","?","?","R","M","R","BOSS","M","?","?","?","?","R","E","?","T","E","R","?","?","$","R","BOSS","R","$","E","BOSS"],"items_purchased_type":["Card","Card","Relic","Card","Card"],"build_version":"2020-12-22","purchased_purges":3,"victory":true,"max_hp_per_floor":[80,80,80,80,80,80,81,81,81,81,82,82,83,84,84,85,85,86,87,87,87,88,88,89,89,89,90,90,90,90,91,91,92,92,93,93,94,94,94,94,95,90,90,91,91,91,94,94,94,95,95,95,95,96,97],"card_choices":[{"not_picked":["Dual Wield","Wild Strike"],"picked":"Power Through","floor":1.0},{"not_picked":["Cleave","Heavy Blade"],"picked":"Burning Pact","floor":2.0},{"not_picked":["Clothesline","Dark Embrace"],"picked":"Fiend Fire","floor":7.0},{"not_picked":["Perfected Strike","Clash"],"picked":"Shockwave+1","floor":11.0},{"not_picked":["Thunderclap","Iron Wave"],"picked":"True Grit+1","floor":13.0},{"not_picked":["Uppercut","Intimidate+1"],"picked":"Impervious+1","floor":14.0},{"not_picked":["Limit Break+1","Bludgeon"],"picked":"Berserk","floor":16.0},{"not_picked":["Armaments+1","Clash","Clothesline"],"picked":"SKIP","floor":18.0},{"not_picked":["Iron Wave","Metallicize+1","Havoc+1"],"picked":"SKIP","floor":19.0},{"not_picked":["Thunderclap","Sword Boomerang"],"picked":"Pommel Strike","floor":22.0},{"not_picked":["Wild Strike","Feed"],"picked":"Sentinel+1","floor":24.0},{"not_picked":["Headbutt+1","Iron Wave+1","Bloodletting+1"],"picked":"SKIP","floor":27.0},{"not_picked":["Perfected Strike","Havoc+1"],"picked":"Shrug It Off+1","floor":31.0},{"not_picked":["Limit Break+1","Double Tap+1"],"picked":"Corruption","floor":33.0},{"not_picked":["Twin Strike","Searing Blow","Clash+1"],"picked":"SKIP","floor":35.0},{"not_picked":["Wild Strike","Dropkick+1","Clash+1"],"picked":"SKIP","floor":37.0},{"not_picked":["Iron Wave+1","Anger","Demon Form"],"picked":"SKIP","floor":41.0},{"not_picked":["Reckless Charge+1","Warcry+1"],"picked":"Sentinel+1","floor":44.0},{"not_picked":["Armaments+1","Fire Breathing+1","Perfected Strike+1"],"picked":"Singing Bowl","floor":47.0},{"not_picked":["Heavy Blade","Wild Strike+1"],"picked":"Shrug It Off+1","floor":54}],"player_experience":254223,"relics_obtained":[{"floor":7.0,"key":"Ornamental Fan"},{"floor":9.0,"key":"Toxic Egg 2"},{"floor":11.0,"key":"InkBottle"},{"floor":24.0,"key":"Art of War"},{"floor":26.0,"key":"CaptainsWheel"},{"floor":27.0,"key":"Matryoshka"},{"floor":41.0,"key":"Boot"},{"floor":43.0,"key":"Akabeko"},{"floor":44.0,"key":"Singing Bowl"},{"floor":54,"key":"Shuriken"}],"event_choices":[{"damage_healed":0.0,"max_hp_gain":0.0,"max_hp_loss":0.0,"gold_gain":0.0,"event_name":"FaceTrader","player_choice":"Trade","floor":3.0,"gold_loss":0.0,"damage_taken":0.0,"relics_obtained":["FaceOfCleric"]},{"damage_healed":0.0,"max_hp_gain":0.0,"max_hp_loss":0.0,"gold_gain":0.0,"event_name":"Shining Light","player_choice":"Ignored","floor":5.0,"gold_loss":0.0,"damage_taken":0.0},{"damage_healed":0.0,"max_hp_gain":0.0,"max_hp_loss":0.0,"gold_gain":0.0,"event_name":"Liars Game","player_choice":"Ignored","floor":12.0,"gold_loss":0.0,"damage_taken":0.0},{"damage_healed":0.0,"max_hp_gain":0.0,"max_hp_loss":0.0,"gold_gain":0.0,"event_name":"Upgrade Shrine","player_choice":"Upgraded","floor":20.0,"gold_loss":0.0,"damage_taken":0.0,"cards_upgraded":["Berserk"]},{"damage_healed":0.0,"max_hp_gain":0.0,"max_hp_loss":0.0,"gold_gain":0.0,"event_name":"Ghosts","player_choice":"Ignored","floor":29.0,"gold_loss":0.0,"damage_taken":0.0},{"damage_healed":10.0,"max_hp_gain":0.0,"max_hp_loss":0.0,"gold_gain":0.0,"event_name":"Wheel of Change","player_choice":"Full Heal","floor":36.0,"gold_loss":0.0,"damage_taken":0.0},{"damage_healed":0.0,"max_hp_gain":0.0,"max_hp_loss":0.0,"gold_gain":0.0,"event_name":"SensoryStone","player_choice":"Memory 1","floor":38.0,"gold_loss":0.0,"damage_taken":0.0},{"damage_healed":0.0,"max_hp_gain":0.0,"max_hp_loss":5.0,"gold_gain":0.0,"event_name":"Winding Halls","player_choice":"Max HP","floor":42.0,"gold_loss":0.0,"damage_taken":0.0},{"damage_healed":0.0,"max_hp_gain":0.0,"max_hp_loss":0.0,"gold_gain":0.0,"event_name":"Tomb of Lord Red Mask","player_choice":"Ignored","floor":46.0,"gold_loss":0.0,"damage_taken":0.0}],"is_beta":false,"boss_relics":[{"not_picked":["Mark of Pain","Tiny House"],"picked":"Snecko Eye"},{"not_picked":["SacredBark","Runic Cube"],"picked":"Empty Cage"}],"items_purged_floors":[4,39,48],"is_endless":false,"potions_floor_spawned":[1,14,16,27,31,37,44,47,54],"ascension_level":7}}