{"host":"edwx0qgw8a8gox8u","time":1613533284,"event":{"mods":["2.2 Compatiblity","AchievementEnabler","Act Like it!","Aspiration","Bard","BaseMod","Beaked The Cultist","Better Altar","Better Match","Better Note","Better Sensory Stone","Better Skull","Better Third Choice","BetterRewards","CCEM2","Challenge The Spire","ChefMod","Colored Map","Conspire","Curses Come First","Custom Start","DeckTracker","Defuse TimeMaze Blight","Dio Mod","Displayed Cursed Tome","Dota2Spire","Downfall","Energized Spire","Fox Events","Friendly Minions","FruityMod","GifTheSpireLib","GungeonMod","Halation","Hermit","Hubris","Hunter ??","Infinite Spire","Jedi Mod","Jess\u0027s Bottle","Kiyohime????","Mad Scientist","Mari Mod (Legacy)","Mari\u0027s V1 Patch","Marisa????????","Marked Mod","Mimic Mod","Minty Spire (QoL Compilation)","MostiFishMod","Permanent Neow","Poor People Problems","Potionbrewer","Random Character Button","Relic Stats","Reliquary","Replay The Spire","Retaliation","Robot Space Explorer","RumiaBox-????????","SCP261 Mod","Shade Mod","Shedinja","Shop Mod","Spicy Shops","StS++","StSLib","Stuff the Spire","The Administrix","The Animator","The Blackbeard","The Blue Laboratory","The Bug Knight","The Cursed","The Dragon Tamer","The Dragonkin","The Gatherer","The Hierophant","The Jungle","The Mystic","The Necromancer","The Poker Player","The Problem Sleuth","The Runesmith","The Servant 0.9.4","The Spell Scribe","The Valiant","TheSwordswoman","TheVelvet","TheWitcher","Trackpad","Uncapped","Unceasing Turn Reminder","Useless Jewels Mod","Weighted Paths","Yuri Mod","??????REMEMod"],"gold_per_floor":[153,153,171,187,207,243,243,243,243,260,34,71,71,103,103,206,206,231,243,243,263,279,316,331,331,331],"floor_reached":25,"language":"ENG","playtime":2777,"items_purged":[],"score":270,"play_id":"414c1116-f414-49a9-a5e8-17389716f75d","local_time":"20210217144124","is_ascension_mode":false,"campfire_choices":[{"floor":15,"key":"REST"}],"circlet_count":0,"master_deck":["MariMod:Mari_Strike","MariMod:Mari_Strike","MariMod:Mari_Strike","MariMod:Mari_Strike","MariMod:Mari_Strike","MariMod:Mari_Defend","MariMod:Mari_Defend","MariMod:Mari_Defend","MariMod:Mari_Defend","MariMod:Mari_Defend","MariMod:Mari_Reminisce","MariMod:Mari_Debut","MostiFishMod:DustFall","MariMod:Mari_Second_Season","MariMod:Mari_Research","MariMod:Mari_Character_Development","MariMod:Mari_Reckless_Spending","MariMod:Mari_Old_Costume","SnafuTest:CurseRandom","Heavy Blade","MariMod:Mari_Awe","MariMod:Mari_Withdrawal","MariMod:Mari_Undying_Spark","beaked:DesperateSwing","MariMod:Mari_Oh_My_God","MariMod:Mari_Character_Development+1","MariMod:Mari_Research+1","MariMod:Mari_Lock_On","MariMod:Mari_Wishing_Fountain+1"],"relics":["MariMod:MariTheSpark","REME_ComplimentaryCards","DaveBox","ShadowXiaoBlade","aspiration:Nostalgia","m_SeaBlood","SynthV:TestCard","StuffTheSpire:PointBlank","hubris:DisguiseKit","trackpad:WritersBlock","ChiLing","Chi","Ling","Ancient Tea Set","hubris:ToyBattleship","hubris:ScarierMask","reliquary:WeakTea","DemoMod:GlassGuonStoneRelic"],"acts_visited":["Exordium","TheCity"],"potions_floor_usage":[23,25],"damage_taken":[{"damage":4,"enemies":"Small Slimes","floor":1,"turns":3},{"damage":0,"enemies":"Cultist","floor":3,"turns":3},{"damage":0,"enemies":"2 Louse","floor":4,"turns":2},{"damage":0,"enemies":"Large Slime","floor":5,"turns":5},{"damage":28,"enemies":"3 Sentries","floor":6,"turns":5},{"damage":19,"enemies":"conspire:2 RoseBushes","floor":10,"turns":4},{"damage":25,"enemies":"Lagavulin","floor":12,"turns":4},{"damage":3,"enemies":"HollowMod:MossKnight","floor":14,"turns":3},{"damage":20,"enemies":"The Guardian","floor":16,"turns":6},{"damage":5,"enemies":"2 Thieves","floor":18,"turns":2},{"damage":7,"enemies":"Spheric Guardian","floor":19,"turns":3},{"damage":8,"enemies":"Centurion and Healer","floor":21,"turns":3},{"damage":15,"enemies":"Snecko","floor":22,"turns":4},{"damage":45,"enemies":"Book of Stabbing","floor":23,"turns":5},{"damage":14,"enemies":"3 Cultists","floor":24,"turns":4},{"damage":20,"enemies":"Snake Plant","floor":25,"turns":1}],"seed_played":"-1251922205118806338","potions_obtained":[{"floor":6,"key":"potionbrewer:BoundlessPotion"},{"floor":10,"key":"SCP261:BarrettColaPotion"},{"floor":14,"key":"Fire Potion"},{"floor":19,"key":"blueLaboratory:FruitPunch"}],"is_trial":false,"path_per_floor":["M","?","M","M","M","E","?","?","T","M","$","E","?","E","R","B",null,"M","M","?","M","M","E","M","M"],"character_chosen":"MARI","items_purchased":["trackpad:WritersBlock","ChiLing"],"campfire_rested":1,"item_purchase_floors":[11,11],"current_hp_per_floor":[72,72,72,72,72,50,50,50,50,37,37,18,18,21,42,28,72,72,71,71,69,60,23,15,0,0],"gold":331,"neow_bonus":"NOSTALGIA","is_daily":false,"chose_seed":false,"campfire_upgraded":0,"win_rate":0.0,"timestamp":1613533284,"path_taken":["M","?","M","M","?","E","?","?","T","M","$","E","?","E","R","BOSS","M","M","?","M","M","E","?","M"],"items_purchased_type":["Relic","Relic"],"build_version":"2020-12-22","purchased_purges":0,"victory":false,"max_hp_per_floor":[72,72,72,72,72,72,72,72,72,72,72,72,72,72,72,72,72,72,72,72,72,72,74,74,74,74],"relic_stats":{"counters":[16,57],"obtain_stats":[{"MariMod:MariTheSpark":0,"m_SeaBlood":0,"hubris:DisguiseKit":7,"DaveBox":0,"aspiration:Nostalgia":0,"Chi":11,"ShadowXiaoBlade":0,"DemoMod:GlassGuonStoneRelic":10,"reliquary:WeakTea":23,"Ancient Tea Set":12,"Ling":11,"SynthV:TestCard":1,"trackpad:WritersBlock":11,"hubris:ScarierMask":17,"StuffTheSpire:PointBlank":6,"hubris:ToyBattleship":14,"REME_ComplimentaryCards":0,"ChiLing":11},{"MariMod:MariTheSpark":0,"m_SeaBlood":0,"hubris:DisguiseKit":5,"DaveBox":0,"aspiration:Nostalgia":0,"Chi":6,"ShadowXiaoBlade":0,"DemoMod:GlassGuonStoneRelic":6,"reliquary:WeakTea":14,"Ancient Tea Set":7,"Ling":6,"SynthV:TestCard":1,"trackpad:WritersBlock":6,"hubris:ScarierMask":9,"StuffTheSpire:PointBlank":5,"hubris:ToyBattleship":8,"REME_ComplimentaryCards":0,"ChiLing":6},{"MariMod:MariTheSpark":0,"m_SeaBlood":0,"hubris:DisguiseKit":18,"DaveBox":0,"aspiration:Nostalgia":0,"Chi":22,"ShadowXiaoBlade":0,"DemoMod:GlassGuonStoneRelic":22,"reliquary:WeakTea":52,"Ancient Tea Set":26,"Ling":22,"SynthV:TestCard":3,"trackpad:WritersBlock":22,"hubris:ScarierMask":35,"StuffTheSpire:PointBlank":18,"hubris:ToyBattleship":29,"REME_ComplimentaryCards":0,"ChiLing":22}]},"card_choices":[{"not_picked":["MariMod:Mari_Lets_Go","MariMod:Mari_Closure"],"picked":"MariMod:Mari_Second_Season","floor":1},{"not_picked":["MariMod:Mari_Fragile_Hope","MariMod:Mari_Lie_In_Wait","MariMod:Mari_Dolphin_Strike","MariMod:Mari_Pent_Up_Emotions"],"picked":"MariMod:Mari_Research","floor":3},{"not_picked":["MariMod:Mari_Unveiled_Secret","MariMod:Mari_Shut_Up","MariMod:Mari_Old_Costume","MariMod:Mari_Self_Care"],"picked":"MariMod:Mari_Character_Development","floor":4},{"not_picked":["Flex","MariMod:Mari_Glimmer","MariMod:Mari_Sparkle","MariMod:Mari_Wishing_Fountain"],"picked":"MariMod:Mari_Reckless_Spending","floor":5},{"not_picked":["MariMod:Mari_The_HELICOPTER","MariMod:Mari_Shine","Demon Form","MariMod:Mari_Well_Kept_Secret"],"picked":"MariMod:Mari_Old_Costume","floor":6},{"not_picked":["MariMod:Mari_Closure","ReplayTheSpireMod:Muscle Training","MariMod:Mari_Sparkle","MariMod:Mari_Golden_Glint","beaked:SacrificialAttack"],"picked":"Heavy Blade","floor":10},{"not_picked":["MariMod:Mari_The_Beach_Episode","MariMod:Mari_Reflection","Hemokinesis","MariMod:Mari_zzz","beaked:Foresight"],"picked":"MariMod:Mari_Awe","floor":12},{"not_picked":["MariMod:Mari_Self_Care","MariMod:Mari_Dolphin_Strike","MariMod:Mari_Kyu","MariMod:Mari_Delicacy","beaked:Poke"],"picked":"MariMod:Mari_Withdrawal","floor":14},{"not_picked":["MariMod:Mari_SHINY","MariMod:Mari_Perfect_Performance","MariMod:Mari_The_MANSION","Demon Form","beaked:CheekyTricks"],"picked":"MariMod:Mari_Undying_Spark","floor":16},{"not_picked":["MariMod:Mari_Choreography","MariMod:Mari_Fragile_Hope","MariMod:Mari_Its_Joke","MariMod:Mari_Self_Care+1","MariMod:Mari_Tea_Time+1"],"picked":"beaked:DesperateSwing","floor":18},{"not_picked":["MariMod:Mari_Fragile_Hope+1","MariMod:Mari_Overexertion","MariMod:Mari_Tough_Front","MariMod:Mari_Shut_Up+1","beaked:Poke"],"picked":"MariMod:Mari_Oh_My_God","floor":19},{"not_picked":["MariMod:Mari_Its_Joke","MariMod:Mari_Kyu","MariMod:Mari_Shine","MariMod:Mari_Cash_Back+1","beaked:DigDeep"],"picked":"MariMod:Mari_Character_Development+1","floor":21},{"not_picked":["MariMod:Mari_Delicacy","MariMod:Mari_Reflection","MariMod:Mari_Its_Joke","MariMod:Mari_Flaunt","beaked:Redirect"],"picked":"MariMod:Mari_Research+1","floor":22},{"not_picked":["MariMod:Mari_The_FLYING_CAR","MariMod:Mari_Tough_Front+1","MariMod:Mari_Lie_In_Wait+1","MariMod:Mari_Fragile_Hope+1","beaked:Tradeoff"],"picked":"MariMod:Mari_Lock_On","floor":23},{"not_picked":["MariMod:Mari_Hug","MariMod:Mari_Defiance","MariMod:Mari_Lie_In_Wait+1","MariMod:Mari_Shut_Up","beaked:MimicWarrior"],"picked":"MariMod:Mari_Wishing_Fountain+1","floor":24}],"player_experience":614374,"relics_obtained":[{"floor":1,"key":"SynthV:TestCard"},{"floor":6,"key":"StuffTheSpire:PointBlank"},{"floor":12,"key":"Ancient Tea Set"},{"floor":14,"key":"hubris:ToyBattleship"},{"floor":23,"key":"reliquary:WeakTea"}],"event_choices":[{"damage_healed":0,"gold_gain":0,"player_choice":"Ignored","damage_taken":0,"max_hp_gain":0,"max_hp_loss":0,"event_name":"Purifier","floor":2,"gold_loss":0},{"damage_healed":0,"gold_gain":0,"player_choice":"Ignored","damage_taken":0,"max_hp_gain":0,"max_hp_loss":0,"event_name":"Transmorgrifier","floor":20,"gold_loss":0}],"is_beta":false,"boss_relics":[{"not_picked":["beaked:MawFillet","Busted Crown"],"picked":"hubris:ScarierMask"}],"items_purged_floors":[],"is_endless":false,"potions_floor_spawned":[6,10,14,16,18,19],"killed_by":"Snake Plant","ascension_level":0}}