{"host":"cjhtzh7tp54jdfyv","time":1613521907,"event":{"mods":["AchievementEnabler","BaseMod","Colored Map","Colored Powertips","Curses Come First","DeckTracker","Filter the Spire","Minty Spire (QoL Compilation)","RNG Fix","Relic Sorter","Relic Stats","StSLib","UnlockEverythingMod","ojb\u0027s Better Paths Mod","ojb\u0027s Info Mod"],"gold_per_floor":[111,111,121,141,161,189,205,231,231,231,80,105,105,122,122,194,244,258,1,1,1,1,1,28,48,48,78,89,122,122,142,142,214,214,232,19,19,35,55,55,86,86,86],"floor_reached":42,"language":"ENG","playtime":3768,"items_purged":["Defend_P","Defend_P","Defend_P+1"],"score":1312,"play_id":"16393352-aa2d-4cda-b3b1-5e3af70dc6f9","local_time":"20210216193147","is_ascension_mode":true,"campfire_choices":[{"data":"TalkToTheHand","floor":10.0,"key":"SMITH"},{"data":"Adaptation","floor":15,"key":"SMITH"},{"data":"CrushJoints","floor":23,"key":"SMITH"},{"data":"Vault","floor":30,"key":"SMITH"},{"data":"Omniscience","floor":32,"key":"SMITH"},{"data":"Blasphemy","floor":40,"key":"SMITH"}],"circlet_count":0,"master_deck":["AscendersBane","Eruption+1","Vigilance","CutThroughFate","FlurryOfBlows+1","EmptyFist","FlurryOfBlows","CutThroughFate","TalkToTheHand+1","Adaptation+1","DeceiveReality","FlurryOfBlows+1","Omniscience+1","CrushJoints+1","Bite","Bite","Bite","Bite","Bite","Vault+1","CrushJoints+1","Omniscience+1","Tantrum","FlurryOfBlows+1","TalkToTheHand","Blasphemy+1","Adaptation","Madness","Madness","InnerPeace"],"relics":["Philosopher\u0027s Stone","Whetstone","Happy Flower","Bag of Marbles","PreservedInsect","Tiny House","War Paint","Toy Ornithopter","Meat on the Bone","Dream Catcher","Bottled Flame","Busted Crown","Smiling Mask"],"acts_visited":["Exordium","TheCity","TheBeyond"],"potions_floor_usage":[16,18,29,35,38,38,38,42,42],"damage_taken":[{"damage":7.0,"enemies":"2 Louse","floor":1.0,"turns":2.0},{"damage":0.0,"enemies":"Small Slimes","floor":3.0,"turns":5.0},{"damage":0.0,"enemies":"Cultist","floor":4.0,"turns":2.0},{"damage":0.0,"enemies":"3 Louse","floor":5.0,"turns":2.0},{"damage":18.0,"enemies":"Gremlin Nob","floor":6.0,"turns":3.0},{"damage":6.0,"enemies":"Large Slime","floor":7.0,"turns":3.0},{"damage":1.0,"enemies":"3 Sentries","floor":8.0,"turns":3.0},{"damage":0,"enemies":"Lagavulin","floor":12,"turns":5},{"damage":10,"enemies":"Red Slaver","floor":14,"turns":3},{"damage":0,"enemies":"The Guardian","floor":16,"turns":8},{"damage":30,"enemies":"3 Byrds","floor":18,"turns":7},{"damage":0,"enemies":"Book of Stabbing","floor":24,"turns":3},{"damage":2,"enemies":"Shell Parasite","floor":25,"turns":3},{"damage":0,"enemies":"Slavers","floor":27,"turns":2},{"damage":21,"enemies":"Cultist and Chosen","floor":28,"turns":5},{"damage":14,"enemies":"Gremlin Leader","floor":29,"turns":4},{"damage":8,"enemies":"Snecko","floor":31,"turns":5},{"damage":3,"enemies":"Champ","floor":33,"turns":8},{"damage":0,"enemies":"Orb Walker","floor":35,"turns":1},{"damage":41,"enemies":"3 Darklings","floor":38,"turns":3},{"damage":6,"enemies":"Spire Growth","floor":39,"turns":4},{"damage":18,"enemies":"Nemesis","floor":41,"turns":3},{"damage":68,"enemies":"Sphere and 2 Shapes","floor":42,"turns":6}],"seed_played":"-3370029942678236212","potions_obtained":[{"floor":1.0,"key":"Weak Potion"},{"floor":4.0,"key":"Strength Potion"},{"floor":6.0,"key":"Block Potion"},{"floor":7.0,"key":"Explosive Potion"},{"floor":14,"key":"SteroidPotion"},{"floor":17,"key":"Weak Potion"},{"floor":24,"key":"DistilledChaos"},{"floor":33,"key":"EntropicBrew"},{"floor":35,"key":"Energy Potion"},{"floor":39,"key":"FairyPotion"},{"floor":41,"key":"DuplicationPotion"}],"is_trial":false,"path_per_floor":["M","?","M","M","M","E","M","E","T","R","$","E","?","M","R","B",null,"M","$","?","?","?","R","E","M","T","E","M","E","R","M","R","B",null,"M","$","?","M","M","R","E","M"],"character_chosen":"WATCHER","items_purchased":["Adaptation","War Paint","Adaptation"],"campfire_rested":0,"item_purchase_floors":[11,19,36],"current_hp_per_floor":[54,54,54,54,54,36,30,29,29,29,29,29,18,8,8,8,58,28,28,28,15,15,15,21,25,25,29,32,33,33,39,39,42,53,56,56,46,38,38,38,40,0,0],"gold":86,"neow_bonus":"BOSS_RELIC","is_daily":false,"chose_seed":false,"campfire_upgraded":6,"win_rate":0.0,"timestamp":1613521907,"path_taken":["M","?","M","M","M","E","M","E","T","R","$","E","?","M","R","BOSS","M","$","?","?","?","R","E","M","T","E","M","E","R","M","R","BOSS","M","$","?","M","M","R","E","M"],"items_purchased_type":["Card","Relic","Card"],"build_version":"2020-12-22","purchased_purges":3,"victory":false,"max_hp_per_floor":[68,68,68,68,68,68,68,68,68,68,68,68,68,68,68,68,73,73,73,51,56,56,56,56,56,56,56,56,56,56,56,56,56,56,56,56,56,56,56,56,56,56,56],"relic_stats":{"Dream Catcher":0,"Busted Crown":8,"Happy Flower":[23],"counters":[23,90],"PreservedInsect":183,"Whetstone":["FlurryOfBlows","Eruption"],"War Paint":["Omniscience","Defend_P"],"Smiling Mask":0,"obtain_stats":[{"Tiny House":17,"Happy Flower":8,"PreservedInsect":13,"Whetstone":6,"War Paint":19,"Smiling Mask":41,"Dream Catcher":27,"Bottled Flame":29,"Busted Crown":34,"Philosopher\u0027s Stone":0,"Bag of Marbles":12,"PureWater":0,"Toy Ornithopter":24,"Meat on the Bone":26},{"Tiny House":10,"Happy Flower":7,"PreservedInsect":8,"Whetstone":5,"War Paint":11,"Smiling Mask":22,"Dream Catcher":14,"Bottled Flame":16,"Busted Crown":18,"Philosopher\u0027s Stone":0,"Bag of Marbles":8,"PureWater":0,"Toy Ornithopter":12,"Meat on the Bone":13},{"Tiny House":36,"Happy Flower":20,"PreservedInsect":25,"Whetstone":14,"War Paint":43,"Smiling Mask":84,"Dream Catcher":51,"Bottled Flame":60,"Busted Crown":73,"Philosopher\u0027s Stone":0,"Bag of Marbles":25,"PureWater":0,"Toy Ornithopter":46,"Meat on the Bone":49}],"Toy Ornithopter":33,"Meat on the Bone":48},"card_choices":[{"not_picked":["ReachHeaven","PathToVictory"],"picked":"CutThroughFate","floor":1.0},{"not_picked":["Swivel","Prostrate"],"picked":"FlurryOfBlows","floor":3.0},{"not_picked":["PathToVictory","EmptyBody"],"picked":"EmptyFist","floor":4.0},{"not_picked":["JustLucky","SandsOfTime"],"picked":"FlurryOfBlows","floor":5.0},{"not_picked":["Vengeance","Establishment","FollowUp"],"picked":"SKIP","floor":6.0},{"not_picked":["FollowUp","BowlingBash"],"picked":"CutThroughFate","floor":7.0},{"not_picked":["Protect","EmptyFist"],"picked":"TalkToTheHand","floor":8.0},{"not_picked":["JustLucky","CarveReality"],"picked":"DeceiveReality","floor":12},{"not_picked":["Nirvana","FollowUp"],"picked":"FlurryOfBlows","floor":14},{"not_picked":["SpiritShield","DevaForm"],"picked":"Omniscience","floor":16},{"not_picked":["SashWhip","EmptyBody"],"picked":"CrushJoints","floor":17},{"not_picked":["FlurryOfBlows","PathToVictory+1","SandsOfTime"],"picked":"SKIP","floor":18},{"not_picked":["CrushJoints","Protect"],"picked":"Vault","floor":24},{"not_picked":["SashWhip","PathToVictory"],"picked":"CrushJoints+1","floor":25},{"not_picked":["CarveReality","Consecrate"],"picked":"Omniscience","floor":27},{"not_picked":["FollowUp","Protect"],"picked":"Tantrum","floor":28},{"not_picked":["CutThroughFate","Indignation"],"picked":"FlurryOfBlows+1","floor":29},{"not_picked":["EmptyBody","Wish"],"picked":"TalkToTheHand","floor":31},{"not_picked":["Brilliance","MasterReality"],"picked":"Blasphemy","floor":33},{"not_picked":["Protect"],"picked":"SKIP","floor":35},{"not_picked":[],"picked":"InnerPeace","floor":38},{"not_picked":["FlyingSleeves+1"],"picked":"SKIP","floor":39},{"not_picked":["Worship"],"picked":"SKIP","floor":41}],"player_experience":4942019,"relics_obtained":[{"floor":6.0,"key":"Whetstone"},{"floor":8.0,"key":"Happy Flower"},{"floor":12,"key":"Bag of Marbles"},{"floor":24,"key":"Toy Ornithopter"},{"floor":26,"key":"Meat on the Bone"},{"floor":27,"key":"Dream Catcher"},{"floor":29,"key":"Bottled Flame"},{"floor":41,"key":"Smiling Mask"}],"event_choices":[{"cards_removed":["Defend_P"],"damage_healed":0.0,"max_hp_gain":0.0,"max_hp_loss":0.0,"gold_gain":0.0,"event_name":"Living Wall","player_choice":"Forget","floor":2.0,"gold_loss":0.0,"damage_taken":0.0},{"damage_healed":0,"gold_gain":0,"player_choice":"Success","damage_taken":11,"relics_obtained":["PreservedInsect"],"max_hp_gain":0,"max_hp_loss":0,"event_name":"Scrap Ooze","floor":13,"gold_loss":0},{"damage_healed":0,"gold_gain":0,"player_choice":"Became a vampire","damage_taken":0,"max_hp_gain":0,"max_hp_loss":22,"event_name":"Vampires","floor":20,"gold_loss":0,"cards_obtained":["Bite","Bite","Bite","Bite","Bite"]},{"damage_healed":0,"gold_gain":0,"player_choice":"Shed Blood","damage_taken":18,"max_hp_gain":5,"max_hp_loss":0,"event_name":"Forgotten Altar","floor":21,"gold_loss":0},{"damage_healed":0,"gold_gain":0,"player_choice":"Embrace Madness","damage_taken":10,"max_hp_gain":0,"max_hp_loss":0,"event_name":"Winding Halls","floor":37,"gold_loss":0,"cards_obtained":["Madness","Madness"]}],"is_beta":false,"boss_relics":[{"not_picked":["Calling Bell","Sozu"],"picked":"Tiny House"},{"not_picked":["Empty Cage","Fusion Hammer"],"picked":"Busted Crown"}],"items_purged_floors":[11,19,36],"is_endless":false,"potions_floor_spawned":[1,4,6,7,14,24,27,33,35,39,41],"killed_by":"Sphere and 2 Shapes","ascension_level":20}}