{"host":"zu1swnxjkaahohqc","time":1613521720,"event":{"mods":["BaseMod","Hubris","Minty Spire (QoL Compilation)","Replay The Spire","StSLib","UnlockEverythingMod"],"gold_per_floor":[109,109,109,109,121,152,165,269,269,288,288,163,163,190,190,287,287,298,350,366,366,382,416,433,91,91,121,136,165,165,165,165,270,270,282,294,169,169,181,211,211,211,211,61,87,100,114,336,336,336],"floor_reached":51,"language":"ENG","playtime":4640,"items_purged":["Regret","Strike_P","Strike_P","Strike_P"],"score":869,"play_id":"e946d612-9baa-45f6-8040-e46c108cc75b","local_time":"20210216192840","is_ascension_mode":true,"campfire_choices":[{"floor":11.0,"key":"REST"},{"data":"Eruption","floor":15.0,"key":"SMITH"},{"data":"Establishment","floor":30.0,"key":"SMITH"},{"data":"Vault","floor":32.0,"key":"SMITH"},{"data":"Vault","floor":42,"key":"SMITH"},{"data":"ReachHeaven","floor":49,"key":"SMITH"}],"circlet_count":0,"master_deck":["Defend_P","Defend_P","Eruption+1","Vigilance","ReachHeaven+1","Conclude","DeusExMachina","FearNoEvil","EmptyBody","Vault+1","Protect+1","Replay:Battleflow+1","Establishment+1","InnerPeace","Meditate+1","Replay:BluntJabs+1","Replay:ManipulateFuture+1","FlyingSleeves","FlyingSleeves","Vault+1","Perseverance","EmptyMind+1","Replay:Battleflow","Vengeance"],"relics":["PureWater","Vajra","hubris:Towel","Snack Pack","hubris:DuctTape","Eternal Feather","Replay:Bottled Steam","Honey Jar","Akabeko","Quantum Egg","hubris:CrystalStatue","PreservedInsect","Bottled Lightning","Red Mask","ReplayTheSpireMod:DimensionalGlitch","Centennial Puzzle","Kunai","Oddly Smooth Stone"],"acts_visited":["Exordium","TheCity","TheBeyond"],"potions_floor_usage":[40],"damage_taken":[{"damage":2.0,"enemies":"Jaw Worm","floor":1.0,"turns":4.0},{"damage":1.0,"enemies":"Small Slimes","floor":5.0,"turns":3.0},{"damage":28.0,"enemies":"Lagavulin","floor":6.0,"turns":6.0},{"damage":0.0,"enemies":"2 Louse","floor":7.0,"turns":2.0},{"damage":4.0,"enemies":"Exordium Wildlife","floor":10.0,"turns":3.0},{"damage":15.0,"enemies":"3 Sentries","floor":14.0,"turns":5.0},{"damage":31.0,"enemies":"Fading Forest","floor":16.0,"turns":11.0},{"damage":0.0,"enemies":"Chosen","floor":18.0,"turns":4.0},{"damage":0.0,"enemies":"Shell Parasite","floor":20.0,"turns":2.0},{"damage":5.0,"enemies":"Centurion and Healer","floor":22.0,"turns":4.0},{"damage":11.0,"enemies":"Replay:Snechameleon","floor":23.0,"turns":3.0},{"damage":0.0,"enemies":"Cultist and Chosen","floor":24.0,"turns":5.0},{"damage":20.0,"enemies":"Slavers","floor":27.0,"turns":4.0},{"damage":19.0,"enemies":"Snake Plant","floor":28.0,"turns":3.0},{"damage":0.0,"enemies":"Masked Bandits","floor":29.0,"turns":3.0},{"damage":43.0,"enemies":"Champ","floor":33.0,"turns":8.0},{"damage":0.0,"enemies":"3 Darklings","floor":35.0,"turns":1.0},{"damage":17.0,"enemies":"3 Shapes","floor":36.0,"turns":6.0},{"damage":0.0,"enemies":"Sphere and 2 Shapes","floor":39.0,"turns":3.0},{"damage":24,"enemies":"Reptomancer","floor":40,"turns":5},{"damage":1,"enemies":"R_Hoarder","floor":45,"turns":6},{"damage":0,"enemies":"3 Darklings","floor":46,"turns":4},{"damage":1,"enemies":"Maw","floor":47,"turns":6},{"damage":56,"enemies":"hubris:GrandSnecko","floor":50,"turns":11}],"seed_played":"6102672958515474105","potions_obtained":[{"floor":7.0,"key":"Explosive Potion"},{"floor":14.0,"key":"LiquidBronze"},{"floor":18.0,"key":"SteroidPotion"},{"floor":23.0,"key":"PowerPotion"},{"floor":24.0,"key":"EssenceOfSteel"},{"floor":27.0,"key":"SteroidPotion"},{"floor":29.0,"key":"FearPotion"},{"floor":33.0,"key":"Weak Potion"},{"floor":39.0,"key":"Death Potion"},{"floor":46,"key":"Fire Potion"},{"floor":47,"key":"Energy Potion"}],"is_trial":false,"path_per_floor":["M","?","?","?","M","E","M","?","T","M","R","$","?","E","R","B",null,"M","T","M","?","M","E","M","$","T","E","M","?","R","?","R","B",null,"M","M","$","?","M","E","?","R","T","$","E","M","M","?","R","B",null],"character_chosen":"WATCHER","items_purchased":["EmptyBody","hubris:CrystalStatue"],"campfire_rested":1,"item_purchase_floors":[12,25],"current_hp_per_floor":[70,70,70,70,69,41,41,41,41,39,60,60,60,49,55,40,72,72,72,72,72,69,62,64,64,64,46,29,31,43,43,55,22,72,72,56,56,56,58,36,36,48,48,48,49,50,52,52,64,17],"gold":336,"neow_bonus":"","is_daily":false,"chose_seed":false,"campfire_upgraded":5,"win_rate":0.0,"timestamp":1613521720,"path_taken":["M","?","?","?","?","E","?","?","T","M","R","$","?","E","R","BOSS","M","?","M","?","M","E","M","$","T","E","M","?","R","?","R","BOSS","M","M","$","?","M","E","?","R","T","$","E","M","?","?","R","BOSS"],"items_purchased_type":["Card","Relic"],"build_version":"2020-12-13","purchased_purges":4,"victory":true,"max_hp_per_floor":[72,72,72,72,72,72,72,72,72,72,72,72,72,72,72,72,72,72,72,72,72,72,72,72,72,72,72,72,72,72,72,72,72,72,72,72,72,72,72,72,72,72,72,72,72,72,72,72,72,72],"card_choices":[{"not_picked":["ThirdEye","Crescendo","Replay:BluntJabs"],"picked":"SKIP","floor":1.0},{"not_picked":["ThirdEye","Replay:Cycle"],"picked":"ReachHeaven","floor":5.0},{"not_picked":["Nirvana","Pray"],"picked":"Conclude","floor":6.0},{"not_picked":["ClearTheMind","Halt","Adaptation"],"picked":"SKIP","floor":7.0},{"not_picked":["ForeignInfluence","Protect"],"picked":"DeusExMachina","floor":8.0},{"not_picked":["Study","Evaluate"],"picked":"FearNoEvil","floor":8.0},{"not_picked":["WreathOfFlame","FollowUp","Vengeance"],"picked":"SKIP","floor":10.0},{"not_picked":["Wish","LessonLearned","CutThroughFate"],"picked":"SKIP","floor":14.0},{"not_picked":["Judgement","Brilliance"],"picked":"Vault","floor":16.0},{"not_picked":["JustLucky+1","Adaptation","FollowUp"],"picked":"Protect+1","floor":18.0},{"not_picked":["JustLucky","Perseverance","FollowUp"],"picked":"Replay:Battleflow+1","floor":20.0},{"not_picked":["Wallop","LikeWater","SpiritShield"],"picked":"InnerPeace","floor":22.0},{"not_picked":["FlurryOfBlows","Protect+1","Consecrate+1"],"picked":"Meditate","floor":23.0},{"not_picked":["JustLucky","SignatureMove+1","EmptyFist"],"picked":"Replay:BluntJabs+1","floor":24.0},{"not_picked":["Brilliance","Evaluate","CrushJoints"],"picked":"Replay:ManipulateFuture+1","floor":27.0},{"not_picked":["JustLucky+1","FollowUp+1","CutThroughFate"],"picked":"FlyingSleeves","floor":28.0},{"not_picked":["PathToVictory","BowlingBash","FollowUp"],"picked":"FlyingSleeves","floor":29.0},{"not_picked":["DevaForm","Judgement","Replay:AllIn"],"picked":"Vault","floor":33.0},{"not_picked":["EmptyBody+1","ThirdEye+1","BowlingBash+1"],"picked":"Perseverance","floor":35.0},{"not_picked":["FlurryOfBlows+1","Meditate","Fasting2+1","Indignation"],"picked":"SKIP","floor":36.0},{"not_picked":["Swivel+1","BowlingBash+1","CrushJoints","ThirdEye+1"],"picked":"SKIP","floor":39.0},{"not_picked":["CutThroughFate","TalkToTheHand","Indignation"],"picked":"EmptyMind+1","floor":40},{"not_picked":["Evaluate","CutThroughFate+1","ClearTheMind"],"picked":"Vengeance","floor":45},{"not_picked":["ThirdEye+1","Replay:BluntJabs+1","Vengeance","CrushJoints"],"picked":"SKIP","floor":46},{"not_picked":["Evaluate","ThirdEye","Prostrate+1","Consecrate"],"picked":"SKIP","floor":47}],"player_experience":0,"relics_obtained":[{"floor":6.0,"key":"Snack Pack"},{"floor":9.0,"key":"hubris:DuctTape"},{"floor":14.0,"key":"Replay:Bottled Steam"},{"floor":19.0,"key":"Akabeko"},{"floor":23.0,"key":"Quantum Egg"},{"floor":26.0,"key":"PreservedInsect"},{"floor":27.0,"key":"Bottled Lightning"},{"floor":29.0,"key":"Red Mask"},{"floor":40,"key":"Centennial Puzzle"},{"floor":43,"key":"Kunai"},{"floor":45,"key":"Oddly Smooth Stone"}],"event_choices":[{"damage_healed":0.0,"max_hp_gain":0.0,"max_hp_loss":0.0,"gold_gain":0.0,"event_name":"Big Fish","player_choice":"Box","floor":2.0,"gold_loss":0.0,"damage_taken":0.0,"relics_obtained":["Vajra"],"cards_obtained":["Regret"]},{"cards_removed":["hubris:DuctTapeCard"],"damage_healed":0.0,"max_hp_gain":0.0,"max_hp_loss":0.0,"gold_gain":0.0,"event_name":"WeMeetAgain","player_choice":"Gave Card","floor":13.0,"gold_loss":0.0,"damage_taken":0.0,"relics_obtained":["Eternal Feather"]},{"damage_healed":0.0,"max_hp_gain":0.0,"max_hp_loss":0.0,"gold_gain":0.0,"event_name":"The Library","player_choice":"Read","floor":21.0,"gold_loss":0.0,"damage_taken":0.0,"cards_obtained":["Establishment"]},{"damage_healed":0.0,"max_hp_gain":0.0,"max_hp_loss":0.0,"gold_gain":0.0,"event_name":"Masked Bandits","player_choice":"Fought Bandits","floor":29.0,"gold_loss":0.0,"damage_taken":0.0},{"damage_healed":0,"gold_gain":0,"player_choice":"1 cards matched","damage_taken":0,"max_hp_gain":0,"max_hp_loss":0,"event_name":"Match and Keep!","floor":41,"gold_loss":0,"cards_obtained":["Replay:Battleflow"]},{"damage_healed":0,"gold_gain":222,"player_choice":"Wore Mask","damage_taken":0,"max_hp_gain":0,"max_hp_loss":0,"event_name":"Tomb of Lord Red Mask","floor":48,"gold_loss":0}],"is_beta":false,"boss_relics":[{"not_picked":["Snecko Eye","hubris:GrandSneckoEye"],"picked":"Honey Jar"},{"not_picked":["hubris:RunicObelisk","hubris:TerracottaHorce"],"picked":"ReplayTheSpireMod:DimensionalGlitch"}],"items_purged_floors":[12,25,37,44],"is_endless":false,"potions_floor_spawned":[7,14,18,23,24,27,29,33,39,46,47],"ascension_level":4}}