{"host":"rm0ctv8qd8mnbkg1","time":1613591107,"event":{"mods":["BaseMod","Beaked The Cultist","BetterRewards","Colored Map","DNKmod","Dark Map","Defuse TimeMaze Blight","Downfall","Friendly Minions","Hubris","Marisa????????","Minty Spire (QoL Compilation)","MostiFishMod","Permanent Neow","Rare Cards Sparkle","Relic Sorter","Reliquary","Replay The Spire","RumiaBox-????????","Shade Mod","Shop Mod","Spicy Shops","Spire Arcade","StSLib","The Construct","The Servant 0.9.4","TheVacant","Wandering Minibosses","??????REMEMod"],"gold_per_floor":[10000,10019,9466,9486,9506,9519,9590,9606,9606,9616,9632,9645,9655,9655,9675,9776,9776,9776,9776,9876,9887,9887,9887,9887,9877,9895,9915,9915,9456,9456,9456,9472,9573,9573,9573,9586,9602,9012,9022,9076,9076,9076,9076,9588,10107,10182,10715,10615,10635,10635],"floor_reached":51,"language":"ENG","playtime":6297,"items_purged":[],"score":925,"play_id":"dfc4dcb8-b6f6-48c8-89d4-3a9f4fe675bc","local_time":"20210217194507","is_ascension_mode":false,"campfire_choices":[{"data":"hexamod:WildfireWeapon","floor":1,"key":"SMITH"},{"data":"bronze:FineTuning","floor":18,"key":"SMITH"},{"data":"bronze:FineTuning","floor":23,"key":"SMITH"},{"data":"m_Bronzebash","floor":28,"key":"SMITH"},{"data":"bronze:TinkerersToolbox","floor":30,"key":"SMITH"},{"data":"bronze:HardenedForm","floor":35,"key":"SMITH"},{"data":"Replay:Sssssssssshield","floor":42,"key":"SMITH"},{"data":"1","floor":48,"key":"LIFT"}],"circlet_count":0,"master_deck":["bronze:Strike","bronze:Strike","bronze:Strike","bronze:Strike","bronze:Defend","bronze:Defend","bronze:Defend","bronze:Defend","bronze:Replicate","hexamod:WildfireWeapon+1","bronze:FineTuning+1","bronze:WhirlingStrike","bronze:Flail+1","bronze:WildBeam+1","bronze:OilSpill","bronze:WhirlingStrike","m_Bronzebash+1","bronze:ThunderWave","bronze:FineTuning+1","bronze:Verify","Impervious","bronze:Goto","bronze:WhirlingStrike","bronze:Backtrace","bronze:TinkerersToolbox+1","Flash of Steel","Injury","bronze:Iterate+1","bronze:Fortify","bronze:Iterate","bronze:Iterate","Replay:Sssssssssshield+1","bronze:Optimize","bronze:HardenedForm+1","bronze:OilSpill+1","Delirium","bronze:Verify","bronze:FineTuning"],"relics":["REME_ComplimentaryCards","m_BronzeBlood","Brimstone","Frozen Eye","wanderingMiniBosses:CarrionFlame","Question Card","sneckomod:SneckoTalon","downfall:RedIOU","downfall:GremlinSack","hubris:CrystalStatue","reliquary:PurpleTingedLeaf","reliquary:BoilingFlask","Gremlin Food","reliquary:Knoch","Nloth\u0027s Gift","GuanYuAspect","bronze:BronzeIdol","reliquary:JackalopeAntler","GodSword7","Ring of Peace","ReplayTheSpireMod:Ring of Challenge","Pear","Whetstone","Girya","downfall:HeartBlessingGreen"],"acts_visited":["Exordium","TheCity","TheBeyond"],"potions_floor_usage":[3,3,36,36,36,47],"damage_taken":[{"damage":0,"enemies":"Cultist","floor":2,"turns":3},{"damage":10,"enemies":"downfall:FleeingMerchant","floor":3,"turns":4},{"damage":0,"enemies":"Small Slimes","floor":4,"turns":2},{"damage":0,"enemies":"2 Louse","floor":5,"turns":1},{"damage":2,"enemies":"downfall:LooterAlt","floor":6,"turns":5},{"damage":6,"enemies":"Exordium Thugs","floor":8,"turns":2},{"damage":0,"enemies":"3 Louse","floor":10,"turns":1},{"damage":0,"enemies":"Lots of Slimes","floor":11,"turns":1},{"damage":0,"enemies":"2 Fungi Beasts","floor":12,"turns":2},{"damage":0,"enemies":"Blue Slaver","floor":13,"turns":2},{"damage":0,"enemies":"Gremlin Gang","floor":15,"turns":1},{"damage":0,"enemies":"DF_ARCHETYPE_STREAMLINE","floor":16,"turns":4},{"damage":0,"enemies":"DF_ARCHETYPE_STREAMLINE","floor":20,"turns":1},{"damage":0,"enemies":"Spheric Guardian","floor":21,"turns":1},{"damage":15,"enemies":"downfall:FleeingMerchant","floor":25,"turns":3},{"damage":0,"enemies":"Shell Parasite","floor":26,"turns":2},{"damage":0,"enemies":"Chosen and Byrds","floor":27,"turns":3},{"damage":0,"enemies":"Snecko","floor":32,"turns":3},{"damage":3,"enemies":"IC_MUSHROOM_ARCHETYPE","floor":33,"turns":2},{"damage":0,"enemies":"3 Darklings","floor":36,"turns":1},{"damage":0,"enemies":"Orb Walker","floor":37,"turns":2},{"damage":0,"enemies":"Jaw Worm Horde","floor":39,"turns":1},{"damage":21,"enemies":"2 Orb Walkers","floor":40,"turns":3},{"damage":83,"enemies":"Sphere and 2 Shapes","floor":44,"turns":3},{"damage":0,"enemies":"Spire Growth","floor":45,"turns":6},{"damage":0,"enemies":"Reptomancer","floor":47,"turns":4},{"damage":0,"enemies":"Transient","floor":49,"turns":5},{"damage":0,"enemies":"WA_ARCHETYPE_DIVINITY","floor":50,"turns":3}],"seed_played":"-2157736394905543838","potions_obtained":[{"floor":0,"key":"bronze:FreeFunctionsPotion"},{"floor":0,"key":"Swift Potion"},{"floor":4,"key":"DistilledChaos"},{"floor":49,"key":"Swift Potion"}],"is_trial":false,"path_per_floor":["R","M","$","M","M","M","T","M","?","M","M","M","M","?","M","B",null,"R","?","?","M","T","R","T","$","M","M","R","$","R","?","M","B",null,"R","M","M","$","M","?","T","R","?","M","M","T","E","R","M","B",null],"character_chosen":"THE_AUTOMATON","items_purchased":["Frozen Eye","PreservedInsect","bronze:Flail","Explosive Potion","Explosive Potion","reliquary:BoilingFlask","bronze:Fortify","Gremlin Food","reliquary:Knoch","bronze:Iterate","Replay:Sssssssssshield","Dexterity Potion","Regen Potion","bronze:BronzeIdol","reliquary:JackalopeAntler"],"campfire_rested":0,"item_purchase_floors":[3,3,3,3,3,25,25,29,29,29,29,38,38,38,38],"current_hp_per_floor":[1000,1000,990,990,990,988,988,982,982,988,994,1000,1000,1000,1000,1000,1000,1000,1000,1000,1000,1000,1000,1000,991,997,1000,1000,1000,1000,1000,1000,1000,500,500,500,500,500,500,494,494,494,494,438,462,467,510,510,510,510],"gold":10635,"neow_bonus":"THREE_SMALL_POTIONS","is_daily":false,"chose_seed":false,"campfire_upgraded":7,"win_rate":0.0,"timestamp":1613591107,"path_taken":["R","M","$","M","M","M","T","?","?","M","M","M","M","?","M","BOSS","R","?","?","?","?","R","T","$","M","M","R","$","R","?","M","BOSS","R","M","M","$","?","?","T","R","?","M","M","?","E","R","M","BOSS"],"items_purchased_type":["Relic","Relic","Card","Potion","Potion","Relic","Card","Relic","Relic","Card","Card","Potion","Potion","Relic","Relic"],"build_version":"2020-12-22","purchased_purges":0,"victory":true,"max_hp_per_floor":[1000,1000,1000,1000,1000,1000,1000,1000,1000,1000,1000,1000,1000,1000,1000,1000,1000,1000,1000,1000,1000,1000,1000,1000,1000,1000,1000,1000,1000,1000,1000,1000,1000,500,500,500,500,500,500,500,500,500,500,500,500,510,510,510,510,510],"card_choices":[{"not_picked":["bronze:Overload","bronze:Shield"],"picked":"bronze:FineTuning","floor":2},{"not_picked":["bronze:NullPointer","bronze:BugBarrage"],"picked":"bronze:WhirlingStrike","floor":3},{"not_picked":["bronze:BuggyMess","bronze:Constructor"],"picked":"bronze:WildBeam","floor":4},{"not_picked":["bronze:DarkDash","bronze:ChosenStrike"],"picked":"bronze:OilSpill","floor":5},{"not_picked":["bronze:MaxOutput","bronze:Repair"],"picked":"bronze:WhirlingStrike","floor":6},{"not_picked":["bronze:Shell","bronze:Separator","bronze:Deprecate","bronze:Overheat"],"picked":"SKIP","floor":8},{"not_picked":["bronze:BronzeArmor","bronze:Constructor","bronze:Backtrace","bronze:Branch"],"picked":"SKIP","floor":10},{"not_picked":["bronze:Frontload","bronze:Overheat","bronze:DelayedSlice"],"picked":"bronze:ThunderWave","floor":11},{"not_picked":["Shrug It Off","bronze:OilSpill","bronze:Shield"],"picked":"bronze:FineTuning","floor":12},{"not_picked":["bronze:Fortify","bronze:Allocate","bronze:ForceShield"],"picked":"bronze:Verify","floor":13},{"not_picked":["bronze:Frontload","bronze:WildBeam","bronze:Shield","bronze:Constructor"],"picked":"SKIP","floor":15},{"not_picked":["bronze:AlphaBuild","bronze:Mutator","bronze:ThunderWave"],"picked":"Impervious","floor":16},{"not_picked":["bronze:DelayedGuard","bronze:Philosophize+1","bronze:CutThrough"],"picked":"bronze:Iterate+1","floor":20},{"not_picked":["bronze:Invalidate+1","bronze:Frontload","bronze:Separator","bronze:Overheat"],"picked":"SKIP","floor":21},{"not_picked":["bronze:CleanCode","bronze:GetLatest","bronze:BitShift","bronze:DigitalCarnage"],"picked":"SKIP","floor":25},{"not_picked":["bronze:ChosenStrike","bronze:Philosophize","bronze:Safeguard+1"],"picked":"bronze:Iterate","floor":26},{"not_picked":["bronze:DelayedGuard","bronze:Refactor+1","bronze:BuggyMess","bronze:Branch"],"picked":"SKIP","floor":27},{"not_picked":["bronze:DelayedGuard","bronze:BitShift+1","bronze:WhirlingStrike"],"picked":"bronze:Optimize","floor":32},{"not_picked":["bronze:FindAndReplace","bronze:Format","bronze:AlphaBuild"],"picked":"bronze:HardenedForm","floor":33},{"not_picked":["bronze:Frontload","bronze:Return+1","bronze:BitShift","bronze:ItsAFeature"],"picked":"SKIP","floor":36},{"not_picked":["bronze:Constructor+1","bronze:Refactor","bronze:Deprecate+1"],"picked":"bronze:OilSpill+1","floor":37},{"not_picked":["bronze:Branch","bronze:Shell","bronze:BronzeOrb+1","bronze:CloningBeam"],"picked":"SKIP","floor":39},{"not_picked":["bronze:Safeguard","bronze:DigitalCarnage","bronze:BuggyMess","bronze:Constructor+1"],"picked":"SKIP","floor":44},{"not_picked":["bronze:DelayedGuard","bronze:Branch","bronze:Shield","bronze:Flail+1"],"picked":"SKIP","floor":45},{"not_picked":["bronze:ItsAFeature+1","bronze:Shield","bronze:CutThrough"],"picked":"bronze:Verify","floor":47},{"not_picked":["bronze:Deprecate","bronze:InfiniteBeams","bronze:Overheat"],"picked":"bronze:FineTuning","floor":49}],"player_experience":366899,"relics_obtained":[{"floor":6,"key":"wanderingMiniBosses:CarrionFlame"},{"floor":7,"key":"Question Card"},{"floor":20,"key":"downfall:GremlinSack"},{"floor":22,"key":"hubris:CrystalStatue"},{"floor":24,"key":"reliquary:PurpleTingedLeaf"},{"floor":41,"key":"GodSword7"},{"floor":43,"key":"Ring of Peace"},{"floor":43,"key":"ReplayTheSpireMod:Ring of Challenge"},{"floor":46,"key":"Pear"},{"floor":47,"key":"Whetstone"},{"floor":47,"key":"Girya"}],"event_choices":[{"damage_healed":0,"gold_gain":0,"player_choice":"Fight","damage_taken":0,"max_hp_gain":0,"max_hp_loss":0,"event_name":"Mysterious Sphere","floor":40,"gold_loss":0}],"is_beta":false,"boss_relics":[{"not_picked":["Busted Crown","RhineCircuit"],"picked":"sneckomod:SneckoTalon"},{"not_picked":["Honey Jar","reliquary:KinkedSpring"],"picked":"GuanYuAspect"}],"items_purged_floors":[],"is_endless":false,"potions_floor_spawned":[4,8,10,11,13,21,26,33,40,44,49],"ascension_level":0}}