{"host":"khwpnvgc3av0w6xd","time":1613596028,"event":{"mods":["BaseMod","Block Reminder","Colored Map","DeckTracker","Highlight Path","Minty Spire (QoL Compilation)","Quick Restart"],"gold_per_floor":[111,125,145,145,155,330,330,330,330,330,363,379,78,178,178,178,178],"floor_reached":16,"language":"DEU","playtime":739,"items_purged":["Strike_G"],"score":115,"play_id":"f3805729-f12f-42f0-b7c6-eefad78d5ac1","local_time":"20210217220708","is_ascension_mode":true,"campfire_choices":[{"data":"Survivor","floor":7,"key":"SMITH"},{"floor":10,"key":"REST"},{"floor":15,"key":"REST"}],"circlet_count":0,"master_deck":["Strike_G","Strike_G","Strike_G","Strike_G","Defend_G","Defend_G","Defend_G","Defend_G","Defend_G","Survivor+1","Neutralize","Backflip","Deadly Poison","Poisoned Stab","Bouncing Flask+1","Doubt","Bane","Bane","Footwork"],"relics":["Ring of the Snake","NeowsBlessing","CaptainsWheel","Snake Skull"],"acts_visited":["Exordium"],"potions_floor_usage":[5,12,16],"damage_taken":[{"damage":0,"enemies":"Jaw Worm","floor":1,"turns":1},{"damage":0,"enemies":"2 Louse","floor":2,"turns":1},{"damage":0,"enemies":"Cultist","floor":3,"turns":1},{"damage":35,"enemies":"Large Slime","floor":5,"turns":10},{"damage":24,"enemies":"3 Sentries","floor":11,"turns":10},{"damage":3,"enemies":"Exordium Thugs","floor":12,"turns":4},{"damage":54,"enemies":"Slime Boss","floor":16,"turns":11}],"seed_played":"-8006280727484813085","potions_obtained":[{"floor":1,"key":"Poison Potion"},{"floor":11,"key":"Explosive Potion"},{"floor":12,"key":"Block Potion"}],"is_trial":false,"path_per_floor":["M","M","M","$","M","?","R","?","T","R","E","M","$","?","R","B"],"character_chosen":"THE_SILENT","items_purchased":["Footwork","Snake Skull"],"campfire_rested":2,"item_purchase_floors":[13,13],"current_hp_per_floor":[70,70,70,70,35,35,35,35,35,56,32,29,29,29,50,0,0],"gold":178,"neow_bonus":"THREE_ENEMY_KILL","is_daily":false,"chose_seed":false,"campfire_upgraded":1,"win_rate":0.0,"timestamp":1613596028,"path_taken":["M","M","M","$","M","?","R","?","T","R","E","M","$","?","R","BOSS"],"items_purchased_type":["Card","Relic"],"build_version":"2020-12-22","purchased_purges":1,"victory":false,"max_hp_per_floor":[70,70,70,70,70,70,70,70,70,70,70,70,70,70,70,70,70],"card_choices":[{"not_picked":["Infinite Blades","Slice"],"picked":"Backflip","floor":1},{"not_picked":["Deflect","Predator"],"picked":"Deadly Poison","floor":2},{"not_picked":["Deflect","Prepared"],"picked":"Poisoned Stab","floor":3},{"not_picked":["Slice","Calculated Gamble"],"picked":"Bouncing Flask","floor":5},{"not_picked":["Malaise","Sucker Punch"],"picked":"Bane","floor":11},{"not_picked":["Flying Knee","Deadly Poison"],"picked":"Bane","floor":12}],"player_experience":96478,"relics_obtained":[{"floor":11,"key":"CaptainsWheel"}],"event_choices":[{"damage_healed":0,"gold_gain":175,"player_choice":"AGREE","damage_taken":0,"max_hp_gain":0,"max_hp_loss":0,"event_name":"Liars Game","floor":6,"gold_loss":0,"cards_obtained":["Doubt"]},{"damage_healed":0,"gold_gain":0,"player_choice":"Grow","damage_taken":0,"max_hp_gain":0,"max_hp_loss":0,"event_name":"Living Wall","floor":8,"gold_loss":0,"cards_upgraded":["Bouncing Flask"]},{"damage_healed":0,"gold_gain":100,"player_choice":"Gold","damage_taken":0,"max_hp_gain":0,"max_hp_loss":0,"event_name":"Wheel of Change","floor":14,"gold_loss":0}],"is_beta":false,"boss_relics":[],"items_purged_floors":[13],"is_endless":false,"potions_floor_spawned":[1,11,12],"killed_by":"Slime Boss","ascension_level":3}}