{"host":"ufhw4cf0hh51lveu","time":1613559199,"event":{"mods":["BaseMod","DeckTracker","Minty Spire (QoL Compilation)","SuperFastMode"],"gold_per_floor":[119,119,130,146,146,146,159,179,250,250,250,262,276,295,295,295,295],"floor_reached":16,"language":"KOR","playtime":510,"items_purged":[],"score":96,"play_id":"7151df40-6e8b-420b-8561-858b7a45ffeb","local_time":"20210217195319","is_ascension_mode":false,"campfire_choices":[{"data":"Heavy Blade","floor":6,"key":"SMITH"},{"data":"Shrug It Off","floor":10,"key":"SMITH"},{"floor":15,"key":"REST"}],"circlet_count":0,"master_deck":["Strike_R","Strike_R","Strike_R","Strike_R","Strike_R","Defend_R","Defend_R","Defend_R","Defend_R","Bash","Sword Boomerang","Heavy Blade+1","Immolate","Iron Wave","Shrug It Off","Flex","Iron Wave","Shrug It Off+1","Regret","Heavy Blade","Shrug It Off","Headbutt"],"relics":["Burning Blood","Prayer Wheel","White Beast Statue"],"acts_visited":["Exordium"],"potions_floor_usage":[16,16],"damage_taken":[{"damage":5,"enemies":"Small Slimes","floor":1,"turns":4},{"damage":1,"enemies":"Cultist","floor":3,"turns":3},{"damage":11,"enemies":"Jaw Worm","floor":4,"turns":2},{"damage":30,"enemies":"Exordium Thugs","floor":7,"turns":7},{"damage":0,"enemies":"Large Slime","floor":8,"turns":5},{"damage":13,"enemies":"Exordium Wildlife","floor":12,"turns":5},{"damage":3,"enemies":"Red Slaver","floor":13,"turns":5},{"damage":17,"enemies":"Blue Slaver","floor":14,"turns":5},{"damage":80,"enemies":"Slime Boss","floor":16,"turns":9}],"seed_played":"-1220471757307792749","potions_obtained":[{"floor":3,"key":"SmokeBomb"},{"floor":4,"key":"Ancient Potion"},{"floor":8,"key":"HeartOfIron"},{"floor":12,"key":"Fruit Juice"},{"floor":14,"key":"Weak Potion"}],"is_trial":false,"path_per_floor":["M","?","M","M","?","R","M","M","T","R","?","M","M","M","R","B"],"character_chosen":"IRONCLAD","items_purchased":[],"campfire_rested":1,"item_purchase_floors":[],"current_hp_per_floor":[80,80,80,75,75,75,51,57,57,57,57,50,53,42,66,0,0],"gold":295,"neow_bonus":"ONE_RARE_RELIC","is_daily":false,"chose_seed":false,"campfire_upgraded":2,"win_rate":0.0,"timestamp":1613559199,"path_taken":["M","?","M","M","?","R","M","M","T","R","?","M","?","M","R","BOSS"],"items_purchased_type":[],"build_version":"2020-12-22","purchased_purges":0,"victory":false,"max_hp_per_floor":[80,80,80,80,80,80,80,80,80,80,80,80,80,80,80,85,85],"card_choices":[{"not_picked":["Wild Strike","Battle Trance"],"picked":"Sword Boomerang","floor":1},{"not_picked":["Searing Blow","Clash","True Grit"],"picked":"SKIP","floor":1},{"not_picked":["Havoc","Sword Boomerang"],"picked":"Heavy Blade","floor":3},{"not_picked":["Wild Strike","Clash"],"picked":"Immolate","floor":3},{"not_picked":["Battle Trance","Armaments"],"picked":"Iron Wave","floor":4},{"not_picked":["Bloodletting","Battle Trance"],"picked":"Shrug It Off","floor":4},{"not_picked":["Uppercut","Armaments"],"picked":"Flex","floor":7},{"not_picked":["Evolve","Entrench","Clash"],"picked":"SKIP","floor":7},{"not_picked":["Brutality","Pommel Strike"],"picked":"Iron Wave","floor":8},{"not_picked":["Rampage","Havoc"],"picked":"Shrug It Off","floor":8},{"not_picked":["Disarm","Dropkick"],"picked":"Heavy Blade","floor":12},{"not_picked":["Uppercut","True Grit"],"picked":"Shrug It Off","floor":12},{"not_picked":["Juggernaut","Battle Trance"],"picked":"Headbutt","floor":13},{"not_picked":["Perfected Strike","Dark Embrace","Havoc"],"picked":"SKIP","floor":13},{"not_picked":["Headbutt","Wild Strike","Blood for Blood"],"picked":"SKIP","floor":14},{"not_picked":["Combust","Perfected Strike","Havoc"],"picked":"SKIP","floor":14}],"player_experience":28741,"relics_obtained":[{"floor":9,"key":"White Beast Statue"}],"event_choices":[{"damage_healed":0,"gold_gain":0,"player_choice":"Ignored","damage_taken":0,"max_hp_gain":0,"max_hp_loss":0,"event_name":"Shining Light","floor":2,"gold_loss":0},{"damage_healed":0,"gold_gain":0,"player_choice":"Ignored","damage_taken":0,"max_hp_gain":0,"max_hp_loss":0,"event_name":"Liars Game","floor":5,"gold_loss":0},{"damage_healed":0,"gold_gain":0,"cards_transformed":["Injury"],"player_choice":"Transformed","damage_taken":0,"max_hp_gain":0,"max_hp_loss":0,"event_name":"Transmorgrifier","floor":11,"gold_loss":0,"cards_obtained":["Regret"]}],"is_beta":false,"boss_relics":[],"items_purged_floors":[],"is_endless":false,"potions_floor_spawned":[3,4,8,12,13,14],"killed_by":"Slime Boss","ascension_level":0}}