{"host":"h49usdrjeju7gyhi","time":1613527168,"event":{"mods":["BaseMod","Colored Map","Minty Spire (QoL Compilation)","SOS???????","StSLib"],"gold_per_floor":[153,179,254,300,341,341,399,462,462,458,498,498,574,631,631,716,766,817,920,950,912,958,965,880,799,799,719,719],"floor_reached":27,"language":"ENG","playtime":2801,"items_purged":[],"score":418,"play_id":"2c32313a-979a-4fa1-878a-c8961d469c98","local_time":"20210216205928","is_ascension_mode":true,"campfire_choices":[{"data":"Redorb","floor":6,"key":"SMITH"},{"data":"Pandora","floor":12,"key":"SMITH"},{"data":"Honeycombofire","floor":15,"key":"SMITH"}],"circlet_count":0,"master_deck":["Attack_a","Attack_a","Attack_b+1","Shoot","Shoot","Provocation","Defend_Dante","Defend_Dante","Defend_Dante","Redorb+1","Royaldefend","CoyoteA","Honeycombofire+1","Dash1","Pandora+1","VitalstarM","SSScard","Royaldefend","EbonyIvory","Royalguard","DevilstarS","DevilstarS","Royaldefend","Hightime+1","VitalstarM+1","Greenorb+1","Goldorb"],"relics":["SSS","Combocheck","FossilizedHelix","Darkstone Periapt","Happy Flower","Tiny House","Incense Burner","Mummified Hand"],"acts_visited":["Exordium","TheCity"],"potions_floor_usage":[8,20,27,27],"damage_taken":[{"damage":0,"enemies":"Small Slimes","floor":1,"turns":4},{"damage":8,"enemies":"Jaw Worm","floor":2,"turns":4},{"damage":0,"enemies":"Cultist","floor":4,"turns":2},{"damage":5,"enemies":"Blue Slaver","floor":5,"turns":4},{"damage":0,"enemies":"Gremlin Nob","floor":7,"turns":3},{"damage":0,"enemies":"Lots of Slimes","floor":8,"turns":6},{"damage":0,"enemies":"Large Slime","floor":10,"turns":4},{"damage":1,"enemies":"Looter","floor":11,"turns":3},{"damage":0,"enemies":"Lagavulin","floor":13,"turns":3},{"damage":0,"enemies":"Exordium Wildlife","floor":14,"turns":4},{"damage":29,"enemies":"The Guardian","floor":16,"turns":6},{"damage":0,"enemies":"3 Byrds","floor":18,"turns":3},{"damage":27,"enemies":"2 Thieves","floor":19,"turns":3},{"damage":8,"enemies":"Sentry and Sphere","floor":20,"turns":4},{"damage":6,"enemies":"Chosen and Byrds","floor":21,"turns":5},{"damage":25,"enemies":"3 Cultists","floor":22,"turns":5},{"damage":16,"enemies":"Gremlin Leader","floor":23,"turns":5},{"damage":25,"enemies":"Cultist and Chosen","floor":24,"turns":5},{"damage":10,"enemies":"Book of Stabbing","floor":25,"turns":6},{"damage":86,"enemies":"Slavers","floor":27,"turns":15}],"seed_played":"4634332264482789290","potions_obtained":[{"floor":1,"key":"DistilledChaos"},{"floor":5,"key":"SkillPotion"},{"floor":8,"key":"SkillPotion"},{"floor":14,"key":"Ancient Potion"},{"floor":16,"key":"SteroidPotion"},{"floor":17,"key":"ColorlessPotion"},{"floor":21,"key":"FearPotion"}],"is_trial":false,"path_per_floor":["M","M","?","M","M","R","E","M","T","M","M","R","E","M","R","B",null,"M","M","M","M","M","E","M","E","T","E"],"character_chosen":"DANTE","items_purchased":[],"campfire_rested":0,"item_purchase_floors":[],"current_hp_per_floor":[80,72,61,61,56,56,56,66,66,76,75,75,75,75,75,56,85,85,58,60,64,49,43,38,54,54,0,0],"gold":719,"neow_bonus":"TRANSFORM_CARD","is_daily":false,"chose_seed":false,"campfire_upgraded":3,"win_rate":0.0,"timestamp":1613527168,"path_taken":["M","M","?","M","M","R","E","M","T","M","M","R","E","M","R","BOSS","M","M","M","M","M","E","M","E","T","E"],"items_purchased_type":[],"build_version":"2020-12-22","purchased_purges":0,"victory":false,"max_hp_per_floor":[80,80,80,80,80,80,80,80,80,80,80,80,80,80,80,80,85,85,85,85,85,85,85,85,85,85,85,85],"card_choices":[{"not_picked":["Splesh","Airhike"],"picked":"CoyoteA","floor":1},{"not_picked":["CoyoteA","Dash2"],"picked":"Honeycombofire","floor":2},{"not_picked":["Millionstab","LucifercomboB"],"picked":"Dash1","floor":4},{"not_picked":["Holywater","DevilstarS"],"picked":"Pandora","floor":5},{"not_picked":["Shock","Unrisingdragon"],"picked":"VitalstarM","floor":7},{"not_picked":["VitalstarM","VitalstarS","LucifercomboA"],"picked":"SKIP","floor":8},{"not_picked":["Kick13","Gilgamesh","VitalstarS"],"picked":"SKIP","floor":10},{"not_picked":["LucifercomboB","Dash1"],"picked":"SSScard","floor":11},{"not_picked":["Hightime","DevilstarL"],"picked":"Royaldefend","floor":13},{"not_picked":["Royaldefend","Chargeshoot"],"picked":"EbonyIvory","floor":14},{"not_picked":["Darkslayer","Goldorb"],"picked":"Royalguard","floor":16},{"not_picked":["DT","LucifercomboB+1"],"picked":"DevilstarS","floor":18},{"not_picked":["Stinger","Holywater"],"picked":"DevilstarS","floor":19},{"not_picked":["EbonyIvory","LucifercomboC"],"picked":"Royaldefend","floor":20},{"not_picked":["Dash2","DevilstarS"],"picked":"Hightime+1","floor":21},{"not_picked":["Unrisingdragon+1","Millionkick+1","BeastUppercut"],"picked":"SKIP","floor":22},{"not_picked":["CoyoteA+1","Kick13"],"picked":"VitalstarM+1","floor":23},{"not_picked":["VitalstarS+1","DT"],"picked":"Greenorb+1","floor":24},{"not_picked":["VitalstarS","Millionkick"],"picked":"Goldorb","floor":25}],"player_experience":1132357,"relics_obtained":[{"floor":7,"key":"FossilizedHelix"},{"floor":9,"key":"Darkstone Periapt"},{"floor":13,"key":"Happy Flower"},{"floor":23,"key":"Incense Burner"},{"floor":25,"key":"Mummified Hand"}],"event_choices":[{"damage_healed":0,"gold_gain":75,"player_choice":"Gather Gold","damage_taken":11,"max_hp_gain":0,"max_hp_loss":0,"event_name":"World of Goop","floor":3,"gold_loss":0}],"is_beta":false,"boss_relics":[{"not_picked":["Pandora\u0027s Box","Empty Cage"],"picked":"Tiny House"}],"items_purged_floors":[],"is_endless":false,"potions_floor_spawned":[1,5,8,14,16,19,21,22,23],"killed_by":"Slavers","ascension_level":4}}