{"host":"61r95uy0hn86b9iu","time":1613527404,"event":{"mods":["AchievementEnabler","BaseMod","Better Vampires","BetterRewards","Colored Powertips","Hubris","Minty Spire (QoL Compilation)","Shop Mod","StSLib"],"gold_per_floor":[119,44,44,59,9,9,40,40,40,72,82,114,130,64,64,135,135,154,154,185,185,196,196,63,63,87,97,97,97,97],"floor_reached":29,"language":"ENG","playtime":1324,"items_purged":["Pain"],"score":686,"play_id":"7c4d41b7-f7f8-425d-9225-b8d2b393f964","local_time":"20210216200324","is_ascension_mode":true,"campfire_choices":[{"data":"Reinforced Body","floor":6.0,"key":"SMITH"},{"floor":8.0,"key":"REST"},{"data":"Capacitor","floor":15.0,"key":"SMITH"},{"floor":23.0,"key":"REST"},{"floor":25.0,"key":"REST"},{"floor":28.0,"key":"REST"}],"circlet_count":0,"master_deck":["AscendersBane","Strike_B","Strike_B","Strike_B","Defend_B","Defend_B","Defend_B","Defend_B","Zap","Dualcast","Consume","Sunder","Reinforced Body+1","Leap","Coolheaded","Capacitor+1","Conserve Battery","Defragment","Echo Form+1","Seek","Coolheaded","Aggregate","Double Energy","Self Repair","Buffer"],"relics":["Cracked Core","MerchantsRug","WarpedTongs","Dream Catcher","Centennial Puzzle","SacredBark","Red Mask"],"acts_visited":["Exordium","TheCity"],"potions_floor_usage":[],"damage_taken":[{"damage":6.0,"enemies":"Cultist","floor":1.0,"turns":3.0},{"damage":1.0,"enemies":"Jaw Worm","floor":4.0,"turns":3.0},{"damage":26.0,"enemies":"Gremlin Nob","floor":7.0,"turns":4.0},{"damage":12.0,"enemies":"Lagavulin","floor":10.0,"turns":7.0},{"damage":3.0,"enemies":"Small Slimes","floor":11.0,"turns":3.0},{"damage":19.0,"enemies":"3 Sentries","floor":12.0,"turns":8.0},{"damage":11.0,"enemies":"Looter","floor":13.0,"turns":3.0},{"damage":27.0,"enemies":"Hexaghost","floor":16.0,"turns":10.0},{"damage":26.0,"enemies":"Shell Parasite","floor":18.0,"turns":5.0},{"damage":38.0,"enemies":"Masked Bandits","floor":20.0,"turns":8.0},{"damage":16.0,"enemies":"Spheric Guardian","floor":22.0,"turns":8.0},{"damage":46.0,"enemies":"Cultist and Chosen","floor":27.0,"turns":8.0},{"damage":41,"enemies":"Chosen and Byrds","floor":29,"turns":4}],"seed_played":"-5346667348636390057","potions_obtained":[{"floor":4.0,"key":"Ancient Potion"},{"floor":7.0,"key":"Strength Potion"},{"floor":13.0,"key":"DuplicationPotion"},{"floor":22.0,"key":"LiquidBronze"}],"is_trial":false,"path_per_floor":["M","?","?","M","$","R","E","R","T","E","M","E","M","$","R","B",null,"M","?","?","?","M","R","$","R","T","M","R","M"],"character_chosen":"DEFECT","items_purchased":["Fruit Juice","Consume","Sunder","MerchantsRug","Lee\u0027s Waffle","Aggregate","BlessingOfTheForge"],"campfire_rested":4,"item_purchase_floors":[0,0,0,0,14,24,24],"current_hp_per_floor":[56,56,56,55,55,55,29,51,58,46,43,24,13,90,90,63,83,57,57,19,19,3,30,30,57,57,11,38,0,0],"gold":97,"neow_bonus":"","is_daily":false,"chose_seed":false,"campfire_upgraded":2,"win_rate":0.0,"timestamp":1613527404,"path_taken":["M","?","?","?","$","R","E","R","T","E","M","E","M","$","R","BOSS","M","?","?","?","M","R","$","R","T","M","R","M"],"items_purchased_type":["Potion","Card","Card","Relic","Relic","Card","Potion"],"build_version":"2020-12-22","purchased_purges":1,"victory":false,"max_hp_per_floor":[76,76,76,76,76,76,76,76,83,83,83,83,83,90,90,90,90,90,90,90,90,90,90,90,90,90,90,90,90,90],"card_choices":[{"not_picked":["Redo","Stack"],"picked":"Reinforced Body","floor":1.0},{"not_picked":["Gash","Rebound"],"picked":"Leap","floor":4.0},{"not_picked":["Hyperbeam","Force Field"],"picked":"Coolheaded","floor":7.0},{"not_picked":["Turbo","Reprogram"],"picked":"Capacitor","floor":8.0},{"not_picked":["Barrage","Hologram"],"picked":"Conserve Battery","floor":10.0},{"not_picked":["Coolheaded","Cold Snap"],"picked":"Defragment","floor":11.0},{"not_picked":["Defragment","Aggregate"],"picked":"Echo Form","floor":12.0},{"not_picked":["Rebound","Conserve Battery","Ball Lightning","Dropkick"],"picked":"SKIP","floor":13.0},{"not_picked":["Meteor Strike","Buffer"],"picked":"Seek","floor":16.0},{"not_picked":["Loop","Rebound"],"picked":"Coolheaded","floor":18.0},{"not_picked":["Streamline","Rebound","Rip and Tear"],"picked":"SKIP","floor":22.0},{"not_picked":["Redo","Storm+1"],"picked":"Double Energy","floor":25.0},{"not_picked":["Aggregate","hubris:PowerSurge+1"],"picked":"Self Repair","floor":27.0},{"not_picked":["Barrage","Heatsinks"],"picked":"Buffer","floor":28.0}],"player_experience":3359622,"relics_obtained":[{"floor":7.0,"key":"Dream Catcher"},{"floor":9.0,"key":"Strawberry"},{"floor":10.0,"key":"Centennial Puzzle"},{"floor":12.0,"key":"hubris:DisguiseKit"},{"floor":20.0,"key":"Red Mask"}],"event_choices":[{"cards_removed":["Steam Power"],"damage_healed":0.0,"max_hp_gain":0.0,"max_hp_loss":0.0,"gold_gain":0.0,"event_name":"The Cleric","player_choice":"Card Removal","floor":2.0,"gold_loss":75.0,"damage_taken":0.0},{"damage_healed":0.0,"max_hp_gain":0.0,"max_hp_loss":0.0,"gold_gain":0.0,"event_name":"Accursed Blacksmith","player_choice":"Rummage","floor":3.0,"gold_loss":0.0,"damage_taken":0.0,"relics_obtained":["WarpedTongs"],"cards_obtained":["Pain"]},{"damage_healed":0.0,"max_hp_gain":0.0,"max_hp_loss":0.0,"gold_gain":0.0,"event_name":"Vampires","player_choice":"Ignored","floor":19.0,"gold_loss":0.0,"damage_taken":0.0},{"damage_healed":0.0,"max_hp_gain":0.0,"max_hp_loss":0.0,"gold_gain":0.0,"event_name":"Masked Bandits","player_choice":"Fought Bandits","floor":20.0,"gold_loss":0.0,"damage_taken":0.0}],"is_beta":false,"boss_relics":[{"not_picked":["hubris:HollowSoul","hubris:CrackedHourglass"],"picked":"SacredBark"}],"items_purged_floors":[5],"is_endless":false,"potions_floor_spawned":[4,7,13,22],"killed_by":"Chosen and Byrds","ascension_level":19}}