{"host":"ln8zowmpyx5bxamj","time":1613538783,"event":{"mods":["Act Like it!","BaseMod","Colored Map","Conspire","Gensokyo","GifTheSpireLib","Hallownest","Hubris","Minty Spire (QoL Compilation)","Permanent Neow","Prisma Mod","Replay The Spire","StSLib"],"gold_per_floor":[118,132,132,150,150,167,200,226,238,282,294,306,153,167,167,286,286,300,210,210,125,146,182,205,205,229,248,291,311,68,84,84,214,214,234,234,134,155,174,207,232,279,326,44,71,97,97,97,97,109],"floor_reached":51,"language":"ENG","playtime":12802,"items_purged":["Parasite"],"score":586,"play_id":"86d900ab-318b-451f-8c48-268dee1b1f7b","local_time":"20210216231303","is_ascension_mode":false,"campfire_choices":[{"floor":12.0,"key":"REST"},{"floor":15.0,"key":"REST"},{"data":"PrismaMod:MiyuDefendChannelDefend","floor":25.0,"key":"SMITH"},{"data":"PrismaMod:MiyuEvokeAll","floor":32.0,"key":"SMITH"},{"data":"PrismaMod:MiyuCheapChannelHeal","floor":47,"key":"SMITH"},{"data":"PrismaMod:MiyuUncommonDexBuff","floor":49,"key":"SMITH"}],"circlet_count":0,"master_deck":["PrismaMod:MiyuCommonDefend+1","PrismaMod:MiyuCommonDefend+1","PrismaMod:MiyuCommonDefend+1","PrismaMod:MiyuCommonDefend+1","PrismaMod:MiyuCommonAttack+1","PrismaMod:MiyuCommonAttack+1","PrismaMod:MiyuCommonAttack+1","PrismaMod:MiyuCheapChannelAttack","PrismaMod:MiyuCheapChannelDefend","PrismaMod:MiyuCheapChannelVul","PrismaMod:MiyuUberAttack","PrismaMod:MiyuEvokeAll+1","PrismaMod:MiyuUncommonDefend","PrismaMod:MiyuCheapDexBuff","PrismaMod:MiyuUncommonDexBuff+1","PrismaMod:MiyuUncommonDexBuff","PrismaMod:MiyuUncommonAOEAttack","PrismaMod:MiyuUncommonStrBuff","PrismaMod:MiyuCheapChannelWeak","PrismaMod:MiyuCheapPlate","PrismaMod:MiyuDefendChannelDefend+1","PrismaMod:MiyuCheapChannelHeal","PrismaMod:MiyuDevil","PrismaMod:MiyuUberAOEAttack","PrismaMod:MiyuCheapDefend1+1","PrismaMod:MiyuCheapEvoke","PrismaMod:MiyuCheapDefend1","PrismaMod:MiyuUncommonPlate+1","PrismaMod:MiyuEvokeAllDefend","PrismaMod:MiyuCheapChannelHeal+1","Iron Wave","PrismaMod:MiyuUncommonStrBuff","PrismaMod:MiyuUncommonAttack+1"],"relics":["PrismaMod:PrismaSapphire","hubris:MedicalManual","MawBank","Letter Opener","hubris:OldNail","Golden Idol","ChewingGum","Vajra","Chameleon Ring","Bag of Marbles","hubris:TenFootPole","Kunai","Black Star","InkBottle","Replay:Bandana","Pet Ghost","White Beast Statue","Strawberry","ReplayTheSpireMod:Lightbulb"],"acts_visited":["Exordium","TheCity","TheBeyond"],"potions_floor_usage":[40,42,50,50],"damage_taken":[{"damage":0.0,"enemies":"conspire:RoseBush","floor":1.0,"turns":4.0},{"damage":0.0,"enemies":"Jaw Worm","floor":2.0,"turns":5.0},{"damage":0.0,"enemies":"Cultist","floor":4.0,"turns":4.0},{"damage":0.0,"enemies":"Blue Slaver","floor":6.0,"turns":8.0},{"damage":7.0,"enemies":"3 Sentries","floor":7.0,"turns":13.0},{"damage":0.0,"enemies":"3 Louse","floor":8.0,"turns":5.0},{"damage":45.0,"enemies":"Gremlin Nob","floor":10.0,"turns":8.0},{"damage":0.0,"enemies":"conspire:2 RoseBushes","floor":14.0,"turns":5.0},{"damage":26.0,"enemies":"Slime Boss","floor":16.0,"turns":10.0},{"damage":2.0,"enemies":"Chosen","floor":18.0,"turns":7.0},{"damage":13.0,"enemies":"2 Thieves","floor":19.0,"turns":5.0},{"damage":0.0,"enemies":"conspire:HollyBat","floor":22.0,"turns":8.0},{"damage":21.0,"enemies":"conspire:SneckoGhost","floor":23.0,"turns":9.0},{"damage":23.0,"enemies":"3 Cultists","floor":24.0,"turns":7.0},{"damage":0.0,"enemies":"Snecko","floor":27.0,"turns":4.0},{"damage":0.0,"enemies":"conspire:Head Lice","floor":28.0,"turns":5.0},{"damage":9.0,"enemies":"Snake Plant","floor":29.0,"turns":6.0},{"damage":0.0,"enemies":"Chosen and Byrds","floor":31.0,"turns":9.0},{"damage":10.0,"enemies":"Champ","floor":33.0,"turns":11.0},{"damage":8,"enemies":"Orb Walker","floor":35,"turns":6},{"damage":1,"enemies":"3 Shapes","floor":38,"turns":3},{"damage":0,"enemies":"Writhing Mass","floor":39,"turns":6},{"damage":28,"enemies":"Reptomancer","floor":40,"turns":11},{"damage":6,"enemies":"Spire Growth","floor":41,"turns":6},{"damage":19,"enemies":"Giant Head","floor":42,"turns":9},{"damage":0,"enemies":"Jaw Worm Horde","floor":45,"turns":1},{"damage":0,"enemies":"3 Darklings","floor":46,"turns":3},{"damage":13,"enemies":"Replay:Hell Engine","floor":50,"turns":15}],"seed_played":"-3766818011247864663","potions_obtained":[{"floor":4.0,"key":"conspire:TimeTravelPotion"},{"floor":6.0,"key":"LifebloodPotion"},{"floor":16.0,"key":"SpeedPotion"},{"floor":22.0,"key":"SteroidPotion"},{"floor":23.0,"key":"FearPotion"},{"floor":27.0,"key":"Swift Potion"},{"floor":29.0,"key":"conspire:TimeTravelPotion"},{"floor":39,"key":"Fire Potion"},{"floor":40,"key":"Elixir"},{"floor":42,"key":"Venom Potion"},{"floor":45,"key":"conspire:TimeTravelPotion"}],"is_trial":false,"path_per_floor":["M","M","?","M","?","M","E","M","T","E","?","R","$","M","R","B",null,"M","M","?","?","M","E","M","R","T","M","E","M","$","M","R","B",null,"M","?","NS","M","M","E","M","E","T","$","M","M","R","$","R","B",null],"character_chosen":"MIYU","items_purchased":["PrismaMod:MiyuUncommonAOEAttack","PrismaMod:MiyuUncommonStrBuff","PrismaMod:MiyuCheapChannelWeak","Kunai","ReplayTheSpireMod:Lightbulb"],"campfire_rested":2,"item_purchase_floors":[13,13,13,30,44],"current_hp_per_floor":[54,54,47,51,75,75,73,75,75,34,16,38,38,42,64,42,75,73,65,65,65,74,54,40,40,40,40,49,49,49,58,58,65,75,75,75,75,74,75,61,64,59,66,66,66,66,66,66,66,76],"gold":109,"neow_bonus":"ONE_RARE_RELIC","is_daily":false,"chose_seed":false,"campfire_upgraded":4,"win_rate":0.0,"timestamp":1613538783,"path_taken":["M","M","?","M","?","M","E","?","T","E","?","R","$","M","R","BOSS","M","M","?","?","M","E","M","R","T","M","E","M","$","M","R","BOSS","M","?","NS","M","M","E","M","E","T","$","?","M","R","$","R","BOSS"],"items_purchased_type":["Card","Card","Card","Relic","Relic"],"build_version":"2020-12-22","purchased_purges":1,"victory":true,"max_hp_per_floor":[75,75,75,75,75,75,75,75,75,75,75,75,75,75,75,75,75,75,75,75,75,75,75,75,75,75,75,75,75,75,75,75,75,75,75,75,75,75,75,75,75,75,82,79,79,79,79,79,79,79],"card_choices":[{"not_picked":["PrismaMod:MiyuMaid","PrismaMod:MiyuUncommonAttack"],"picked":"PrismaMod:MiyuCheapChannelVul","floor":1.0},{"not_picked":["PrismaMod:MiyuDefenseExplosion","PrismaMod:MiyuEvokeBuffStr"],"picked":"PrismaMod:MiyuUberAttack","floor":2.0},{"not_picked":["PrismaMod:MiyuChristmas","PrismaMod:MiyuCheapStrBuff"],"picked":"PrismaMod:MiyuEvokeAll","floor":4.0},{"not_picked":["PrismaMod:MiyuCommonAOEAttack","PrismaMod:MiyuUberAOEAttack"],"picked":"PrismaMod:MiyuUncommonDefend","floor":6.0},{"not_picked":["PrismaMod:MiyuCheapAttack1","PrismaMod:MiyuChristmas"],"picked":"PrismaMod:MiyuCheapDexBuff","floor":7.0},{"not_picked":["PrismaMod:MiyuCheapChannelAttack","PrismaMod:MiyuUncommonAttack"],"picked":"PrismaMod:MiyuUncommonDexBuff","floor":8.0},{"not_picked":["PrismaMod:MiyuCheapAttack2","PrismaMod:MiyuCommonAOEAttack"],"picked":"PrismaMod:MiyuUncommonDexBuff","floor":10.0},{"not_picked":["PrismaMod:MiyuEvokeBuffStr","PrismaMod:MiyuCheapAttack1"],"picked":"PrismaMod:MiyuCheapPlate","floor":14.0},{"not_picked":["PrismaMod:MiyuChannelAttackEvoke","PrismaMod:MiyuEvokeAllAttack"],"picked":"PrismaMod:MiyuDefendChannelDefend","floor":16.0},{"not_picked":["PrismaMod:MiyuMaid","PrismaMod:MiyuDevil+1"],"picked":"PrismaMod:MiyuCheapChannelHeal","floor":18.0},{"not_picked":["PrismaMod:MiyuCheapChannelDefend","PrismaMod:MiyuCheapAttack2"],"picked":"PrismaMod:MiyuDevil","floor":19.0},{"not_picked":["PrismaMod:MiyuCheapStrBuff","PrismaMod:MiyuDefenseExplosion"],"picked":"PrismaMod:MiyuUberAOEAttack","floor":22.0},{"not_picked":["PrismaMod:MiyuUncommonDexBuff+1","PrismaMod:MiyuAttackChannelWeak"],"picked":"PrismaMod:MiyuCheapDefend1+1","floor":23.0},{"not_picked":["PrismaMod:MiyuOrbIncreasePerm+1","PrismaMod:MiyuCheapChannelVul"],"picked":"PrismaMod:MiyuCheapEvoke","floor":24.0},{"not_picked":["PrismaMod:MiyuDefenseRemoval","PrismaMod:MiyuCarnivalAttack"],"picked":"PrismaMod:MiyuCheapDefend1","floor":27.0},{"not_picked":["PrismaMod:MiyuEvokeCheapAttack","PrismaMod:MiyuCheapChannelVul+1","PrismaMod:MiyuEvokeBuffDex+1"],"picked":"SKIP","floor":28.0},{"not_picked":["PrismaMod:MiyuCheapChannelWeak+1","PrismaMod:MiyuDevil"],"picked":"PrismaMod:MiyuDefenseExplosion+1","floor":29.0},{"not_picked":["PrismaMod:MiyuCheapChannelRandom","PrismaMod:MiyuDefenseRemoval"],"picked":"PrismaMod:MiyuUncommonPlate+1","floor":31.0},{"not_picked":["PrismaMod:MiyuUberDefend","PrismaMod:MiyuCheapDefend2"],"picked":"PrismaMod:MiyuEvokeAllDefend","floor":33.0},{"not_picked":["PrismaMod:MiyuUncommonAOEAttack","PrismaMod:MiyuEvokeCheapAttack+1"],"picked":"PrismaMod:MiyuCheapChannelHeal","floor":35},{"not_picked":["PrismaMod:MiyuCarnivalAttack+1","PrismaMod:MiyuEvokeBuffStr+1"],"picked":"PrismaMod:MiyuUncommonStrBuff","floor":38},{"not_picked":["PrismaMod:MiyuCheapChannelVul","PrismaMod:MiyuCommonAOEAttack+1","PrismaMod:MiyuChristmas"],"picked":"SKIP","floor":39},{"not_picked":["PrismaMod:MiyuEvokeCheapAttack","PrismaMod:MiyuCheapStrBuff","PrismaMod:MiyuCheapEvoke+1"],"picked":"SKIP","floor":40},{"not_picked":["PrismaMod:MiyuCheapAttack1","PrismaMod:MiyuChristmas"],"picked":"PrismaMod:MiyuUncommonAttack+1","floor":41},{"not_picked":["PrismaMod:MiyuEvokeAll","PrismaMod:MiyuEvokeBuffDex+1","PrismaMod:MiyuCheapChannelWeak"],"picked":"SKIP","floor":42},{"not_picked":["PrismaMod:MiyuUncommonDexBuff","PrismaMod:MiyuCheapEvoke","PrismaMod:MiyuCheapAttack1"],"picked":"SKIP","floor":45},{"not_picked":["PrismaMod:MiyuDefendChannelDefend","PrismaMod:MiyuDevil","PrismaMod:MiyuEvokeCheapDefend"],"picked":"SKIP","floor":46}],"player_experience":432796,"relics_obtained":[{"floor":7.0,"key":"MawBank"},{"floor":9.0,"key":"Letter Opener"},{"floor":10.0,"key":"hubris:OldNail"},{"floor":23.0,"key":"Chameleon Ring"},{"floor":26.0,"key":"Bag of Marbles"},{"floor":28.0,"key":"hubris:TenFootPole"},{"floor":40,"key":"InkBottle"},{"floor":40,"key":"Replay:Bandana"},{"floor":42,"key":"Pet Ghost"},{"floor":42,"key":"White Beast Statue"},{"floor":43,"key":"Strawberry"}],"event_choices":[{"cards_removed":["PrismaMod:MiyuCommonAttack"],"damage_healed":0.0,"max_hp_gain":0.0,"max_hp_loss":0.0,"gold_gain":0.0,"event_name":"Golden Wing","player_choice":"Card Removal","floor":3.0,"gold_loss":0.0,"damage_taken":7.0},{"damage_healed":24.0,"max_hp_gain":0.0,"max_hp_loss":0.0,"gold_gain":0.0,"event_name":"Wheel of Change","player_choice":"Full Heal","floor":5.0,"gold_loss":0.0,"damage_taken":0.0},{"damage_healed":0.0,"max_hp_gain":0.0,"max_hp_loss":0.0,"gold_gain":0.0,"event_name":"Golden Idol","player_choice":"Take Damage","floor":11.0,"gold_loss":0.0,"damage_taken":18.0,"relics_obtained":["Golden Idol"]},{"damage_healed":0.0,"max_hp_gain":0.0,"max_hp_loss":0.0,"gold_gain":0.0,"event_name":"Back to Basics","player_choice":"Simplicity","floor":20.0,"gold_loss":0.0,"damage_taken":0.0,"cards_upgraded":["PrismaMod:MiyuCommonDefend","PrismaMod:MiyuCommonDefend","PrismaMod:MiyuCommonDefend","PrismaMod:MiyuCommonDefend","PrismaMod:MiyuCommonDefend","PrismaMod:MiyuCommonAttack","PrismaMod:MiyuCommonAttack","PrismaMod:MiyuCommonAttack","PrismaMod:MiyuCommonAttack"]},{"damage_healed":0.0,"max_hp_gain":0.0,"max_hp_loss":0.0,"gold_gain":0.0,"event_name":"Addict","player_choice":"Obtained Relic","floor":21.0,"gold_loss":85.0,"damage_taken":0.0,"relics_obtained":["Vajra"]},{"cards_removed":["PrismaMod:MiyuDefenseExplosion"],"damage_healed":0,"gold_gain":0,"player_choice":"Took Card","damage_taken":0,"max_hp_gain":0,"max_hp_loss":0,"event_name":"NoteForYourself","floor":36,"gold_loss":0,"cards_obtained":["Iron Wave"]}],"is_beta":false,"boss_relics":[{"not_picked":["Velvet Choker","hubris:BlackHole"],"picked":"ChewingGum"},{"not_picked":["SlaversCollar","Runic Dome"],"picked":"Black Star"}],"items_purged_floors":[44],"is_endless":false,"potions_floor_spawned":[4,6,16,22,23,27,29,39,40,42,45,46],"ascension_level":0}}