{"host":"r0egjz7yisbmym81","time":1613535057,"event":{"mods":["ATMod(°¢èªMod)","Act Like it!","BaseMod","Downfall","Minty Spire (QoL Compilation)","Quick Restart","Relic Stats","Spicy Shops","StSLib"],"gold_per_floor":[118,136,150,425,440,458,458,475,475,93,126,140,150,150,150,246,246,259,276,276,286,286,313,313,161,212,225,238,238,238,253,253,352,352,368,368,378,394,130,130,162,162,189,224,99,115,230,230,230,355],"floor_reached":51,"language":"ZHS","playtime":3952,"items_purged":["Regret","downfall:Bewildered","Pain"],"score":957,"play_id":"fe205a6b-7500-48ad-a3be-7071038acbb9","local_time":"20210217121057","is_ascension_mode":false,"campfire_choices":[{"data":"AT_MachinaRedman","floor":7.0,"key":"SMITH"},{"data":"bronze:GetLatest","floor":15.0,"key":"SMITH"},{"data":"bronze:FindAndReplace","floor":24.0,"key":"SMITH"},{"data":"bronze:GetLatest","floor":32.0,"key":"SMITH"},{"data":"bronze:ThunderWave","floor":40.0,"key":"SMITH"},{"data":"bronze:Shell","floor":42.0,"key":"SMITH"},{"floor":49,"key":"REST"}],"circlet_count":0,"master_deck":["bronze:Strike","bronze:Strike","bronze:Strike","bronze:Defend","bronze:Defend","bronze:Defend","bronze:Defend","bronze:Replicate","bronze:Goto","AT_MachinaRedman+1","bronze:FollowUp","bronze:CutThrough","bronze:Deprecate","bronze:GetLatest+1","bronze:BronzeOrb","bronze:FindAndReplace+1","bronze:BugBarrage","bronze:Backtrace+1","bronze:Format","RitualDagger","bronze:GetLatest+1","bronze:Branch","bronze:Shell+1","bronze:Shield+1","bronze:ThunderWave+1","CurseOfTheBell","bronze:FineTuning+1","bronze:CutThrough","bronze:GetLatest","bronze:Branch","bronze:Optimize","Guardian:Gem_Purple","champ:ArenaPreparation+1","Reprogram+1","hexamod:NightmareGuise"],"relics":["bronze:BronzeCore","AT_ATBox","Regal Pillow","AT_Manta","AT_ArcaneBoots","Strange Spoon","StoneCalendar","Cursed Key","sneckomod:BabySnecko","AT_RedTearstoneRing","Toy Ornithopter","Spirit Poop","Calling Bell","AT_ChloranthyRing","Pear","Calipers","PrismaticShard","OrangePellets","AT_RedNoBalance","AT_BellDemon","Blood Vial","MealTicket","AT_MibuBalloonWealth","AT_ArchangelStaff"],"acts_visited":["Exordium","TheCity","TheBeyond"],"potions_floor_usage":[],"damage_taken":[{"damage":2.0,"enemies":"Small Slimes","floor":1.0,"turns":3.0},{"damage":0.0,"enemies":"Cultist","floor":2.0,"turns":2.0},{"damage":11.0,"enemies":"Jaw Worm","floor":3.0,"turns":2.0},{"damage":3.0,"enemies":"Large Slime","floor":5.0,"turns":5.0},{"damage":0.0,"enemies":"Exordium Wildlife","floor":6.0,"turns":2.0},{"damage":3.0,"enemies":"Looter","floor":8.0,"turns":4.0},{"damage":0.0,"enemies":"3 Sentries","floor":11.0,"turns":2.0},{"damage":1.0,"enemies":"2 Fungi Beasts","floor":12.0,"turns":2.0},{"damage":0.0,"enemies":"Exordium Thugs","floor":13.0,"turns":7.0},{"damage":0.0,"enemies":"Slime Boss","floor":16.0,"turns":5.0},{"damage":0.0,"enemies":"3 Byrds","floor":18.0,"turns":3.0},{"damage":0.0,"enemies":"Chosen","floor":19.0,"turns":2.0},{"damage":0.0,"enemies":"3 Cultists","floor":21.0,"turns":1.0},{"damage":0.0,"enemies":"Slavers","floor":23.0,"turns":3.0},{"damage":0.0,"enemies":"Centurion and Healer","floor":27.0,"turns":7.0},{"damage":0.0,"enemies":"Snake Plant","floor":28.0,"turns":5.0},{"damage":0.0,"enemies":"Shelled Parasite and Fungi","floor":31.0,"turns":2.0},{"damage":0.0,"enemies":"Automaton","floor":33.0,"turns":7.0},{"damage":0.0,"enemies":"3 Darklings","floor":35.0,"turns":1.0},{"damage":5.0,"enemies":"3 Shapes","floor":37.0,"turns":2.0},{"damage":0.0,"enemies":"3 Darklings","floor":38.0,"turns":1.0},{"damage":0.0,"enemies":"Nemesis","floor":41.0,"turns":3.0},{"damage":12,"enemies":"Giant Head","floor":44,"turns":4},{"damage":2,"enemies":"Jaw Worm Horde","floor":46,"turns":3},{"damage":3,"enemies":"4 Shapes","floor":47,"turns":2},{"damage":32,"enemies":"Awakened One","floor":50,"turns":4}],"seed_played":"-1769542951886056275","potions_obtained":[{"floor":3.0,"key":"LiquidBronze"},{"floor":5.0,"key":"SpeedPotion"},{"floor":8.0,"key":"SteroidPotion"},{"floor":11.0,"key":"bronze:CleanCodePotion"},{"floor":12.0,"key":"bronze:BurnAndBuffPotion"}],"is_trial":false,"path_per_floor":["M","M","M","?","M","M","R","M","T","$","E","M","M","?","R","B",null,"M","M","?","M","?","E","R","$","T","M","M","?","?","M","R","B",null,"M","?","M","M","$","R","E","R","T","E","$","M","M","?","R","B",null],"character_chosen":"THE_AUTOMATON","items_purchased":["AT_Manta","AT_SpeedBoots","Strange Spoon","bronze:Branch","PrismaticShard","bronze:Optimize","OrangePellets"],"campfire_rested":1,"item_purchase_floors":[10,10,10,25,39,39,39],"current_hp_per_floor":[75,75,64,64,61,61,61,58,58,58,58,57,57,62,62,62,82,82,82,82,82,76,76,76,76,76,76,76,76,76,76,76,76,92,92,92,87,87,87,87,87,87,87,34,49,46,45,45,87,36],"gold":355,"neow_bonus":"TEN_PERCENT_HP_BONUS","is_daily":false,"chose_seed":false,"campfire_upgraded":6,"win_rate":0.0,"timestamp":1613535057,"path_taken":["M","M","M","?","M","M","R","M","T","$","E","?","M","?","R","BOSS","M","M","?","M","?","E","R","?","T","M","M","?","?","M","R","BOSS","M","?","M","M","$","R","E","R","T","E","$","M","M","?","R","BOSS"],"items_purchased_type":["Relic","Relic","Relic","Card","Relic","Card","Relic"],"build_version":"2020-12-22","purchased_purges":3,"victory":true,"max_hp_per_floor":[77,77,77,77,77,77,77,77,77,77,77,77,77,82,82,82,82,82,82,82,82,82,82,82,82,82,82,82,82,82,82,82,82,92,92,92,92,92,92,92,92,92,92,92,92,92,92,92,92,92],"relic_stats":{"Blood Vial":6,"Strange Spoon":[76],"OrangePellets":[4],"Regal Pillow":15,"counters":[26,84],"StoneCalendar":[0],"MealTicket":15,"Cursed Key":2,"obtain_stats":[{"AT_BellDemon":43,"Regal Pillow":9,"bronze:BronzeCore":0,"AT_ATBox":0,"Calipers":34,"AT_MibuBalloonWealth":46,"Spirit Poop":30,"StoneCalendar":11,"AT_ArcaneBoots":28,"Cursed Key":17,"PrismaticShard":39,"AT_ArchangelStaff":47,"Blood Vial":44,"MealTicket":44,"AT_RedNoBalance":50,"AT_ChloranthyRing":34,"AT_RedTearstoneRing":23,"Pear":34,"AT_Manta":10,"AT_SilverBalance":41,"Calling Bell":34,"Strange Spoon":10,"sneckomod:BabySnecko":20,"OrangePellets":39,"AT_SpeedBoots":10,"Toy Ornithopter":26},{"AT_BellDemon":22,"Regal Pillow":6,"bronze:BronzeCore":0,"AT_ATBox":0,"Calipers":18,"AT_MibuBalloonWealth":24,"Spirit Poop":16,"StoneCalendar":7,"AT_ArcaneBoots":16,"Cursed Key":10,"PrismaticShard":21,"AT_ArchangelStaff":25,"Blood Vial":23,"MealTicket":23,"AT_RedNoBalance":26,"AT_ChloranthyRing":18,"AT_RedTearstoneRing":14,"Pear":18,"AT_Manta":6,"AT_SilverBalance":22,"Calling Bell":18,"Strange Spoon":6,"sneckomod:BabySnecko":12,"OrangePellets":21,"AT_SpeedBoots":6,"Toy Ornithopter":14},{"AT_BellDemon":71,"Regal Pillow":18,"bronze:BronzeCore":0,"AT_ATBox":0,"Calipers":64,"AT_MibuBalloonWealth":78,"Spirit Poop":55,"StoneCalendar":20,"AT_ArcaneBoots":54,"Cursed Key":34,"PrismaticShard":68,"AT_ArchangelStaff":80,"Blood Vial":75,"MealTicket":75,"AT_RedNoBalance":80,"AT_ChloranthyRing":64,"AT_RedTearstoneRing":43,"Pear":64,"AT_Manta":18,"AT_SilverBalance":71,"Calling Bell":64,"Strange Spoon":18,"sneckomod:BabySnecko":39,"OrangePellets":68,"AT_SpeedBoots":18,"Toy Ornithopter":43}],"Toy Ornithopter":0},"card_choices":[{"not_picked":["bronze:WildBeam","bronze:BuggyMess"],"picked":"bronze:FollowUp","floor":1.0},{"not_picked":["bronze:OilSpill","bronze:ChildClass"],"picked":"bronze:CutThrough","floor":2.0},{"not_picked":["bronze:Allocate","bronze:DarkDash"],"picked":"bronze:Deprecate","floor":3.0},{"not_picked":["bronze:CloningBeam","bronze:WildBeam","bronze:Overheat"],"picked":"SKIP","floor":5.0},{"not_picked":["bronze:BitShift","bronze:FineTuning","bronze:CutThrough"],"picked":"SKIP","floor":6.0},{"not_picked":["bronze:WildBeam","bronze:OilSpill"],"picked":"bronze:GetLatest","floor":8.0},{"not_picked":["bronze:RecursiveStrike","bronze:BuggyMess","bronze:DelayedGuard"],"picked":"SKIP","floor":11.0},{"not_picked":["bronze:CloningBeam","bronze:ClassDefault"],"picked":"bronze:BronzeOrb","floor":12.0},{"not_picked":["bronze:DigitalCarnage","bronze:WhirlingStrike"],"picked":"bronze:ItsAFeature","floor":13.0},{"not_picked":["bronze:ThunderWave","bronze:Mutator"],"picked":"bronze:FindAndReplace","floor":16.0},{"not_picked":["bronze:CutThrough","bronze:Iterate"],"picked":"bronze:BugBarrage","floor":18.0},{"not_picked":["bronze:Turbo+1","bronze:DelayedSlice"],"picked":"bronze:Backtrace+1","floor":19.0},{"not_picked":["bronze:Optimize","bronze:CutThrough"],"picked":"bronze:Format","floor":21.0},{"not_picked":["bronze:Iterate+1","bronze:Boost"],"picked":"bronze:GetLatest","floor":23.0},{"not_picked":["bronze:Iterate+1","bronze:DelayedSlice"],"picked":"bronze:Shell","floor":27.0},{"not_picked":["bronze:Philosophize+1","bronze:DelayedGuard+1"],"picked":"bronze:Shield+1","floor":28.0},{"not_picked":["bronze:Turbo+1","bronze:Flail","bronze:DelayedSlice"],"picked":"SKIP","floor":31.0},{"not_picked":["bronze:CleanCode","bronze:Mutator"],"picked":"bronze:ThunderWave","floor":33.0},{"not_picked":["bronze:Deprecate","bronze:WhirlingStrike+1"],"picked":"bronze:FineTuning+1","floor":35.0},{"not_picked":["bronze:WildBeam+1","bronze:Deprecate"],"picked":"bronze:GetLatest","floor":37.0},{"not_picked":["bronze:WhirlingStrike+1","bronze:BurnOut"],"picked":"bronze:Branch","floor":38.0},{"not_picked":["Dagger Throw","Fusion"],"picked":"Guardian:Gem_Purple","floor":41.0},{"not_picked":["Slimebound:RollThrough","Slimebound:ItLooksTasty"],"picked":"champ:ArenaPreparation+1","floor":44},{"not_picked":["hexamod:ShieldOfDarkness+1","Guardian:Planning+1"],"picked":"Reprogram+1","floor":46},{"not_picked":["AT_GerminateFire+1","Guardian:ShieldCharger+1"],"picked":"hexamod:NightmareGuise","floor":47}],"player_experience":36646,"relics_obtained":[{"floor":9.0,"key":"Regal Pillow"},{"floor":11.0,"key":"StoneCalendar"},{"floor":23.0,"key":"AT_RedTearstoneRing"},{"floor":26.0,"key":"Toy Ornithopter"},{"floor":34.0,"key":"AT_ChloranthyRing"},{"floor":34.0,"key":"Pear"},{"floor":34.0,"key":"Calipers"},{"floor":41.0,"key":"AT_SilverBalance"},{"floor":43.0,"key":"AT_BellDemon"},{"floor":44,"key":"Blood Vial"},{"floor":44,"key":"MealTicket"},{"floor":46,"key":"AT_MibuBalloonWealth"},{"floor":47,"key":"AT_ArchangelStaff"}],"event_choices":[{"damage_healed":0.0,"max_hp_gain":0.0,"max_hp_loss":0.0,"gold_gain":275.0,"event_name":"Golden Shrine","player_choice":"Desecrate","floor":4.0,"gold_loss":0.0,"damage_taken":0.0,"cards_obtained":["Regret"]},{"damage_healed":0.0,"max_hp_gain":5.0,"max_hp_loss":0.0,"gold_gain":0.0,"event_name":"Big Fish","player_choice":"Donut","floor":14.0,"gold_loss":0.0,"damage_taken":0.0},{"damage_healed":0.0,"max_hp_gain":0.0,"max_hp_loss":0.0,"gold_gain":0.0,"event_name":"Nest","player_choice":"Joined the Cult","floor":22.0,"gold_loss":0.0,"damage_taken":6.0,"cards_obtained":["RitualDagger"]},{"damage_healed":0.0,"max_hp_gain":0.0,"max_hp_loss":0.0,"gold_gain":0.0,"event_name":"Vampires","player_choice":"Ignored","floor":29.0,"gold_loss":0.0,"damage_taken":0.0},{"cards_removed":["downfall:Haunted"],"damage_healed":0.0,"max_hp_gain":0.0,"max_hp_loss":0.0,"gold_gain":0.0,"event_name":"Bonfire Elementals","player_choice":"Offered Curse","floor":30.0,"gold_loss":0.0,"damage_taken":0.0,"relics_obtained":["Spirit Poop"]},{"cards_removed":["bronze:ItsAFeature"],"damage_healed":0,"gold_gain":0,"player_choice":"Removed Power","damage_taken":0,"max_hp_gain":0,"max_hp_loss":0,"event_name":"Falling","floor":48,"gold_loss":0}],"is_beta":false,"boss_relics":[{"not_picked":["AT_TrinityForce","Black Star"],"picked":"Cursed Key"},{"not_picked":["Fusion Hammer","Velvet Choker"],"picked":"Calling Bell"}],"items_purged_floors":[10,25,45],"is_endless":false,"potions_floor_spawned":[3,5,8,11,12,19,21,23,27,33,35,37],"ascension_level":0}}