{"host":"6ulps5ednfgqn0to","time":1613582038,"event":{"mods":["AchievementEnabler","BaseMod","Colored Map","Highlight Path","Minty Spire (QoL Compilation)","Relic Sorter","Relic Stats","StSLib"],"gold_per_floor":[119,129,147,147,72,72,97,97,97,115,290,319,319,337,337,440,440,450,205,218,235,247,247,259,288,288,288,307,337,5,34,34,136,136,147,163,163,210,83,108,124,48,48,48,48,75,85,0,0,0],"floor_reached":51,"language":"ENG","playtime":2163,"items_purged":["Dualcast","Doubt","Strike_B"],"score":900,"play_id":"ece58942-b996-4b68-b38c-644f5db3e56f","local_time":"20210217191357","is_ascension_mode":false,"campfire_choices":[{"data":"Rebound","floor":6,"key":"SMITH"},{"floor":8,"key":"REST"},{"floor":13,"key":"REST"},{"data":"Beam Cell","floor":15,"key":"SMITH"},{"floor":23,"key":"REST"},{"floor":32,"key":"REST"},{"data":"Buffer","floor":44,"key":"SMITH"},{"data":"Go for the Eyes","floor":49,"key":"SMITH"}],"circlet_count":0,"master_deck":["Defend_B","Defend_B","Defend_B","Zap","Rebound+1","Gash","Gash","Glacier","All For One","Beam Cell+1","Rebound","Machine Learning","Leap+1","Gash","Go for the Eyes+1","Streamline+1","Gash","Hologram+1","All For One","Leap+1","Beam Cell+1","Dark Shackles","Gash+1","FTL","Steam Power+1","Buffer+1","Gash+1"],"relics":["Cracked Core","Unceasing Top","Bottled Flame","Regal Pillow","Philosopher\u0027s Stone","Omamori","Eternal Feather","Nloth\u0027s Gift","Shuriken","Membership Card","Torii","Anchor","Empty Cage","Prayer Wheel","Darkstone Periapt","ClockworkSouvenir","Molten Egg 2","Bottled Lightning","Letter Opener","Red Mask"],"acts_visited":["Exordium","TheCity","TheBeyond"],"potions_floor_usage":[12,21,25,25,29,29,31,31,50],"damage_taken":[{"damage":1,"enemies":"Jaw Worm","floor":1,"turns":3},{"damage":1,"enemies":"Cultist","floor":2,"turns":3},{"damage":0,"enemies":"2 Louse","floor":3,"turns":2},{"damage":30,"enemies":"3 Sentries","floor":7,"turns":7},{"damage":8,"enemies":"Gremlin Gang","floor":10,"turns":4},{"damage":25,"enemies":"Gremlin Nob","floor":12,"turns":5},{"damage":3,"enemies":"3 Louse","floor":14,"turns":3},{"damage":9,"enemies":"Slime Boss","floor":16,"turns":10},{"damage":6,"enemies":"Shell Parasite","floor":18,"turns":4},{"damage":2,"enemies":"Chosen","floor":20,"turns":4},{"damage":17,"enemies":"3 Cultists","floor":21,"turns":4},{"damage":21,"enemies":"Cultist and Chosen","floor":22,"turns":6},{"damage":41,"enemies":"Snake Plant","floor":24,"turns":5},{"damage":0,"enemies":"Gremlin Leader","floor":25,"turns":5},{"damage":6,"enemies":"Centurion and Healer","floor":28,"turns":4},{"damage":4,"enemies":"Slavers","floor":29,"turns":3},{"damage":18,"enemies":"Book of Stabbing","floor":31,"turns":4},{"damage":15,"enemies":"Champ","floor":33,"turns":5},{"damage":16,"enemies":"3 Darklings","floor":35,"turns":3},{"damage":0,"enemies":"Orb Walker","floor":36,"turns":2},{"damage":8,"enemies":"2 Orb Walkers","floor":38,"turns":4},{"damage":1,"enemies":"Nemesis","floor":40,"turns":4},{"damage":0,"enemies":"Writhing Mass","floor":41,"turns":3},{"damage":0,"enemies":"Giant Head","floor":46,"turns":2},{"damage":0,"enemies":"3 Darklings","floor":47,"turns":2},{"damage":0,"enemies":"Donu and Deca","floor":50,"turns":5}],"seed_played":"6805608433247034436","potions_obtained":[{"floor":3,"key":"SpeedPotion"},{"floor":4,"key":"DistilledChaos"},{"floor":4,"key":"Regen Potion"},{"floor":12,"key":"EntropicBrew"},{"floor":21,"key":"EssenceOfSteel"},{"floor":29,"key":"Regen Potion"},{"floor":36,"key":"Block Potion"},{"floor":38,"key":"FocusPotion"}],"is_trial":false,"path_per_floor":["M","M","M","?","$","R","E","R","T","M","?","E","R","M","R","B",null,"M","$","M","M","M","R","M","E","T","?","M","E","$","E","R","B",null,"M","M","?","?","$","E","M","$","T","R","T","E","M","?","R","B",null],"character_chosen":"DEFECT","items_purchased":["Omamori","Membership Card","Torii","Regen Potion","SpeedPotion","FTL","ClockworkSouvenir"],"campfire_rested":4,"item_purchase_floors":[19,30,30,30,39,39,42],"current_hp_per_floor":[53,52,52,52,52,52,22,44,44,36,36,16,53,50,50,41,75,69,69,67,50,29,66,25,25,25,25,19,15,15,24,73,58,75,59,59,59,51,51,50,50,50,50,65,65,65,65,65,75,75],"gold":0,"neow_bonus":"REMOVE_TWO","is_daily":false,"chose_seed":false,"campfire_upgraded":4,"win_rate":0.0,"timestamp":1613582037,"path_taken":["M","M","M","?","?","R","E","R","T","M","?","E","R","M","R","BOSS","M","$","M","M","M","R","M","E","T","?","M","E","$","E","R","BOSS","M","?","?","?","$","E","M","?","T","R","?","E","M","?","R","BOSS"],"items_purchased_type":["Relic","Relic","Relic","Potion","Potion","Card","Relic"],"build_version":"2020-12-22","purchased_purges":3,"victory":true,"max_hp_per_floor":[75,75,75,75,75,75,75,75,75,75,75,75,75,75,75,75,75,75,75,75,75,75,75,75,75,75,75,75,75,75,75,75,75,75,75,75,75,75,75,75,75,75,75,75,75,75,75,75,75,75],"relic_stats":{"Darkstone Periapt":0,"Regal Pillow":45,"Torii":13,"counters":[26,106],"Shuriken":[51],"Eternal Feather":37,"Prayer Wheel":2,"Nloth\u0027s Gift":3,"Letter Opener":[40],"obtain_stats":[{"Darkstone Periapt":40,"Regal Pillow":12,"Torii":30,"Eternal Feather":26,"Omamori":19,"Letter Opener":46,"Empty Cage":34,"ClockworkSouvenir":42,"Bottled Flame":9,"Centennial Puzzle":25,"Anchor":31,"Shuriken":29,"Philosopher\u0027s Stone":17,"Prayer Wheel":38,"Molten Egg 2":43,"Nloth\u0027s Gift":27,"Red Mask":48,"Membership Card":30,"Bottled Lightning":45,"Cracked Core":0,"Unceasing Top":7},{"Darkstone Periapt":22,"Regal Pillow":6,"Torii":16,"Eternal Feather":14,"Omamori":9,"Letter Opener":24,"Empty Cage":18,"ClockworkSouvenir":23,"Bottled Flame":4,"Centennial Puzzle":14,"Anchor":17,"Shuriken":16,"Philosopher\u0027s Stone":8,"Prayer Wheel":21,"Molten Egg 2":23,"Nloth\u0027s Gift":14,"Red Mask":25,"Membership Card":16,"Bottled Lightning":23,"Cracked Core":0,"Unceasing Top":4},{"Darkstone Periapt":94,"Regal Pillow":24,"Torii":72,"Eternal Feather":65,"Omamori":41,"Letter Opener":99,"Empty Cage":81,"ClockworkSouvenir":97,"Bottled Flame":15,"Centennial Puzzle":65,"Anchor":76,"Shuriken":72,"Philosopher\u0027s Stone":37,"Prayer Wheel":90,"Molten Egg 2":97,"Nloth\u0027s Gift":65,"Red Mask":101,"Membership Card":72,"Bottled Lightning":97,"Cracked Core":0,"Unceasing Top":15}],"Unceasing Top":[33]},"card_choices":[{"not_picked":["Turbo","Ball Lightning"],"picked":"Rebound","floor":1},{"not_picked":["Heatsinks","Compile Driver"],"picked":"Gash","floor":2},{"not_picked":["Leap","Compile Driver"],"picked":"Gash","floor":3},{"not_picked":["Ball Lightning","Loop"],"picked":"Glacier","floor":7},{"not_picked":["Barrage","Gash"],"picked":"All For One","floor":10},{"not_picked":["Go for the Eyes","BootSequence"],"picked":"Beam Cell","floor":12},{"not_picked":["Stack","Doom and Gloom"],"picked":"Rebound","floor":14},{"not_picked":["Echo Form","Thunder Strike"],"picked":"Machine Learning","floor":16},{"not_picked":["Steam","Gash+1"],"picked":"Leap+1","floor":18},{"not_picked":["Coolheaded","White Noise","Stack"],"picked":"SKIP","floor":20},{"not_picked":["Capacitor","Defragment","Conserve Battery"],"picked":"SKIP","floor":21},{"not_picked":["Coolheaded","Conserve Battery"],"picked":"Gash","floor":22},{"not_picked":["Cold Snap","Ball Lightning"],"picked":"Go for the Eyes","floor":24},{"not_picked":["Chaos","Sweeping Beam","Redo"],"picked":"SKIP","floor":25},{"not_picked":["Meteor Strike","Rip and Tear"],"picked":"Streamline+1","floor":28},{"not_picked":["Hologram+1","Rebound"],"picked":"Gash","floor":29},{"not_picked":["Beam Cell","Biased Cognition"],"picked":"Hologram+1","floor":31},{"not_picked":["Rainbow","Electrodynamics"],"picked":"All For One","floor":33},{"not_picked":["Capacitor+1","Fusion"],"picked":"Leap+1","floor":35},{"not_picked":["Coolheaded","Conserve Battery"],"picked":"Beam Cell+1","floor":36},{"not_picked":["HandOfGreed","Jack Of All Trades"],"picked":"Dark Shackles","floor":37},{"not_picked":["White Noise+1","Capacitor"],"picked":"Gash+1","floor":38},{"not_picked":["Tempest+1","Aggregate"],"picked":"Steam Power+1","floor":40},{"not_picked":["Redo","Doom and Gloom"],"picked":"Buffer","floor":41},{"not_picked":["Steam+1","Glacier+1","Redo+1"],"picked":"SKIP","floor":41},{"not_picked":["Consume","Rainbow","Turbo+1"],"picked":"SKIP","floor":46},{"not_picked":["Barrage+1","Beam Cell+1"],"picked":"Gash+1","floor":47},{"not_picked":["Conserve Battery+1","Go for the Eyes+1","Steam Power"],"picked":"SKIP","floor":47}],"player_experience":41076,"relics_obtained":[{"floor":7,"key":"Unceasing Top"},{"floor":9,"key":"Bottled Flame"},{"floor":12,"key":"Regal Pillow"},{"floor":25,"key":"Centennial Puzzle"},{"floor":26,"key":"Eternal Feather"},{"floor":29,"key":"Shuriken"},{"floor":31,"key":"Anchor"},{"floor":38,"key":"Prayer Wheel"},{"floor":40,"key":"Darkstone Periapt"},{"floor":43,"key":"Molten Egg 2"},{"floor":45,"key":"Bottled Lightning"},{"floor":46,"key":"Letter Opener"}],"event_choices":[{"damage_healed":0,"gold_gain":0,"player_choice":"Got Potions","damage_taken":0,"max_hp_gain":0,"max_hp_loss":0,"event_name":"Lab","floor":4,"gold_loss":0},{"damage_healed":0,"gold_gain":175,"player_choice":"AGREE","damage_taken":0,"max_hp_gain":0,"max_hp_loss":0,"event_name":"Liars Game","floor":11,"gold_loss":0,"cards_obtained":["Doubt"]},{"damage_healed":0,"gold_gain":0,"player_choice":"Traded Relic","damage_taken":0,"relics_obtained":["Nloth\u0027s Gift"],"max_hp_gain":0,"max_hp_loss":0,"event_name":"N\u0027loth","floor":27,"relics_lost":["Centennial Puzzle"],"gold_loss":0},{"damage_healed":0,"gold_gain":0,"player_choice":"Memory 1","damage_taken":0,"max_hp_gain":0,"max_hp_loss":0,"event_name":"SensoryStone","floor":37,"gold_loss":0},{"damage_healed":0,"gold_gain":0,"player_choice":"Fight","damage_taken":0,"max_hp_gain":0,"max_hp_loss":0,"event_name":"Mysterious Sphere","floor":38,"gold_loss":0},{"damage_healed":0,"gold_gain":0,"player_choice":"Paid","damage_taken":0,"relics_obtained":["Red Mask"],"max_hp_gain":0,"max_hp_loss":0,"event_name":"Tomb of Lord Red Mask","floor":48,"gold_loss":85}],"is_beta":false,"boss_relics":[{"not_picked":["Velvet Choker","Tiny House"],"picked":"Philosopher\u0027s Stone"},{"not_picked":["Snecko Eye","SlaversCollar"],"picked":"Empty Cage"}],"items_purged_floors":[5,19,39],"is_endless":false,"potions_floor_spawned":[3,12,16,18,21,24,29,36,38,46,47],"ascension_level":0}}