{"host":"c6u7e77myxvw4d0m","time":1613557286,"event":{"mods":["AchievementEnabler","BaseMod","Bestiary","Colored Map","Colored Powertips","Minty Spire (QoL Compilation)","Rare Cards Sparkle","Relic Stats","everything is the same but u backflip on backflip"],"gold_per_floor":[116,127,142,156,231,231,265,265,265,284,302,317,317,328,328,406,406,422,422,432,432,432],"floor_reached":21,"language":"ENG","playtime":4089,"items_purged":[],"score":370,"play_id":"ca982e1d-3224-4cd2-8b2a-1340445b4704","local_time":"20210217122126","is_ascension_mode":true,"campfire_choices":[{"data":"Neutralize","floor":6,"key":"SMITH"},{"floor":8,"key":"REST"},{"floor":13,"key":"REST"},{"data":"Bouncing Flask","floor":15,"key":"SMITH"}],"circlet_count":0,"master_deck":["AscendersBane","Strike_G","Strike_G","Strike_G","Strike_G","Strike_G","Defend_G","Defend_G","Defend_G","Defend_G","Defend_G","Survivor","Neutralize+1","Blade Dance","Dagger Spray","Bouncing Flask+1","Dagger Throw","Well Laid Plans","Bane","Bane","PiercingWail","Adrenaline","Dodge and Roll+1","Acrobatics"],"relics":["Ring of the Snake","The Specimen","Sozu","Nloth\u0027s Gift"],"acts_visited":["Exordium","TheCity"],"potions_floor_usage":[4,16,16],"damage_taken":[{"damage":1,"enemies":"Small Slimes","floor":1,"turns":4},{"damage":0,"enemies":"2 Louse","floor":2,"turns":3},{"damage":12,"enemies":"Cultist","floor":3,"turns":5},{"damage":0,"enemies":"Lots of Slimes","floor":4,"turns":1},{"damage":40,"enemies":"3 Sentries","floor":7,"turns":7},{"damage":8,"enemies":"Blue Slaver","floor":10,"turns":3},{"damage":1,"enemies":"Exordium Wildlife","floor":11,"turns":3},{"damage":1,"enemies":"2 Fungi Beasts","floor":12,"turns":3},{"damage":3,"enemies":"Looter","floor":14,"turns":3},{"damage":25,"enemies":"Hexaghost","floor":16,"turns":9},{"damage":27,"enemies":"Shell Parasite","floor":18,"turns":5},{"damage":23,"enemies":"Chosen","floor":20,"turns":5},{"damage":13,"enemies":"Centurion and Healer","floor":21,"turns":1}],"seed_played":"-8517543478383623796","potions_obtained":[{"floor":1,"key":"SteroidPotion"},{"floor":7,"key":"Energy Potion"},{"floor":10,"key":"FearPotion"}],"is_trial":false,"path_per_floor":["M","M","M","M","?","R","E","R","T","M","M","M","R","M","R","B",null,"M","?","M","M"],"character_chosen":"THE_SILENT","items_purchased":[],"campfire_rested":2,"item_purchase_floors":[],"current_hp_per_floor":[64,64,52,52,41,41,1,22,22,14,13,12,33,30,30,5,55,28,28,5,0,0],"gold":432,"neow_bonus":"TEN_PERCENT_HP_BONUS","is_daily":false,"chose_seed":false,"campfire_upgraded":2,"win_rate":0.0,"timestamp":1613557286,"path_taken":["M","M","M","M","?","R","E","R","T","M","M","M","R","M","R","BOSS","M","?","?","?"],"items_purchased_type":[],"build_version":"2020-12-22","purchased_purges":0,"victory":false,"max_hp_per_floor":[72,72,72,72,72,72,72,72,72,72,72,72,72,72,72,72,72,72,72,72,72,72],"relic_stats":{"Sozu":1,"counters":[13,52],"Nloth\u0027s Gift":0,"obtain_stats":[{"Sozu":17,"The Specimen":7,"Ninja Scroll":9,"Nloth\u0027s Gift":19,"Ring of the Snake":0},{"Sozu":10,"The Specimen":5,"Ninja Scroll":5,"Nloth\u0027s Gift":11,"Ring of the Snake":0},{"Sozu":41,"The Specimen":20,"Ninja Scroll":20,"Nloth\u0027s Gift":46,"Ring of the Snake":0}],"Ring of the Snake":[26]},"card_choices":[{"not_picked":["Calculated Gamble","Backflip"],"picked":"Blade Dance","floor":1},{"not_picked":["Dagger Throw","Catalyst"],"picked":"Dagger Spray","floor":2},{"not_picked":["Quick Slash","Deflect"],"picked":"Bouncing Flask","floor":3},{"not_picked":["Dagger Spray","PiercingWail"],"picked":"Dagger Throw","floor":4},{"not_picked":["Doppelganger","Outmaneuver"],"picked":"Well Laid Plans","floor":7},{"not_picked":["Dagger Spray","Masterful Stab"],"picked":"Bane","floor":10},{"not_picked":["Escape Plan","Backflip"],"picked":"Bane","floor":11},{"not_picked":["Underhanded Strike","Dagger Throw"],"picked":"PiercingWail","floor":12},{"not_picked":["Backflip","Sucker Punch","Unload"],"picked":"SKIP","floor":14},{"not_picked":["Wraith Form v2","Night Terror"],"picked":"Adrenaline","floor":16},{"not_picked":["Calculated Gamble","Endless Agony"],"picked":"Dodge and Roll+1","floor":18},{"not_picked":["Quick Slash","Dagger Spray"],"picked":"Acrobatics","floor":20}],"player_experience":826514,"relics_obtained":[{"floor":7,"key":"The Specimen"},{"floor":9,"key":"Ninja Scroll"}],"event_choices":[{"damage_healed":0,"gold_gain":75,"player_choice":"Gather Gold","damage_taken":11,"max_hp_gain":0,"max_hp_loss":0,"event_name":"World of Goop","floor":5,"gold_loss":0},{"damage_healed":0,"gold_gain":0,"player_choice":"Traded Relic","damage_taken":0,"relics_obtained":["Nloth\u0027s Gift"],"max_hp_gain":0,"max_hp_loss":0,"event_name":"N\u0027loth","floor":19,"relics_lost":["Ninja Scroll"],"gold_loss":0}],"is_beta":false,"boss_relics":[{"not_picked":["SacredBark","Ectoplasm"],"picked":"Sozu"}],"items_purged_floors":[],"is_endless":false,"potions_floor_spawned":[1,7,10,11,20],"killed_by":"Centurion and Healer","ascension_level":20}}