{"host":"bq4pt811tk9yrmjl","time":1613598566,"event":{"mods":["AchievementEnabler","BaseMod","Colored Map","Colored Powertips","Defuse TimeMaze Blight","Minty Spire (QoL Compilation)","Smile Girya","StSLib","SuperFastMode"],"gold_per_floor":[115,115,36,36,51,83,83,83,83,114,114,114,114],"floor_reached":12,"language":"ENG","playtime":140,"items_purged":[],"score":114,"play_id":"cc43ee0f-4c51-4f78-a15e-b065d34887a2","local_time":"20210217194926","is_ascension_mode":true,"campfire_choices":[{"data":"Rampage","floor":8,"key":"SMITH"}],"circlet_count":0,"master_deck":["Strike_R","Strike_R","Strike_R","Strike_R","Strike_R","Defend_R","Defend_R","Defend_R","Defend_R","Bash","Heavy Blade","Rampage+1","Metallicize","Twin Strike","Pummel"],"relics":["Burning Blood","NeowsBlessing","MealTicket","Peace Pipe","Shuriken","Mercury Hourglass"],"acts_visited":["Exordium"],"potions_floor_usage":[10],"damage_taken":[{"damage":0,"enemies":"Small Slimes","floor":1,"turns":1},{"damage":0,"enemies":"Cultist","floor":5,"turns":1},{"damage":0,"enemies":"Lagavulin","floor":6,"turns":1},{"damage":25,"enemies":"3 Sentries","floor":10,"turns":9},{"damage":23,"enemies":"Lagavulin","floor":12,"turns":5}],"seed_played":"-8814202632515204214","potions_obtained":[{"floor":5,"key":"ColorlessPotion"}],"is_trial":false,"path_per_floor":["M","?","$","$","M","E","$","R","T","E","?","E"],"character_chosen":"IRONCLAD","items_purchased":["Rampage"],"campfire_rested":0,"item_purchase_floors":[3],"current_hp_per_floor":[80,80,80,80,80,80,80,80,80,61,61,38,38],"gold":114,"neow_bonus":"THREE_ENEMY_KILL","is_daily":false,"chose_seed":false,"campfire_upgraded":1,"win_rate":0.0,"timestamp":1613598566,"path_taken":["M","?","?","$","?","E","$","R","T","E","?","E"],"items_purchased_type":["Card"],"build_version":"2020-12-22","purchased_purges":0,"victory":false,"max_hp_per_floor":[80,80,80,80,80,80,80,80,80,80,80,80,80],"card_choices":[{"not_picked":["Wild Strike","Headbutt"],"picked":"Heavy Blade","floor":1},{"not_picked":["Whirlwind","Heavy Blade"],"picked":"Metallicize","floor":5},{"not_picked":["Heavy Blade","Dark Embrace"],"picked":"Twin Strike","floor":6},{"not_picked":["Seeing Red","Headbutt"],"picked":"Pummel","floor":10}],"player_experience":260435,"relics_obtained":[{"floor":2,"key":"MealTicket"},{"floor":6,"key":"Peace Pipe"},{"floor":9,"key":"Shuriken"},{"floor":10,"key":"Mercury Hourglass"}],"event_choices":[{"damage_healed":0,"gold_gain":0,"player_choice":"Relic","damage_taken":0,"max_hp_gain":0,"max_hp_loss":0,"event_name":"Wheel of Change","floor":2,"gold_loss":0},{"damage_healed":0,"gold_gain":0,"player_choice":"Ignored","damage_taken":0,"max_hp_gain":0,"max_hp_loss":0,"event_name":"Liars Game","floor":11,"gold_loss":0}],"is_beta":false,"boss_relics":[],"items_purged_floors":[],"is_endless":false,"potions_floor_spawned":[5],"killed_by":"Lagavulin","ascension_level":1}}