{"host":"cjslbtylv9xenywp","time":1613526413,"event":{"mods":["BaseMod","Card Forge","Colored Map","Minty Spire (QoL Compilation)","No Card Rewards","Relic Stats","StSLib","UnlockEverythingMod"],"gold_per_floor":[113,128,128,128,128,153,153,153,230,34,73,86,127,150,150,279,279,293,308,323,83,83,126,144,184,184,215,215,215,248,266,266,391,391,415,431,764,783,803,830,847,880,880,905,221,221,34,51,51,51],"floor_reached":51,"language":"ENG","playtime":2293,"items_purged":[],"score":1473,"play_id":"96f963a9-895b-483f-9bd2-56dbe3afad57","local_time":"20210216174653","is_ascension_mode":true,"campfire_choices":[{"data":"Clash","floor":15,"key":"SMITH"},{"data":"Gash","floor":28,"key":"SMITH"},{"data":"Beam Cell","floor":32,"key":"SMITH"},{"data":"Gash","floor":49,"key":"SMITH"}],"circlet_count":0,"master_deck":["Deflect","Beam Cell+1","Gash+1","Gash+1","Gash","Gash","Gash+1","Clash+1","Rage+1","Flex+1","Adrenaline","Deflect","Good Instincts","Flash of Steel+1"],"relics":["Cracked Core","Runic Dome","Unceasing Top","Orichalcum","The Courier","HornCleat","Molten Egg 2","Torii","SlaversCollar","Calipers","Vajra","StoneCalendar","Tiny Chest","PreservedInsect","Anchor","SacredBark","Centennial Puzzle","Ornamental Fan","Question Card","Blood Vial","Lantern","Toolbox","Eternal Feather","Bottled Flame","Akabeko"],"acts_visited":["Exordium","TheCity","TheBeyond"],"potions_floor_usage":[50,50,50],"damage_taken":[{"damage":0,"enemies":"2 Louse","floor":1,"turns":1},{"damage":0,"enemies":"Cultist","floor":2,"turns":1},{"damage":0,"enemies":"Gremlin Nob","floor":6,"turns":1},{"damage":0,"enemies":"3 Sentries","floor":11,"turns":1},{"damage":0,"enemies":"Small Slimes","floor":12,"turns":1},{"damage":0,"enemies":"Gremlin Nob","floor":13,"turns":1},{"damage":0,"enemies":"2 Fungi Beasts","floor":14,"turns":1},{"damage":0,"enemies":"Slime Boss","floor":16,"turns":1},{"damage":0,"enemies":"3 Byrds","floor":18,"turns":1},{"damage":0,"enemies":"Spheric Guardian","floor":19,"turns":1},{"damage":0,"enemies":"3 Cultists","floor":20,"turns":1},{"damage":0,"enemies":"Book of Stabbing","floor":23,"turns":1},{"damage":0,"enemies":"Snecko","floor":24,"turns":1},{"damage":0,"enemies":"Gremlin Leader","floor":25,"turns":1},{"damage":0,"enemies":"Slavers","floor":27,"turns":1},{"damage":0,"enemies":"Gremlin Leader","floor":30,"turns":1},{"damage":0,"enemies":"Shelled Parasite and Fungi","floor":31,"turns":1},{"damage":0,"enemies":"Automaton","floor":33,"turns":1},{"damage":0,"enemies":"3 Darklings","floor":35,"turns":1},{"damage":0,"enemies":"Orb Walker","floor":36,"turns":1},{"damage":0,"enemies":"4 Shapes","floor":38,"turns":1},{"damage":0,"enemies":"Maw","floor":39,"turns":1},{"damage":0,"enemies":"Nemesis","floor":40,"turns":1},{"damage":0,"enemies":"Spire Growth","floor":41,"turns":1},{"damage":0,"enemies":"Giant Head","floor":42,"turns":1},{"damage":0,"enemies":"Nemesis","floor":44,"turns":1},{"damage":0,"enemies":"Sphere and 2 Shapes","floor":48,"turns":1},{"damage":0,"enemies":"Donu and Deca","floor":50,"turns":1}],"seed_played":"-7329609533418641554","potions_obtained":[{"floor":1,"key":"AttackPotion"},{"floor":2,"key":"Regen Potion"},{"floor":6,"key":"SkillPotion"},{"floor":35,"key":"Strength Potion"}],"is_trial":true,"path_per_floor":["M","M","?","$","?","E","?","?","T","$","E","M","E","M","R","B",null,"M","M","M","$","?","E","M","E","T","E","R","?","E","M","R","B",null,"M","M","?","M","M","E","M","E","T","E","$","?","$","M","R","B",null],"character_chosen":"DEFECT","items_purchased":["HornCleat","Calipers","Lantern","SteroidPotion","Toolbox","Eternal Feather","Bottled Flame","Akabeko","Flash of Steel+1"],"campfire_rested":0,"item_purchase_floors":[10,21,45,45,45,45,45,47,47],"current_hp_per_floor":[75,75,75,75,75,75,69,55,55,55,55,55,55,55,55,55,69,69,69,69,69,69,69,69,69,69,69,69,69,69,69,69,69,69,69,69,69,69,69,69,69,69,69,69,69,69,69,69,69,69],"gold":51,"neow_bonus":"","is_daily":false,"chose_seed":true,"campfire_upgraded":4,"win_rate":0.0,"timestamp":1613526413,"path_taken":["M","M","?","?","?","E","?","?","T","?","E","?","E","M","R","BOSS","M","?","M","?","?","E","M","E","T","E","R","?","E","M","R","BOSS","M","M","?","M","M","E","M","E","T","E","$","?","$","M","R","BOSS"],"items_purchased_type":["Relic","Relic","Relic","Potion","Relic","Relic","Relic","Relic","Card"],"build_version":"2020-12-22","purchased_purges":0,"victory":true,"max_hp_per_floor":[75,75,75,75,75,75,69,69,69,69,69,69,69,69,69,69,69,69,69,69,69,69,69,69,69,69,69,69,69,69,69,69,69,69,69,69,69,69,69,69,69,69,69,69,69,69,69,69,69,69],"relic_stats":{"Torii":0,"counters":[28,28],"StoneCalendar":[0],"Eternal Feather":0,"PreservedInsect":266,"Orichalcum":[0],"Question Card":2,"Blood Vial":0,"Centennial Puzzle":[0],"Ornamental Fan":[52],"Tiny Chest":0,"obtain_stats":[{"Lantern":45,"Calipers":21,"Torii":13,"SacredBark":34,"Vajra":23,"StoneCalendar":25,"Hammer of Thor":0,"Blood Vial":44,"Centennial Puzzle":40,"HornCleat":10,"Toolbox":45,"Tiny Chest":26,"Cracked Core":0,"Golden Idol":7,"Eternal Feather":45,"The Courier":9,"PreservedInsect":27,"Seething Fire":0,"Orichalcum":6,"Question Card":43,"Akabeko":47,"Runic Dome":0,"SlaversCollar":17,"Anchor":30,"Bottled Flame":45,"Anvil of the Gods":0,"Ornamental Fan":42,"Molten Egg 2":11,"Unceasing Top":0},{"Lantern":26,"Calipers":11,"Torii":6,"SacredBark":18,"Vajra":12,"StoneCalendar":14,"Hammer of Thor":0,"Blood Vial":26,"Centennial Puzzle":23,"HornCleat":3,"Toolbox":26,"Tiny Chest":14,"Cracked Core":0,"Golden Idol":3,"Eternal Feather":26,"The Courier":3,"PreservedInsect":15,"Seething Fire":0,"Orichalcum":3,"Question Card":25,"Akabeko":26,"Runic Dome":0,"SlaversCollar":8,"Anchor":16,"Bottled Flame":26,"Anvil of the Gods":0,"Ornamental Fan":25,"Molten Egg 2":4,"Unceasing Top":0},{"Lantern":26,"Calipers":11,"Torii":6,"SacredBark":18,"Vajra":12,"StoneCalendar":14,"Hammer of Thor":0,"Blood Vial":26,"Centennial Puzzle":23,"HornCleat":3,"Toolbox":26,"Tiny Chest":14,"Cracked Core":0,"Golden Idol":3,"Eternal Feather":26,"The Courier":3,"PreservedInsect":15,"Seething Fire":0,"Orichalcum":3,"Question Card":25,"Akabeko":26,"Runic Dome":0,"SlaversCollar":8,"Anchor":16,"Bottled Flame":26,"Anvil of the Gods":0,"Ornamental Fan":25,"Molten Egg 2":4,"Unceasing Top":0}],"Unceasing Top":[298]},"card_choices":[],"player_experience":124798,"relics_obtained":[{"floor":6,"key":"Orichalcum"},{"floor":9,"key":"The Courier"},{"floor":11,"key":"Molten Egg 2"},{"floor":13,"key":"Torii"},{"floor":23,"key":"Vajra"},{"floor":25,"key":"StoneCalendar"},{"floor":26,"key":"Tiny Chest"},{"floor":27,"key":"PreservedInsect"},{"floor":30,"key":"Anchor"},{"floor":40,"key":"Centennial Puzzle"},{"floor":42,"key":"Ornamental Fan"},{"floor":43,"key":"Question Card"},{"floor":44,"key":"Blood Vial"}],"event_choices":[{"cards_removed":["Gash"],"damage_healed":5,"gold_gain":0,"player_choice":"Offered Common","damage_taken":0,"max_hp_gain":0,"max_hp_loss":0,"event_name":"Bonfire Elementals","floor":3,"gold_loss":0},{"cards_removed":["Gash"],"damage_healed":5,"gold_gain":0,"player_choice":"Offered Special","damage_taken":0,"max_hp_gain":0,"max_hp_loss":0,"event_name":"Bonfire Elementals","floor":3,"gold_loss":0},{"damage_healed":0,"gold_gain":0,"player_choice":"Grow","damage_taken":0,"max_hp_gain":0,"max_hp_loss":0,"event_name":"Living Wall","floor":5,"gold_loss":0,"cards_upgraded":["Flex"]},{"damage_healed":0,"gold_gain":0,"player_choice":"Lose Max HP","damage_taken":0,"relics_obtained":["Golden Idol"],"max_hp_gain":0,"max_hp_loss":6,"event_name":"Golden Idol","floor":7,"gold_loss":0},{"damage_healed":0,"gold_gain":0,"player_choice":"Entered Light","damage_taken":14,"max_hp_gain":0,"max_hp_loss":0,"event_name":"Shining Light","floor":8,"gold_loss":0,"cards_upgraded":["Gash","Rage"]},{"damage_healed":0,"gold_gain":0,"player_choice":"Ignored","damage_taken":0,"max_hp_gain":0,"max_hp_loss":0,"event_name":"Vampires","floor":29,"gold_loss":0},{"damage_healed":0,"gold_gain":333,"player_choice":"Gave Idol","damage_taken":0,"max_hp_gain":0,"max_hp_loss":0,"event_name":"The Moai Head","floor":37,"relics_lost":["Golden Idol"],"gold_loss":0},{"cards_removed":["Echo Form"],"damage_healed":0,"gold_gain":0,"player_choice":"Removed Power","damage_taken":0,"max_hp_gain":0,"max_hp_loss":0,"event_name":"Falling","floor":46,"gold_loss":0}],"is_beta":false,"boss_relics":[{"not_picked":["Inserter","Velvet Choker"],"picked":"SlaversCollar"},{"not_picked":["Empty Cage","FrozenCore"],"picked":"SacredBark"}],"items_purged_floors":[],"is_endless":false,"potions_floor_spawned":[1,2,6,11,20,24,25,27,33,35,44,48],"ascension_level":1}}