{"host":"gfxjwtol062e9znw","time":1613559919,"event":{"mods":["BaseMod","Colored Map","Minty Spire (QoL Compilation)","Rare Cards Sparkle","StSLib"],"gold_per_floor":[110,122,141,216,235,235,246,4,4,38,38,38,38,62,62,188,188,209,209,222,245,160,201,201,244,244,259,274,292,308,308,308,431,431,454,467,480,241,256,291,312,312,312,412,427,427,453,453,453,453],"floor_reached":51,"language":"ENG","playtime":2867,"items_purged":[],"score":1222,"play_id":"d3a161a9-f774-4462-9592-42d6f55b219d","local_time":"20210217220519","is_ascension_mode":true,"campfire_choices":[{"floor":6.0,"key":"REST"},{"floor":13.0,"key":"REST"},{"floor":15.0,"key":"REST"},{"floor":24,"key":"REST"},{"floor":32,"key":"REST"},{"floor":42,"key":"REST"},{"floor":46,"key":"REST"},{"floor":49,"key":"REST"}],"circlet_count":0,"master_deck":["AscendersBane","Survivor","Neutralize","PiercingWail","Crippling Poison","Envenom","Finisher","Blade Dance","Footwork","Acrobatics","All Out Attack","All Out Attack","Footwork","Well Laid Plans","Leg Sweep","Leg Sweep","Terror","Malaise","Skewer+1","Underhanded Strike+1","Dash+1","Doppelganger","Noxious Fumes","Slice","Envenom","Glass Knife","Slice","Tools of the Trade","Dagger Spray","Distraction","Quick Slash","Predator+1","The Bomb","Underhanded Strike+1","Wraith Form v2"],"relics":["Fusion Hammer","Dream Catcher","Mercury Hourglass","Singing Bowl","Nunchaku","Golden Idol","Snecko Eye","Vajra","Happy Flower","Potion Belt","Akabeko","Pandora\u0027s Box","Lantern","Orichalcum","MealTicket"],"acts_visited":["Exordium","TheCity","TheBeyond"],"potions_floor_usage":[21,23,27,28,33,40,40,41,50,50,50,50],"damage_taken":[{"damage":1.0,"enemies":"Cultist","floor":1.0,"turns":5.0},{"damage":0.0,"enemies":"2 Louse","floor":2.0,"turns":2.0},{"damage":1.0,"enemies":"Small Slimes","floor":3.0,"turns":4.0},{"damage":1.0,"enemies":"Blue Slaver","floor":5.0,"turns":5.0},{"damage":6.0,"enemies":"Looter","floor":7.0,"turns":3.0},{"damage":10.0,"enemies":"Gremlin Nob","floor":10.0,"turns":3.0},{"damage":0.0,"enemies":"Gremlin Gang","floor":14.0,"turns":2.0},{"damage":0.0,"enemies":"Slime Boss","floor":16.0,"turns":5.0},{"damage":0,"enemies":"3 Byrds","floor":18,"turns":4},{"damage":13,"enemies":"2 Thieves","floor":20,"turns":3},{"damage":21,"enemies":"Snake Plant","floor":21,"turns":6},{"damage":28,"enemies":"Slavers","floor":23,"turns":7},{"damage":6,"enemies":"Book of Stabbing","floor":25,"turns":5},{"damage":11,"enemies":"Centurion and Healer","floor":27,"turns":8},{"damage":18,"enemies":"Cultist and Chosen","floor":28,"turns":6},{"damage":0,"enemies":"Chosen and Byrds","floor":29,"turns":6},{"damage":0,"enemies":"Snecko","floor":30,"turns":4},{"damage":29,"enemies":"Champ","floor":33,"turns":12},{"damage":0,"enemies":"Orb Walker","floor":35,"turns":3},{"damage":18,"enemies":"3 Darklings","floor":36,"turns":4},{"damage":0,"enemies":"Transient","floor":37,"turns":5},{"damage":3,"enemies":"Maw","floor":39,"turns":5},{"damage":0,"enemies":"Giant Head","floor":40,"turns":5},{"damage":14,"enemies":"3 Darklings","floor":41,"turns":3},{"damage":6,"enemies":"Sphere and 2 Shapes","floor":45,"turns":4},{"damage":50,"enemies":"Awakened One","floor":50,"turns":10}],"seed_played":"9138170733901581466","potions_obtained":[{"floor":2.0,"key":"DuplicationPotion"},{"floor":5.0,"key":"Fire Potion"},{"floor":7.0,"key":"Strength Potion"},{"floor":10.0,"key":"FearPotion"},{"floor":20,"key":"PowerPotion"},{"floor":21,"key":"Dexterity Potion"},{"floor":25,"key":"Poison Potion"},{"floor":27,"key":"CunningPotion"},{"floor":30,"key":"SpeedPotion"},{"floor":37,"key":"DistilledChaos"},{"floor":40,"key":"Swift Potion"},{"floor":45,"key":"AttackPotion"},{"floor":48,"key":"SneckoOil"},{"floor":48,"key":"FearPotion"},{"floor":48,"key":"Block Potion"}],"is_trial":false,"path_per_floor":["M","M","M","?","M","R","M","$","T","E","?","?","R","M","R","B",null,"M","?","M","M","?","E","R","E","T","M","M","M","M","?","R","B",null,"M","M","M","$","M","E","M","R","T","?","M","R","T","?","R","B",null],"character_chosen":"THE_SILENT","items_purchased":["Footwork","Dream Catcher","Acrobatics","The Bomb","PowerPotion"],"campfire_rested":8,"item_purchase_floors":[8,8,8,38,38],"current_hp_per_floor":[62,62,61,50,49,70,64,64,64,54,42,25,46,46,67,69,71,73,73,60,39,39,11,33,29,29,20,4,4,6,6,30,3,64,64,48,50,50,49,49,37,66,66,66,62,90,90,90,98,48],"gold":453,"neow_bonus":"BOSS_RELIC","is_daily":false,"chose_seed":false,"campfire_upgraded":0,"win_rate":0.0,"timestamp":1613559919,"path_taken":["M","M","M","?","M","R","M","$","T","E","?","?","R","M","R","BOSS","M","?","M","M","?","E","R","E","T","M","M","M","M","?","R","BOSS","M","?","M","$","M","E","M","R","T","?","?","R","?","?","R","BOSS"],"items_purchased_type":["Card","Relic","Card","Card","Potion"],"build_version":"2020-12-22","purchased_purges":0,"victory":true,"max_hp_per_floor":[70,70,70,70,70,70,70,70,70,70,70,70,70,70,70,72,72,74,74,74,74,74,74,74,76,76,78,80,80,82,82,82,84,84,84,86,88,88,90,90,92,94,94,94,96,96,96,96,98,98],"card_choices":[{"not_picked":["Deflect","Flying Knee"],"picked":"PiercingWail","floor":1.0},{"not_picked":["Flying Knee","Deflect"],"picked":"Crippling Poison","floor":2.0},{"not_picked":["Concentrate","Slice"],"picked":"Envenom","floor":3.0},{"not_picked":["Noxious Fumes","Riddle With Holes"],"picked":"Finisher","floor":5.0},{"not_picked":["Sucker Punch","Prepared"],"picked":"Blade Dance","floor":7.0},{"not_picked":["Grand Finale","Underhanded Strike"],"picked":"All Out Attack","floor":10.0},{"not_picked":["Dagger Spray","Prepared"],"picked":"All Out Attack","floor":13.0},{"not_picked":["Slice","Tactician"],"picked":"Footwork","floor":14.0},{"not_picked":["Tactician","Choke"],"picked":"Well Laid Plans","floor":15.0},{"not_picked":["A Thousand Cuts","Storm of Steel","Doppelganger"],"picked":"Singing Bowl","floor":16.0},{"not_picked":["Prepared+1","Well Laid Plans","Flying Knee"],"picked":"Singing Bowl","floor":18},{"not_picked":["Slice","Quick Slash"],"picked":"Leg Sweep","floor":20},{"not_picked":["Dodge and Roll+1","Expertise+1"],"picked":"Terror","floor":21},{"not_picked":["Expertise+1","Blade Dance+1"],"picked":"Malaise","floor":23},{"not_picked":["Cloak And Dagger","Prepared"],"picked":"Skewer","floor":24},{"not_picked":["PiercingWail","Accuracy","Storm of Steel"],"picked":"Singing Bowl","floor":25},{"not_picked":["Blur","Reflex+1","Poisoned Stab"],"picked":"Singing Bowl","floor":27},{"not_picked":["Deadly Poison","Underhanded Strike","Deflect"],"picked":"Singing Bowl","floor":28},{"not_picked":["Backflip","Footwork"],"picked":"Underhanded Strike+1","floor":29},{"not_picked":["Deadly Poison","Footwork+1","Bane+1"],"picked":"Singing Bowl","floor":30},{"not_picked":["Backflip+1","Leg Sweep"],"picked":"Dash+1","floor":32},{"not_picked":["Storm of Steel","Phantasmal Killer","Die Die Die"],"picked":"Singing Bowl","floor":33},{"not_picked":["Catalyst+1","Underhanded Strike+1"],"picked":"Predator+1","floor":35},{"not_picked":["All Out Attack","Slice","Cloak And Dagger"],"picked":"Singing Bowl","floor":36},{"not_picked":["Distraction","Acrobatics+1","Finisher"],"picked":"Singing Bowl","floor":37},{"not_picked":["Dagger Spray+1","Sucker Punch+1","Setup+1"],"picked":"Singing Bowl","floor":39},{"not_picked":["Setup+1","Tactician"],"picked":"Underhanded Strike+1","floor":40},{"not_picked":["Poisoned Stab+1","Crippling Poison+1","PiercingWail+1"],"picked":"Singing Bowl","floor":41},{"not_picked":["Deflect+1","Backstab","Slice"],"picked":"Singing Bowl","floor":42},{"not_picked":["Dagger Throw+1","Dagger Spray+1","Expertise+1"],"picked":"Singing Bowl","floor":45},{"not_picked":["Backflip","Backstab"],"picked":"Wraith Form v2","floor":46},{"not_picked":["Underhanded Strike","Bane","Acrobatics+1"],"picked":"Singing Bowl","floor":49}],"player_experience":196763,"relics_obtained":[{"floor":9.0,"key":"Mercury Hourglass"},{"floor":10.0,"key":"Singing Bowl"},{"floor":23,"key":"Happy Flower"},{"floor":25,"key":"Potion Belt"},{"floor":26,"key":"Akabeko"},{"floor":40,"key":"Lantern"},{"floor":43,"key":"Orichalcum"},{"floor":47,"key":"MealTicket"}],"event_choices":[{"damage_healed":0.0,"max_hp_gain":0.0,"max_hp_loss":0.0,"gold_gain":75.0,"event_name":"World of Goop","player_choice":"Gather Gold","floor":4.0,"gold_loss":0.0,"damage_taken":11.0},{"damage_healed":0.0,"max_hp_gain":0.0,"max_hp_loss":0.0,"gold_gain":0.0,"event_name":"Scrap Ooze","player_choice":"Success","floor":11.0,"gold_loss":0.0,"damage_taken":12.0,"relics_obtained":["Nunchaku"]},{"damage_healed":0.0,"max_hp_gain":0.0,"max_hp_loss":0.0,"gold_gain":0.0,"event_name":"Golden Idol","player_choice":"Take Damage","floor":12.0,"gold_loss":0.0,"damage_taken":17.0,"relics_obtained":["Golden Idol"]},{"damage_healed":0,"gold_gain":0,"player_choice":"Read","damage_taken":0,"max_hp_gain":0,"max_hp_loss":0,"event_name":"The Library","floor":19,"gold_loss":0,"cards_obtained":["Leg Sweep"]},{"damage_healed":0,"gold_gain":0,"player_choice":"Obtained Relic","damage_taken":0,"relics_obtained":["Vajra"],"max_hp_gain":0,"max_hp_loss":0,"event_name":"Addict","floor":22,"gold_loss":85},{"damage_healed":0,"gold_gain":0,"player_choice":"Forge","damage_taken":0,"max_hp_gain":0,"max_hp_loss":0,"event_name":"Accursed Blacksmith","floor":31,"gold_loss":0,"cards_upgraded":["Skewer"]},{"damage_healed":0,"gold_gain":100,"player_choice":"Pray","damage_taken":0,"max_hp_gain":0,"max_hp_loss":0,"event_name":"Golden Shrine","floor":44,"gold_loss":0},{"damage_healed":0,"gold_gain":0,"player_choice":"Got Potions","damage_taken":0,"max_hp_gain":0,"max_hp_loss":0,"event_name":"Lab","floor":48,"gold_loss":0}],"is_beta":false,"boss_relics":[{"not_picked":["Runic Pyramid","Philosopher\u0027s Stone"],"picked":"Snecko Eye"},{"not_picked":["Sozu","Calling Bell"],"picked":"Pandora\u0027s Box"}],"items_purged_floors":[],"is_endless":false,"potions_floor_spawned":[2,5,7,10,20,21,25,27,30,37,40,45],"ascension_level":10}}