{"host":"w5thk1acqacem6ba","time":1613551318,"event":{"mods":["AchievementEnabler","BaseMod","Colored Map","KOR Keyword Fix","Minty Spire (QoL Compilation)","SuperFastMode"],"gold_per_floor":[116,116,76,95,95,95,20,34,60,73,73,73,73,102,102,203,203,218,133,160,173,98,98,108,108,135,135,153,153,153,163,163,163,163],"floor_reached":33,"language":"KOR","playtime":1089,"items_purged":[],"score":304,"play_id":"3263d248-7568-413a-8ea0-76f9f2029edd","local_time":"20210217174158","is_ascension_mode":true,"campfire_choices":[{"data":"Vigilance","floor":6.0,"key":"SMITH"},{"floor":13.0,"key":"REST"},{"floor":15,"key":"REST"},{"data":"ForeignInfluence","floor":23,"key":"SMITH"},{"data":"SignatureMove","floor":25,"key":"SMITH"},{"floor":30,"key":"REST"},{"floor":32,"key":"REST"}],"circlet_count":0,"master_deck":["Strike_P+1","Defend_P+1","Eruption+1","Vigilance+1","EmptyFist","ForeignInfluence+1","Crescendo","Halt","FlurryOfBlows","Vault","Sanctity+1","InnerPeace+1","SignatureMove+1","ForeignInfluence+1","Tantrum","SignatureMove","Ragnarok","Judgement"],"relics":["PureWater","Tiny Chest","Toy Ornithopter","Astrolabe","Smiling Mask","Lantern","MealTicket","Singing Bowl"],"acts_visited":["Exordium","TheCity"],"potions_floor_usage":[14,28,33],"damage_taken":[{"damage":4.0,"enemies":"Jaw Worm","floor":1.0,"turns":3.0},{"damage":0.0,"enemies":"2 Louse","floor":4.0,"turns":2.0},{"damage":0.0,"enemies":"Cultist","floor":8.0,"turns":2.0},{"damage":0.0,"enemies":"Looter","floor":10.0,"turns":2.0},{"damage":44,"enemies":"Gremlin Nob","floor":14,"turns":5},{"damage":17,"enemies":"The Guardian","floor":16,"turns":12},{"damage":0,"enemies":"Spheric Guardian","floor":18,"turns":3},{"damage":4,"enemies":"Shell Parasite","floor":21,"turns":3},{"damage":13,"enemies":"Chosen and Byrds","floor":24,"turns":4},{"damage":16,"enemies":"Centurion and Healer","floor":28,"turns":3},{"damage":24,"enemies":"Snake Plant","floor":31,"turns":3},{"damage":45,"enemies":"Collector","floor":33,"turns":6}],"seed_played":"-6537387036688414619","potions_obtained":[{"floor":3.0,"key":"Ancient Potion"},{"floor":3.0,"key":"LiquidMemories"},{"floor":3.0,"key":"EssenceOfSteel"},{"floor":4.0,"key":"Block Potion"},{"floor":16,"key":"CultistPotion"},{"floor":28,"key":"Strength Potion"}],"is_trial":false,"path_per_floor":["M","?","?","M","?","R","$","M","T","M","?","?","R","E","R","B",null,"M","?","T","M","?","R","M","R","T","?","M","T","R","M","R","B"],"character_chosen":"WATCHER","items_purchased":["ForeignInfluence"],"campfire_rested":4,"item_purchase_floors":[7],"current_hp_per_floor":[68,54,54,54,54,54,54,54,54,54,59,52,75,31,54,37,67,67,67,67,63,63,63,50,50,50,50,39,39,62,38,61,21,21],"gold":163,"neow_bonus":"UPGRADE_CARD","is_daily":false,"chose_seed":false,"campfire_upgraded":3,"win_rate":0.0,"timestamp":1613551318,"path_taken":["M","?","?","?","?","R","$","M","T","M","?","?","R","E","R","BOSS","M","?","?","?","?","R","M","R","T","?","M","?","R","?","R","BOSS"],"items_purchased_type":["Card"],"build_version":"2020-12-22","purchased_purges":0,"victory":false,"max_hp_per_floor":[72,72,72,72,72,72,72,72,72,72,77,77,77,77,77,77,77,77,77,77,77,77,77,77,77,77,77,77,77,77,77,77,77,77],"card_choices":[{"not_picked":["Prostrate","FollowUp"],"picked":"EmptyFist","floor":1.0},{"not_picked":["FlyingSleeves","TalkToTheHand","Evaluate"],"picked":"SKIP","floor":4.0},{"not_picked":["Protect","DeceiveReality"],"picked":"Crescendo","floor":8.0},{"not_picked":["Consecrate","WaveOfTheHand"],"picked":"Halt","floor":10.0},{"not_picked":["FollowUp","BattleHymn"],"picked":"FlurryOfBlows","floor":14},{"not_picked":["Brilliance","DeusExMachina"],"picked":"Vault","floor":16},{"not_picked":["WreathOfFlame","WaveOfTheHand+1"],"picked":"SignatureMove","floor":18},{"not_picked":["Halt","Nirvana"],"picked":"ForeignInfluence+1","floor":21},{"not_picked":["Crescendo","CutThroughFate"],"picked":"Tantrum","floor":24},{"not_picked":["Crescendo","ThirdEye","JustLucky+1"],"picked":"SKIP","floor":28},{"not_picked":["Collect+1","InnerPeace"],"picked":"Judgement","floor":31}],"player_experience":413123,"relics_obtained":[{"floor":9.0,"key":"Tiny Chest"},{"floor":14,"key":"Toy Ornithopter"},{"floor":20,"key":"Lantern"},{"floor":26,"key":"MealTicket"},{"floor":29,"key":"Singing Bowl"}],"event_choices":[{"damage_healed":0.0,"max_hp_gain":0.0,"max_hp_loss":0.0,"gold_gain":0.0,"event_name":"Shining Light","player_choice":"Entered Light","floor":2.0,"gold_loss":0.0,"damage_taken":14.0,"cards_upgraded":["Defend_P","Strike_P"]},{"damage_healed":0.0,"max_hp_gain":0.0,"max_hp_loss":0.0,"gold_gain":0.0,"event_name":"The Woman in Blue","player_choice":"Bought 3 Potions","floor":3.0,"gold_loss":0.0,"damage_taken":0.0},{"damage_healed":0.0,"max_hp_gain":0.0,"max_hp_loss":0.0,"gold_gain":0.0,"event_name":"Liars Game","player_choice":"Ignored","floor":5.0,"gold_loss":0.0,"damage_taken":0.0},{"damage_healed":0.0,"max_hp_gain":5.0,"max_hp_loss":0.0,"gold_gain":0.0,"event_name":"Big Fish","player_choice":"Donut","floor":11.0,"gold_loss":0.0,"damage_taken":0.0},{"cards_removed":["Strike_P"],"damage_healed":0.0,"max_hp_gain":0.0,"max_hp_loss":0.0,"gold_gain":0.0,"event_name":"Golden Wing","player_choice":"Card Removal","floor":12.0,"gold_loss":0.0,"damage_taken":7.0},{"damage_healed":0,"gold_gain":0,"player_choice":"Obtained Relic","damage_taken":0,"relics_obtained":["Smiling Mask"],"max_hp_gain":0,"max_hp_loss":0,"event_name":"Addict","floor":19,"gold_loss":85},{"cards_removed":["Defend_P"],"damage_healed":0,"gold_gain":0,"player_choice":"Gave Gold","damage_taken":0,"max_hp_gain":0,"max_hp_loss":0,"event_name":"Beggar","floor":22,"gold_loss":75},{"damage_healed":0,"gold_gain":0,"cards_transformed":["Strike_P","WreathOfFlame"],"player_choice":"Became Test Subject","damage_taken":0,"max_hp_gain":0,"max_hp_loss":0,"event_name":"Drug Dealer","floor":27,"gold_loss":0,"cards_obtained":["SignatureMove","Ragnarok"]}],"is_beta":false,"boss_relics":[{"not_picked":["Tiny House","Velvet Choker"],"picked":"Astrolabe"}],"items_purged_floors":[],"is_endless":false,"potions_floor_spawned":[4,10,16,21,28],"killed_by":"Collector","ascension_level":5}}