{"host":"hf83sijwe64ts2lm","time":1613527029,"event":{"mods":["2.2 Compatiblity","BaseMod","Better Altar","Better Match","Better Note","Better Sensory Stone","Better Skull","Better Third Choice","Colored Map","Colored Powertips","Highlight Path","Hubris","Infinite Spire","Minty Spire (QoL Compilation)","Quick Restart","Rare Cards Sparkle","Relic Stats","Reliquary","Replay The Spire","Shop Mod","Spicy Shops","Spire Arcade","StSLib","Thieving Mod"],"gold_per_floor":[118,118,118,134,134,134,160,160,160,186,186,186,209,1,1,125,125,138,63,86,86,86],"floor_reached":21,"language":"ENG","playtime":494,"items_purged":[],"score":213,"play_id":"90643319-f6a8-4022-905f-06ccc793243b","local_time":"20210216205709","is_ascension_mode":true,"campfire_choices":[{"floor":6,"key":"RECALL"},{"floor":8,"key":"REST"},{"data":"Blade Dance","floor":11,"key":"SMITH"},{"data":"Envenom","floor":15,"key":"SMITH"}],"circlet_count":0,"master_deck":["Strike_G","Strike_G","Strike_G","Strike_G","Strike_G","Defend_G","Defend_G","Defend_G","Defend_G+1","Defend_G","Survivor","Neutralize","Swift Strike+1","PiercingWail","Poisoned Stab","Poisoned Stab","Blade Dance+1","Blade Dance","Envenom+1","ReplayTheSpireMod:Necrosis","Blur","Concentrate+1"],"relics":["Ring of the Snake","hubris:Towel","Ice Cream","Snake Skull","Smiling Mask","Golden Idol","Ring of Chaos"],"acts_visited":["Exordium","TheCity"],"potions_floor_usage":[10,16,20],"damage_taken":[{"damage":0,"enemies":"Cultist","floor":1,"turns":4},{"damage":0,"enemies":"2 Louse","floor":4,"turns":2},{"damage":17,"enemies":"Replay:BlueRogue","floor":7,"turns":7},{"damage":10,"enemies":"3 Sentries","floor":10,"turns":9},{"damage":0,"enemies":"Small Slimes","floor":13,"turns":2},{"damage":23,"enemies":"Hexaghost","floor":16,"turns":7},{"damage":18,"enemies":"Shell Parasite","floor":18,"turns":4},{"damage":6,"enemies":"3 Byrds","floor":20,"turns":3},{"damage":46,"enemies":"Snecko","floor":21,"turns":5}],"seed_played":"-5357483435901501975","potions_obtained":[{"floor":1,"key":"Dexterity Potion"},{"floor":7,"key":"PowerPotion"},{"floor":18,"key":"FearPotion"}],"is_trial":false,"path_per_floor":["M","?","?","M","?","R","E","R","T","E","R","?","M","$","R","B",null,"M","?","M","M"],"character_chosen":"THE_SILENT","items_purchased":["Envenom"],"campfire_rested":1,"item_purchase_floors":[14],"current_hp_per_floor":[70,70,70,70,70,70,53,70,70,60,60,60,60,60,60,37,70,52,52,46,0,0],"gold":86,"neow_bonus":"RANDOM_COLORLESS","is_daily":false,"chose_seed":false,"campfire_upgraded":2,"win_rate":0.0,"timestamp":1613527029,"path_taken":["M","?","?","M","?","R","E","R","T","E","R","?","M","$","R","BOSS","M","?","M","M"],"items_purchased_type":["Card"],"build_version":"2020-12-22","purchased_purges":0,"victory":false,"max_hp_per_floor":[70,70,70,70,70,70,70,70,70,70,70,70,70,70,70,70,70,70,70,70,70,70],"relic_stats":{"counters":[9,43],"Golden Idol":38,"Snake Skull":[68],"Smiling Mask":0,"obtain_stats":[{"Ice Cream":7,"Golden Idol":12,"Snake Skull":9,"Ring of Chaos":17,"hubris:Towel":5,"Smiling Mask":10,"Ring of the Snake":0},{"Ice Cream":3,"Golden Idol":4,"Snake Skull":3,"Ring of Chaos":6,"hubris:Towel":2,"Smiling Mask":4,"Ring of the Snake":0},{"Ice Cream":13,"Golden Idol":22,"Snake Skull":13,"Ring of Chaos":31,"hubris:Towel":6,"Smiling Mask":22,"Ring of the Snake":0}],"Ring of the Snake":[18]},"card_choices":[{"not_picked":["Good Instincts","Forethought"],"picked":"Swift Strike","floor":0},{"not_picked":["hubris:SlightOfHand","Sneak Up"],"picked":"PiercingWail","floor":1},{"not_picked":["Deadly Poison","hubris:SlightOfHand"],"picked":"Poisoned Stab","floor":4},{"not_picked":["Backflip","Fluid Movement"],"picked":"Poisoned Stab","floor":7},{"not_picked":["Bouncing Flask","Heel Hook"],"picked":"Blade Dance","floor":10},{"not_picked":["Toxin Wave","Cloak And Dagger"],"picked":"Blade Dance","floor":13},{"not_picked":["Atom Bomb","Wraith Form v2"],"picked":"ReplayTheSpireMod:Necrosis","floor":16},{"not_picked":["hubris:SlightOfHand","Backflip"],"picked":"Blur","floor":18},{"not_picked":["hubris:SlightOfHand","ReplayTheSpireMod:Scrap Shanks"],"picked":"Concentrate+1","floor":20}],"player_experience":179831,"relics_obtained":[{"floor":7,"key":"Ice Cream"},{"floor":9,"key":"Snake Skull"},{"floor":10,"key":"Smiling Mask"}],"event_choices":[{"damage_healed":0,"gold_gain":0,"player_choice":"Take Wound","damage_taken":0,"relics_obtained":["Golden Idol"],"max_hp_gain":0,"max_hp_loss":0,"event_name":"Golden Idol","floor":12,"gold_loss":0,"cards_obtained":["Injury"]},{"cards_removed":["Injury"],"damage_healed":0,"gold_gain":0,"player_choice":"Gave Gold","damage_taken":0,"max_hp_gain":0,"max_hp_loss":0,"event_name":"Beggar","floor":19,"gold_loss":75}],"is_beta":false,"boss_relics":[{"not_picked":["ReplayTheSpireMod:SealedPack","Coffee Dripper"],"picked":"Ring of Chaos"}],"items_purged_floors":[],"is_endless":false,"potions_floor_spawned":[1,7,18],"killed_by":"Snecko","ascension_level":3}}