{"host":"dvz52zoduqbx9zr0","time":1613552298,"event":{"mods":["AchievementEnabler","Always Whale","Aspiration","BaseMod","BetterRewards","Colored Map","Conspire","Custom Start","Downfall","Halation","Hubris","Jedi Mod","Minty Spire (QoL Compilation)","Relic Sorter","Replay The Spire","Shop Mod","StSLib","SuperFastMode"],"gold_per_floor":[349,366,385,403,423,423,501,589,589,195,195,195,95,195,212,310,310,310,326,336,351,185,185,185,185,205,205,217,229,240,250,261,366,366,366,381,398,210,220,220,247,263,275,304,104,122,9,20,34,34,34,64,18,18,18,18],"floor_reached":57,"language":"ENG","playtime":4208,"items_purged":["ReplayTheSpireMod:Splinters","Injury","Guardian:Strike_Guardian","Pain"],"score":1184,"play_id":"bb83ec15-1a80-4bc4-ac16-4b6a150a1615","local_time":"20210217185817","is_ascension_mode":false,"campfire_choices":[{"data":"Guardian:TwinSlam","floor":1,"key":"SMITH"},{"floor":6,"key":"RECALL"},{"data":"Guardian:PrismaticBarrier","floor":9,"key":"SMITH"},{"data":"Guardian:FloatingOrbs","floor":13,"key":"SMITH"},{"data":"Guardian:Planning","floor":18,"key":"SMITH"},{"data":"Guardian:StasisField","floor":23,"key":"SMITH"},{"data":"Guardian:TemporalShield","floor":25,"key":"SMITH"},{"data":"Guardian:TimeSifter","floor":35,"key":"SMITH"},{"floor":54,"key":"REST"}],"circlet_count":0,"master_deck":["Guardian:Defend_Guardian+1","Guardian:Defend_Guardian+1","Guardian:Defend_Guardian+1","Guardian:Defend_Guardian+1","Guardian:CurlUp","Guardian:TwinSlam+1","Guardian:TemporalShield+1","Guardian:Planning+1","Guardian:PrismaticBarrier+1","Guardian:VentSteam","Guardian:FloatingOrbs+1","Guardian:BronzeOrb+1","Guardian:StasisStrike+1","Guardian:TimeSifter+1","Guardian:PolyBeam+1","Guardian:ShieldCharger+1","Guardian:TemporalStrike+1","Guardian:TimeCapacitor+1","Guardian:StasisField+1","Guardian:GatlingBeam+1","Guardian:TemporalStrike+1","Guardian:StasisStrike+1","Guardian:StasisStrike+1","Guardian:TimeSifter+1","Guardian:Suspension","Guardian:BronzeArmor+1"],"relics":["Guardian:ModeShifter","halation:PinkSoulGem","Orichalcum","MerchantsRug","downfall:HeartBlessingRed","aspiration:HummingbirdHeart","aspiration:RitualDagger","downfall:HeartBlessingBlue","downfall:HeartBlessingGreen","Replay:Baseball"],"acts_visited":["Exordium","TheCity","TheBeyond","TheEnding"],"potions_floor_usage":[20,26,33,46,50,52,56],"damage_taken":[{"damage":1,"enemies":"Cultist","floor":2,"turns":3},{"damage":1,"enemies":"2 Louse","floor":3,"turns":3},{"damage":1,"enemies":"conspire:RoseBush","floor":4,"turns":3},{"damage":8,"enemies":"2 Fungi Beasts","floor":5,"turns":4},{"damage":2,"enemies":"downfall:FleeingMerchant","floor":10,"turns":4},{"damage":0,"enemies":"3 Louse","floor":15,"turns":3},{"damage":7,"enemies":"SI_SHIV_ARCHETYPE","floor":16,"turns":9},{"damage":23,"enemies":"conspire:FuzzyDice","floor":19,"turns":5},{"damage":0,"enemies":"3 Byrds","floor":20,"turns":5},{"damage":0,"enemies":"Centurion and Healer","floor":21,"turns":6},{"damage":0,"enemies":"downfall:FleeingMerchant","floor":22,"turns":4},{"damage":1,"enemies":"Shelled Parasite and Fungi","floor":26,"turns":5},{"damage":0,"enemies":"Snecko","floor":28,"turns":4},{"damage":6,"enemies":"3 Cultists","floor":29,"turns":5},{"damage":0,"enemies":"Centurion and Healer","floor":30,"turns":5},{"damage":2,"enemies":"Snake Plant","floor":31,"turns":4},{"damage":11,"enemies":"Chosen and Byrds","floor":32,"turns":7},{"damage":5,"enemies":"WA_ARCHETYPE_CALM","floor":33,"turns":8},{"damage":21,"enemies":"3 Darklings","floor":36,"turns":5},{"damage":12,"enemies":"Orb Walker","floor":37,"turns":4},{"damage":12,"enemies":"downfall:FleeingMerchant","floor":38,"turns":4},{"damage":25,"enemies":"Sphere and 2 Shapes","floor":39,"turns":5},{"damage":38,"enemies":"Spire Growth","floor":42,"turns":5},{"damage":27,"enemies":"Writhing Mass","floor":43,"turns":5},{"damage":73,"enemies":"Giant Head","floor":44,"turns":8},{"damage":39,"enemies":"Maw","floor":46,"turns":7},{"damage":12,"enemies":"downfall:FleeingMerchant","floor":47,"turns":4},{"damage":64,"enemies":"4 Shapes","floor":48,"turns":8},{"damage":15,"enemies":"Transient","floor":49,"turns":5},{"damage":21,"enemies":"IC_BLOCK_ARCHETYPE","floor":50,"turns":6},{"damage":120,"enemies":"downfall:CharBossMerchant","floor":52,"turns":10},{"damage":70,"enemies":"downfall:NeowBoss","floor":55,"turns":13},{"damage":105,"enemies":"downfall:NeowBossFinal","floor":56,"turns":8}],"seed_played":"7029266674569356621","potions_obtained":[{"floor":5,"key":"Languid Potion"},{"floor":16,"key":"FearPotion"},{"floor":20,"key":"Fire Potion"},{"floor":26,"key":"LiquidBronze"},{"floor":30,"key":"SteroidPotion"},{"floor":33,"key":"jedi:tentaclejuice"},{"floor":39,"key":"Languid Potion"},{"floor":43,"key":"Strength Potion"},{"floor":46,"key":"Block Potion"},{"floor":48,"key":"Weak Potion"}],"is_trial":false,"path_per_floor":["R","M","M","M","M","R","T","?","R","$","?","?","R","?","M","B",null,"R","M","M","M","$","R","T","R","M","?","M","M","M","M","M","B",null,"R","M","M","$","M","?","T","M","M","E","R","M","$","M","M","B",null,"E","$","R","B","B",null],"character_chosen":"GUARDIAN","items_purchased":["Guardian:Gem_Orange","Guardian:FloatingOrbs","MerchantsRug","Guardian:GatlingBeam+1","Guardian:Suspension","Replay:Baseball"],"campfire_rested":1,"item_purchase_floors":[10,10,10,22,38,53],"current_hp_per_floor":[56,55,54,53,45,45,45,45,45,43,43,43,43,43,43,36,80,80,57,57,57,57,57,57,57,56,56,56,50,50,48,37,32,80,80,59,47,35,10,22,22,92,82,58,68,66,64,12,19,88,102,21,21,51,67,26],"gold":18,"neow_bonus":"TWO_FIFTY_GOLD","is_daily":false,"chose_seed":false,"campfire_upgraded":7,"win_rate":0.0,"timestamp":1613552297,"path_taken":["R","M","M","M","?","R","T","?","R","$","?","?","R","?","M","BOSS","R","M","M","M","$","R","T","R","M","?","?","M","?","M","M","BOSS","R","M","M","$","?","?","T","M","M","E","R","M","$","M","M","BOSS","E","$","R","BOSS","BOSS"],"items_purchased_type":["Card","Card","Relic","Card","Card","Relic"],"build_version":"2020-12-22","purchased_purges":4,"victory":true,"max_hp_per_floor":[80,80,80,80,80,80,80,80,80,80,80,80,80,80,80,80,80,80,80,80,80,80,80,80,80,80,80,80,80,80,80,80,80,80,80,80,80,80,80,92,92,92,92,92,102,102,102,102,102,102,102,102,102,102,102,102],"card_choices":[{"not_picked":["Guardian:ShieldCharger","Guardian:Suspension"],"picked":"Guardian:TemporalShield","floor":2},{"not_picked":["Guardian:Gem_Fragmented","Guardian:ShieldSpikes"],"picked":"Guardian:Gem_Purple","floor":3},{"not_picked":["Guardian:VentSteam","Guardian:PolyBeam"],"picked":"Guardian:Planning","floor":4},{"not_picked":["Guardian:PiercingHide","Guardian:Suspension"],"picked":"Guardian:Gem_Green","floor":5},{"not_picked":["Guardian:SpikerProtocol","Guardian:Gem_Red"],"picked":"Guardian:PrismaticBarrier","floor":8},{"not_picked":["Guardian:ShieldSpikes","Guardian:Suspension"],"picked":"Guardian:VentSteam","floor":8},{"not_picked":["Guardian:Gem_Green","Guardian:Recover"],"picked":"Guardian:Gem_Red","floor":10},{"not_picked":["Guardian:Gem_Lightblue","Guardian:SpikerProtocol"],"picked":"Guardian:BronzeOrb+1","floor":15},{"not_picked":["Guardian:Gem_Orange","Guardian:TimeSifter"],"picked":"Guardian:StasisStrike+1","floor":16},{"not_picked":["Guardian:Gem_Crimson","Guardian:Clone"],"picked":"Guardian:TemporalStrike+1","floor":19},{"not_picked":["Guardian:PrismaticBarrier","Guardian:DecasProtection"],"picked":"Guardian:TimeCapacitor+1","floor":20},{"not_picked":["Guardian:PiercingHide","Guardian:Gem_Lightblue"],"picked":"Guardian:Gem_Yellow","floor":21},{"not_picked":["Guardian:VentSteam","Guardian:Incinerate+1"],"picked":"Guardian:StasisField","floor":22},{"not_picked":["Guardian:FloatingOrbs","Guardian:PiercingHide"],"picked":"Guardian:TemporalStrike+1","floor":26},{"not_picked":["Guardian:PiercingHide","Guardian:SentryBeam+1","Guardian:Recover"],"picked":"SKIP","floor":28},{"not_picked":["Guardian:Recover","Guardian:TemporalShield+1"],"picked":"Guardian:StasisStrike+1","floor":29},{"not_picked":["Guardian:Gem_Red","Guardian:BodySlam+1"],"picked":"Guardian:Gem_Purple","floor":30},{"not_picked":["Guardian:Reroute+1","Guardian:Recover+1"],"picked":"Guardian:Gem_Red","floor":31},{"not_picked":["Guardian:RollAttack+1","Guardian:Gem_Lightblue","Guardian:SentryBeam+1"],"picked":"SKIP","floor":32},{"not_picked":["Guardian:HyperBeam_Guardian+1","Guardian:GatlingBeam+1"],"picked":"Guardian:TimeSifter","floor":33},{"not_picked":["Guardian:SentryBeam+1","Guardian:Gem_Green"],"picked":"Guardian:Gem_Red","floor":36},{"not_picked":["Guardian:Reroute+1","Guardian:Gem_Cyan","Guardian:PrimingBeam+1"],"picked":"SKIP","floor":37},{"not_picked":["Guardian:BodySlam+1","Guardian:SentryBeam+1"],"picked":"Guardian:Gem_Yellow","floor":38},{"not_picked":["Guardian:WalkerClaw+1","Guardian:GuardianWhirl+1","Guardian:Gem_Crimson"],"picked":"SKIP","floor":39},{"not_picked":["Guardian:WalkerClaw+1","Guardian:RollAttack+1","Guardian:Planning"],"picked":"SKIP","floor":42},{"not_picked":["Guardian:Gem_Fragmented","Guardian:VentSteam+1","Guardian:MultiBeam+1"],"picked":"SKIP","floor":43},{"not_picked":["Guardian:Reroute+1","Guardian:AncientConstruct","Guardian:ChargeCore+1"],"picked":"SKIP","floor":44},{"not_picked":["Guardian:RefractedBeam+1","Guardian:Recover+1"],"picked":"Guardian:BronzeArmor+1","floor":46},{"not_picked":["Guardian:Gem_Lightblue","Guardian:ShieldSpikes","Guardian:Planning"],"picked":"SKIP","floor":47},{"not_picked":["Guardian:Gem_Red","Guardian:ChargeCore+1","Guardian:Gem_Yellow"],"picked":"SKIP","floor":48},{"not_picked":["Guardian:TemporalStrike+1","Guardian:EvasiveProtocol","Guardian:Gem_Green"],"picked":"SKIP","floor":49},{"not_picked":["Guardian:Gem_Purple","Guardian:SentryBeam+1"],"picked":"Guardian:Gem_Orange","floor":52}],"player_experience":224260,"relics_obtained":[{"floor":7,"key":"Replay:Bottled Eggs"},{"floor":8,"key":"Orichalcum"},{"floor":24,"key":"aspiration:HummingbirdHeart"},{"floor":44,"key":"Art of War"},{"floor":52,"key":"Boot"}],"event_choices":[],"is_beta":false,"boss_relics":[{"not_picked":["jedi:hotpepper","halation:Risk"],"picked":"Astrolabe"},{"not_picked":["Painkiller Herb","conspire:RunicOctahedron"],"picked":"aspiration:RitualDagger"}],"items_purged_floors":[10,22,38,47],"is_endless":false,"potions_floor_spawned":[5,16,20,26,30,31,33,39,43,46,48],"ascension_level":0}}