{"host":"7fyy23rucerupe6i","time":1613544892,"event":{"mods":["AchievementEnabler","Act Like it!","Aspiration","BaseMod","Better Note","BetterRewards","Colored Map","Colored Powertips","Conspire","Curses Come First","Custom Start","Downfall","Googly Eyes","Marisa£®ÏF”Í°°ƒß¿Ì…≥£©","Minty Spire (QoL Compilation)","Quick Restart","Relic Stats","Shop Mod","ShortenTheSpire","Spicy Shops","StSLib","SuperFastMode","The Blackbeard","The Construct","The Cursed","The Senshi","The Servant 0.9.4"],"gold_per_floor":[112,132,142,142,142,142,42,42,42,60,76,76,76,76,76,172,172,190,80,105,375,85,120,120,120],"floor_reached":24,"language":"ZHS","playtime":831,"items_purged":["Defend_G"],"score":408,"play_id":"87eedc8a-5d5d-474f-b233-1972599b956a","local_time":"20210217145452","is_ascension_mode":true,"campfire_choices":[{"data":"Deflect","floor":6,"key":"SMITH"},{"data":"Neutralize","floor":8,"key":"SMITH"},{"data":"Ghostly","floor":13,"key":"SMITH"},{"data":"Escape Plan","floor":15,"key":"SMITH"}],"circlet_count":0,"master_deck":["AscendersBane","Strike_G","Strike_G","Strike_G","Strike_G","Defend_G+1","Defend_G","Defend_G","Defend_G","Survivor+1","Neutralize+1","Tools of the Trade+1","Blade Dance+1","Deflect+1","Bullet Time","Ghostly+1","Escape Plan+1","Envenom+1","Blur","Cloak And Dagger","conspire:PoisonWeapons+1"],"relics":["Ring of the Snake","Frozen Egg 2","aspiration:Lifesprig","Toy Ornithopter","Happy Flower","Vajra","Golden Idol","aspiration:FrozenJewel","StrikeDummy","MerchantsRug","PreservedInsect","Bag of Preparation","Regal Pillow"],"acts_visited":["Exordium","TheCity"],"potions_floor_usage":[16,16,20],"damage_taken":[{"damage":2,"enemies":"2 Louse","floor":1,"turns":2},{"damage":0,"enemies":"Small Slimes","floor":2,"turns":2},{"damage":0,"enemies":"Cultist","floor":3,"turns":3},{"damage":2,"enemies":"Exordium Thugs","floor":10,"turns":5},{"damage":0,"enemies":"Gremlin Gang","floor":11,"turns":4},{"damage":11,"enemies":"Slime Boss","floor":16,"turns":6},{"damage":8,"enemies":"conspire:FuzzyDice","floor":18,"turns":8},{"damage":3,"enemies":"2 Thieves","floor":20,"turns":5},{"damage":8,"enemies":"Slavers","floor":23,"turns":7},{"damage":6,"enemies":"Sentry and Sphere","floor":24,"turns":3}],"seed_played":"-6458412270461484210","potions_obtained":[{"floor":3,"key":"PowerPotion"},{"floor":11,"key":"Ancient Potion"},{"floor":18,"key":"Energy Potion"},{"floor":23,"key":"Weak Potion"}],"is_trial":false,"path_per_floor":["M","M","M","?","?","R","?","R","T","M","M","?","R","T","R","B",null,"M","?","M","?","$","E","M"],"character_chosen":"THE_SILENT","items_purchased":["Frozen Egg 2","aspiration:Lifesprig","Toy Ornithopter","Tools of the Trade+1","Blade Dance","Happy Flower","MerchantsRug","PreservedInsect","Bag of Preparation"],"campfire_rested":0,"item_purchase_floors":[0,0,0,0,0,0,22,22,22],"current_hp_per_floor":[26,26,26,26,8,8,8,8,8,6,6,6,6,6,6,5,46,38,38,40,13,13,5,0,0],"gold":120,"neow_bonus":"","is_daily":false,"chose_seed":false,"campfire_upgraded":4,"win_rate":0.0,"timestamp":1613544892,"path_taken":["M","M","M","?","?","R","?","R","T","M","M","?","R","?","R","BOSS","M","?","?","?","$","E","?"],"items_purchased_type":["Relic","Relic","Relic","Card","Card","Relic","Relic","Relic","Relic"],"build_version":"2020-12-22","purchased_purges":1,"victory":false,"max_hp_per_floor":[66,66,66,60,60,60,60,60,60,60,60,60,60,60,60,60,60,60,60,60,60,60,60,60,60],"relic_stats":{"Regal Pillow":0,"Happy Flower":[15],"counters":[22,83],"Golden Idol":42,"PreservedInsect":42,"Bag of Preparation":[4],"obtain_stats":[{"aspiration:Lifesprig":0,"Regal Pillow":23,"ScarletDevilRocket":9,"Torii":6,"Singing Bowl":0,"Vajra":0,"Bag of Preparation":0,"ClockworkSouvenir":0,"Toolbox":0,"theSenshi:SailorFukuRelic":0,"Toxic Egg 2":4,"Ring of the Snake":0,"aspiration:ChemicalBlood":12,"MerchantsRug":13,"conspire:TreasureMap":0,"bronze:DonusWashers":0,"Happy Flower":0,"Golden Idol":3,"Pen Nib":0,"PreservedInsect":22,"Frozen Egg 2":0,"Question Card":0,"White Beast Statue":0,"aspiration:FrozenJewel":9,"Busted Crown":17,"Shuriken":8,"Molten Egg 2":0,"StrikeDummy":14,"Toy Ornithopter":0},{"aspiration:Lifesprig":12,"Regal Pillow":21,"ScarletDevilRocket":6,"Torii":5,"Singing Bowl":8,"Vajra":12,"Bag of Preparation":0,"ClockworkSouvenir":8,"Toolbox":0,"theSenshi:SailorFukuRelic":0,"Toxic Egg 2":10,"Ring of the Snake":0,"aspiration:ChemicalBlood":7,"MerchantsRug":7,"conspire:TreasureMap":0,"bronze:DonusWashers":8,"Happy Flower":12,"Golden Idol":10,"Pen Nib":0,"PreservedInsect":20,"Frozen Egg 2":12,"Question Card":0,"White Beast Statue":0,"aspiration:FrozenJewel":15,"Busted Crown":18,"Shuriken":6,"Molten Egg 2":0,"StrikeDummy":17,"Toy Ornithopter":12},{"aspiration:Lifesprig":38,"Regal Pillow":80,"ScarletDevilRocket":15,"Torii":12,"Singing Bowl":23,"Vajra":38,"Bag of Preparation":0,"ClockworkSouvenir":23,"Toolbox":0,"theSenshi:SailorFukuRelic":0,"Toxic Egg 2":31,"Ring of the Snake":0,"aspiration:ChemicalBlood":16,"MerchantsRug":16,"conspire:TreasureMap":0,"bronze:DonusWashers":23,"Happy Flower":38,"Golden Idol":31,"Pen Nib":0,"PreservedInsect":73,"Frozen Egg 2":38,"Question Card":0,"White Beast Statue":0,"aspiration:FrozenJewel":45,"Busted Crown":60,"Shuriken":15,"Molten Egg 2":0,"StrikeDummy":54,"Toy Ornithopter":38}],"Toy Ornithopter":15,"Ring of the Snake":[44]},"card_choices":[{"not_picked":["Backflip","Catalyst"],"picked":"Deflect","floor":1},{"not_picked":["Deadly Poison","Footwork+1"],"picked":"Bullet Time","floor":2},{"not_picked":["Outmaneuver","Caltrops+1","Skewer"],"picked":"SKIP","floor":3},{"not_picked":["Bouncing Flask","Catalyst","Deflect"],"picked":"SKIP","floor":10},{"not_picked":["Bouncing Flask","Terror"],"picked":"Escape Plan","floor":11},{"not_picked":["Storm of Steel","aspiration:Lunge"],"picked":"Envenom+1","floor":16},{"not_picked":[],"picked":"Blur","floor":18},{"not_picked":[],"picked":"Cloak And Dagger","floor":20},{"not_picked":["Dagger Throw","Leg Sweep"],"picked":"conspire:PoisonWeapons+1","floor":23}],"player_experience":589610,"relics_obtained":[{"floor":9,"key":"aspiration:FrozenJewel"},{"floor":14,"key":"StrikeDummy"},{"floor":23,"key":"Regal Pillow"}],"event_choices":[{"damage_healed":0,"gold_gain":0,"player_choice":"Lose Max HP","damage_taken":0,"relics_obtained":["Golden Idol"],"max_hp_gain":0,"max_hp_loss":6,"event_name":"Golden Idol","floor":4,"gold_loss":0},{"damage_healed":0,"gold_gain":0,"player_choice":"Entered Light","damage_taken":18,"max_hp_gain":0,"max_hp_loss":0,"event_name":"Shining Light","floor":5,"gold_loss":0,"cards_upgraded":["Blade Dance","Defend_G"]},{"damage_healed":0,"gold_gain":0,"player_choice":"Argue","damage_taken":0,"max_hp_gain":0,"max_hp_loss":0,"event_name":"conspire:LoneGhost","floor":7,"gold_loss":0},{"damage_healed":0,"gold_gain":0,"player_choice":"Ignored","damage_taken":0,"max_hp_gain":0,"max_hp_loss":0,"event_name":"Golden Wing","floor":12,"gold_loss":0},{"cards_removed":["Strike_G"],"damage_healed":0,"gold_gain":0,"player_choice":"Upgrade and Remove","damage_taken":0,"max_hp_gain":0,"max_hp_loss":0,"event_name":"Designer","floor":19,"gold_loss":110,"cards_upgraded":["Survivor"]},{"damage_healed":0,"gold_gain":270,"player_choice":"GOLD GOLD GOLD ","damage_taken":27,"max_hp_gain":0,"max_hp_loss":0,"event_name":"Knowing Skull","floor":21,"potions_obtained":[],"gold_loss":0,"cards_obtained":[]}],"is_beta":false,"boss_relics":[{"not_picked":["Pandora\u0027s Box","Ectoplasm"],"picked":"Busted Crown"}],"items_purged_floors":[0],"is_endless":false,"potions_floor_spawned":[3,11,18,23],"killed_by":"Sentry and Sphere","ascension_level":20}}