{"host":"pi8b3ffzwvxqztac","time":1613558402,"event":{"mods":["BaseMod","Colored Map","Custom Start","Downfall","Minty Spire (QoL Compilation)","StSLib"],"gold_per_floor":[99,116,126,144,155,165,189,89,107,137,137,137,37,49,66,166,166,66,78,95,113,17,17,67,86,86,106,106,141,141,141,141,246,246,246,265,265,278,297,297,297,207,221,235,246,246,246,264,284,284,284,284],"floor_reached":50,"language":"ENG","playtime":3332,"items_purged":["champ:Defend"],"score":665,"play_id":"180fbaf1-8308-46a3-a7e4-b512d9aa5589","local_time":"20210217234002","is_ascension_mode":true,"campfire_choices":[{"floor":1.0,"key":"RECALL"},{"data":"champ:PerfectedStrike","floor":8.0,"key":"SMITH"},{"floor":13.0,"key":"REST"},{"data":"champ:Taunt","floor":18.0,"key":"SMITH"},{"data":"champ:EnchantCrown","floor":23.0,"key":"SMITH"},{"data":"champ:LastStand","floor":26.0,"key":"SMITH"},{"data":"expansioncontent:Chronoboost","floor":30.0,"key":"SMITH"},{"data":"champ:PerfectedStrike","floor":35.0,"key":"SMITH"},{"data":"champ:Devastate","floor":40.0,"key":"SMITH"}],"circlet_count":0,"master_deck":["champ:Strike","champ:Strike","champ:Defend","champ:Defend","champ:Execute","champ:Taunt+1","champ:PerfectedStrike+1","champ:CrownThrow","champ:StanceDance","champ:GladiatorStyle","champ:LastStand+1","champ:PerfectedStrike+1","champ:PreciseThrust","champ:Endure","champ:EnchantCrown+1","CurseOfTheBell","champ:BerserkerStyle","champ:Backstep+1","champ:EnGarde+1","champ:FlashCut+1","expansioncontent:Chronoboost+1","champ:RisingSlash","champ:GutPunch+1","champ:ShieldWall","champ:Devastate+1","champ:PerfectedStrike+1","champ:Endure+1","champ:EnGarde+1","champ:ShieldSigil+1","champ:PerfectedStrike"],"relics":["champ:ChampionCrown","Pen Nib","downfall:HeartBlessingRed","Akabeko","downfall:ShatteredFragment","downfall:HeartBlessingBlue","Calling Bell","Potion Belt","Eternal Feather","Ice Cream","downfall:HeartBlessingGreen","Regal Pillow","Bronze Scales","Philosopher\u0027s Stone","Sundial","Frozen Egg 2"],"acts_visited":["Exordium","TheCity","TheBeyond"],"potions_floor_usage":[50,50,50],"damage_taken":[{"damage":35.0,"enemies":"Jaw Worm","floor":2.0,"turns":4.0},{"damage":25.0,"enemies":"Small Slimes","floor":3.0,"turns":3.0},{"damage":10.0,"enemies":"Cultist","floor":4.0,"turns":3.0},{"damage":0.0,"enemies":"Large Slime","floor":5.0,"turns":5.0},{"damage":19.0,"enemies":"Red Slaver","floor":6.0,"turns":2.0},{"damage":15.0,"enemies":"Lots of Slimes","floor":9.0,"turns":3.0},{"damage":16.0,"enemies":"Lagavulin","floor":10.0,"turns":7.0},{"damage":10.0,"enemies":"Large Slime","floor":14.0,"turns":2.0},{"damage":0.0,"enemies":"Exordium Wildlife","floor":15.0,"turns":1.0},{"damage":18.0,"enemies":"IC_STATUS_ARCHETYPE","floor":16.0,"turns":4.0},{"damage":0.0,"enemies":"Spheric Guardian","floor":19.0,"turns":3.0},{"damage":20.0,"enemies":"3 Byrds","floor":20.0,"turns":5.0},{"damage":17.0,"enemies":"3 Cultists","floor":21.0,"turns":5.0},{"damage":10.0,"enemies":"downfall:FleeingMerchant","floor":22.0,"turns":4.0},{"damage":16.0,"enemies":"Snake Plant","floor":25.0,"turns":3.0},{"damage":12.0,"enemies":"Cultist and Chosen","floor":27.0,"turns":4.0},{"damage":45.0,"enemies":"Gremlin Leader","floor":29.0,"turns":6.0},{"damage":0.0,"enemies":"Shelled Parasite and Fungi","floor":32.0,"turns":1.0},{"damage":64.0,"enemies":"SI_MIRROR_ARCHETYPE","floor":33.0,"turns":7.0},{"damage":1.0,"enemies":"Orb Walker","floor":36.0,"turns":3.0},{"damage":40.0,"enemies":"3 Darklings","floor":38.0,"turns":4.0},{"damage":12.0,"enemies":"4 Shapes","floor":39.0,"turns":2.0},{"damage":32.0,"enemies":"downfall:FleeingMerchant","floor":42.0,"turns":4.0},{"damage":10.0,"enemies":"Sphere and 2 Shapes","floor":43.0,"turns":3.0},{"damage":34.0,"enemies":"3 Darklings","floor":44.0,"turns":4.0},{"damage":11.0,"enemies":"Spire Growth","floor":45.0,"turns":3.0},{"damage":32.0,"enemies":"Writhing Mass","floor":48.0,"turns":5.0},{"damage":41,"enemies":"Transient","floor":49,"turns":5},{"damage":25,"enemies":"WA_ARCHETYPE_DIVINITY","floor":50,"turns":5}],"seed_played":"-6567879776516352076","potions_obtained":[{"floor":3.0,"key":"Energy Potion"},{"floor":5.0,"key":"champ:CounterPotion"},{"floor":10.0,"key":"BlessingOfTheForge"},{"floor":14.0,"key":"LiquidBronze"},{"floor":20.0,"key":"Block Potion"},{"floor":25.0,"key":"SmokeBomb"},{"floor":29.0,"key":"Weak Potion"},{"floor":31.0,"key":"Slimebound:ThreeZeroPotion"},{"floor":31.0,"key":"Strength Potion"},{"floor":31.0,"key":"champ:CounterPotion"},{"floor":36.0,"key":"Dexterity Potion"},{"floor":43.0,"key":"hexamod:SoulburnPotion"},{"floor":44.0,"key":"Fire Potion"},{"floor":48.0,"key":"Energy Potion"}],"is_trial":false,"path_per_floor":["R","M","M","M","M","M","T","R","M","E","?","?","R","M","M","B",null,"R","M","M","M","$","R","T","M","R","M","?","E","R","?","M","B",null,"R","M","?","M","M","R","T","$","M","M","M","?","T","M","M","B"],"character_chosen":"THE_CHAMP","items_purchased":["expansioncontent:Chronoboost"],"campfire_rested":1,"item_purchase_floors":[22],"current_hp_per_floor":[81,66,61,61,61,52,52,52,47,31,4,4,44,44,44,26,82,91,91,81,74,74,86,86,80,95,90,90,62,77,77,77,75,94,100,99,99,97,85,100,100,92,92,75,64,64,64,52,11,0,0,0],"gold":284,"neow_bonus":"RANDOM_COMMON_RELIC","is_daily":false,"chose_seed":false,"campfire_upgraded":7,"win_rate":0.0,"timestamp":1613558402,"path_taken":["R","M","M","M","M","M","T","R","M","E","?","?","R","M","M","BOSS","R","M","M","M","$","R","T","M","R","M","?","E","R","?","M","BOSS","R","M","?","M","?","R","T","$","M","M","M","?","?","?","M","BOSS"],"items_purchased_type":["Card"],"build_version":"2020-12-22","purchased_purges":1,"victory":false,"max_hp_per_floor":[90,90,90,90,90,90,90,90,90,90,90,90,100,100,100,100,100,100,100,100,100,100,100,100,100,100,100,100,100,100,100,100,100,100,100,100,100,100,100,100,100,100,100,100,100,100,100,100,100,100,100,100],"card_choices":[{"not_picked":["champ:Lariat","champ:ShieldSigil"],"picked":"champ:PerfectedStrike","floor":2.0},{"not_picked":["champ:Shatter","champ:BringItOn"],"picked":"champ:CrownThrow","floor":3.0},{"not_picked":["champ:FocusedDefense","champ:Circumvent"],"picked":"champ:StanceDance","floor":4.0},{"not_picked":["champ:Parry","champ:RapidStrikes","champ:RecklessLeap"],"picked":"SKIP","floor":5.0},{"not_picked":["champ:BladeFlurry","champ:Circumvent"],"picked":"champ:GladiatorStyle","floor":6.0},{"not_picked":["champ:BerserkersShout","champ:BerserkerStyle"],"picked":"champ:LastStand","floor":9.0},{"not_picked":["champ:EndlessRage","champ:Endure"],"picked":"champ:PerfectedStrike","floor":10.0},{"not_picked":["champ:GladiatorStyle","champ:FocusedDefense"],"picked":"champ:PreciseThrust","floor":14.0},{"not_picked":["champ:AdrenalArmor","champ:SwordSigil"],"picked":"champ:Endure","floor":15.0},{"not_picked":["champ:DancingMaster","champ:IgnorePain"],"picked":"champ:EnchantCrown","floor":16.0},{"not_picked":["champ:BringItOn","champ:SwordSigil"],"picked":"champ:BerserkerStyle","floor":19.0},{"not_picked":["champ:ShieldSigil","champ:GutPunch"],"picked":"champ:Backstep+1","floor":20.0},{"not_picked":["champ:Shatter+1","champ:Circumvent"],"picked":"champ:EnGarde+1","floor":21.0},{"not_picked":["champ:BringItOn","champ:EnchantCrown"],"picked":"champ:FlashCut+1","floor":22.0},{"not_picked":["champ:PreciseThrust","champ:BladeFlurry"],"picked":"champ:RisingSlash","floor":25.0},{"not_picked":["champ:SkillfulDodge","champ:BerserkerStyle"],"picked":"champ:GutPunch+1","floor":27.0},{"not_picked":["champ:CrownThrow","champ:HeavySlash","champ:FaceSlap"],"picked":"SKIP","floor":29.0},{"not_picked":["champ:GladiatorForm","champ:LastStand"],"picked":"champ:Devastate","floor":33.0},{"not_picked":["champ:FalseCounter","champ:StanceDance","champ:CrownThrow"],"picked":"SKIP","floor":36.0},{"not_picked":["champ:FanOfKnives","champ:Haymaker"],"picked":"champ:Endure+1","floor":38.0},{"not_picked":["champ:HeartStrike","champ:FocusedBerserking+1","champ:GutPunch"],"picked":"SKIP","floor":39.0},{"not_picked":["champ:GladiatorForm","champ:StanceDance+1"],"picked":"champ:EnGarde+1","floor":42.0},{"not_picked":["champ:TornadoPunch+1","champ:FocusedDefense"],"picked":"champ:ShieldSigil+1","floor":43.0},{"not_picked":["champ:EnGarde","champ:Shatter+1"],"picked":"champ:PerfectedStrike","floor":44.0},{"not_picked":["champ:SetATrap","champ:PreemptiveStrike+1","champ:ArenaPreparation+1"],"picked":"SKIP","floor":45.0},{"not_picked":["champ:CrownThrow+1","champ:FanOfKnives+1","champ:Encircle+1"],"picked":"SKIP","floor":48.0},{"not_picked":["champ:DefensiveShout+1","champ:EndlessRage+1","champ:EnGarde+1"],"picked":"SKIP","floor":49}],"player_experience":811337,"relics_obtained":[{"floor":10.0,"key":"Akabeko"},{"floor":17.0,"key":"Potion Belt"},{"floor":17.0,"key":"Eternal Feather"},{"floor":17.0,"key":"Ice Cream"},{"floor":24.0,"key":"Regal Pillow"},{"floor":29.0,"key":"Bronze Scales"},{"floor":41.0,"key":"Sundial"},{"floor":47.0,"key":"Frozen Egg 2"}],"event_choices":[{"damage_healed":0.0,"max_hp_gain":0.0,"max_hp_loss":0.0,"gold_gain":0.0,"event_name":"Lab","player_choice":"Got Potions","floor":31.0,"gold_loss":0.0,"damage_taken":0.0},{"cards_removed":["champ:Strike"],"damage_healed":0.0,"max_hp_gain":0.0,"max_hp_loss":0.0,"gold_gain":0.0,"event_name":"Falling","player_choice":"Removed Attack","floor":46.0,"gold_loss":0.0,"damage_taken":0.0}],"is_beta":false,"boss_relics":[{"not_picked":["Tiny House","Runic Pyramid"],"picked":"Calling Bell"},{"not_picked":["Runic Dome","Cursed Key"],"picked":"Philosopher\u0027s Stone"}],"items_purged_floors":[42],"is_endless":false,"potions_floor_spawned":[3,5,10,14,20,25,29,32,36,43,44,48],"killed_by":"WA_ARCHETYPE_DIVINITY","ascension_level":7}}