{"host":"5agrj1fd4s00r127","time":1613552403,"event":{"mods":["BaseMod","Minty Spire (QoL Compilation)","StSLib"],"gold_per_floor":[112,112,112,187,201,236,246,246,246,280,300,312,644,501,501,599,599,619,634,651,651,651],"floor_reached":21,"language":"RUS","playtime":742,"items_purged":["Regret"],"score":226,"play_id":"ac9476ef-6fa3-4ca8-90df-af155ceedd33","local_time":"20210217110003","is_ascension_mode":false,"campfire_choices":[{"floor":15,"key":"REST"}],"circlet_count":0,"master_deck":["Strike_B","Strike_B","Defend_B","Defend_B","Defend_B","Defend_B","Zap","Dualcast","Chaos","Static Discharge","Ball Lightning","Hello World","Turbo","Melter","Thunder Strike","Ball Lightning","Self Repair","Auto Shields","Multi-Cast","Force Field","Defragment","Biased Cognition","Leap+1","Lockon+1","White Noise","Capacitor","Steam Power"],"relics":["Cracked Core","NeowsBlessing","Prayer Wheel","Oddly Smooth Stone","White Beast Statue","HornCleat","Old Coin","SlaversCollar"],"acts_visited":["Exordium","TheCity"],"potions_floor_usage":[10,11,16,19,20,20],"damage_taken":[{"damage":0,"enemies":"Jaw Worm","floor":1,"turns":1},{"damage":0,"enemies":"Small Slimes","floor":5,"turns":1},{"damage":0,"enemies":"3 Sentries","floor":6,"turns":1},{"damage":0,"enemies":"Cultist","floor":7,"turns":3},{"damage":20,"enemies":"Lagavulin","floor":10,"turns":5},{"damage":27,"enemies":"Exordium Thugs","floor":11,"turns":4},{"damage":2,"enemies":"3 Louse","floor":12,"turns":4},{"damage":6,"enemies":"Gremlin Nob","floor":13,"turns":4},{"damage":30,"enemies":"Hexaghost","floor":16,"turns":8},{"damage":10,"enemies":"Chosen","floor":18,"turns":3},{"damage":24,"enemies":"2 Thieves","floor":19,"turns":4},{"damage":10,"enemies":"Snecko","floor":20,"turns":4},{"damage":39,"enemies":"Centurion and Healer","floor":21,"turns":5}],"seed_played":"8276263376582470115","potions_obtained":[{"floor":5,"key":"FearPotion"},{"floor":6,"key":"LiquidBronze"},{"floor":10,"key":"Regen Potion"},{"floor":11,"key":"SneckoOil"},{"floor":12,"key":"SmokeBomb"},{"floor":13,"key":"SkillPotion"},{"floor":16,"key":"SteroidPotion"},{"floor":18,"key":"Swift Potion"},{"floor":19,"key":"SkillPotion"},{"floor":20,"key":"PotionOfCapacity"}],"is_trial":false,"path_per_floor":["M","?","?","?","M","E","M","?","T","E","M","M","E","$","R","B",null,"M","M","M","M"],"character_chosen":"DEFECT","items_purchased":["Defragment"],"campfire_rested":1,"item_purchase_floors":[14],"current_hp_per_floor":[75,68,68,57,57,57,57,57,57,37,24,29,23,23,45,15,75,65,48,38,0,0],"gold":651,"neow_bonus":"THREE_ENEMY_KILL","is_daily":false,"chose_seed":false,"campfire_upgraded":0,"win_rate":0.0,"timestamp":1613552403,"path_taken":["M","?","?","?","M","E","M","?","T","E","?","M","E","$","R","BOSS","M","M","M","M"],"items_purchased_type":["Card"],"build_version":"2020-12-22","purchased_purges":1,"victory":false,"max_hp_per_floor":[75,75,75,75,75,75,75,75,75,75,75,75,75,75,75,75,75,75,75,75,75,75],"card_choices":[{"not_picked":["Steam","Streamline"],"picked":"Chaos","floor":1},{"not_picked":["Tempest","Turbo"],"picked":"Static Discharge","floor":5},{"not_picked":["Gash","Go for the Eyes"],"picked":"Ball Lightning","floor":5},{"not_picked":["Rebound","Coolheaded"],"picked":"Hello World","floor":6},{"not_picked":["Gash","Chaos"],"picked":"Turbo","floor":7},{"not_picked":["Rebound","Darkness"],"picked":"Melter","floor":7},{"not_picked":["Scrape","Go for the Eyes"],"picked":"Thunder Strike","floor":10},{"not_picked":["Undo","Go for the Eyes"],"picked":"Ball Lightning","floor":11},{"not_picked":["Hologram","Doom and Gloom"],"picked":"Self Repair","floor":11},{"not_picked":["Stack","Ball Lightning"],"picked":"Auto Shields","floor":12},{"not_picked":["Hello World","Turbo"],"picked":"Multi-Cast","floor":12},{"not_picked":["BootSequence","Glacier"],"picked":"Force Field","floor":13},{"not_picked":["Multi-Cast","Meteor Strike"],"picked":"Biased Cognition","floor":16},{"not_picked":["Undo","Go for the Eyes"],"picked":"Leap+1","floor":18},{"not_picked":["Chill","Ball Lightning","Cold Snap"],"picked":"SKIP","floor":18},{"not_picked":["Compile Driver","FTL+1"],"picked":"Lockon+1","floor":19},{"not_picked":["Blizzard","Go for the Eyes+1"],"picked":"White Noise","floor":19},{"not_picked":["FTL+1","Doom and Gloom"],"picked":"Capacitor","floor":20},{"not_picked":["Reinforced Body+1","Rebound+1"],"picked":"Steam Power","floor":20}],"player_experience":21911,"relics_obtained":[{"floor":6,"key":"Oddly Smooth Stone"},{"floor":9,"key":"White Beast Statue"},{"floor":10,"key":"HornCleat"},{"floor":13,"key":"Old Coin"}],"event_choices":[{"cards_removed":["Strike_B"],"damage_healed":0,"gold_gain":0,"player_choice":"Card Removal","damage_taken":7,"max_hp_gain":0,"max_hp_loss":0,"event_name":"Golden Wing","floor":2,"gold_loss":0},{"damage_healed":0,"gold_gain":0,"player_choice":"Box","damage_taken":0,"relics_obtained":["Prayer Wheel"],"max_hp_gain":0,"max_hp_loss":0,"event_name":"Big Fish","floor":3,"gold_loss":0,"cards_obtained":["Regret"]},{"damage_healed":0,"gold_gain":75,"player_choice":"Gather Gold","damage_taken":11,"max_hp_gain":0,"max_hp_loss":0,"event_name":"World of Goop","floor":4,"gold_loss":0},{"cards_removed":["Strike_B"],"damage_healed":0,"gold_gain":0,"player_choice":"Purged","damage_taken":0,"max_hp_gain":0,"max_hp_loss":0,"event_name":"Purifier","floor":8,"gold_loss":0}],"is_beta":false,"boss_relics":[{"not_picked":["Tiny House","Busted Crown"],"picked":"SlaversCollar"}],"items_purged_floors":[14],"is_endless":false,"potions_floor_spawned":[5,6,10,11,12,13,16,18,19,20],"killed_by":"Centurion and Healer","ascension_level":0}}