{"host":"acw864156wjp8gcv","time":1613537865,"event":{"mods":["2.2 Compatiblity","AchievementEnabler","Ascension Reborn","Aspiration","BaseMod","Beaked The Cultist","Better Altar","Better Match","Better Note","Better Sensory Stone","Better Silent Start","Better Skull","Better Third Choice","Better Vampires","BetterRewards","Challenge The Spire","Colored Map","Colored Powertips","Conspire","Curses Come First","Downfall","Energized Spire","GifTheSpireLib","Halation","Hubris","Infinite Spire","Ironclad Rager","Jedi Mod","Mimic Mod","Minty Spire (QoL Compilation)","Permanent Neow","Relic Sorter","Replay The Spire","Robot Space Explorer","Shop Mod","Spicy Shops","Spikes Relics","StSLib","Stuff the Spire","The Blue Laboratory","The Construct","The Jungle","The Marked","Wandering Minibosses","everything is the same but u backflip on backflip"],"gold_per_floor":[112,129,129,58,58,88,88,105,134,176,188,188,188,208,208,329,329,347,366,386,400,423,423,460,460,490,524,579,616,228,265,265,381,381,394,171,201,217,217,251,251,286,286,211,230,230,230,0,0,0,0,0,0,34,34],"floor_reached":56,"language":"ENG","playtime":2403,"items_purged":["theMarked:Strike+1"],"score":350,"play_id":"cbbed1bc-88fc-46d3-91b7-e60f8df59b91","local_time":"20210216225745","is_ascension_mode":true,"campfire_choices":[{"data":"theMarked:Generate","floor":7,"key":"SMITH"},{"data":"theMarked:SwordAndMagic","floor":12,"key":"SMITH"},{"data":"theMarked:Memento","floor":15,"key":"SMITH"},{"floor":23,"key":"RECALL"},{"data":"theMarked:EnhanceMovement","floor":32,"key":"SMITH"},{"data":"theMarked:Strike+1","floor":41,"key":"PURGE"},{"data":"theMarked:EmpowerWeapon","floor":49,"key":"SMITH"}],"circlet_count":0,"master_deck":["theMarked:Strike+1","theMarked:Strike+1","theMarked:Strike+1","theMarked:Defend+1","theMarked:Defend+1","theMarked:Defend+1","theMarked:SoldierOfQuellstein+1","theMarked:Reabsorb+1","theMarked:Generate+1","theMarked:Memento+1","theMarked:EmpowerWeapon+1","theMarked:SwordAndMagic+1","theMarked:EnhanceMovement+1","theMarked:Electrify+1","theMarked:Overcharge+1","theMarked:TakeOffHeels+1","theMarked:EnhanceMovement+1"],"relics":["theMarked:ArtifactOfAir","LugNut","Replay:Multitool","aspiration:TomeofQuesting","hubris:SphereOfDissonance","Juzu Bracelet","Ancient Tea Set","Blue Candle","Whetstone","jedi:kaleidoscope","Fusion Hammer","conspire:DecoderRing","aspiration:ChemicalBlood","Ring of Hypnosis","ReplayTheSpireMod:Ring of Addiction","Potion Belt","SacredBark","MawBank","infinitespire:Satchel","Bag of Marbles","aspiration:HatOfInfinitePower","ReplayTheSpireMod:Shallot","conspire:GiftBox","beaked:MawFillet","hubris:GlazedTorus","theMarked:SecretDocuments","Meat on the Bone","War Paint","Question Card","hubris:BottledRain","Red Mask","Gremlin Horn"],"acts_visited":["Exordium","TheCity","TheBeyond","TheEnding"],"potions_floor_usage":[6,27,55,55,55],"damage_taken":[{"damage":0,"enemies":"2 Louse","floor":1,"turns":1},{"damage":0,"enemies":"Small Slimes","floor":2,"turns":1},{"damage":0,"enemies":"3 Sentries","floor":6,"turns":3},{"damage":0,"enemies":"Cultist","floor":8,"turns":2},{"damage":0,"enemies":"Lagavulin","floor":10,"turns":3},{"damage":0,"enemies":"3 Louse","floor":11,"turns":1},{"damage":0,"enemies":"Lots of Slimes","floor":14,"turns":2},{"damage":0,"enemies":"Slime Boss","floor":16,"turns":3},{"damage":0,"enemies":"Spheric Guardian","floor":18,"turns":2},{"damage":0,"enemies":"Shell Parasite","floor":19,"turns":2},{"damage":0,"enemies":"Cultist and Chosen","floor":20,"turns":2},{"damage":16,"enemies":"3 Cultists","floor":21,"turns":6},{"damage":7,"enemies":"Shelled Parasite and Fungi","floor":22,"turns":2},{"damage":0,"enemies":"Gremlin Leader","floor":24,"turns":3},{"damage":0,"enemies":"Snecko","floor":27,"turns":2},{"damage":2,"enemies":"Slavers","floor":28,"turns":3},{"damage":0,"enemies":"3 Cultists","floor":29,"turns":2},{"damage":0,"enemies":"conspire:Head Lice","floor":31,"turns":2},{"damage":0,"enemies":"Champ","floor":33,"turns":3},{"damage":0,"enemies":"Orb Walker","floor":35,"turns":1},{"damage":0,"enemies":"Reptomancer","floor":37,"turns":2},{"damage":0,"enemies":"3 Shapes","floor":38,"turns":1},{"damage":0,"enemies":"Giant Head","floor":40,"turns":1},{"damage":0,"enemies":"Nemesis","floor":42,"turns":1},{"damage":0,"enemies":"Spire Growth","floor":45,"turns":1},{"damage":0,"enemies":"hubris:GrandSnecko","floor":50,"turns":4},{"damage":0,"enemies":"Shield and Spear","floor":54,"turns":2},{"damage":62,"enemies":"The Heart","floor":55,"turns":4}],"seed_played":"5040135627568724683","potions_obtained":[{"floor":1,"key":"blueLaboratory:NullPotion"},{"floor":2,"key":"blueLaboratory:BottleOfRum"},{"floor":2,"key":"SkillPotion"},{"floor":5,"key":"blueLaboratory:ExaltedPotion"},{"floor":6,"key":"Regen Potion"},{"floor":19,"key":"blueLaboratory:FruitPunch"},{"floor":25,"key":"blueLaboratory:BottleOfRum"},{"floor":25,"key":"infinitespire:BlackPotion"},{"floor":27,"key":"Swift Potion"},{"floor":29,"key":"Regen Potion"},{"floor":37,"key":"CultistPotion"},{"floor":38,"key":"blueLaboratory:FrostheartPotion"},{"floor":38,"key":"theMarked:ChargePotion"},{"floor":55,"key":"FairyPotion"}],"is_trial":false,"path_per_floor":["M","M","?","$","?","E","R","M","T","E","M","R","?","M","R","B",null,"M","M","M","M","M","R","E","R","T","M","E","M","$","E","R","B",null,"M","$","E","M","?","E","R","E","T","R","M","R","?","?","R_BF","B",null,"R","$","E","B",null],"character_chosen":"THE_DEFAULT","items_purchased":["Replay:Multitool","Bag of Marbles","aspiration:HatOfInfinitePower","theMarked:SecretDocuments"],"campfire_rested":0,"item_purchase_floors":[4,30,30,36],"current_hp_per_floor":[81,81,81,81,81,81,81,81,81,81,81,81,76,76,76,82,85,85,85,85,69,62,62,62,62,62,65,63,63,63,63,63,69,87,87,87,85,85,85,83,83,83,81,81,81,79,79,79,77,81,81,79,79,79,52],"gold":34,"neow_bonus":"TEN_PERCENT_HP_BONUS","is_daily":false,"chose_seed":false,"campfire_upgraded":5,"win_rate":0.0,"timestamp":1613537865,"path_taken":["M","M","?","$","?","E","R","M","T","E","M","R","?","M","R","BOSS","M","M","M","M","M","R","E","R","T","M","E","M","$","E","R","BOSS","M","?","E","M","?","E","R","E","T","R","M","R","?","?","R_BF","BOSS","R","$","E","BOSS"],"items_purchased_type":["Relic","Relic","Relic","Relic"],"build_version":"2020-12-22","purchased_purges":1,"victory":true,"max_hp_per_floor":[81,81,81,81,81,81,81,81,81,81,81,81,81,81,81,85,85,85,85,85,85,85,85,85,85,85,87,87,87,87,85,85,89,87,87,87,85,85,85,83,83,83,81,81,81,79,79,79,77,81,81,79,79,79,81],"card_choices":[{"not_picked":["theMarked:WardOff","theMarked:MuscleMemory","theMarked:HeightenedSenses+1"],"picked":"SKIP","floor":1},{"not_picked":["theMarked:AttractMetal","theMarked:WardOff","theMarked:ChainLightning"],"picked":"SKIP","floor":2},{"not_picked":["theMarked:BanishingStrike","theMarked:ChainLightning"],"picked":"theMarked:Reabsorb+1","floor":6},{"not_picked":["theMarked:BanishingStrike","theMarked:Frustration"],"picked":"theMarked:Generate","floor":6},{"not_picked":["theMarked:TwofoldDefense+1","theMarked:EmpowerWeapon"],"picked":"theMarked:Memento","floor":8},{"not_picked":["theMarked:RepellingDischarge","theMarked:BanishingWave"],"picked":"theMarked:EmpowerWeapon","floor":10},{"not_picked":["theMarked:Parry+1","theMarked:Pokerface","theMarked:Opportunist"],"picked":"SKIP","floor":10},{"not_picked":["theMarked:HeightenedSenses","theMarked:Frustration"],"picked":"theMarked:SwordAndMagic","floor":11},{"not_picked":["theMarked:Memento","theMarked:Opportunist+1","theMarked:ChainLightning"],"picked":"SKIP","floor":14},{"not_picked":["theMarked:StartUp+1","theMarked:BanishingWave","theMarked:RepellingDischarge+1"],"picked":"SKIP","floor":18},{"not_picked":["theMarked:KeepCalmAndFight+1","theMarked:Indomitable","theMarked:TakeCover"],"picked":"SKIP","floor":19},{"not_picked":["theMarked:Memento+1","theMarked:Reabsorb","theMarked:Electrocute+1"],"picked":"SKIP","floor":20},{"not_picked":["theMarked:Parkour+1","theMarked:AttractMetal+1"],"picked":"theMarked:EnhanceMovement","floor":21},{"not_picked":["theMarked:RepellingDischarge+1","theMarked:Frustration"],"picked":"theMarked:Electrify","floor":22},{"not_picked":["theMarked:Toughness","theMarked:Defy","theMarked:Parkour"],"picked":"SKIP","floor":24},{"not_picked":["theMarked:RepellingDischarge","theMarked:Memento"],"picked":"theMarked:Overcharge","floor":27},{"not_picked":["theMarked:BanishingStrike","theMarked:Parkour+1","theMarked:Reabsorb+1"],"picked":"SKIP","floor":28},{"not_picked":["theMarked:ElectricStrings","theMarked:Improvise","theMarked:Panic+1"],"picked":"SKIP","floor":29},{"not_picked":["theMarked:TwofoldDefense","theMarked:CreepingChasm","theMarked:ThrowWeapon"],"picked":"SKIP","floor":31},{"not_picked":["theMarked:BiggerThanFate","theMarked:UnarmedFury"],"picked":"theMarked:TakeOffHeels","floor":33},{"not_picked":["theMarked:Frustration+1","theMarked:BanishingStrike+1","theMarked:WardOff"],"picked":"SKIP","floor":35},{"not_picked":["theMarked:MuscleMemory+1","theMarked:StartUp","theMarked:WardOff+1"],"picked":"SKIP","floor":37},{"not_picked":["theMarked:MuscleMemory+1","theMarked:StartUp","theMarked:WardOff+1"],"picked":"SKIP","floor":37},{"not_picked":["theMarked:SwordAndMagic+1","theMarked:TakeCover+1","theMarked:Overcharge"],"picked":"SKIP","floor":38},{"not_picked":["theMarked:WardOff+1","theMarked:GodGivenPower+1","theMarked:HeightenedSenses+1"],"picked":"SKIP","floor":40},{"not_picked":["theMarked:RogueSparks+1","theMarked:DispelDoubt","theMarked:Seal+1"],"picked":"SKIP","floor":42},{"not_picked":["theMarked:AttractMetal+1","theMarked:CreepingChasm+1","theMarked:Frustration+1","theMarked:ChannelForce+1"],"picked":"SKIP","floor":45},{"not_picked":["theMarked:WardOff","theMarked:ChainLightning+1","theMarked:RepellingDischarge","theMarked:Improvise+1"],"picked":"SKIP","floor":54}],"player_experience":165574,"relics_obtained":[{"floor":1,"key":"LugNut"},{"floor":6,"key":"aspiration:TomeofQuesting"},{"floor":9,"key":"hubris:SphereOfDissonance"},{"floor":9,"key":"Juzu Bracelet"},{"floor":10,"key":"Ancient Tea Set"},{"floor":14,"key":"Whetstone"},{"floor":16,"key":"jedi:kaleidoscope"},{"floor":18,"key":"conspire:DecoderRing"},{"floor":24,"key":"aspiration:ChemicalBlood"},{"floor":25,"key":"Ring of Hypnosis"},{"floor":25,"key":"ReplayTheSpireMod:Ring of Addiction"},{"floor":25,"key":"Potion Belt"},{"floor":25,"key":"SacredBark"},{"floor":26,"key":"MawBank"},{"floor":28,"key":"infinitespire:Satchel"},{"floor":31,"key":"ReplayTheSpireMod:Shallot"},{"floor":33,"key":"conspire:GiftBox"},{"floor":35,"key":"hubris:GlazedTorus"},{"floor":37,"key":"Meat on the Bone"},{"floor":40,"key":"War Paint"},{"floor":43,"key":"Question Card"},{"floor":43,"key":"hubris:BottledRain"},{"floor":54,"key":"Gremlin Horn"}],"event_choices":[{"cards_removed":["theMarked:Defend"],"damage_healed":0,"gold_gain":0,"player_choice":"Forget","damage_taken":0,"max_hp_gain":0,"max_hp_loss":0,"event_name":"Living Wall","floor":3,"gold_loss":0},{"damage_healed":0,"gold_gain":0,"player_choice":"Got Potions","damage_taken":0,"max_hp_gain":0,"max_hp_loss":0,"event_name":"Lab","floor":5,"gold_loss":0},{"damage_healed":0,"gold_gain":0,"player_choice":"Copied","damage_taken":0,"max_hp_gain":0,"max_hp_loss":0,"event_name":"Duplicator","floor":39,"gold_loss":0,"cards_obtained":["theMarked:EnhanceMovement"]},{"damage_healed":0,"gold_gain":0,"player_choice":"3","damage_taken":0,"max_hp_gain":0,"max_hp_loss":0,"event_name":"betterMatch:BetterMatch","floor":44,"gold_loss":0,"cards_obtained":[]},{"damage_healed":0,"gold_gain":0,"player_choice":"Leave","damage_taken":0,"max_hp_gain":0,"max_hp_loss":0,"event_name":"conspire:Investor","floor":47,"gold_loss":0},{"damage_healed":0,"gold_gain":0,"player_choice":"Paid","damage_taken":0,"relics_obtained":["Red Mask"],"max_hp_gain":0,"max_hp_loss":0,"event_name":"Tomb of Lord Red Mask","floor":48,"gold_loss":230}],"is_beta":false,"boss_relics":[{"not_picked":["conspire:SeveredTorchhead","conspire:SlowCooker"],"picked":"Fusion Hammer"},{"not_picked":["SlaversCollar","Empty Cage"],"picked":"beaked:MawFillet"}],"items_purged_floors":[30],"is_endless":false,"potions_floor_spawned":[2,8,19,21,29,31,35,37,38,42,54],"ascension_level":-20}}