{"host":"flm17o2q7bfjyna6","time":1613587352,"event":{"mods":["2.2 Compatiblity","Act Like it!","BaseMod","Better Altar","Better Match","Better Note","Better Sensory Stone","Better Skull","Better Third Choice","Better Vampires","Colored Map","Colored Powertips","DeckTracker","Fox Events","Hermit","Minty Spire (QoL Compilation)","Quick Restart","Replay The Spire","Reworked Bosses","Spicy Shops","StSLib","TheSwordswoman","Wandering Minibosses"],"gold_per_floor":[111,142,142,142,142,174,188,188,188,219,40,58,58,93,93,197,197,213,223,20,56,56,56,56,56],"floor_reached":24,"language":"ENG","playtime":1283,"items_purged":["blazmod:ForgeWays+1"],"score":299,"play_id":"6c5e4490-2b17-4b58-b8f8-4535a846248e","local_time":"20210217134232","is_ascension_mode":true,"campfire_choices":[{"data":"blazmod:ForgeWays","floor":8,"key":"SMITH"},{"floor":13,"key":"REST"},{"floor":15,"key":"REST"},{"floor":23,"key":"REST"}],"circlet_count":0,"master_deck":["blazmod:Strike+1","blazmod:Strike","blazmod:Strike+1","blazmod:Defend","blazmod:Defend","blazmod:Defend","blazmod:ButterflyEffect+1","blazmod:Kyokasuigetsu","blazmod:Crosscut","blazmod:Lockswords","blazmod:BladeOfEnlightenment+1","blazmod:MindsEye","blazmod:SeismicSlash+1","blazmod:ApexLegends","blazmod:PerennialBeauty","blazmod:MindsEye+1","blazmod:Swordstorm+1","blazmod:SidewaySolace+1"],"relics":["blazmod:Venustas","Toy Ornithopter","Singing Bowl","ReplayTheSpireMod:Shallot","Boot","Gremlin Food","Replay:Arrowhead","ChewingGum","Replay:Baseball"],"acts_visited":["Exordium","TheCity"],"potions_floor_usage":[6,21,21,24],"damage_taken":[{"damage":0,"enemies":"2 Louse","floor":1,"turns":3},{"damage":13,"enemies":"Jaw Worm","floor":2,"turns":4},{"damage":2,"enemies":"Lagavulin","floor":6,"turns":7},{"damage":0,"enemies":"Small Slimes","floor":7,"turns":3},{"damage":20,"enemies":"Gremlin Nob","floor":10,"turns":3},{"damage":0,"enemies":"Blue Slaver","floor":12,"turns":2},{"damage":0,"enemies":"3 Sentries","floor":14,"turns":2},{"damage":33,"enemies":"Fading Forest","floor":16,"turns":11},{"damage":22,"enemies":"Shell Parasite","floor":18,"turns":9},{"damage":5,"enemies":"Chosen","floor":19,"turns":5},{"damage":17,"enemies":"Sentry and Sphere","floor":21,"turns":4},{"damage":37,"enemies":"Book of Stabbing","floor":24,"turns":6}],"seed_played":"-3462779464141688216","potions_obtained":[{"floor":0,"key":"Ancient Potion"},{"floor":0,"key":"SpeedPotion"},{"floor":0,"key":"Swift Potion"},{"floor":7,"key":"Toxic Potion"},{"floor":10,"key":"PowerPotion"},{"floor":21,"key":"LiquidMemories"}],"is_trial":false,"path_per_floor":["M","M","?","T","?","E","M","R","T","E","$","M","R","E","R","B",null,"M","M","$","M","?","R","E"],"character_chosen":"THE_SWORDSWOMAN","items_purchased":["Gremlin Food","blazmod:ApexLegends","blazmod:Swordstorm+1","Replay:Baseball"],"campfire_rested":3,"item_purchase_floors":[11,11,20,20],"current_hp_per_floor":[40,27,25,25,25,28,28,28,28,8,8,10,22,24,37,4,34,12,9,9,2,2,15,0,0],"gold":56,"neow_bonus":"THREE_SMALL_POTIONS","is_daily":false,"chose_seed":false,"campfire_upgraded":1,"win_rate":0.0,"timestamp":1613587352,"path_taken":["M","M","?","?","?","E","M","R","T","E","?","M","R","E","R","BOSS","M","?","$","M","?","R","E"],"items_purchased_type":["Relic","Card","Card","Relic"],"build_version":"2020-12-22","purchased_purges":1,"victory":false,"max_hp_per_floor":[40,40,40,40,40,40,40,40,40,40,40,42,42,44,44,44,44,44,46,46,46,46,46,46,46],"card_choices":[{"not_picked":["blazmod:Valiance","blazmod:ClearTheMind"],"picked":"blazmod:Crosscut","floor":1},{"not_picked":["blazmod:Trasient","blazmod:KatanaStrike"],"picked":"blazmod:Lockswords","floor":2},{"not_picked":["blazmod:PhysicalEndurance","blazmod:CastAwayDew"],"picked":"blazmod:MindsEye","floor":6},{"not_picked":["blazmod:SidewaySolace","blazmod:Trasient"],"picked":"blazmod:ForgeWays","floor":7},{"not_picked":["blazmod:CastAwayDew","blazmod:SidewaySolace"],"picked":"blazmod:SeismicSlash","floor":10},{"not_picked":["blazmod:ButterFlutter","blazmod:KatanaStrike","blazmod:WildButterfly"],"picked":"Singing Bowl","floor":12},{"not_picked":["blazmod:StanceChange","blazmod:SecondSight","blazmod:SidewaySolace"],"picked":"Singing Bowl","floor":14},{"not_picked":["blazmod:MindAtPeace","blazmod:VisionsOfButterflies"],"picked":"blazmod:PerennialBeauty","floor":16},{"not_picked":["blazmod:BoulderFlash","blazmod:PureOfSoul+1"],"picked":"blazmod:MindsEye+1","floor":18},{"not_picked":["blazmod:RevolvingPhoenix","blazmod:FlashRock+1","blazmod:PhysicalEndurance"],"picked":"Singing Bowl","floor":19},{"not_picked":["blazmod:LoveAndHonor","blazmod:Trasient"],"picked":"blazmod:SidewaySolace+1","floor":21}],"player_experience":1793208,"relics_obtained":[{"floor":4,"key":"Toy Ornithopter"},{"floor":6,"key":"Singing Bowl"},{"floor":9,"key":"ReplayTheSpireMod:Shallot"},{"floor":10,"key":"Boot"},{"floor":14,"key":"Replay:Arrowhead"}],"event_choices":[{"cards_removed":["blazmod:Defend"],"damage_healed":0,"gold_gain":0,"player_choice":"Give","damage_taken":0,"max_hp_gain":0,"max_hp_loss":0,"event_name":"betterNote:BetterNote","floor":22,"gold_loss":0,"cards_obtained":["blazmod:Defend"]}],"is_beta":false,"boss_relics":[{"not_picked":["Runic Pyramid","Ring of Chaos"],"picked":"ChewingGum"}],"items_purged_floors":[20],"is_endless":false,"potions_floor_spawned":[7,10,14,16,18,21],"killed_by":"Book of Stabbing","ascension_level":5}}