{"host":"bplbr8uekuotory4","time":1613549278,"event":{"mods":["Act Like it!","BaseMod","GungeonMod","Hermit","KinomotoSakuraMod(ƒæ÷Æ±æ”£)","Marisa£®ÏF”Í°°ƒß¿Ì…≥£©","Minty Spire (QoL Compilation)","Prisma Mod","Quick Restart","Reimu£®≤©¿ˆ¡È√Œ£©","SOS£®Àπ∞Õ¥Ô÷Æ◊”£©","Spicy Shops","StSLib","TestMod","The Blackbeard","The Cursed","The Mystic","The Saiyan","The Senshi","The Servant 0.9.4","Yuri Mod","[IsaacMod]“‘»ˆº‚À˛"],"gold_per_floor":[361,353,363,373,393,393,407,407,452,449,463,463,463,480,480,537,537,551,551,563,575,525,554,554,570,570,582,598,612,612,628,628,706,706,726,726,741,741,752,752,765,778,778,788,827,694,694,747,747,762,762,762,712,747,764],"floor_reached":56,"language":"ZHS","playtime":1287,"items_purged":["Poor:ReiMu","blackbeard:BlackbeardDefend","blackbeard:Cutlass","blackbeard:BlackbeardStrike","blackbeard:BlackbeardStrike"],"score":2547,"play_id":"c535b382-8a8d-4601-80a0-3e5f1325f38e","local_time":"20210217160758","is_ascension_mode":true,"campfire_choices":[{"data":"blackbeard:BeatUp","floor":6,"key":"SMITH"},{"data":"blackbeard:GoldenStrike","floor":8,"key":"SMITH"},{"data":"blackbeard:IntimidatingStrike","floor":15,"key":"SMITH"},{"data":"blackbeard:PiratesWill","floor":24,"key":"SMITH"},{"data":"blackbeard:CaptainsHat","floor":30,"key":"SMITH"},{"data":"blackbeard:Toast","floor":32,"key":"SMITH"},{"data":"blackbeard:Intoxication","floor":40,"key":"SMITH"},{"data":"blackbeard:GoldenDefense","floor":47,"key":"SMITH"},{"floor":49,"key":"RECALL"},{"data":"blackbeard:TacticalRetreat","floor":52,"key":"SMITH"}],"circlet_count":0,"master_deck":["AscendersBane","blackbeard:BlackbeardStrike","blackbeard:IntimidatingStrike+1","blackbeard:BlackbeardDefend","blackbeard:BeatUp+1","blackbeard:GoldenStrike+1","blackbeard:TacticalRetreat+1","blackbeard:GoldenDefense+1","blackbeard:Toast+1","blackbeard:CaptainsHat+1","blackbeard:PiratesWill+1","blackbeard:Intoxication+1"],"relics":["blackbeard:LoadTheCannons","testmod-TestBox","HushsDoor","Damocles","testmod-Brilliant","DemoMod:LamentConfigurum","Mastiff:ReiMu","DemoMod:GlassGuonStoneRelic","Anchor","testmod-FatalChain","Smiling Mask","blackbeard:HipFlask","CrazyTorch:ReiMu","Art of War","TheBean","blackbeard:PowderCan","Busted Crown","D4","Matryoshka","CaptainsWheel","PreservedInsect","Sundial","Bottled Flame","HowToJump","Blood Vial","FossilizedHelix","Lantern","testmod-Alchemist","Orichalcum","testmod-ObsoleteBoomerang","Empty Cage","SatanicBible","Damocles","DemoMod:PartiallyEatenCheese","Oddly Smooth Stone","Shuriken","DoctorsRemote","Toxic Egg 2","DemoMod:SuperHotWatch","testmod-Antiphasic","BookOfRevelations","InkBottle","Happy Flower","DemoMod:WhiteGuonStone","blackbeard:Spearhead","testmod-OneHitWonder","testmod-Acrobat","DemoMod:MonsterBlood","UnicornStump","Frozen Egg 2","GnawedLeaf","Cauldron","PokeGo","Toy Ornithopter","Bag of Preparation","Pantograph","PillsDrop","testmod-BalancedPeriapt"],"acts_visited":["Exordium","TheCity","TheBeyond","TheEnding"],"potions_floor_usage":[10,16,16,33,33,33,45,55],"damage_taken":[{"damage":0,"enemies":"Small Slimes","floor":1,"turns":1},{"damage":0,"enemies":"Cultist","floor":2,"turns":2},{"damage":0,"enemies":"2 Louse","floor":3,"turns":1},{"damage":0,"enemies":"Exordium Wildlife","floor":4,"turns":1},{"damage":0,"enemies":"3 Louse","floor":5,"turns":1},{"damage":0,"enemies":"Lots of Slimes","floor":7,"turns":1},{"damage":0,"enemies":"Large Slime","floor":10,"turns":2},{"damage":0,"enemies":"Gremlin Gang","floor":11,"turns":1},{"damage":0,"enemies":"Blue Slaver","floor":14,"turns":1},{"damage":0,"enemies":"The Guardian","floor":16,"turns":11},{"damage":0,"enemies":"Shell Parasite","floor":18,"turns":2},{"damage":0,"enemies":"3 Byrds","floor":20,"turns":1},{"damage":0,"enemies":"Snecko","floor":21,"turns":3},{"damage":0,"enemies":"Gremlin Leader","floor":23,"turns":1},{"damage":0,"enemies":"3 Cultists","floor":25,"turns":1},{"damage":0,"enemies":"Shelled Parasite and Fungi","floor":27,"turns":1},{"damage":0,"enemies":"Centurion and Healer","floor":28,"turns":1},{"damage":0,"enemies":"Snecko","floor":29,"turns":4},{"damage":0,"enemies":"3 Cultists","floor":31,"turns":1},{"damage":0,"enemies":"Champ","floor":33,"turns":5},{"damage":0,"enemies":"Orb Walker","floor":35,"turns":2},{"damage":0,"enemies":"3 Darklings","floor":37,"turns":1},{"damage":0,"enemies":"Transient","floor":39,"turns":5},{"damage":0,"enemies":"Jaw Worm Horde","floor":41,"turns":1},{"damage":0,"enemies":"3 Darklings","floor":42,"turns":1},{"damage":0,"enemies":"4 Shapes","floor":44,"turns":1},{"damage":0,"enemies":"Giant Head","floor":45,"turns":3},{"damage":0,"enemies":"2 Orb Walkers","floor":48,"turns":1},{"damage":0,"enemies":"Awakened One","floor":50,"turns":4},{"damage":0,"enemies":"Shield and Spear","floor":54,"turns":1},{"damage":0,"enemies":"The Heart","floor":55,"turns":5}],"seed_played":"5809082654952512146","potions_obtained":[{"floor":2,"key":"DistilledChaos"},{"floor":3,"key":"ZuzhouPotion:ReiMu"},{"floor":14,"key":"BlessingOfTheForge"},{"floor":18,"key":"Regen Potion"},{"floor":20,"key":"Strength Potion"},{"floor":25,"key":"blackbeard:OrangeJuicePotion"},{"floor":28,"key":"AttackPotion"},{"floor":37,"key":"GamblersBrew"},{"floor":44,"key":"Fire Potion"},{"floor":46,"key":"FairyPotion"},{"floor":46,"key":"DemoMod:BlankPotion"}],"is_trial":false,"path_per_floor":["M","M","M","M","M","R","M","R","T","M","M","?","?","M","R","B",null,"M","?","M","M","$","E","R","M","T","M","M","M","R","M","R","B",null,"M","?","M","?","M","R","M","M","T","M","E","$","R","?","R","B",null,"R","$","E","B",null],"character_chosen":"BLACKBEARD_CLASS","items_purchased":["SatanicBible","Damocles","Cauldron"],"campfire_rested":0,"item_purchase_floors":[34,34,46],"current_hp_per_floor":[64,64,64,64,64,64,64,64,64,64,64,64,64,64,64,64,66,66,66,66,66,66,66,66,66,66,66,66,66,66,66,66,66,39,39,39,39,39,39,39,39,39,39,46,46,46,46,46,46,46,46,46,46,46,46],"gold":764,"neow_bonus":"TWO_FIFTY_GOLD","is_daily":false,"chose_seed":false,"campfire_upgraded":9,"win_rate":0.0,"timestamp":1613549278,"path_taken":["M","M","M","M","M","R","M","R","T","M","M","?","?","M","R","BOSS","M","?","M","M","$","E","R","M","T","M","M","M","R","M","R","BOSS","M","?","M","?","M","R","M","M","T","M","E","$","R","?","R","BOSS","R","$","E","BOSS"],"items_purchased_type":["Relic","Relic","Relic"],"build_version":"2020-12-22","purchased_purges":5,"victory":true,"max_hp_per_floor":[71,71,71,71,71,71,71,71,71,71,71,71,71,71,71,71,66,66,66,66,66,66,66,66,66,66,66,66,66,66,66,66,66,39,39,39,39,39,39,39,39,39,39,46,46,46,46,46,46,46,46,46,46,46,46],"card_choices":[{"not_picked":["blackbeard:PiratesWill","blackbeard:SwordDance","blackbeard:Spear"],"picked":"SKIP","floor":1},{"not_picked":["blackbeard:Sharpening","blackbeard:Scrap"],"picked":"blackbeard:BeatUp","floor":2},{"not_picked":["blackbeard:CannonBarrage","blackbeard:Spear"],"picked":"blackbeard:GoldenStrike","floor":3},{"not_picked":["blackbeard:PiratesWill","blackbeard:SmithingHammer","blackbeard:DeadlyArsenal"],"picked":"SKIP","floor":4},{"not_picked":["blackbeard:CannonBarrage","blackbeard:JollyRoger","blackbeard:DeadlyArsenal"],"picked":"SKIP","floor":5},{"not_picked":["blackbeard:Spear","blackbeard:Shrapnel","blackbeard:GoldenStrike"],"picked":"SKIP","floor":7},{"not_picked":["blackbeard:CaptainsCabin","blackbeard:PirateHook"],"picked":"blackbeard:TacticalRetreat","floor":10},{"not_picked":["blackbeard:UndeadForm","blackbeard:GoldenDefense","blackbeard:FieryDefense"],"picked":"SKIP","floor":11},{"not_picked":["blackbeard:UndeadForm","blackbeard:FieryDefense"],"picked":"blackbeard:GoldenDefense","floor":11},{"not_picked":["blackbeard:JollyRoger","blackbeard:SmithingHammer"],"picked":"blackbeard:Toast","floor":14},{"not_picked":["blackbeard:WeaponMastery","blackbeard:Salvager"],"picked":"blackbeard:CaptainsHat","floor":16},{"not_picked":[],"picked":"blackbeard:PiratesWill","floor":18},{"not_picked":["blackbeard:Provisioning"],"picked":"SKIP","floor":20},{"not_picked":["blackbeard:DeadlyArsenal"],"picked":"SKIP","floor":21},{"not_picked":["blackbeard:VengefulSpirit"],"picked":"SKIP","floor":23},{"not_picked":["blackbeard:VengefulSpirit"],"picked":"SKIP","floor":23},{"not_picked":["blackbeard:Revenge"],"picked":"SKIP","floor":25},{"not_picked":["blackbeard:PirateEarring"],"picked":"SKIP","floor":27},{"not_picked":["blackbeard:Eyepatch"],"picked":"SKIP","floor":28},{"not_picked":["blackbeard:GoldenDefense"],"picked":"SKIP","floor":29},{"not_picked":["blackbeard:GoldenDefense"],"picked":"SKIP","floor":29},{"not_picked":["blackbeard:DeadlyArsenal"],"picked":"SKIP","floor":31},{"not_picked":[],"picked":"blackbeard:Intoxication","floor":33},{"not_picked":["blackbeard:Spear"],"picked":"SKIP","floor":35},{"not_picked":["blackbeard:SwordDance+1"],"picked":"SKIP","floor":37},{"not_picked":["blackbeard:FieryDefense+1"],"picked":"SKIP","floor":39},{"not_picked":["blackbeard:FieryDefense+1"],"picked":"SKIP","floor":39},{"not_picked":["blackbeard:TerrorOfTheSeas+1"],"picked":"SKIP","floor":41},{"not_picked":["blackbeard:Sword+1"],"picked":"SKIP","floor":42},{"not_picked":["blackbeard:PiratesWill+1"],"picked":"SKIP","floor":44},{"not_picked":["blackbeard:WiseDefense+1"],"picked":"SKIP","floor":45},{"not_picked":["blackbeard:Upgrade+1"],"picked":"SKIP","floor":54}],"player_experience":1149288,"relics_obtained":[{"floor":1,"key":"DemoMod:LamentConfigurum"},{"floor":2,"key":"Mastiff:ReiMu"},{"floor":3,"key":"Anchor"},{"floor":4,"key":"testmod-FatalChain"},{"floor":5,"key":"Smiling Mask"},{"floor":7,"key":"blackbeard:HipFlask"},{"floor":10,"key":"Art of War"},{"floor":11,"key":"TheBean"},{"floor":14,"key":"blackbeard:PowderCan"},{"floor":18,"key":"D4"},{"floor":20,"key":"Matryoshka"},{"floor":21,"key":"PreservedInsect"},{"floor":23,"key":"Sundial"},{"floor":23,"key":"Bottled Flame"},{"floor":25,"key":"HowToJump"},{"floor":26,"key":"Blood Vial"},{"floor":26,"key":"FossilizedHelix"},{"floor":27,"key":"Lantern"},{"floor":28,"key":"Orichalcum"},{"floor":29,"key":"testmod-ObsoleteBoomerang"},{"floor":35,"key":"DemoMod:PartiallyEatenCheese"},{"floor":35,"key":"Oddly Smooth Stone"},{"floor":37,"key":"DoctorsRemote"},{"floor":37,"key":"Toxic Egg 2"},{"floor":39,"key":"DemoMod:SuperHotWatch"},{"floor":39,"key":"testmod-Antiphasic"},{"floor":41,"key":"BookOfRevelations"},{"floor":41,"key":"InkBottle"},{"floor":42,"key":"Happy Flower"},{"floor":42,"key":"DemoMod:WhiteGuonStone"},{"floor":43,"key":"blackbeard:Spearhead"},{"floor":43,"key":"testmod-OneHitWonder"},{"floor":44,"key":"testmod-Acrobat"},{"floor":44,"key":"DemoMod:MonsterBlood"},{"floor":45,"key":"UnicornStump"},{"floor":45,"key":"Frozen Egg 2"},{"floor":45,"key":"GnawedLeaf"},{"floor":48,"key":"PokeGo"},{"floor":48,"key":"Toy Ornithopter"},{"floor":48,"key":"Bag of Preparation"},{"floor":54,"key":"Pantograph"},{"floor":54,"key":"PillsDrop"},{"floor":54,"key":"testmod-BalancedPeriapt"}],"event_choices":[{"damage_healed":0,"gold_gain":0,"player_choice":"Ignored","damage_taken":0,"max_hp_gain":0,"max_hp_loss":0,"event_name":"Shining Light","floor":13,"gold_loss":0},{"damage_healed":0,"gold_gain":0,"player_choice":"0 cards matched","damage_taken":0,"max_hp_gain":0,"max_hp_loss":0,"event_name":"Match and Keep!","floor":36,"gold_loss":0,"cards_obtained":[]},{"cards_removed":["blackbeard:BlackbeardDefend"],"damage_healed":0,"gold_gain":0,"player_choice":"Removed Skill","damage_taken":0,"max_hp_gain":0,"max_hp_loss":0,"event_name":"Falling","floor":38,"gold_loss":0},{"damage_healed":0,"gold_gain":0,"player_choice":"Fight","damage_taken":0,"max_hp_gain":0,"max_hp_loss":0,"event_name":"Mysterious Sphere","floor":48,"gold_loss":0}],"is_beta":false,"boss_relics":[{"not_picked":["Sozu","testmod-BloodSacrificeSpiritualization"],"picked":"Busted Crown"},{"not_picked":[]},{"not_picked":["RedLine:ReiMu","testmod-GoldenSoul"],"picked":"Empty Cage"},{"not_picked":[]}],"items_purged_floors":[17,22,34,46,53],"is_endless":false,"potions_floor_spawned":[2,3,4,14,18,20,25,28,31,37,44,48],"ascension_level":16}}