{"host":"tr0r177cvmpvg89h","time":1613532538,"event":{"mods":["BaseMod","Colored Map","DeckTracker","Minty Spire (QoL Compilation)","StSLib","SuperFastMode"],"gold_per_floor":[111,122,136,61,81,81,109,119,142,142,142,174,74,104,104,207,207,225,239,254,266,141,167,167,167,243,243,268,285,310,324,324,324,324],"floor_reached":33,"language":"KOR","playtime":1756,"items_purged":["Strike_R","Strike_R","Defend_R"],"score":317,"play_id":"5a4f2362-8775-46c9-bab7-85c20547a297","local_time":"20210217122858","is_ascension_mode":false,"campfire_choices":[{"data":"Clash","floor":6,"key":"SMITH"},{"data":"Clash","floor":11,"key":"SMITH"},{"data":"Inflame","floor":15,"key":"SMITH"},{"floor":27,"key":"REST"},{"data":"Dual Wield","floor":32,"key":"SMITH"}],"circlet_count":0,"master_deck":["Strike_R","Strike_R","Defend_R","Defend_R+1","Defend_R+1","Bash","Clash+1","Second Wind","Inflame+1","Headbutt","Clash+1","Brutality","Sever Soul+1","Sever Soul+1","Dual Wield+1"],"relics":["Burning Blood","NeowsBlessing","Happy Flower","Oddly Smooth Stone","Boot","Centennial Puzzle","Black Star","Pear","War Paint","Molten Egg 2","Pen Nib","CaptainsWheel","Matryoshka","Thread and Needle"],"acts_visited":["Exordium","TheCity"],"potions_floor_usage":[7,7,28,31,33],"damage_taken":[{"damage":0,"enemies":"2 Louse","floor":1,"turns":1},{"damage":0,"enemies":"Cultist","floor":2,"turns":1},{"damage":0,"enemies":"Small Slimes","floor":3,"turns":2},{"damage":25,"enemies":"Exordium Thugs","floor":5,"turns":6},{"damage":11,"enemies":"Lagavulin","floor":7,"turns":6},{"damage":8,"enemies":"Gremlin Gang","floor":8,"turns":4},{"damage":6,"enemies":"3 Sentries","floor":12,"turns":6},{"damage":25,"enemies":"Slime Boss","floor":16,"turns":8},{"damage":8,"enemies":"Shell Parasite","floor":18,"turns":3},{"damage":11,"enemies":"Spheric Guardian","floor":19,"turns":3},{"damage":14,"enemies":"3 Cultists","floor":20,"turns":4},{"damage":16,"enemies":"Cultist and Chosen","floor":21,"turns":5},{"damage":38,"enemies":"Slavers","floor":23,"turns":4},{"damage":42,"enemies":"Gremlin Leader","floor":28,"turns":3},{"damage":3,"enemies":"Sentry and Sphere","floor":29,"turns":4},{"damage":21,"enemies":"Slavers","floor":30,"turns":4},{"damage":7,"enemies":"3 Cultists","floor":31,"turns":4},{"damage":53,"enemies":"Champ","floor":33,"turns":6}],"seed_played":"-4322412608972715742","potions_obtained":[{"floor":3,"key":"Block Potion"},{"floor":5,"key":"HeartOfIron"},{"floor":12,"key":"SmokeBomb"},{"floor":20,"key":"CultistPotion"},{"floor":21,"key":"EssenceOfSteel"},{"floor":25,"key":"Explosive Potion"},{"floor":28,"key":"BloodPotion"}],"is_trial":false,"path_per_floor":["M","M","M","$","M","R","E","M","T","?","R","E","$","?","R","B",null,"M","M","M","M","$","E","?","?","T","R","E","M","E","M","R","B"],"character_chosen":"IRONCLAD","items_purchased":[],"campfire_rested":1,"item_purchase_floors":[],"current_hp_per_floor":[80,80,80,80,61,61,56,54,54,47,47,47,47,47,47,28,80,78,73,65,55,55,33,33,33,33,60,42,45,30,29,29,0,0],"gold":324,"neow_bonus":"THREE_ENEMY_KILL","is_daily":false,"chose_seed":false,"campfire_upgraded":4,"win_rate":0.0,"timestamp":1613532538,"path_taken":["M","M","M","$","M","R","E","M","T","?","R","E","$","?","R","BOSS","M","M","M","M","$","E","?","?","T","R","E","M","E","?","R","BOSS"],"items_purchased_type":[],"build_version":"2020-12-22","purchased_purges":3,"victory":false,"max_hp_per_floor":[80,80,80,80,80,80,80,80,80,80,80,80,80,80,80,80,80,80,80,80,80,80,90,90,90,90,90,90,90,90,90,90,90,90],"card_choices":[{"not_picked":["Sword Boomerang","Rage"],"picked":"Clash","floor":1},{"not_picked":["Searing Blow","Anger","Cleave"],"picked":"SKIP","floor":2},{"not_picked":["Blood for Blood","Shrug It Off"],"picked":"Second Wind","floor":3},{"not_picked":["Fire Breathing","Twin Strike"],"picked":"Inflame","floor":5},{"not_picked":["Burning Pact","Armaments"],"picked":"Headbutt","floor":7},{"not_picked":["Clothesline","Rupture"],"picked":"Clash","floor":8},{"not_picked":["Dark Embrace","Evolve","Fiend Fire"],"picked":"SKIP","floor":12},{"not_picked":["Berserk","Bludgeon"],"picked":"Brutality","floor":16},{"not_picked":["Whirlwind","Heavy Blade","Perfected Strike"],"picked":"SKIP","floor":18},{"not_picked":["Sword Boomerang","Entrench","Havoc"],"picked":"SKIP","floor":19},{"not_picked":["Heavy Blade","Entrench+1","Rampage+1"],"picked":"SKIP","floor":20},{"not_picked":["Metallicize","Thunderclap","Clothesline"],"picked":"SKIP","floor":21},{"not_picked":["Wild Strike","Juggernaut"],"picked":"Sever Soul+1","floor":23},{"not_picked":["Intimidate+1","Fiend Fire+1","Evolve"],"picked":"SKIP","floor":28},{"not_picked":["Feel No Pain","Body Slam+1","Shrug It Off"],"picked":"SKIP","floor":29},{"not_picked":["Perfected Strike+1","Flex"],"picked":"Sever Soul+1","floor":30},{"not_picked":["Power Through","Warcry"],"picked":"Dual Wield","floor":31}],"player_experience":83547,"relics_obtained":[{"floor":7,"key":"Happy Flower"},{"floor":9,"key":"Oddly Smooth Stone"},{"floor":12,"key":"Boot"},{"floor":23,"key":"Pear"},{"floor":23,"key":"War Paint"},{"floor":26,"key":"Molten Egg 2"},{"floor":28,"key":"Pen Nib"},{"floor":28,"key":"CaptainsWheel"},{"floor":30,"key":"Matryoshka"},{"floor":30,"key":"Thread and Needle"}],"event_choices":[{"cards_removed":["Strike_R"],"damage_healed":0,"gold_gain":0,"player_choice":"Card Removal","damage_taken":7,"max_hp_gain":0,"max_hp_loss":0,"event_name":"Golden Wing","floor":10,"gold_loss":0},{"damage_healed":0,"gold_gain":30,"player_choice":"Searched \u00272\u0027 times","damage_taken":0,"relics_obtained":["Centennial Puzzle"],"max_hp_gain":0,"max_hp_loss":0,"event_name":"Dead Adventurer","floor":14,"gold_loss":0},{"damage_healed":0,"gold_gain":0,"player_choice":"Ignored","damage_taken":0,"max_hp_gain":0,"max_hp_loss":0,"event_name":"Ghosts","floor":24,"gold_loss":0},{"damage_healed":0,"gold_gain":0,"player_choice":"Got Potions","damage_taken":0,"max_hp_gain":0,"max_hp_loss":0,"event_name":"Lab","floor":25,"gold_loss":0}],"is_beta":false,"boss_relics":[{"not_picked":["Calling Bell","Runic Dome"],"picked":"Black Star"}],"items_purged_floors":[4,13,22],"is_endless":false,"potions_floor_spawned":[3,5,7,12,20,21,23,28],"killed_by":"Champ","ascension_level":0}}