{"host":"adt9pv9dmmkchns7","time":1613584133,"event":{"mods":["AchievementEnabler","Aspiration","BaseMod","Beaked The Cultist","Better Third Choice","Curses Come First","Energized Spire","Minty Spire (QoL Compilation)","Permanent Neow","Potionbrewer","Quick Restart","Reliquary","Replay The Spire","Robot Space Explorer","Shade Mod","Spicy Shops","StSLib","The Blackbeard","The Cursed","The Forsaken","The Gatherer","The Necromancer","Wandering Minibosses"],"gold_per_floor":[118,166,166,176,189,224,224,239,264,264,274,306,337,412,412,513,513,533,547,561,572,585,612,625,658,658],"floor_reached":25,"language":"ENG","playtime":3471,"items_purged":[],"score":277,"play_id":"cb66c80a-797c-4e75-9ed8-c71f5a4385f1","local_time":"20210217184853","is_ascension_mode":true,"campfire_choices":[{"floor":7,"key":"RECALL"},{"data":"Shade:CallOfTheGrave","floor":15,"key":"SMITH"}],"circlet_count":0,"master_deck":["Shade:Strike_Shade","Shade:Strike_Shade","Shade:Strike_Shade","Shade:Strike_Shade","Shade:Defend_Shade","Shade:Defend_Shade","Shade:Defend_Shade","Shade:Defend_Shade","Shade:AnimateDead","Shade:CarefulCut","Shade:ExtraLimbs+1","Shade:StitchTogether","Shade:ClawBack","Shade:Bonestorm","Shade:CallOfTheGrave+1","Shade:FuneraryArmor","theForsaken:PlagueCurse","Shade:DarkOfNight","Shade:PotionOfRestlessness","Shade:SensePrey","Shade:SoulPierce","Shade:FleshToFlesh","Shade:AncientSpear+1","Shade:Premonition+1","Shade:FleshOffering+1","Shade:Carnophage","Shade:Carnophage"],"relics":["Shade:YorickSkull","aspiration:Nostalgia","Vampire_Amulet","ReplayFunnel","theForsaken:PlagueMask","Pocketwatch","energizedSpire:DeadBattery","Replay:Bottled Eggs"],"acts_visited":["Exordium","TheCity"],"potions_floor_usage":[6,6,13,13,20,21],"damage_taken":[{"damage":0,"enemies":"Small Slimes","floor":1,"turns":3},{"damage":9,"enemies":"Jaw Worm","floor":2,"turns":5},{"damage":0,"enemies":"Cultist","floor":4,"turns":2},{"damage":6,"enemies":"Looter","floor":5,"turns":3},{"damage":12,"enemies":"Gremlin Nob","floor":6,"turns":3},{"damage":3,"enemies":"Exordium Thugs","floor":8,"turns":4},{"damage":0,"enemies":"2 Fungi Beasts","floor":11,"turns":3},{"damage":10,"enemies":"Lots of Slimes","floor":12,"turns":4},{"damage":12,"enemies":"3 Sentries","floor":13,"turns":6},{"damage":4,"enemies":"Fading Forest","floor":16,"turns":11},{"damage":11,"enemies":"3 Byrds","floor":18,"turns":5},{"damage":11,"enemies":"2 Thieves","floor":19,"turns":4},{"damage":0,"enemies":"Snake Plant","floor":20,"turns":4},{"damage":19,"enemies":"Snecko","floor":21,"turns":4},{"damage":25,"enemies":"Shelled Parasite and Fungi","floor":22,"turns":6},{"damage":14,"enemies":"Slavers","floor":23,"turns":4},{"damage":12,"enemies":"Sentry and Sphere","floor":24,"turns":5},{"damage":17,"enemies":"3 Cultists","floor":25,"turns":4}],"seed_played":"-8010299668853378670","potions_obtained":[{"floor":2,"key":"potionbrewer:FreezingPotion"},{"floor":4,"key":"potionbrewer:ToxicPotion"},{"floor":11,"key":"BlessingOfTheForge"},{"floor":12,"key":"potionbrewer:EndurancePotion"},{"floor":18,"key":"LiquidMemories"},{"floor":19,"key":"potionbrewer:NoxiousPotion"},{"floor":22,"key":"Milkshake"}],"is_trial":false,"path_per_floor":["M","M","?","M","M","E","R","M","T","?","M","M","E","?","R","B",null,"M","M","M","M","M","E","M","M"],"character_chosen":"SHADE","items_purchased":[],"campfire_rested":0,"item_purchase_floors":[],"current_hp_per_floor":[65,58,58,60,56,46,46,47,47,47,51,51,52,46,46,65,65,60,53,55,45,31,23,15,0,0],"gold":658,"neow_bonus":"NOSTALGIA","is_daily":false,"chose_seed":false,"campfire_upgraded":1,"win_rate":0.0,"timestamp":1613584133,"path_taken":["M","M","?","M","M","E","R","M","T","?","M","M","E","?","R","BOSS","M","M","M","M","M","E","?","M"],"items_purchased_type":[],"build_version":"2020-12-22","purchased_purges":0,"victory":false,"max_hp_per_floor":[65,65,65,65,65,65,65,65,65,65,65,65,65,65,65,65,65,65,65,65,65,65,65,65,65,65],"card_choices":[{"not_picked":["Shade:AncientSpear","Shade:FreshBones"],"picked":"Shade:ExtraLimbs","floor":1},{"not_picked":["Shade:FreshBones","Shade:FleshLikeOak"],"picked":"Shade:StitchTogether","floor":2},{"not_picked":["Shade:FuneraryArmor","Shade:SoulToxin"],"picked":"Shade:ClawBack","floor":4},{"not_picked":["Shade:Doomsay","Shade:Bite_Shade"],"picked":"Shade:Bonestorm","floor":5},{"not_picked":["Shade:FuneraryArmor","Shade:FingerOfDeath"],"picked":"Shade:CallOfTheGrave","floor":6},{"not_picked":["Shade:Brains","Shade:FeralStrike"],"picked":"Shade:FuneraryArmor","floor":8},{"not_picked":["Shade:AuraOfUnlife","Shade:PoundOfFlesh"],"picked":"Shade:DarkOfNight","floor":11},{"not_picked":["Shade:CloudOfShrapnel","Shade:FleshToFlesh"],"picked":"Shade:PotionOfRestlessness","floor":12},{"not_picked":["Shade:LastGasp","Shade:CallOfTheGrave"],"picked":"Shade:SensePrey","floor":13},{"not_picked":["Shade:MadHubris","Shade:SelfBurial"],"picked":"Shade:SoulPierce","floor":16},{"not_picked":["Shade:GraveStillness","Shade:Patience"],"picked":"Shade:FleshToFlesh","floor":18},{"not_picked":["Shade:Premonition","Shade:FeralStrike"],"picked":"Shade:AncientSpear+1","floor":19},{"not_picked":["Shade:CloudOfShrapnel","Shade:BoneShards+1"],"picked":"Shade:Premonition+1","floor":20},{"not_picked":["Shade:Doomsay","Shade:DarkOfNight"],"picked":"Shade:FleshOffering","floor":21},{"not_picked":["Shade:FreshBones","Shade:BoneShards+1","Shade:CommandSoldier"],"picked":"SKIP","floor":22},{"not_picked":["Shade:SoulPierce","Shade:FingerOfDeath"],"picked":"Shade:Carnophage","floor":23},{"not_picked":["Shade:LyeBath","Shade:ClawBack"],"picked":"Shade:Carnophage","floor":24}],"player_experience":970899,"relics_obtained":[{"floor":6,"key":"ReplayFunnel"},{"floor":13,"key":"Pocketwatch"},{"floor":23,"key":"Replay:Bottled Eggs"}],"event_choices":[{"damage_healed":0,"gold_gain":0,"player_choice":"Obtain Plague Curse","damage_taken":0,"max_hp_gain":0,"max_hp_loss":0,"event_name":"Plague Doctor","floor":10,"gold_loss":0,"cards_obtained":["theForsaken:PlagueCurse"]},{"damage_healed":0,"gold_gain":75,"player_choice":"Touch","damage_taken":6,"max_hp_gain":0,"max_hp_loss":0,"event_name":"FaceTrader","floor":14,"gold_loss":0}],"is_beta":false,"boss_relics":[{"not_picked":["aspiration:WatcherSkillbook","aspiration:SilentSkillbook"],"picked":"energizedSpire:DeadBattery"}],"items_purged_floors":[],"is_endless":false,"potions_floor_spawned":[2,4,11,12,18,19,22],"killed_by":"3 Cultists","ascension_level":3}}