{"host":"1dkd4flhdqbv9eyg","time":1613588614,"event":{"mods":["AchievementEnabler","BaseMod","Better Note","Evolution","Gold Saver","Minty Spire (QoL Compilation)","Spicy Shops","StSLib"],"gold_per_floor":[370,370,144,144,193,193,208,223,223,241,302,302,327,402,402,530,530,550,564,764,788,807,807,851,851,851],"floor_reached":25,"language":"ENG","playtime":1791,"items_purged":[],"score":213,"play_id":"7cf6568a-de62-454d-a121-77ca134c3417","local_time":"20210217110334","is_ascension_mode":false,"campfire_choices":[{"data":"CrushJoints","floor":6.0,"key":"SMITH"},{"floor":12.0,"key":"RECALL"},{"floor":15.0,"key":"REST"},{"floor":23,"key":"REST"}],"circlet_count":0,"master_deck":["FollowUp","Strike_P","Strike_P","Strike_P","Defend_P","Defend_P","Defend_P","Defend_P","Eruption+1","Vigilance","Finesse","Consecrate","CrushJoints+1","Evaluate","Perseverance","JustLucky","CutThroughFate","Nirvana","Conclude","Meditate+1","FollowUp+1","Adaptation","ThirdEye+1","Scrawl+1"],"relics":["PureWater","EVO:Axolotl","Bronze Scales","Golden Idol","PreservedInsect","Toxic Egg 2","Pantograph","SacredBark","Potion Belt"],"acts_visited":["Exordium","TheCity"],"potions_floor_usage":[21,21,25],"damage_taken":[{"damage":0.0,"enemies":"2 Louse","floor":1.0,"turns":2.0},{"damage":0.0,"enemies":"Small Slimes","floor":7.0,"turns":3.0},{"damage":0.0,"enemies":"Jaw Worm","floor":8.0,"turns":3.0},{"damage":5.0,"enemies":"Blue Slaver","floor":10.0,"turns":2.0},{"damage":5.0,"enemies":"3 Sentries","floor":11.0,"turns":5.0},{"damage":0.0,"enemies":"Exordium Wildlife","floor":13.0,"turns":3.0},{"damage":69.0,"enemies":"Hexaghost","floor":16.0,"turns":9.0},{"damage":22.0,"enemies":"2 Thieves","floor":18.0,"turns":4.0},{"damage":23.0,"enemies":"Shell Parasite","floor":19.0,"turns":5.0},{"damage":0,"enemies":"Chosen and Byrds","floor":21,"turns":4},{"damage":14,"enemies":"Centurion and Healer","floor":22,"turns":6},{"damage":30,"enemies":"Slavers","floor":24,"turns":5},{"damage":7,"enemies":"Shelled Parasite and Fungi","floor":25,"turns":3}],"seed_played":"6113090668772578779","potions_obtained":[{"floor":10.0,"key":"ColorlessPotion"},{"floor":13.0,"key":"BottledMiracle"},{"floor":16.0,"key":"LiquidMemories"},{"floor":19.0,"key":"LiquidMemories"},{"floor":24,"key":"EssenceOfSteel"}],"is_trial":false,"path_per_floor":["M","?","$","?","T","R","M","M","T","M","?","R","M","?","R","B",null,"M","M","?","M","M","R","E","M"],"character_chosen":"WATCHER","items_purchased":["CrushJoints","Bronze Scales","Evaluate"],"campfire_rested":2,"item_purchase_floors":[3,3,3],"current_hp_per_floor":[72,72,72,54,54,54,54,54,54,49,44,44,44,33,54,3,72,50,27,27,27,13,34,4,0,0],"gold":851,"neow_bonus":"RANDOM_COLORLESS","is_daily":false,"chose_seed":false,"campfire_upgraded":1,"win_rate":0.0,"timestamp":1613588614,"path_taken":["M","?","$","?","?","R","M","?","T","M","?","R","M","?","R","BOSS","M","M","?","M","?","R","E","M"],"items_purchased_type":["Card","Relic","Card"],"build_version":"2020-12-22","purchased_purges":0,"victory":false,"max_hp_per_floor":[72,72,72,72,72,72,72,72,72,72,72,72,72,72,72,72,72,72,72,72,72,72,72,72,72,72],"card_choices":[{"not_picked":["Blind","Mind Blast"],"picked":"Finesse","floor":0.0},{"not_picked":["SandsOfTime","Protect"],"picked":"Consecrate","floor":1.0},{"not_picked":["Protect","PathToVictory"],"picked":"Perseverance","floor":7.0},{"not_picked":["Halt","BattleHymn"],"picked":"JustLucky","floor":8.0},{"not_picked":["CarveReality","LessonLearned"],"picked":"CutThroughFate","floor":10.0},{"not_picked":["FlyingSleeves","Vengeance+1"],"picked":"Nirvana","floor":11.0},{"not_picked":["Protect+1","EmptyBody+1"],"picked":"Conclude","floor":13.0},{"not_picked":["Study","Protect+1"],"picked":"Meditate+1","floor":18.0},{"not_picked":["SandsOfTime+1","BowlingBash"],"picked":"FollowUp+1","floor":19.0},{"not_picked":["Vengeance+1","SandsOfTime+1"],"picked":"Adaptation","floor":21},{"not_picked":["PathToVictory+1","ForeignInfluence+1"],"picked":"ThirdEye+1","floor":22},{"not_picked":["Study","EmptyFist"],"picked":"Scrawl+1","floor":24}],"player_experience":90070,"relics_obtained":[{"floor":5.0,"key":"PreservedInsect"},{"floor":9.0,"key":"Toxic Egg 2"},{"floor":11.0,"key":"Pantograph"},{"floor":24,"key":"Potion Belt"}],"event_choices":[{"damage_healed":0.0,"max_hp_gain":0.0,"max_hp_loss":0.0,"gold_gain":0.0,"event_name":"Living Wall","player_choice":"Grow","floor":2.0,"gold_loss":0.0,"damage_taken":0.0,"cards_upgraded":["Eruption"]},{"damage_healed":0.0,"max_hp_gain":0.0,"max_hp_loss":0.0,"gold_gain":0.0,"event_name":"Golden Idol","player_choice":"Take Damage","floor":4.0,"gold_loss":0.0,"damage_taken":18.0,"relics_obtained":["Golden Idol"]},{"damage_healed":0.0,"max_hp_gain":0.0,"max_hp_loss":0.0,"gold_gain":30.0,"event_name":"Dead Adventurer","player_choice":"Searched \u00272\u0027 times","floor":11.0,"gold_loss":0.0,"damage_taken":0.0},{"damage_healed":0.0,"max_hp_gain":0.0,"max_hp_loss":0.0,"gold_gain":75.0,"event_name":"World of Goop","player_choice":"Gather Gold","floor":14.0,"gold_loss":0.0,"damage_taken":11.0},{"damage_healed":0,"gold_gain":250,"player_choice":"Bet on Owner","damage_taken":0,"max_hp_gain":0,"max_hp_loss":0,"event_name":"The Joust","floor":20,"gold_loss":50}],"is_beta":false,"boss_relics":[{"not_picked":["Astrolabe","Empty Cage"],"picked":"SacredBark"}],"items_purged_floors":[],"is_endless":false,"potions_floor_spawned":[10,13,16,19,24],"killed_by":"Shelled Parasite and Fungi","ascension_level":0}}