{"host":"avq773cl9g5msfol","time":1613555199,"event":{"mods":["100% Spire Juice","AchievementEnabler","Act Like it!","Ascension Unlocker","Aspiration","Astrologer","Bard","Bartender","BaseMod","Better Altar","Better Third Choice","BetterRewards","CapriCore","ChefMod","Colored Map","Colored Powertips","Conspire","Dio Mod","Downfall","Elementarium","Energized Spire","Extra Virgin Snecko Oil","Gensokyo","GifTheSpireLib","Hallownest","Hermit","Highlight Path","Hubris","Humility","Infinite Spire","Jorbs\u0027s Wanderer Trilogy","Koishi","Magitek Elite","Marisa????????","Marked Mod","Menagerie","Minty Spire (QoL Compilation)","Pale of the Ancients","Potionbrewer","Quarter Circle Forward PUNCH!","Rare Cards Sparkle","Reimu??????","Relic Stats","Reliquary","Remilia??????","Replay The Spire","Robot Space Explorer","SacredBarkPlus","Shade Mod","Shapeshifter Mod","Somnambulant","Spicy Shops","Spire Arcade","StSLib","The Administrix","The Blue Laboratory","The Bug Knight","The Construct","The Cursed","The Disciple","The Dragon Tamer","The Exalted","The Hayseed","The Hierophant","The Hydrologist","The Immortal","The Marked","The Mystic","The Problem Sleuth","The Runesmith","The Senshi","The Vixen","The Wild Card","TheFirefly","Wandering Minibosses","Wide Potions","vexMod"],"gold_per_floor":[116,116,135,135,135,163,173,173,173,193,233,250,290,308,308,412,412,423,423,423,80,97,97,127,144,144,163,163,182,193,220,220,321,321,341,341],"floor_reached":37,"language":"ENG","playtime":4078,"items_purged":["StSShapeShifter:MonkeyForm+1","StSShapeShifter:Ensconce+1","StSShapeShifter:CosmicShifter+1","StSShapeShifter:RitualOfTheElders+1","StSShapeShifter:ThornedSkin+1","StSShapeShifter:ThornedSkin+1"],"score":1356,"play_id":"8e5e55d4-887c-45b9-be5c-336088640bf4","local_time":"20210217164639","is_ascension_mode":false,"campfire_choices":[{"data":"StSShapeShifter:UnicornForm","floor":8,"key":"SMITH"},{"floor":15,"key":"REST"},{"floor":23,"key":"REST"},{"floor":32,"key":"REST"}],"circlet_count":0,"master_deck":["StSShapeShifter:AdaptiveStrikes+1","StSShapeShifter:MonkeyForm+1","StSShapeShifter:FruitBasket+1","StSShapeShifter:Hunt+1","StSShapeShifter:Wildfire2+1","StSShapeShifter:Rabid+1","StSShapeShifter:MysticalSeed+1","Sadistic Nature+1","StSShapeShifter:TopazSkin+1","StSShapeShifter:CosmicShifter+1","StSShapeShifter:BurstingSpore+1","StSShapeShifter:PoisonIvy+1","StSShapeShifter:VineHandcuffs+1","StSShapeShifter:DiverseSpirit+1","StSShapeShifter:PantherForm+1","StSShapeShifter:MultiSpiritedStrike+1","StSShapeShifter:Bonk+1","StSShapeShifter:WaspSwarmForm+1","StSShapeShifter:FlamingoForm+1","StSShapeShifter:EmbraceTheCycle+1","StSShapeShifter:PorcupineForm+1","StSShapeShifter:HippoForm+1","StSShapeShifter:SquirrelForm+1","StSShapeShifter:OwlForm+1","StSShapeShifter:BearForm+1","StSShapeShifter:ThornedSkin+1","StSShapeShifter:MooseForm+1","StSShapeShifter:Mystical_Branch+1","StSShapeShifter:HummingbirdForm+1","StSShapeShifter:Guard+1","StSShapeShifter:FallingLeaves+1","StSShapeShifter:RatForm+1","StSShapeShifter:ShiftingStrike+1","StSShapeShifter:FoxForm+1","StSShapeShifter:StormGryphonForm+1","StSShapeShifter:UnicornForm+1","StSShapeShifter:DeerForm+1","StSShapeShifter:RhinoCalfForm+1","hubris:EnhanceAbility+1","StSShapeShifter:Summer+1","StSShapeShifter:Summon_Mountains+1"],"relics":["StSShapeShifter:AnimalHeart","StSShapeShifter:TheShapeShiftersMagnolia","Golden Egg","Quantum Egg","hubris:64BitClover","infinitespire:Golems Mask","construct:RocketBooster","hexamod:BolsterEngine","Strange Spoon","Bromod:ArcaneNullifier","hubris:CuriousFeather","Calipers","reliquary:BoilingFlask","StSShapeShifter:WristwrapsOfDiscovery","Blood Vial","conspire:Dentures","wanderingMiniBosses:ThiefScarf","Strawberry","Anchor","RedLine:ReiMu","OrangePellets","Ice Cream","ScarletDevilRocket","qcfpunch:Wrestler\u0027s_Cloak","energizedSpire:NeverEndingSparkler"],"acts_visited":["Exordium","Gensokyo:Gensokyoer","Hallownest:KingdomsEdge"],"potions_floor_usage":[27,36,36,36],"damage_taken":[{"damage":0,"enemies":"2 Louse","floor":1,"turns":1},{"damage":0,"enemies":"conspire:RoseBush","floor":3,"turns":1},{"damage":13,"enemies":"HollowMod:MossKnight","floor":6,"turns":3},{"damage":0,"enemies":"Small Slimes","floor":7,"turns":6},{"damage":0,"enemies":"Red Slaver","floor":10,"turns":1},{"damage":0,"enemies":"Gremlin Nob","floor":11,"turns":2},{"damage":8,"enemies":"conspire:2 RoseBushes","floor":12,"turns":4},{"damage":0,"enemies":"3 Sentries","floor":13,"turns":4},{"damage":0,"enemies":"Exordium Wildlife","floor":14,"turns":2},{"damage":0,"enemies":"Fading Forest","floor":16,"turns":11},{"damage":0,"enemies":"Gensokyo:CosmicMonolith","floor":18,"turns":2},{"damage":0,"enemies":"Gensokyo:AngelMirror","floor":22,"turns":2},{"damage":0,"enemies":"Gensokyo:Koishi","floor":24,"turns":4},{"damage":1,"enemies":"Gensokyo:Wraith","floor":25,"turns":3},{"damage":0,"enemies":"Gensokyo:Swordslinger","floor":27,"turns":3},{"damage":0,"enemies":"Gensokyo:Monolith_and_Dog","floor":29,"turns":2},{"damage":0,"enemies":"Gensokyo:3_Gloops","floor":30,"turns":4},{"damage":0,"enemies":"Gensokyo:Tenshi","floor":31,"turns":3},{"damage":0,"enemies":"Gensokyo:Eiki","floor":33,"turns":8},{"damage":0,"enemies":"Hallownest:3_Siblings","floor":35,"turns":1},{"damage":0,"enemies":"Hallownest:Radiance","floor":36,"turns":7}],"seed_played":"-4678820932553851877","potions_obtained":[{"floor":29,"key":"Fire Potion"}],"is_trial":false,"path_per_floor":["M","?","M","?","?","E","M","R","T","M","E","M","E","M","R","B",null,"M","?","?","$","M","R","E","M","T","M","COS","M","M","E","R","B",null,"M","B",null],"character_chosen":"SHAPESHIFTER","items_purchased":["hubris:64BitClover","Sadistic Nature","StSShapeShifter:TopazSkin","StSShapeShifter:CosmicShifter","infinitespire:Golems Mask","construct:RocketBooster","StSShapeShifter:BurstingSpore","StSShapeShifter:PoisonIvy","StSShapeShifter:VineHandcuffs","hexamod:BolsterEngine","StSShapeShifter:DiverseSpirit","Strange Spoon","StSShapeShifter:PantherForm","StSShapeShifter:MultiSpiritedStrike","StSShapeShifter:Bonk","StSShapeShifter:WaspSwarmForm","StSShapeShifter:FlamingoForm","StSShapeShifter:EmbraceTheCycle","StSShapeShifter:PorcupineForm","conspire:Dentures","StSShapeShifter:HippoForm","Bromod:ArcaneNullifier","StSShapeShifter:SquirrelForm","StSShapeShifter:OwlForm","StSShapeShifter:BearForm","StSShapeShifter:ThornedSkin","hubris:CuriousFeather","StSShapeShifter:MooseForm","StSShapeShifter:Mystical_Branch","StSShapeShifter:HummingbirdForm","StSShapeShifter:Guard","Calipers","reliquary:BoilingFlask","Ancient Potion","EssenceOfSteel","Block Potion","StSShapeShifter:FallingLeaves","StSShapeShifter:ThornedSkin","StSShapeShifter:RatForm","StSShapeShifter:ShiftingStrike","StSShapeShifter:WristwrapsOfDiscovery","OrangePellets","hubris:EnhanceAbility"],"campfire_rested":3,"item_purchase_floors":[0,0,0,0,0,0,0,0,0,0,0,0,0,0,0,0,0,0,0,0,0,0,0,0,0,0,0,0,0,0,0,0,0,0,0,0,0,0,0,0,0,21,21],"current_hp_per_floor":[78,71,71,71,71,58,60,60,60,62,74,68,73,78,85,85,85,85,85,88,88,88,88,88,87,87,88,88,88,88,88,88,88,88,88,88],"gold":341,"neow_bonus":"","is_daily":false,"chose_seed":false,"campfire_upgraded":1,"win_rate":0.0,"timestamp":1613555199,"path_taken":["M","?","M","?","?","E","M","R","T","M","E","M","E","?","R","BOSS","M","?","?","?","M","R","E","M","T","M","COS","M","M","E","R","BOSS","M","BOSS"],"items_purchased_type":["Relic","Card","Card","Card","Relic","Relic","Card","Card","Card","Relic","Card","Relic","Card","Card","Card","Card","Card","Card","Card","Relic","Card","Relic","Card","Card","Card","Card","Relic","Card","Card","Card","Card","Relic","Relic","Potion","Potion","Potion","Card","Card","Card","Card","Relic","Relic","Card"],"build_version":"2020-12-22","purchased_purges":6,"victory":true,"max_hp_per_floor":[78,78,78,78,78,78,78,78,78,78,85,85,85,85,85,85,85,85,85,88,88,88,88,88,88,88,88,88,88,88,88,88,88,88,88,88],"relic_stats":{"Blood Vial":13,"Strange Spoon":[69],"OrangePellets":[7],"counters":[204,678],"obtain_stats":[{"ScarletDevilRocket":34,"vexMod:RockOfEvil":34,"Replay:Wanted Poster":34,"Blood Vial":6,"conspire:GlowingRock":6,"infinitespire:ShieldingShard":0,"reliquary:FingerTrap":0,"qcfpunch:Red_Cyclone_Teachings":26,"aspiration:DSix":44,"StSShapeShifter:AlarmClock":36,"HollowMod:QueensCombRelic":6,"DemoMod:OrangeGuonStone":0,"Eternal Feather":12,"Pen Nib":27,"Akabeko":27,"infinitespire:EvilPickle":37,"qcfpunch:Broken_Tusk":46,"paleoftheancients:SoulOfTheShowman":53,"Torii":35,"Bromod:ArcanePistoleer":0,"Mythril_Glove":38,"hubris:EmptyBottle":0,"Ancient Tea Set":31,"qcfpunch:Wild_Herbs_Ointment":16,"AntiCross":6,"hubris:CuriousFeather":0,"DemoMod:GnawedKey":0,"qcfpunch:Cattail":44,"Chemical X":0,"InkBottle":28,"Potion Belt":0,"Lee\u0027s Waffle":0,"Runesmith:Nanobots":6,"hubris:64BitClover":9,"Guardian:GemstoneGun":0,"PreservedInsect":0,"infinitespire:Lucky Rock":6,"hubris:Towel":1,"energizedSpire:SpiderWeb":34,"chefmod:RollingPin":0,"hexamod:BolsterEngine":0,"hubris:BottledRain":29,"Ice Cream":31,"DemoMod:BlueGuonStone":48,"Calipers":0,"ZunR:ReiMu":21,"DemoMod:GlassGuonStoneRelic":11,"DemoMod:RiddleOfLead":34,"RedLine:ReiMu":10,"Girya":9,"paleoftheancients:KeyRelic":51,"Choco_Feather":8,"wanderingMiniBosses:MasterThiefsPresence":22,"sneckomod:SneckoTalon":11,"OrangePellets":42,"infinitespire:EmpoweringShard":43,"Mirror":40,"reliquary:BoilingFlask":13,"reliquary:Firecrackers":11,"aspiration:TomeofQuesting":43,"Yang":0,"Juzu Bracelet":0,"Replay:Mystery Machine":13,"conspire:TopHat":26,"DemoMod:SevenLeafClover":0,"Nunchaku":0,"hubris:KleinBottle":46,"Hallownest:SalubrasBlessingRelic":10,"qcfpunch:Army_Boots":13,"aspiration:RunicSpoon":0,"hubris:MedicalManual":14,"reliquary:ExpiredCoupon":23,"Strange Spoon":0,"infinitespire:Satchel":30,"Runesmith:UraniumAnvil":34,"Bag of Marbles":40,"Membership Card":0,"DemoMod:Bottle":0,"DemoMod:VorpalBullet":24,"FossilizedHelix":0,"RuthlessExorcism:ReiMu":0,"Golden Egg":0,"infinitespire:BottledMercury":43,"vexMod:MemoryStick":43,"Bromod:ArcaneNullifier":0,"wanderingMiniBosses:OtherGremlinHorn":31,"Ginger":23,"Bottled Tornado":0,"Boot":0,"aspiration:RitualStick":19,"Replay:Ringing Soul":26,"aspiration:PoetsPen":17,"Ribbon":0,"StSShapeShifter:LemurHeaddress":24,"vexMod:EndlessSickness":17,"DemoMod:MeltedRock":14,"DemoMod:LamentConfigurum":20,"infinitespire:Golems Mask":0,"construct:RocketBooster":24,"Gensokyo:TheCrow":41,"Counterbalance":36,"HollowMod:JonisBlessing":0,"hubris:SphereOfDissonance":13,"Guardian:PocketSentry":11,"aspiration:FrozenJewel":0,"SlaversCollar":40,"Elementarium:ElementariumTrophy":33,"Pandora\u0027s Box":0,"StSShapeShifter:WristwrapsOfDiscovery":0,"energizedSpire:MagnifyingGlass":28,"Lantern":0,"StoneCalendar":40,"AdministrixMod:CrackedTaijitu":0,"wanderingMiniBosses:AbyssPearl":37,"White_Cape":0,"qcfpunch:Crimson_Sash":4,"hubris:EvacipatedBox":0,"Replay:Rubber Ducky":23,"Matryoshka":0,"Ring of Peace":27,"WingedGreaves":2,"StSShapeShifter:Fertilizer":31,"AdministrixMod:DragonsEyeCharm":0,"construct:ClawGrip":17,"StSShapeShifter:AnimalHeart":0,"DemoMod:WeirdEgg":8,"The Courier":26,"DemoMod:PinkGuonStone":0,"champ:DeflectingBracers":25,"infinitespire:Joker Card":27,"Protect_Vest":49,"infinitespire:CheckeredPen":6,"MawBank":10,"PureWhite:ReiMu":26,"Busted Crown":34,"Bottled Lightning":48,"AdministrixMod:PrescriptionBottle":0,"ReplayTheSpireMod:Lightbulb":23,"wanderingMiniBosses:Inkheart":20,"Elementarium:FlickeringLantern":21,"DemoMod:GreenGuonStone":0,"hubris:CrystalStatue":0,"Bromod:ArcanePulse":43,"Menagerie:HuntersKnife":5,"Vajra":0,"AdministrixMod:ConductorRitualBaton":0,"Strawberry":11,"vexMod:RetaliationKit":31,"conspire:Dentures":0,"chefmod:TrustyPot":0,"wanderingMiniBosses:ThiefScarf":7,"Dead Branch":0,"Oddly Smooth Stone":28,"conspire:Boomerang":25,"aspiration:SeaSaltIceCream":4,"Letter Opener":48,"War Paint":29,"Question Card":12,"paleoftheancients:Timepiece":51,"Bottled Flame":13,"Replay:Baseball":29,"ReplayTheSpireMod:Shallot":4,"energizedSpire:NeverEndingSparkler":34,"Bronze Scales":46,"ReplayTheSpireMod:TigerMarble":9,"hermit:Momento":0,"ReplayTheSpireMod:Ring of Exchange":27,"theSenshi:SuperSailorFukuRelic":0,"SacredBark":34,"conspire:SpecialSausage":3,"Hallownest:DreamNailRelic":3,"hubris:SlimyHat":0,"DemoMod:WhiteGuonStone":0,"ClockworkSouvenir":0,"Frozen Eye":29,"energizedSpire:CursedPentagram":17,"Bromod:ArcaneTrickery":0,"Pantograph":25,"Bromod:ArcaneTempo":24,"Genji_Glove":22,"qcfpunch:Wrestler\u0027s_Cloak":0,"Cracked Core":0,"StSShapeShifter:TheShapeShiftersMagnolia":0,"Gremlin Food":14,"hubris:DisguiseKit":27,"chefmod:CookieJar":0,"ReplayTheSpireMod:Ninjato":3,"Replay:Towering Pillar of Hats":0,"infinitespire:CursedDice":43,"Quantum Egg":2,"hexamod:Sixitude":25,"aspiration:HummingbirdHeart":55,"aspiration:SecretTechniqueScroll":17,"White Beast Statue":43,"Anchor":0,"CaptainsWheel":5,"infinitespire:WardingShard":6,"vexMod:HeadHunter":0,"LetterFromLob":1,"qcfpunch:Red_Headband":24,"Snack Pack":7,"PureWater":0,"aspiration:MarisaSkillbook":17},{"ScarletDevilRocket":92,"vexMod:RockOfEvil":36,"Replay:Wanted Poster":17,"Blood Vial":186,"conspire:GlowingRock":2,"infinitespire:ShieldingShard":78,"reliquary:FingerTrap":157,"qcfpunch:Red_Cyclone_Teachings":32,"aspiration:DSix":98,"StSShapeShifter:AlarmClock":203,"HollowMod:QueensCombRelic":134,"DemoMod:OrangeGuonStone":107,"Eternal Feather":189,"Pen Nib":64,"Akabeko":145,"infinitespire:EvilPickle":71,"qcfpunch:Broken_Tusk":40,"paleoftheancients:SoulOfTheShowman":105,"Torii":202,"Bromod:ArcanePistoleer":157,"Mythril_Glove":19,"hubris:EmptyBottle":24,"Ancient Tea Set":200,"qcfpunch:Wild_Herbs_Ointment":192,"AntiCross":2,"hubris:CuriousFeather":24,"DemoMod:GnawedKey":43,"qcfpunch:Cattail":72,"Chemical X":157,"InkBottle":64,"Potion Belt":43,"Lee\u0027s Waffle":43,"Runesmith:Nanobots":81,"hubris:64BitClover":53,"Guardian:GemstoneGun":43,"PreservedInsect":24,"infinitespire:Lucky Rock":52,"hubris:Towel":108,"energizedSpire:SpiderWeb":174,"chefmod:RollingPin":157,"hexamod:BolsterEngine":183,"hubris:BottledRain":146,"Ice Cream":201,"DemoMod:BlueGuonStone":101,"Calipers":78,"ZunR:ReiMu":141,"DemoMod:GlassGuonStoneRelic":4,"DemoMod:RiddleOfLead":68,"RedLine:ReiMu":187,"Girya":3,"paleoftheancients:KeyRelic":103,"Choco_Feather":3,"wanderingMiniBosses:MasterThiefsPresence":10,"sneckomod:SneckoTalon":188,"OrangePellets":39,"infinitespire:EmpoweringShard":127,"Mirror":39,"reliquary:BoilingFlask":164,"reliquary:Firecrackers":188,"aspiration:TomeofQuesting":98,"Yang":107,"Juzu Bracelet":0,"Replay:Mystery Machine":28,"conspire:TopHat":63,"DemoMod:SevenLeafClover":0,"Nunchaku":130,"hubris:KleinBottle":127,"Hallownest:SalubrasBlessingRelic":3,"qcfpunch:Army_Boots":84,"aspiration:RunicSpoon":0,"hubris:MedicalManual":191,"reliquary:ExpiredCoupon":169,"Strange Spoon":183,"infinitespire:Satchel":121,"Runesmith:UraniumAnvil":123,"Bag of Marbles":151,"Membership Card":24,"DemoMod:Bottle":78,"DemoMod:VorpalBullet":11,"FossilizedHelix":78,"RuthlessExorcism:ReiMu":130,"Golden Egg":0,"infinitespire:BottledMercury":21,"vexMod:MemoryStick":72,"Bromod:ArcaneNullifier":183,"wanderingMiniBosses:OtherGremlinHorn":35,"Ginger":118,"Bottled Tornado":157,"Boot":157,"aspiration:RitualStick":141,"Replay:Ringing Soul":11,"aspiration:PoetsPen":166,"Ribbon":130,"StSShapeShifter:LemurHeaddress":195,"vexMod:EndlessSickness":60,"DemoMod:MeltedRock":29,"DemoMod:LamentConfigurum":61,"infinitespire:Golems Mask":183,"construct:RocketBooster":32,"Gensokyo:TheCrow":72,"Counterbalance":203,"HollowMod:JonisBlessing":78,"hubris:SphereOfDissonance":190,"Guardian:PocketSentry":27,"aspiration:FrozenJewel":43,"SlaversCollar":97,"Elementarium:ElementariumTrophy":36,"Pandora\u0027s Box":24,"StSShapeShifter:WristwrapsOfDiscovery":183,"energizedSpire:MagnifyingGlass":64,"Lantern":43,"StoneCalendar":20,"AdministrixMod:CrackedTaijitu":78,"wanderingMiniBosses:AbyssPearl":95,"White_Cape":43,"qcfpunch:Crimson_Sash":25,"hubris:EvacipatedBox":130,"Replay:Rubber Ducky":142,"Matryoshka":130,"Ring of Peace":89,"WingedGreaves":25,"StSShapeShifter:Fertilizer":200,"AdministrixMod:DragonsEyeCharm":78,"construct:ClawGrip":115,"StSShapeShifter:AnimalHeart":183,"DemoMod:WeirdEgg":135,"The Courier":89,"DemoMod:PinkGuonStone":107,"champ:DeflectingBracers":196,"infinitespire:Joker Card":197,"Protect_Vest":41,"infinitespire:CheckeredPen":26,"MawBank":57,"PureWhite:ReiMu":11,"Busted Crown":148,"Bottled Lightning":128,"AdministrixMod:PrescriptionBottle":78,"ReplayTheSpireMod:Lightbulb":88,"wanderingMiniBosses:Inkheart":117,"Elementarium:FlickeringLantern":117,"DemoMod:GreenGuonStone":43,"hubris:CrystalStatue":43,"Bromod:ArcanePulse":178,"Menagerie:HuntersKnife":45,"Vajra":78,"AdministrixMod:ConductorRitualBaton":53,"Strawberry":189,"vexMod:RetaliationKit":16,"conspire:Dentures":183,"chefmod:TrustyPot":130,"wanderingMiniBosses:ThiefScarf":187,"Dead Branch":53,"Oddly Smooth Stone":33,"conspire:Boomerang":89,"aspiration:SeaSaltIceCream":25,"Letter Opener":155,"War Paint":14,"Question Card":189,"paleoftheancients:Timepiece":103,"Bottled Flame":28,"Replay:Baseball":121,"ReplayTheSpireMod:Shallot":25,"energizedSpire:NeverEndingSparkler":202,"Bronze Scales":100,"ReplayTheSpireMod:TigerMarble":26,"hermit:Momento":0,"ReplayTheSpireMod:Ring of Exchange":89,"theSenshi:SuperSailorFukuRelic":157,"SacredBark":92,"conspire:SpecialSausage":50,"Hallownest:DreamNailRelic":1,"hubris:SlimyHat":78,"DemoMod:WhiteGuonStone":53,"ClockworkSouvenir":24,"Frozen Eye":13,"energizedSpire:CursedPentagram":86,"Bromod:ArcaneTrickery":107,"Pantograph":196,"Bromod:ArcaneTempo":118,"Genji_Glove":194,"qcfpunch:Wrestler\u0027s_Cloak":78,"Cracked Core":43,"StSShapeShifter:TheShapeShiftersMagnolia":183,"Gremlin Food":191,"hubris:DisguiseKit":119,"chefmod:CookieJar":157,"ReplayTheSpireMod:Ninjato":50,"Replay:Towering Pillar of Hats":107,"infinitespire:CursedDice":21,"Quantum Egg":1,"hexamod:Sixitude":170,"aspiration:HummingbirdHeart":105,"aspiration:SecretTechniqueScroll":6,"White Beast Statue":152,"Anchor":107,"CaptainsWheel":133,"infinitespire:WardingShard":46,"vexMod:HeadHunter":0,"LetterFromLob":44,"qcfpunch:Red_Headband":62,"Snack Pack":161,"PureWater":107,"aspiration:MarisaSkillbook":140},{"ScarletDevilRocket":319,"vexMod:RockOfEvil":123,"Replay:Wanted Poster":52,"Blood Vial":609,"conspire:GlowingRock":6,"infinitespire:ShieldingShard":264,"reliquary:FingerTrap":554,"qcfpunch:Red_Cyclone_Teachings":104,"aspiration:DSix":352,"StSShapeShifter:AlarmClock":671,"HollowMod:QueensCombRelic":493,"DemoMod:OrangeGuonStone":405,"Eternal Feather":618,"Pen Nib":209,"Akabeko":522,"infinitespire:EvilPickle":234,"qcfpunch:Broken_Tusk":130,"paleoftheancients:SoulOfTheShowman":389,"Torii":670,"Bromod:ArcanePistoleer":554,"Mythril_Glove":60,"hubris:EmptyBottle":83,"Ancient Tea Set":659,"qcfpunch:Wild_Herbs_Ointment":628,"AntiCross":6,"hubris:CuriousFeather":83,"DemoMod:GnawedKey":147,"qcfpunch:Cattail":236,"Chemical X":554,"InkBottle":209,"Potion Belt":147,"Lee\u0027s Waffle":147,"Runesmith:Nanobots":273,"hubris:64BitClover":171,"Guardian:GemstoneGun":147,"PreservedInsect":83,"infinitespire:Lucky Rock":169,"hubris:Towel":406,"energizedSpire:SpiderWeb":587,"chefmod:RollingPin":554,"hexamod:BolsterEngine":604,"hubris:BottledRain":525,"Ice Cream":662,"DemoMod:BlueGuonStone":365,"Calipers":264,"ZunR:ReiMu":512,"DemoMod:GlassGuonStoneRelic":10,"DemoMod:RiddleOfLead":226,"RedLine:ReiMu":615,"Girya":9,"paleoftheancients:KeyRelic":377,"Choco_Feather":9,"wanderingMiniBosses:MasterThiefsPresence":29,"sneckomod:SneckoTalon":616,"OrangePellets":127,"infinitespire:EmpoweringShard":473,"Mirror":127,"reliquary:BoilingFlask":568,"reliquary:Firecrackers":616,"aspiration:TomeofQuesting":352,"Yang":405,"Juzu Bracelet":0,"Replay:Mystery Machine":92,"conspire:TopHat":204,"DemoMod:SevenLeafClover":0,"Nunchaku":486,"hubris:KleinBottle":473,"Hallownest:SalubrasBlessingRelic":9,"qcfpunch:Army_Boots":280,"aspiration:RunicSpoon":0,"hubris:MedicalManual":626,"reliquary:ExpiredCoupon":579,"Strange Spoon":604,"infinitespire:Satchel":457,"Runesmith:UraniumAnvil":463,"Bag of Marbles":536,"Membership Card":83,"DemoMod:Bottle":264,"DemoMod:VorpalBullet":34,"FossilizedHelix":264,"RuthlessExorcism:ReiMu":486,"Golden Egg":0,"infinitespire:BottledMercury":74,"vexMod:MemoryStick":236,"Bromod:ArcaneNullifier":604,"wanderingMiniBosses:OtherGremlinHorn":115,"Ginger":447,"Bottled Tornado":554,"Boot":554,"aspiration:RitualStick":512,"Replay:Ringing Soul":34,"aspiration:PoetsPen":573,"Ribbon":486,"StSShapeShifter:LemurHeaddress":643,"vexMod:EndlessSickness":194,"DemoMod:MeltedRock":94,"DemoMod:LamentConfigurum":198,"infinitespire:Golems Mask":604,"construct:RocketBooster":104,"Gensokyo:TheCrow":236,"Counterbalance":671,"HollowMod:JonisBlessing":264,"hubris:SphereOfDissonance":622,"Guardian:PocketSentry":89,"aspiration:FrozenJewel":147,"SlaversCollar":349,"Elementarium:ElementariumTrophy":123,"Pandora\u0027s Box":83,"StSShapeShifter:WristwrapsOfDiscovery":604,"energizedSpire:MagnifyingGlass":209,"Lantern":147,"StoneCalendar":71,"AdministrixMod:CrackedTaijitu":264,"wanderingMiniBosses:AbyssPearl":341,"White_Cape":147,"qcfpunch:Crimson_Sash":85,"hubris:EvacipatedBox":486,"Replay:Rubber Ducky":514,"Matryoshka":486,"Ring of Peace":305,"WingedGreaves":85,"StSShapeShifter:Fertilizer":659,"AdministrixMod:DragonsEyeCharm":264,"construct:ClawGrip":435,"StSShapeShifter:AnimalHeart":604,"DemoMod:WeirdEgg":497,"The Courier":305,"DemoMod:PinkGuonStone":405,"champ:DeflectingBracers":647,"infinitespire:Joker Card":650,"Protect_Vest":131,"infinitespire:CheckeredPen":87,"MawBank":182,"PureWhite:ReiMu":34,"Busted Crown":531,"Bottled Lightning":476,"AdministrixMod:PrescriptionBottle":264,"ReplayTheSpireMod:Lightbulb":298,"wanderingMiniBosses:Inkheart":444,"Elementarium:FlickeringLantern":444,"DemoMod:GreenGuonStone":147,"hubris:CrystalStatue":147,"Bromod:ArcanePulse":595,"Menagerie:HuntersKnife":152,"Vajra":264,"AdministrixMod:ConductorRitualBaton":171,"Strawberry":618,"vexMod:RetaliationKit":45,"conspire:Dentures":604,"chefmod:TrustyPot":486,"wanderingMiniBosses:ThiefScarf":615,"Dead Branch":171,"Oddly Smooth Stone":107,"conspire:Boomerang":305,"aspiration:SeaSaltIceCream":85,"Letter Opener":546,"War Paint":39,"Question Card":618,"paleoftheancients:Timepiece":377,"Bottled Flame":92,"Replay:Baseball":457,"ReplayTheSpireMod:Shallot":85,"energizedSpire:NeverEndingSparkler":670,"Bronze Scales":360,"ReplayTheSpireMod:TigerMarble":87,"hermit:Momento":0,"ReplayTheSpireMod:Ring of Exchange":305,"theSenshi:SuperSailorFukuRelic":554,"SacredBark":319,"conspire:SpecialSausage":167,"Hallownest:DreamNailRelic":1,"hubris:SlimyHat":264,"DemoMod:WhiteGuonStone":171,"ClockworkSouvenir":83,"Frozen Eye":37,"energizedSpire:CursedPentagram":291,"Bromod:ArcaneTrickery":405,"Pantograph":647,"Bromod:ArcaneTempo":447,"Genji_Glove":641,"qcfpunch:Wrestler\u0027s_Cloak":264,"Cracked Core":147,"StSShapeShifter:TheShapeShiftersMagnolia":604,"Gremlin Food":626,"hubris:DisguiseKit":451,"chefmod:CookieJar":554,"ReplayTheSpireMod:Ninjato":167,"Replay:Towering Pillar of Hats":405,"infinitespire:CursedDice":74,"Quantum Egg":1,"hexamod:Sixitude":580,"aspiration:HummingbirdHeart":389,"aspiration:SecretTechniqueScroll":16,"White Beast Statue":539,"Anchor":405,"CaptainsWheel":491,"infinitespire:WardingShard":157,"vexMod:HeadHunter":0,"LetterFromLob":150,"qcfpunch:Red_Headband":202,"Snack Pack":562,"PureWater":405,"aspiration:MarisaSkillbook":509}]},"card_choices":[{"not_picked":["StSShapeShifter:Garden","StSShapeShifter:BurstingSpore"],"picked":"StSShapeShifter:FoxForm","floor":1},{"not_picked":["StSShapeShifter:RockSlide","StSShapeShifter:Ensconce","StSShapeShifter:Rest"],"picked":"SKIP","floor":3},{"not_picked":["StSShapeShifter:RatForm","StSShapeShifter:BurstingSpore","StSShapeShifter:Ensconce"],"picked":"SKIP","floor":6},{"not_picked":["StSShapeShifter:VineHandcuffs","StSShapeShifter:BarkSkin","StSShapeShifter:WiltingWrath"],"picked":"SKIP","floor":7},{"not_picked":["StSShapeShifter:OakBlade","StSShapeShifter:FlowerShield","StSShapeShifter:BloomingSlash"],"picked":"SKIP","floor":10},{"not_picked":["StSShapeShifter:OwlForm","StSShapeShifter:TopazSkin","StSShapeShifter:Consume"],"picked":"SKIP","floor":11},{"not_picked":["StSShapeShifter:Sapling","StSShapeShifter:OakBlade"],"picked":"StSShapeShifter:DeerForm","floor":12},{"not_picked":["StSShapeShifter:ThrashAbout","StSShapeShifter:Bonk","StSShapeShifter:Hunt"],"picked":"SKIP","floor":13},{"not_picked":["StSShapeShifter:Roar","StSShapeShifter:BloomingSlash","StSShapeShifter:FlowerShield"],"picked":"SKIP","floor":14},{"not_picked":["StSShapeShifter:FullMoon","StSShapeShifter:Spring"],"picked":"StSShapeShifter:RhinoCalfForm","floor":16},{"not_picked":["StSShapeShifter:RockSlide","StSShapeShifter:VineHandcuffs","StSShapeShifter:Guard+1"],"picked":"SKIP","floor":18},{"not_picked":["StSShapeShifter:PoisonIvy","StSShapeShifter:VineHandcuffs","StSShapeShifter:SquirrelForm"],"picked":"SKIP","floor":22},{"not_picked":["StSShapeShifter:BurstingSpore","StSShapeShifter:EmbraceTheCycle"],"picked":"StSShapeShifter:Summer","floor":24},{"not_picked":["StSShapeShifter:ThrashAbout","StSShapeShifter:MonkeyForm+1","StSShapeShifter:FallingLeaves"],"picked":"SKIP","floor":25},{"not_picked":["StSShapeShifter:Rabid","StSShapeShifter:OwlForm+1","StSShapeShifter:RaptorForm"],"picked":"SKIP","floor":27},{"not_picked":["StSShapeShifter:SquirrelForm+1","StSShapeShifter:MonkeyForm","StSShapeShifter:CosmicShifter"],"picked":"SKIP","floor":29},{"not_picked":["StSShapeShifter:BaskInBloom+1","StSShapeShifter:PoisonIvy","StSShapeShifter:RatForm"],"picked":"SKIP","floor":30},{"not_picked":["StSShapeShifter:RhinoCalfForm","StSShapeShifter:RockSlide","StSShapeShifter:SunflowerShuriken+1"],"picked":"SKIP","floor":31},{"not_picked":["StSShapeShifter:WolfsBane","StSShapeShifter:Summer"],"picked":"StSShapeShifter:Summon_Mountains","floor":33},{"not_picked":["StSShapeShifter:MonkeyForm","StSShapeShifter:MagicMushrooms","StSShapeShifter:BulwarkOfDiscovery"],"picked":"SKIP","floor":35}],"player_experience":1455319,"relics_obtained":[{"floor":6,"key":"Blood Vial"},{"floor":7,"key":"conspire:Dentures"},{"floor":7,"key":"wanderingMiniBosses:ThiefScarf"},{"floor":11,"key":"Strawberry"},{"floor":13,"key":"Anchor"},{"floor":31,"key":"Ice Cream"},{"floor":33,"key":"qcfpunch:Wrestler\u0027s_Cloak"}],"event_choices":[{"damage_healed":0,"gold_gain":0,"player_choice":"Forge","damage_taken":0,"max_hp_gain":0,"max_hp_loss":0,"event_name":"Accursed Blacksmith","floor":5,"gold_loss":0,"cards_upgraded":["StSShapeShifter:StormGryphonForm"]},{"damage_healed":0,"gold_gain":0,"player_choice":"Leave","damage_taken":0,"max_hp_gain":0,"max_hp_loss":0,"event_name":"conspire:Investor","floor":19,"gold_loss":0}],"is_beta":false,"boss_relics":[{"not_picked":["Gem_Box","vexMod:MysteryBossChallenge"],"picked":"RedLine:ReiMu"},{"not_picked":["hubris:VirtuousBlindfold","reliquary:Craggleroot"],"picked":"energizedSpire:NeverEndingSparkler"}],"items_purged_floors":[0,0,0,0,0,0],"is_endless":false,"potions_floor_spawned":[10,11,14,16,24,27,29,33],"ascension_level":0,"is_humility":true}}