{"host":"k919bq8mkuzdqhzi","time":1613525612,"event":{"mods":["AchievementEnabler","BaseMod","Colored Map","Colored Powertips","DeckTracker","Minty Spire (QoL Compilation)","Relic Sorter","SuperFastMode"],"gold_per_floor":[112,287,305,305,315,315,12,12,35,35,49,68,68,18,18,119,119,135,60,60,70,70,70],"floor_reached":22,"language":"ENG","playtime":997,"items_purged":["Defend_P"],"score":198,"play_id":"395c128f-eddc-494e-9bea-0d62b677ff31","local_time":"20210216203332","is_ascension_mode":false,"campfire_choices":[{"data":"Eruption","floor":6,"key":"SMITH"},{"data":"Apotheosis","floor":13,"key":"SMITH"},{"floor":15,"key":"REST"}],"circlet_count":0,"master_deck":["Strike_P","Strike_P","Strike_P","Defend_P","Defend_P","Eruption+1","Vigilance","CrushJoints","BowlingBash","WindmillStrike","Apotheosis+1","Collect","FollowUp","SignatureMove+1","LessonLearned","Sanctity","Crescendo"],"relics":["PureWater","Spirit Poop","GoldenEye","Blood Vial","VioletLotus","Oddly Smooth Stone"],"acts_visited":["Exordium","TheCity"],"potions_floor_usage":[16,21],"damage_taken":[{"damage":17,"enemies":"Jaw Worm","floor":1,"turns":2},{"damage":0,"enemies":"2 Louse","floor":3,"turns":3},{"damage":0,"enemies":"Cultist","floor":5,"turns":2},{"damage":1,"enemies":"Red Slaver","floor":11,"turns":3},{"damage":14,"enemies":"Blue Slaver","floor":12,"turns":3},{"damage":27,"enemies":"The Guardian","floor":16,"turns":6},{"damage":15,"enemies":"Shell Parasite","floor":18,"turns":4},{"damage":30,"enemies":"2 Thieves","floor":21,"turns":3},{"damage":52,"enemies":"Masked Bandits","floor":22,"turns":3}],"seed_played":"2971216728002982631","potions_obtained":[{"floor":1,"key":"FearPotion"},{"floor":16,"key":"LiquidBronze"},{"floor":18,"key":"ColorlessPotion"}],"is_trial":false,"path_per_floor":["M","?","M","?","M","R","$","T","T","$","M","M","R","?","R","B",null,"M","?","?","M","?"],"character_chosen":"WATCHER","items_purchased":["Apotheosis","Collect"],"campfire_rested":1,"item_purchase_floors":[7,7],"current_hp_per_floor":[62,62,62,62,62,62,62,62,62,62,63,51,51,51,74,49,79,64,64,64,36,0,0],"gold":70,"neow_bonus":"TEN_PERCENT_HP_BONUS","is_daily":false,"chose_seed":false,"campfire_upgraded":2,"win_rate":0.0,"timestamp":1613525612,"path_taken":["M","?","M","?","?","R","$","?","T","$","M","M","R","?","R","BOSS","M","?","?","?","?"],"items_purchased_type":["Card","Card"],"build_version":"2020-12-22","purchased_purges":1,"victory":false,"max_hp_per_floor":[79,79,79,79,79,79,79,79,79,79,79,79,79,79,79,79,79,79,79,79,79,79,79],"card_choices":[{"not_picked":["WaveOfTheHand","FollowUp"],"picked":"CrushJoints","floor":1},{"not_picked":["Vengeance","Indignation"],"picked":"BowlingBash","floor":3},{"not_picked":["FearNoEvil","SashWhip"],"picked":"WindmillStrike","floor":5},{"not_picked":["TalkToTheHand","InnerPeace"],"picked":"FollowUp","floor":11},{"not_picked":["EmptyMind","ReachHeaven"],"picked":"SignatureMove","floor":12},{"not_picked":["MasterReality","Scrawl"],"picked":"LessonLearned","floor":16},{"not_picked":["BowlingBash+1","JustLucky+1"],"picked":"Sanctity","floor":18},{"not_picked":["Conclude","Consecrate"],"picked":"Crescendo","floor":21}],"player_experience":160611,"relics_obtained":[{"floor":8,"key":"GoldenEye"},{"floor":9,"key":"Blood Vial"}],"event_choices":[{"damage_healed":0,"gold_gain":175,"player_choice":"AGREE","damage_taken":0,"max_hp_gain":0,"max_hp_loss":0,"event_name":"Liars Game","floor":2,"gold_loss":0,"cards_obtained":["Doubt"]},{"cards_removed":["Doubt"],"damage_healed":0,"gold_gain":0,"player_choice":"Offered Curse","damage_taken":0,"relics_obtained":["Spirit Poop"],"max_hp_gain":0,"max_hp_loss":0,"event_name":"Bonfire Elementals","floor":4,"gold_loss":0},{"cards_removed":["Strike_P"],"damage_healed":0,"gold_gain":0,"player_choice":"Card Removal","damage_taken":0,"max_hp_gain":0,"max_hp_loss":0,"event_name":"The Cleric","floor":14,"gold_loss":50},{"cards_removed":["Defend_P"],"damage_healed":0,"gold_gain":0,"player_choice":"Gave Gold","damage_taken":0,"max_hp_gain":0,"max_hp_loss":0,"event_name":"Beggar","floor":19,"gold_loss":75},{"damage_healed":0,"gold_gain":0,"player_choice":"Gave Potion","damage_taken":0,"relics_obtained":["Oddly Smooth Stone"],"max_hp_gain":0,"max_hp_loss":0,"event_name":"WeMeetAgain","floor":20,"gold_loss":0},{"damage_healed":0,"gold_gain":0,"player_choice":"Fought Bandits","damage_taken":0,"max_hp_gain":0,"max_hp_loss":0,"event_name":"Masked Bandits","floor":22,"gold_loss":0}],"is_beta":false,"boss_relics":[{"not_picked":["Snecko Eye","Fusion Hammer"],"picked":"VioletLotus"}],"items_purged_floors":[7],"is_endless":false,"potions_floor_spawned":[1,16,18],"killed_by":"Masked Bandits","ascension_level":0}}