{"host":"o9lehcdjc4u6j9un","time":1613578892,"event":{"mods":["Aspiration","BaseMod","Better-Laid Plans","Bossed Relics","Colored Map","Downfall","Gremlin Mod","Hermit","Marisa£®ÏF”Í°°ƒß¿Ì…≥£©","Minty Spire (QoL Compilation)","Reimu£®≤©¿ˆ¡È√Œ£©","Remilia£®¿Ÿ√◊¿Ú—«£©","StSLib","The Alterego","The Hierophant","The Jungle","The Marked","The Runesmith","The Senshi","The Servant 0.9.4","Yakumo Yukari mod","Youmu£®ªÍ∆«—˝√Œ£©","≤–¡Ù÷ÆŒÔ"],"gold_per_floor":[111,122,47,47,72,99,109,109,135,135,185,185,203,221,221,322,322,338,348,97,111,127,152,152,152],"floor_reached":24,"language":"ZHS","playtime":1585,"items_purged":["theSenshi:SailorKick","Decay"],"score":241,"play_id":"aff77ef7-27fc-42f3-b330-709f1626ae75","local_time":"20210218002132","is_ascension_mode":false,"campfire_choices":[{"data":"theSenshi:SailorStarMakerAssists","floor":8.0,"key":"SMITH"},{"data":"theSenshi:MoonPrismPowerMakeUp","floor":10.0,"key":"SMITH"},{"data":"theSenshi:VenusGlamour","floor":12.0,"key":"SMITH"},{"data":"theSenshi:MoonKick","floor":15.0,"key":"SMITH"}],"circlet_count":0,"master_deck":["theSenshi:SailorKick","theSenshi:SailorKick","theSenshi:SailorKick","theSenshi:SailorBlock","theSenshi:SailorBlock","theSenshi:SailorBlock","theSenshi:SailorBlock","theSenshi:RoseThrow","theSenshi:MoonPrismPowerMakeUp+1","theSenshi:SailorStarMakerAssists+1","theSenshi:VenusGlamour+1","theSenshi:SailorMercuryAssists","theSenshi:MercurysCunning","theSenshi:SailorMarsAssists","theSenshi:MoonKick+1","theSenshi:SilverMoonCrystalPowerKiss","theSenshi:Sidestep+1","theSenshi:MoonTiaraMagic","theSenshi:TallSilhouette+1","theSenshi:SailorChibiMoonAssists","theSenshi:MoonCosmicPowerMakeUp+1"],"relics":["theSenshi:TransformationBroochRelic","SsserpentHead","WingedGreaves","PaintedHorse:ReiMu","PreservedInsect","aspiration:PoetsPen_weak","Happy Flower","Pen Nib"],"acts_visited":["Exordium","TheCity"],"potions_floor_usage":[],"damage_taken":[{"damage":0.0,"enemies":"Small Slimes","floor":1.0,"turns":3.0},{"damage":0.0,"enemies":"Cultist","floor":2.0,"turns":5.0},{"damage":14.0,"enemies":"Lagavulin","floor":6.0,"turns":7.0},{"damage":0.0,"enemies":"2 Louse","floor":13.0,"turns":2.0},{"damage":0.0,"enemies":"Exordium Wildlife","floor":14.0,"turns":3.0},{"damage":23.0,"enemies":"Hexaghost","floor":16.0,"turns":8.0},{"damage":0.0,"enemies":"Shell Parasite","floor":18.0,"turns":3.0},{"damage":0.0,"enemies":"Spheric Guardian","floor":19.0,"turns":3.0},{"damage":14.0,"enemies":"Centurion and Healer","floor":21.0,"turns":4.0},{"damage":3.0,"enemies":"Shelled Parasite and Fungi","floor":22.0,"turns":3.0},{"damage":0.0,"enemies":"Book of Stabbing","floor":23.0,"turns":3.0},{"damage":0,"enemies":"Gremlin Leader","floor":24,"turns":1}],"seed_played":"-1326255787684972625","potions_obtained":[{"floor":2.0,"key":"PowerPotion"},{"floor":14.0,"key":"PlaceholderMod:PlaceholderPotion"},{"floor":16.0,"key":"PowerPotion"},{"floor":18.0,"key":"DistilledChaos"},{"floor":22.0,"key":"Fire Potion"}],"is_trial":false,"path_per_floor":["M","M","$","?","$","E","?","R","T","R","?","R","M","M","R","B",null,"M","M","$","M","M","E","E"],"character_chosen":"THE_SENSHI","items_purchased":["theSenshi:SailorMercuryAssists","Happy Flower"],"campfire_rested":0,"item_purchase_floors":[5,20],"current_hp_per_floor":[82,82,82,82,82,68,68,68,68,68,68,68,68,68,68,45,82,82,82,82,68,65,65,65,65],"gold":152,"neow_bonus":"TEN_PERCENT_HP_BONUS","is_daily":false,"chose_seed":false,"campfire_upgraded":4,"win_rate":0.0,"timestamp":1613578892,"path_taken":["M","M","$","?","?","E","?","R","T","R","?","R","M","M","R","BOSS","M","M","$","M","M","E","E"],"items_purchased_type":["Card","Relic"],"build_version":"2020-12-22","purchased_purges":2,"victory":false,"max_hp_per_floor":[82,82,82,82,82,82,82,82,82,82,82,82,82,82,82,82,82,82,82,82,82,82,82,82,82],"card_choices":[{"not_picked":["theSenshi:SailorChibiMoonAssists","theSenshi:MoonsReflection"],"picked":"theSenshi:SailorStarMakerAssists","floor":1.0},{"not_picked":["theSenshi:MoonSpiralHeartAttack","theSenshi:MoonTiaraMagic"],"picked":"theSenshi:VenusGlamour","floor":2.0},{"not_picked":["theSenshi:HesSoDreamy","theSenshi:VenusGlamour"],"picked":"theSenshi:MercurysCunning","floor":6.0},{"not_picked":["theSenshi:SailorV","theSenshi:SchoolBag"],"picked":"theSenshi:SailorMarsAssists","floor":13.0},{"not_picked":["theSenshi:EncouragingSpeech","theSenshi:OdangoHead"],"picked":"theSenshi:MoonKick","floor":14.0},{"not_picked":["theSenshi:GlimpseOfThePast","theSenshi:FatedKiss"],"picked":"theSenshi:SilverMoonCrystalPowerKiss","floor":16.0},{"not_picked":["theSenshi:MoonPrincessHalation+1","theSenshi:TallSilhouette"],"picked":"theSenshi:Sidestep+1","floor":18.0},{"not_picked":["theSenshi:EncouragingSpeech","theSenshi:TuxedoSmokingBomber"],"picked":"theSenshi:MoonTiaraMagic","floor":19.0},{"not_picked":["theSenshi:SailorMercuryAssists","theSenshi:IWillPunishYou"],"picked":"theSenshi:TallSilhouette+1","floor":21.0},{"not_picked":["theSenshi:MoonTiaraMagic+1","theSenshi:KlutzyLuck"],"picked":"theSenshi:SailorChibiMoonAssists","floor":22.0},{"not_picked":["theSenshi:MoonlightKnight","theSenshi:SailorCosmosAssists"],"picked":"theSenshi:MoonCosmicPowerMakeUp+1","floor":23.0}],"player_experience":322924,"relics_obtained":[{"floor":6.0,"key":"WingedGreaves"},{"floor":9.0,"key":"PreservedInsect"},{"floor":23.0,"key":"Pen Nib"}],"event_choices":[{"damage_healed":0.0,"max_hp_gain":0.0,"max_hp_loss":0.0,"gold_gain":0.0,"event_name":"FaceTrader","player_choice":"Trade","floor":4.0,"gold_loss":0.0,"damage_taken":0.0,"relics_obtained":["SsserpentHead"]},{"damage_healed":0.0,"max_hp_gain":0.0,"max_hp_loss":0.0,"gold_gain":0.0,"event_name":"yidonshenshe","player_choice":"»˚«Æ","floor":7.0,"gold_loss":40.0,"damage_taken":0.0,"relics_obtained":["PaintedHorse:ReiMu"]},{"damage_healed":0.0,"max_hp_gain":0.0,"max_hp_loss":0.0,"gold_gain":0.0,"event_name":"Wheel of Change","player_choice":"Cursed","floor":11.0,"gold_loss":0.0,"damage_taken":0.0,"cards_obtained":["Decay"]}],"is_beta":false,"boss_relics":[{"not_picked":["aspiration:RunesmithSkillbook","Velvet Choker"],"picked":"aspiration:PoetsPen_weak"}],"items_purged_floors":[3,20],"is_endless":false,"potions_floor_spawned":[2,14,16,18,21,22],"killed_by":"Gremlin Leader","ascension_level":0}}