{"host":"uceopoba4zvqsgiy","time":1613559657,"event":{"mods":["2.2 Compatiblity","Act Like it!","BaseMod","Better Skull","Better Third Choice","Elementarium","Evolution","GifTheSpireLib","Hermit","Humility","Infinite Spire","Jorbs\u0027s Wanderer Trilogy","Marked Mod","Minty Spire (QoL Compilation)","Potionbrewer","Reliquary","Replay The Spire","Robot Space Explorer","Shade Mod","Spicy Shops","StS++","StSLib","Stuff the Spire","The Blue Laboratory","The Caster","The Cursed","The Dragon Tamer","The Dragonkin","The Hierophant","The Judge","The Jungle","TheSurvivalist","Wandering Minibosses"],"gold_per_floor":[110,120,120,136,151,151,182,192,242,25,59,59,69,95,95,95,95],"floor_reached":16,"language":"ENG","playtime":2437,"items_purged":[],"score":198,"play_id":"c70119c0-8bb4-4343-97b0-549b9f219a2e","local_time":"20210217213057","is_ascension_mode":true,"campfire_choices":[{"floor":12,"key":"REST"},{"floor":15,"key":"REST"}],"circlet_count":0,"master_deck":["Poisoned Stab","Strike_G","Strike_G","Strike_G","Strike_G","Defend_G","Defend_G","Defend_G","Defend_G","Defend_G","Survivor","Neutralize","StSpp:PoisonousPunch","StSpp:ChainedTrap","Apotheosis+1","Poison Darts","StuffTheSpire:Injection","StSpp:PoisonousPunch","Skewer"],"relics":["Ring of the Snake","EVO:Axolotl","NeowsBlessing","Bag of Preparation","Akabeko","reliquary:FingerTrap","Strawberry","The Courier","reliquary:Aerogel"],"acts_visited":["Exordium"],"potions_floor_usage":[7,13,16],"damage_taken":[{"damage":0,"enemies":"infinitespire:Voidling","floor":1,"turns":1},{"damage":0,"enemies":"Jaw Worm","floor":2,"turns":1},{"damage":0,"enemies":"Cultist","floor":4,"turns":1},{"damage":5,"enemies":"Looter","floor":5,"turns":4},{"damage":35,"enemies":"3 Sentries","floor":7,"turns":8},{"damage":4,"enemies":"2 Fungi Beasts","floor":8,"turns":3},{"damage":19,"enemies":"Gremlin Nob","floor":11,"turns":3},{"damage":11,"enemies":"Gremlin Gang","floor":13,"turns":5},{"damage":0,"enemies":"Lagavulin","floor":14,"turns":5},{"damage":48,"enemies":"Slime Boss","floor":16,"turns":6}],"seed_played":"-74152913542093392","potions_obtained":[{"floor":2,"key":"AttackPotion"},{"floor":3,"key":"Cursed Concoction"},{"floor":3,"key":"blueLaboratory:NinjaPotion"},{"floor":3,"key":"blueLaboratory:CorrosionFlask"},{"floor":4,"key":"CultistPotion"},{"floor":7,"key":"EssenceOfSteel"}],"is_trial":false,"path_per_floor":["M","M","?","M","M","?","E","M","T","$","E","R","M","E","R","B"],"character_chosen":"THE_SILENT","items_purchased":["reliquary:FingerTrap","Strawberry"],"campfire_rested":2,"item_purchase_floors":[10,10],"current_hp_per_floor":[63,63,63,63,58,58,23,19,19,26,7,30,19,19,42,0,0],"gold":95,"neow_bonus":"THREE_ENEMY_KILL","is_daily":false,"chose_seed":false,"campfire_upgraded":0,"win_rate":0.0,"timestamp":1613559657,"path_taken":["M","?","?","?","M","?","E","M","T","$","E","R","M","E","R","BOSS"],"items_purchased_type":["Relic","Relic"],"build_version":"2020-12-22","purchased_purges":0,"victory":false,"max_hp_per_floor":[70,70,70,70,70,70,70,70,70,77,77,77,77,77,77,77,77],"card_choices":[{"not_picked":["Reflex","ReplayTheSpireMod:Shiv Toss","Cloak And Dagger"],"picked":"SKIP","floor":1},{"not_picked":["Flying Knee","Quick Slash","Distraction"],"picked":"SKIP","floor":2},{"not_picked":["Sucker Punch","Dagger Throw"],"picked":"StSpp:PoisonousPunch","floor":4},{"not_picked":["Prepared","StuffTheSpire:BrimstoneBlast"],"picked":"StSpp:ChainedTrap","floor":5},{"not_picked":["StuffTheSpire:Injection","StuffTheSpire:Python"],"picked":"Poison Darts","floor":7},{"not_picked":["StuffTheSpire:ClusterCrunch","All Out Attack"],"picked":"StuffTheSpire:Injection","floor":8},{"not_picked":["Calculated Gamble","StuffTheSpire:Python"],"picked":"StSpp:PoisonousPunch","floor":11},{"not_picked":["StuffTheSpire:Incursion","StuffTheSpire:Python","StuffTheSpire:BumpUp"],"picked":"SKIP","floor":13},{"not_picked":["Heel Hook","Dagger Spray"],"picked":"Skewer","floor":14}],"player_experience":1840164,"relics_obtained":[{"floor":7,"key":"Bag of Preparation"},{"floor":9,"key":"Akabeko"},{"floor":11,"key":"The Courier"},{"floor":14,"key":"reliquary:Aerogel"}],"event_choices":[{"damage_healed":0,"gold_gain":0,"player_choice":"Got Potions","damage_taken":0,"max_hp_gain":0,"max_hp_loss":0,"event_name":"Lab","floor":3,"gold_loss":0},{"damage_healed":58,"gold_gain":0,"player_choice":"Embrace","damage_taken":0,"max_hp_gain":0,"max_hp_loss":70,"event_name":"betterThird:BetterShining","floor":6,"gold_loss":0}],"is_beta":false,"boss_relics":[],"items_purged_floors":[],"is_endless":false,"potions_floor_spawned":[2,4,7,11],"killed_by":"Slime Boss","ascension_level":7,"is_humility":true}}