{"host":"8eqe2o2g03nh9rfw","time":1613594763,"event":{"mods":["AchievementEnabler","AlwaysNeverKeys","BaseMod","Better Third Choice","Block Reminder","Colored Map","Colored Powertips","GifTheSpireLib","Minty Spire (QoL Compilation)","Permanent Neow","Quick Restart","StSLib","Weighted Paths"],"gold_per_floor":[117,117,15,25,100,130,130,149,149,177,188,18,51,76,76,171,171,182,44,61,81,101,101,131,143,155,167,197,234,277,289,301,412,424,454,466,478,505,1516,1528,1540,776,776,251,30,42,42,55,55,55,55,55,20,47,47,47],"floor_reached":55,"language":"ENG","playtime":4539,"items_purged":[],"score":746,"play_id":"56bea9f5-6133-4d5c-a5d3-88571956fbff","local_time":"20210217154603","is_ascension_mode":false,"campfire_choices":[{"floor":7,"key":"REST"},{"floor":15,"key":"REST"},{"floor":23,"key":"REST"},{"floor":25,"key":"RECALL"},{"floor":32,"key":"REST"},{"floor":40,"key":"REST"},{"data":"Amplify","floor":47,"key":"SMITH"},{"data":"Loop","floor":49,"key":"SMITH"},{"data":"Loop","floor":52,"key":"SMITH"}],"circlet_count":0,"master_deck":["Strike_B","Strike_B","Strike_B","Strike_B","Defend_B","Defend_B","Defend_B","Defend_B","Zap","Dualcast","Beam Cell","Uppercut","Capacitor","Streamline","Go for the Eyes","Beam Cell","Go for the Eyes","Static Discharge","Melter","Self Repair","Conserve Battery","Ball Lightning","Hologram","Electrodynamics","Rebound+1","Conserve Battery","Impatience","Stack","Gash","Thunder Strike","Steam","Barrage","Aggregate","Conserve Battery","Amplify+1","Ball Lightning","Sweeping Beam+1","Swift Strike","Leap+1","Gash","Double Energy+1","Static Discharge","Consume+1","Loop+1","Undo","Machine Learning","Loop+1","Hyperbeam","Hyperbeam"],"relics":["FrozenCore","Bag of Preparation","StoneCalendar","Strawberry","Bag of Marbles","Odd Mushroom","Runic Pyramid","MawBank","White Beast Statue","Omamori","Red Mask","Happy Flower","CaptainsWheel","Orrery","Orichalcum","Anchor","Eternal Feather","Membership Card","Oddly Smooth Stone","Art of War"],"acts_visited":["Exordium","TheCity","TheBeyond","TheEnding"],"potions_floor_usage":[11,16,29,29,33,46,46,46,50,50,55],"damage_taken":[{"damage":5,"enemies":"Small Slimes","floor":1,"turns":3},{"damage":0,"enemies":"Cultist","floor":4,"turns":3},{"damage":7,"enemies":"Gremlin Nob","floor":6,"turns":3},{"damage":3,"enemies":"Jaw Worm","floor":8,"turns":2},{"damage":32,"enemies":"3 Sentries","floor":10,"turns":6},{"damage":2,"enemies":"Looter","floor":11,"turns":2},{"damage":16,"enemies":"Lagavulin","floor":13,"turns":6},{"damage":12,"enemies":"The Mushroom Lair","floor":14,"turns":4},{"damage":17,"enemies":"Slime Boss","floor":16,"turns":7},{"damage":30,"enemies":"3 Byrds","floor":18,"turns":4},{"damage":6,"enemies":"Chosen","floor":20,"turns":3},{"damage":23,"enemies":"Snake Plant","floor":21,"turns":3},{"damage":12,"enemies":"Cultist and Chosen","floor":22,"turns":4},{"damage":8,"enemies":"Gremlin Leader","floor":24,"turns":6},{"damage":21,"enemies":"Snecko","floor":28,"turns":6},{"damage":65,"enemies":"Slavers","floor":29,"turns":6},{"damage":19,"enemies":"Masked Bandits","floor":30,"turns":3},{"damage":30,"enemies":"Champ","floor":33,"turns":7},{"damage":85,"enemies":"3 Shapes","floor":35,"turns":7},{"damage":1,"enemies":"Orb Walker","floor":38,"turns":4},{"damage":0,"enemies":"Writhing Mass","floor":46,"turns":7},{"damage":9,"enemies":"Jaw Worm Horde","floor":48,"turns":5},{"damage":59,"enemies":"Time Eater","floor":50,"turns":11},{"damage":48,"enemies":"Shield and Spear","floor":54,"turns":6},{"damage":42,"enemies":"The Heart","floor":55,"turns":5}],"seed_played":"-6966829310230167282","potions_obtained":[{"floor":4,"key":"Energy Potion"},{"floor":6,"key":"CultistPotion"},{"floor":16,"key":"FairyPotion"},{"floor":22,"key":"AttackPotion"},{"floor":24,"key":"LiquidBronze"},{"floor":29,"key":"SneckoOil"},{"floor":30,"key":"CultistPotion"},{"floor":33,"key":"ColorlessPotion"},{"floor":35,"key":"DistilledChaos"},{"floor":46,"key":"SneckoOil"},{"floor":48,"key":"ColorlessPotion"},{"floor":54,"key":"Fire Potion"}],"is_trial":false,"path_per_floor":["M","?","$","M","?","E","R","M","T","E","M","$","E","?","R","B",null,"M","$","M","M","M","R","E","R","T","?","M","E","?","?","R","B",null,"M","?","?","M","?","R","?","$","T","$","$","M","R","M","R","B",null,"R","$","E","B"],"character_chosen":"DEFECT","items_purchased":["Capacitor","Streamline","Self Repair","Conserve Battery","Ball Lightning","Conserve Battery","Impatience","Fruit Juice","Swift Strike","Happy Flower","CaptainsWheel","Orrery","Anchor","Loop","Eternal Feather","Undo","Membership Card","Oddly Smooth Stone","Hyperbeam"],"campfire_rested":5,"item_purchase_floors":[3,3,12,12,12,19,19,42,42,42,42,42,44,44,44,44,45,45,53],"current_hp_per_floor":[77,65,65,65,57,50,74,71,71,46,44,44,35,30,56,46,89,66,66,60,44,39,65,64,64,64,89,75,17,26,26,52,22,89,11,11,11,24,24,50,50,50,50,50,50,55,82,80,90,38,90,90,90,42,0,0],"gold":47,"neow_bonus":"TEN_PERCENT_HP_BONUS","is_daily":false,"chose_seed":false,"campfire_upgraded":3,"win_rate":0.0,"timestamp":1613594763,"path_taken":["M","?","$","M","?","E","R","M","T","E","?","$","E","?","R","BOSS","M","$","M","M","M","R","E","R","T","?","M","E","?","?","R","BOSS","M","?","?","M","?","R","?","$","T","?","$","M","R","M","R","BOSS","R","$","E","BOSS"],"items_purchased_type":["Card","Card","Card","Card","Card","Card","Card","Potion","Card","Relic","Relic","Relic","Relic","Card","Relic","Card","Relic","Relic","Card"],"build_version":"2020-12-22","purchased_purges":0,"victory":false,"max_hp_per_floor":[82,82,82,82,82,82,82,82,82,89,89,89,89,89,89,89,89,89,89,89,89,89,89,89,89,89,89,89,89,89,89,89,89,89,89,89,89,89,89,89,85,85,85,85,85,90,90,90,90,90,90,90,90,90,90,90],"card_choices":[{"not_picked":["Ball Lightning","Double Energy"],"picked":"Beam Cell","floor":1},{"not_picked":["Tempest","Stack"],"picked":"Go for the Eyes","floor":4},{"not_picked":["Turbo","Hello World"],"picked":"Beam Cell","floor":6},{"not_picked":["Ball Lightning","Hello World"],"picked":"Go for the Eyes","floor":8},{"not_picked":["Beam Cell","Rainbow"],"picked":"Static Discharge","floor":10},{"not_picked":["Leap","Reinforced Body"],"picked":"Melter","floor":11},{"not_picked":["Barrage","Gash"],"picked":"Hologram","floor":13},{"not_picked":["Ball Lightning","Cold Snap"],"picked":"Heatsinks","floor":14},{"not_picked":["Meteor Strike","Seek"],"picked":"Electrodynamics","floor":16},{"not_picked":["Beam Cell","Ball Lightning"],"picked":"Rebound+1","floor":18},{"not_picked":["Glacier","Recycle"],"picked":"Stack","floor":20},{"not_picked":["Redo+1","Compile Driver+1"],"picked":"Gash","floor":21},{"not_picked":["Hologram","Scrape"],"picked":"Thunder Strike","floor":22},{"not_picked":["Leap","Gash"],"picked":"Steam","floor":24},{"not_picked":["Doom and Gloom","Compile Driver"],"picked":"Barrage","floor":28},{"not_picked":["Rebound","Go for the Eyes"],"picked":"Aggregate","floor":29},{"not_picked":["Streamline+1","Compile Driver"],"picked":"Conserve Battery","floor":30},{"not_picked":["Hyperbeam","Machine Learning"],"picked":"Amplify","floor":33},{"not_picked":["Cold Snap+1","Steam Power"],"picked":"Ball Lightning","floor":35},{"not_picked":["Steam","Turbo"],"picked":"Sweeping Beam+1","floor":38},{"not_picked":["Ball Lightning+1","Double Energy"],"picked":"Leap+1","floor":42},{"not_picked":["Skim","Go for the Eyes"],"picked":"Gash","floor":42},{"not_picked":["Coolheaded+1","Ball Lightning"],"picked":"Double Energy+1","floor":42},{"not_picked":["Sweeping Beam+1","Tempest"],"picked":"Static Discharge","floor":42},{"not_picked":["Blizzard","Redo"],"picked":"Consume+1","floor":42},{"not_picked":["Steam+1","Conserve Battery"],"picked":"Machine Learning","floor":46},{"not_picked":["Capacitor","Rebound+1"],"picked":"Loop","floor":48},{"not_picked":["Coolheaded","Self Repair"],"picked":"Hyperbeam","floor":54}],"player_experience":145789,"relics_obtained":[{"floor":6,"key":"StoneCalendar"},{"floor":10,"key":"Strawberry"},{"floor":13,"key":"Bag of Marbles"},{"floor":14,"key":"Odd Mushroom"},{"floor":24,"key":"MawBank"},{"floor":26,"key":"White Beast Statue"},{"floor":29,"key":"Omamori"},{"floor":30,"key":"Red Mask"},{"floor":43,"key":"Orichalcum"},{"floor":54,"key":"Art of War"}],"event_choices":[{"damage_healed":0,"gold_gain":75,"player_choice":"Touch","damage_taken":8,"max_hp_gain":0,"max_hp_loss":0,"event_name":"FaceTrader","floor":5,"gold_loss":0},{"damage_healed":0,"gold_gain":0,"player_choice":"Fought Mushrooms","damage_taken":0,"max_hp_gain":0,"max_hp_loss":0,"event_name":"Mushrooms","floor":14,"gold_loss":0},{"damage_healed":29,"gold_gain":0,"player_choice":"Heal","damage_taken":0,"max_hp_gain":0,"max_hp_loss":0,"event_name":"The Library","floor":27,"gold_loss":0},{"damage_healed":0,"gold_gain":0,"player_choice":"Fought Bandits","damage_taken":0,"max_hp_gain":0,"max_hp_loss":0,"event_name":"Masked Bandits","floor":30,"gold_loss":0},{"damage_healed":0,"gold_gain":0,"player_choice":"Adaptability","damage_taken":0,"max_hp_gain":0,"max_hp_loss":0,"event_name":"betterThird:BetterWriting","floor":31,"gold_loss":0},{"damage_healed":0,"gold_gain":0,"player_choice":"Ignored","damage_taken":0,"max_hp_gain":0,"max_hp_loss":0,"event_name":"Mysterious Sphere","floor":36,"gold_loss":0},{"cards_removed":["Heatsinks"],"damage_healed":0,"gold_gain":0,"player_choice":"Removed Power","damage_taken":0,"max_hp_gain":0,"max_hp_loss":0,"event_name":"Falling","floor":37,"gold_loss":0},{"damage_healed":0,"gold_gain":999,"player_choice":"Gold","damage_taken":0,"max_hp_gain":0,"max_hp_loss":0,"event_name":"MindBloom","floor":39,"gold_loss":0,"cards_obtained":["Normality","Normality"]},{"damage_healed":0,"gold_gain":0,"player_choice":"Max HP","damage_taken":0,"max_hp_gain":0,"max_hp_loss":4,"event_name":"Winding Halls","floor":41,"gold_loss":0}],"is_beta":false,"boss_relics":[{"not_picked":["Sozu","Pandora\u0027s Box"],"picked":"Runic Pyramid"},{"not_picked":["Snecko Eye","Inserter"],"picked":"FrozenCore"}],"items_purged_floors":[],"is_endless":false,"potions_floor_spawned":[4,6,16,22,24,28,29,30,33,35,38,46,48,54],"killed_by":"The Heart","ascension_level":0}}