{"host":"v6bx4j78sqvho3ll","time":1613596402,"event":{"mods":["AchievementEnabler","BaseMod","Colored Map","Colored Powertips","Minty Spire (QoL Compilation)","Relic Stats","StSLib"],"gold_per_floor":[117,46,46,64,138,171,171,187,187,201,235,257,257,257,257,360,410,427,440,467,467,467,467,485,485,485,504,523,295,69,88,88,193,193,207,218,218,218,244,244,259,290,290,63,63,94,104,154,154,154],"floor_reached":51,"language":"ENG","playtime":3824,"items_purged":["Strike_P","Defend_P"],"score":840,"play_id":"cfa3e2bc-8460-43ab-80ed-a5e0aac4058d","local_time":"20210217221321","is_ascension_mode":false,"campfire_choices":[{"data":"LessonLearned","floor":7.0,"key":"SMITH"},{"floor":15.0,"key":"REST"},{"floor":23.0,"key":"REST"},{"floor":32.0,"key":"REST"},{"data":"ClearTheMind","floor":40.0,"key":"SMITH"},{"data":"Fasting2","floor":45.0,"key":"SMITH"},{"data":"MasterReality","floor":49,"key":"SMITH"}],"circlet_count":0,"master_deck":["Strike_P+1","Strike_P+1","Strike_P+1","Defend_P+1","Defend_P+1","Defend_P+1","Eruption+1","Vigilance","FlurryOfBlows+1","FearNoEvil+1","Fasting2+1","LessonLearned+1","ClearTheMind+1","EmptyBody+1","DevaForm+1","FlurryOfBlows+1","Omniscience+1","EmptyBody+1","PathToVictory+1","EmptyFist+1","PathToVictory+1","CutThroughFate+1","Halt+1","FlurryOfBlows+1","Ragnarok+1","Omniscience+1","BattleHymn","Omniscience+1","Worship+1","PathToVictory+1","Fasting2+1","CutThroughFate+1","MasterReality+1","PathToVictory+1"],"relics":["HolyWater","NeowsBlessing","Sundial","Tiny Chest","Toxic Egg 2","Bag of Marbles","Odd Mushroom","Molten Egg 2","Tiny House","Red Mask","Ornamental Fan","White Beast Statue","Meat on the Bone","Melange","DollysMirror","Centennial Puzzle","Damaru","Mango","Du-Vu Doll","Calipers"],"acts_visited":["Exordium","TheCity","TheBeyond"],"potions_floor_usage":[50,50,50],"damage_taken":[{"damage":0.0,"enemies":"2 Louse","floor":1.0,"turns":1.0},{"damage":0.0,"enemies":"Jaw Worm","floor":4.0,"turns":1.0},{"damage":0.0,"enemies":"Lagavulin","floor":6.0,"turns":1.0},{"damage":0.0,"enemies":"Cultist","floor":8.0,"turns":2.0},{"damage":23.0,"enemies":"Large Slime","floor":10.0,"turns":7.0},{"damage":18.0,"enemies":"3 Sentries","floor":11.0,"turns":8.0},{"damage":34.0,"enemies":"The Mushroom Lair","floor":12.0,"turns":6.0},{"damage":20.0,"enemies":"Slime Boss","floor":16.0,"turns":9.0},{"damage":15.0,"enemies":"Chosen","floor":18.0,"turns":6.0},{"damage":24.0,"enemies":"3 Byrds","floor":19.0,"turns":5.0},{"damage":33.0,"enemies":"Masked Bandits","floor":20.0,"turns":5.0},{"damage":0.0,"enemies":"Snake Plant","floor":21.0,"turns":2.0},{"damage":0.0,"enemies":"Snecko","floor":24.0,"turns":2.0},{"damage":12.0,"enemies":"Centurion and Healer","floor":27.0,"turns":6.0},{"damage":0.0,"enemies":"Cultist and Chosen","floor":28.0,"turns":4.0},{"damage":0.0,"enemies":"Snecko","floor":31.0,"turns":2.0},{"damage":24.0,"enemies":"Champ","floor":33.0,"turns":4.0},{"damage":0.0,"enemies":"Orb Walker","floor":35.0,"turns":1.0},{"damage":8.0,"enemies":"3 Darklings","floor":36.0,"turns":3.0},{"damage":6.0,"enemies":"4 Shapes","floor":41.0,"turns":1.0},{"damage":9.0,"enemies":"Giant Head","floor":42.0,"turns":6.0},{"damage":8.0,"enemies":"Reptomancer","floor":46.0,"turns":3.0},{"damage":0.0,"enemies":"Jaw Worm Horde","floor":47.0,"turns":2.0},{"damage":0.0,"enemies":"Mind Bloom Boss Battle","floor":48.0,"turns":1.0},{"damage":0,"enemies":"Donu and Deca","floor":50,"turns":3}],"seed_played":"1515421010155078586","potions_obtained":[{"floor":8.0,"key":"SmokeBomb"},{"floor":11.0,"key":"SteroidPotion"},{"floor":17.0,"key":"BlessingOfTheForge"},{"floor":18.0,"key":"GamblersBrew"},{"floor":19.0,"key":"Dexterity Potion"},{"floor":24.0,"key":"Explosive Potion"},{"floor":27.0,"key":"ColorlessPotion"},{"floor":33.0,"key":"Dexterity Potion"},{"floor":35.0,"key":"PowerPotion"},{"floor":36.0,"key":"Dexterity Potion"},{"floor":46.0,"key":"SpeedPotion"},{"floor":47.0,"key":"EssenceOfSteel"}],"is_trial":false,"path_per_floor":["M","$","?","M","T","E","R","M","T","M","E","?","?","T","R","B",null,"M","M","?","M","?","R","M","T","T","M","M","$","$","M","R","B",null,"M","M","?","?","T","R","M","E","T","$","R","E","M","?","R","B",null],"character_chosen":"WATCHER","items_purchased":["FearNoEvil","Melange","Ragnarok+1","DollysMirror","Fasting2","CutThroughFate+1"],"campfire_rested":3,"item_purchase_floors":[2,29,30,30,44,44],"current_hp_per_floor":[72,72,77,77,77,77,77,77,77,54,36,2,2,2,25,5,82,67,43,10,10,10,34,34,34,34,34,46,46,46,46,70,46,82,82,74,74,74,74,74,68,59,73,73,73,65,65,65,65,65],"gold":154,"neow_bonus":"THREE_ENEMY_KILL","is_daily":false,"chose_seed":false,"campfire_upgraded":4,"win_rate":0.0,"timestamp":1613596401,"path_taken":["M","$","?","M","?","E","R","M","T","?","E","?","?","?","R","BOSS","M","?","?","M","?","R","M","?","T","M","M","?","$","M","R","BOSS","M","M","?","?","?","R","?","E","T","$","R","E","M","?","R","BOSS"],"items_purchased_type":["Card","Relic","Card","Relic","Card","Card"],"build_version":"2020-12-13","purchased_purges":2,"victory":true,"max_hp_per_floor":[72,72,77,77,77,77,77,77,77,77,77,77,77,77,77,77,82,82,82,82,82,82,82,82,82,82,82,82,82,82,82,82,82,82,82,82,78,78,78,78,78,78,92,92,92,92,92,92,92,92],"relic_stats":{"Centennial Puzzle":[9],"counters":[25,91],"Sundial":[8],"Ornamental Fan":[76],"Melange":[3],"Tiny Chest":3,"obtain_stats":[{"Tiny House":17,"Calipers":48,"NeowsBlessing":0,"Melange":29,"Damaru":42,"Mango":43,"Odd Mushroom":12,"White Beast Statue":25,"Du-Vu Doll":46,"Centennial Puzzle":39,"Sundial":5,"Ornamental Fan":22,"DollysMirror":30,"HolyWater":34,"Tiny Chest":6,"Molten Egg 2":14,"Bag of Marbles":11,"Red Mask":20,"PureWater":0,"Toxic Egg 2":9,"Meat on the Bone":26},{"Tiny House":8,"Calipers":24,"NeowsBlessing":0,"Melange":15,"Damaru":21,"Mango":21,"Odd Mushroom":7,"White Beast Statue":13,"Du-Vu Doll":22,"Centennial Puzzle":19,"Sundial":2,"Ornamental Fan":12,"DollysMirror":15,"HolyWater":17,"Tiny Chest":3,"Molten Egg 2":7,"Bag of Marbles":6,"Red Mask":11,"PureWater":0,"Toxic Egg 2":4,"Meat on the Bone":13},{"Tiny House":35,"Calipers":88,"NeowsBlessing":0,"Melange":65,"Damaru":82,"Mango":82,"Odd Mushroom":26,"White Beast Statue":55,"Du-Vu Doll":85,"Centennial Puzzle":75,"Sundial":2,"Ornamental Fan":53,"DollysMirror":65,"HolyWater":71,"Tiny Chest":3,"Molten Egg 2":26,"Bag of Marbles":20,"Red Mask":51,"PureWater":0,"Toxic Egg 2":5,"Meat on the Bone":55}],"Meat on the Bone":24},"card_choices":[{"not_picked":["Consecrate","FlyingSleeves"],"picked":"FlurryOfBlows","floor":1.0},{"not_picked":["FollowUp","EmptyBody"],"picked":"Fasting2","floor":4.0},{"not_picked":["Meditate","CrushJoints"],"picked":"LessonLearned","floor":6.0},{"not_picked":["Worship","Sanctity"],"picked":"ClearTheMind","floor":8.0},{"not_picked":["InnerPeace+1","Crescendo+1"],"picked":"EmptyBody+1","floor":10.0},{"not_picked":["Establishment","Fasting2"],"picked":"DevaForm","floor":11.0},{"not_picked":["Sanctity+1","ClearTheMind+1"],"picked":"FlurryOfBlows","floor":12.0},{"not_picked":["DeusExMachina+1","DevaForm"],"picked":"Omniscience+1","floor":16.0},{"not_picked":["WreathOfFlame+1","BowlingBash+1"],"picked":"EmptyBody+1","floor":17.0},{"not_picked":["JustLucky+1","CrushJoints+1"],"picked":"PathToVictory+1","floor":18.0},{"not_picked":["Sanctity+1","Establishment"],"picked":"EmptyFist+1","floor":19.0},{"not_picked":["SashWhip+1","ClearTheMind+1"],"picked":"PathToVictory+1","floor":20.0},{"not_picked":["EmptyFist+1","ClearTheMind+1"],"picked":"CutThroughFate+1","floor":24.0},{"not_picked":["SashWhip+1","Fasting2"],"picked":"Halt+1","floor":27.0},{"not_picked":["Consecrate+1","ClearTheMind+1"],"picked":"FlurryOfBlows+1","floor":28.0},{"not_picked":["CrushJoints+1","WreathOfFlame+1"],"picked":"BattleHymn","floor":31.0},{"not_picked":["LessonLearned+1","Judgement+1"],"picked":"Omniscience+1","floor":33.0},{"not_picked":["EmptyBody+1","Meditate+1","ClearTheMind+1"],"picked":"SKIP","floor":35.0},{"not_picked":["Indignation+1","Halt+1"],"picked":"Worship+1","floor":36.0},{"not_picked":["BowlingBash+1","FlurryOfBlows+1"],"picked":"PathToVictory+1","floor":41.0},{"not_picked":["EmptyFist+1","ClearTheMind+1","SashWhip+1"],"picked":"SKIP","floor":42.0},{"not_picked":["Halt+1","JustLucky+1"],"picked":"MasterReality","floor":46.0},{"not_picked":["FollowUp+1","Wallop+1"],"picked":"PathToVictory+1","floor":47.0}],"player_experience":42628,"relics_obtained":[{"floor":5.0,"key":"Sundial"},{"floor":6.0,"key":"Tiny Chest"},{"floor":9.0,"key":"Toxic Egg 2"},{"floor":11.0,"key":"Bag of Marbles"},{"floor":12.0,"key":"Odd Mushroom"},{"floor":14.0,"key":"Molten Egg 2"},{"floor":20.0,"key":"Red Mask"},{"floor":25.0,"key":"White Beast Statue"},{"floor":26.0,"key":"Meat on the Bone"},{"floor":39.0,"key":"Centennial Puzzle"},{"floor":42.0,"key":"Damaru"},{"floor":43.0,"key":"Mango"},{"floor":46.0,"key":"Du-Vu Doll"},{"floor":48.0,"key":"Calipers"}],"event_choices":[{"damage_healed":0.0,"max_hp_gain":5.0,"max_hp_loss":0.0,"gold_gain":0.0,"event_name":"Big Fish","player_choice":"Donut","floor":3.0,"gold_loss":0.0,"damage_taken":0.0},{"damage_healed":0.0,"max_hp_gain":0.0,"max_hp_loss":0.0,"gold_gain":0.0,"event_name":"Mushrooms","player_choice":"Fought Mushrooms","floor":12.0,"gold_loss":0.0,"damage_taken":0.0},{"damage_healed":0.0,"max_hp_gain":0.0,"max_hp_loss":0.0,"gold_gain":0.0,"event_name":"Upgrade Shrine","player_choice":"Upgraded","floor":13.0,"gold_loss":0.0,"damage_taken":0.0,"cards_upgraded":["DevaForm"]},{"damage_healed":0.0,"max_hp_gain":0.0,"max_hp_loss":0.0,"gold_gain":0.0,"event_name":"Masked Bandits","player_choice":"Fought Bandits","floor":20.0,"gold_loss":0.0,"damage_taken":0.0},{"damage_healed":0.0,"max_hp_gain":0.0,"max_hp_loss":0.0,"gold_gain":0.0,"event_name":"The Mausoleum","player_choice":"Opened","floor":22.0,"gold_loss":0.0,"damage_taken":0.0,"relics_obtained":["Ornamental Fan"]},{"damage_healed":0.0,"max_hp_gain":0.0,"max_hp_loss":4.0,"gold_gain":0.0,"event_name":"Winding Halls","player_choice":"Max HP","floor":37.0,"gold_loss":0.0,"damage_taken":0.0},{"damage_healed":0.0,"max_hp_gain":0.0,"max_hp_loss":0.0,"gold_gain":0.0,"event_name":"NoteForYourself","player_choice":"Ignored","floor":38.0,"gold_loss":0.0,"damage_taken":0.0},{"damage_healed":0.0,"max_hp_gain":0.0,"max_hp_loss":0.0,"gold_gain":0.0,"event_name":"MindBloom","player_choice":"Fight","floor":48.0,"gold_loss":0.0,"damage_taken":0.0}],"is_beta":false,"boss_relics":[{"not_picked":["SacredBark","Runic Dome"],"picked":"Tiny House"},{"not_picked":["Busted Crown","SlaversCollar"],"picked":"HolyWater"}],"items_purged_floors":[29,44],"is_endless":false,"potions_floor_spawned":[8,11,18,19,21,24,27,28,31,33,35,36,41,42,46,47,48],"ascension_level":0}}