{"host":"lxu17chzujqn8whl","time":1613532061,"event":{"mods":["BaseMod","Minty Spire (QoL Compilation)","Relic Stats","StSLib"],"gold_per_floor":[119,119,194,215,238,238,259,290,290,290,311,325,359,375,375,504,504,495,495,495,509,51,51,74,113,161,184,202,227,250,293,293,293,293],"floor_reached":33,"language":"ENG","playtime":1039,"items_purged":[],"score":330,"play_id":"34adb405-eda5-49e3-9b28-f16c427b48b7","local_time":"20210216192101","is_ascension_mode":false,"campfire_choices":[{"data":"Clothesline","floor":6.0,"key":"SMITH"},{"floor":10.0,"key":"REST"},{"floor":15.0,"key":"REST"},{"data":"Hemokinesis","floor":23,"key":"SMITH"},{"data":"Uppercut","floor":32,"key":"SMITH"}],"circlet_count":0,"master_deck":["Defend_R","Defend_R","Defend_R","Defend_R","Bash","Clothesline+1","Injury","Pommel Strike","Hemokinesis+1","Disarm","Uppercut+1","Bite","Bite","Bite","Bite","Bite"],"relics":["Burning Blood","Golden Idol","Bottled Flame","White Beast Statue","Ornamental Fan","Busted Crown","TungstenRod","Anchor","Pear","MealTicket","Toy Ornithopter"],"acts_visited":["Exordium","TheCity"],"potions_floor_usage":[16,16,18,19,27,28,28,29,31,31,33],"damage_taken":[{"damage":0.0,"enemies":"Small Slimes","floor":1.0,"turns":3.0},{"damage":1.0,"enemies":"2 Louse","floor":4.0,"turns":4.0},{"damage":1.0,"enemies":"Jaw Worm","floor":5.0,"turns":4.0},{"damage":47.0,"enemies":"Gremlin Gang","floor":7.0,"turns":8.0},{"damage":22.0,"enemies":"Gremlin Nob","floor":8.0,"turns":4.0},{"damage":7.0,"enemies":"Red Slaver","floor":11.0,"turns":4.0},{"damage":13.0,"enemies":"Exordium Wildlife","floor":12.0,"turns":5.0},{"damage":39.0,"enemies":"3 Sentries","floor":13.0,"turns":8.0},{"damage":2.0,"enemies":"Looter","floor":14.0,"turns":1.0},{"damage":44,"enemies":"Hexaghost","floor":16,"turns":12},{"damage":12,"enemies":"2 Thieves","floor":18,"turns":4},{"damage":0,"enemies":"3 Byrds","floor":19,"turns":1},{"damage":16,"enemies":"Snake Plant","floor":21,"turns":4},{"damage":1,"enemies":"Snecko","floor":24,"turns":4},{"damage":27,"enemies":"Book of Stabbing","floor":25,"turns":6},{"damage":23,"enemies":"3 Cultists","floor":27,"turns":6},{"damage":29,"enemies":"Shelled Parasite and Fungi","floor":28,"turns":4},{"damage":10,"enemies":"Centurion and Healer","floor":29,"turns":5},{"damage":14,"enemies":"Snake Plant","floor":30,"turns":5},{"damage":5,"enemies":"Gremlin Leader","floor":31,"turns":4},{"damage":97,"enemies":"Automaton","floor":33,"turns":12}],"seed_played":"2338372913587275867","potions_obtained":[{"floor":5.0,"key":"FearPotion"},{"floor":8.0,"key":"ElixirPotion"},{"floor":11.0,"key":"Fruit Juice"},{"floor":12.0,"key":"Swift Potion"},{"floor":13.0,"key":"EntropicBrew"},{"floor":14.0,"key":"ElixirPotion"},{"floor":16,"key":"SkillPotion"},{"floor":18,"key":"SmokeBomb"},{"floor":21,"key":"Regen Potion"},{"floor":24,"key":"SkillPotion"},{"floor":25,"key":"BlessingOfTheForge"},{"floor":27,"key":"FearPotion"},{"floor":28,"key":"Ancient Potion"},{"floor":29,"key":"Explosive Potion"},{"floor":30,"key":"DistilledChaos"},{"floor":31,"key":"GamblersBrew"}],"is_trial":false,"path_per_floor":["M","?","?","M","M","R","M","E","T","R","M","M","E","M","R","B",null,"M","M","?","M","$","R","M","E","T","M","M","M","M","E","R","B"],"character_chosen":"IRONCLAD","items_purchased":["TungstenRod","Anchor"],"campfire_rested":2,"item_purchase_floors":[22,22],"current_hp_per_floor":[88,88,77,82,87,87,46,30,30,56,60,53,20,24,51,13,93,87,93,65,63,63,63,65,61,61,71,53,57,57,72,72,12,12],"gold":293,"neow_bonus":"TEN_PERCENT_HP_BONUS","is_daily":false,"chose_seed":false,"campfire_upgraded":3,"win_rate":0.0,"timestamp":1613532061,"path_taken":["M","?","?","M","M","R","M","E","T","R","M","M","E","M","R","BOSS","M","M","?","M","$","R","M","E","T","M","M","M","M","E","R","BOSS"],"items_purchased_type":["Relic","Relic"],"build_version":"2020-12-22","purchased_purges":0,"victory":false,"max_hp_per_floor":[88,88,88,88,88,88,88,88,88,88,93,93,93,93,93,93,93,93,93,65,65,65,65,65,75,75,75,75,75,75,75,75,75,75],"relic_stats":{"Busted Crown":18,"counters":[21,108],"Golden Idol":115,"Ornamental Fan":[84],"MealTicket":0,"obtain_stats":[{"Bottled Flame":8,"Anchor":22,"Busted Crown":17,"Pear":25,"Golden Idol":2,"Ornamental Fan":13,"MealTicket":26,"Burning Blood":0,"White Beast Statue":9,"TungstenRod":22,"Toy Ornithopter":31},{"Bottled Flame":5,"Anchor":13,"Busted Crown":10,"Pear":15,"Golden Idol":1,"Ornamental Fan":8,"MealTicket":15,"Burning Blood":0,"White Beast Statue":5,"TungstenRod":13,"Toy Ornithopter":20},{"Bottled Flame":23,"Anchor":62,"Busted Crown":53,"Pear":72,"Golden Idol":3,"Ornamental Fan":40,"MealTicket":72,"Burning Blood":0,"White Beast Statue":23,"TungstenRod":62,"Toy Ornithopter":96}],"Burning Blood":108,"TungstenRod":48,"Toy Ornithopter":3},"card_choices":[{"not_picked":["Sword Boomerang","Flex"],"picked":"Clothesline","floor":1.0},{"not_picked":["Clothesline","Clash"],"picked":"Pommel Strike","floor":4.0},{"not_picked":["Armaments","Wild Strike","Evolve"],"picked":"SKIP","floor":5.0},{"not_picked":["Rage","Havoc"],"picked":"Hemokinesis","floor":7.0},{"not_picked":["Anger","Warcry"],"picked":"Disarm","floor":8.0},{"not_picked":["Battle Trance","Twin Strike","Havoc"],"picked":"SKIP","floor":11.0},{"not_picked":["Bludgeon","Sword Boomerang","Wild Strike"],"picked":"SKIP","floor":12.0},{"not_picked":["Thunderclap","Twin Strike"],"picked":"Uppercut","floor":13.0},{"not_picked":["Twin Strike","Havoc","Headbutt"],"picked":"SKIP","floor":14.0},{"not_picked":["Thunderclap"],"picked":"SKIP","floor":18},{"not_picked":["Perfected Strike"],"picked":"SKIP","floor":21},{"not_picked":["Clash+1"],"picked":"SKIP","floor":24},{"not_picked":["Warcry"],"picked":"SKIP","floor":25},{"not_picked":["Dark Embrace"],"picked":"SKIP","floor":27},{"not_picked":["Spot Weakness"],"picked":"SKIP","floor":28},{"not_picked":["Reckless Charge"],"picked":"SKIP","floor":29},{"not_picked":["Combust"],"picked":"SKIP","floor":30},{"not_picked":["Wild Strike"],"picked":"SKIP","floor":31}],"player_experience":695537,"relics_obtained":[{"floor":8.0,"key":"Bottled Flame"},{"floor":9.0,"key":"White Beast Statue"},{"floor":13.0,"key":"Ornamental Fan"},{"floor":25,"key":"Pear"},{"floor":26,"key":"MealTicket"},{"floor":31,"key":"Toy Ornithopter"}],"event_choices":[{"damage_healed":0.0,"max_hp_gain":0.0,"max_hp_loss":0.0,"gold_gain":0.0,"event_name":"Golden Idol","player_choice":"Take Wound","floor":2.0,"gold_loss":0.0,"damage_taken":0.0,"relics_obtained":["Golden Idol"],"cards_obtained":["Injury"]},{"damage_healed":0.0,"max_hp_gain":0.0,"max_hp_loss":0.0,"gold_gain":75.0,"event_name":"World of Goop","player_choice":"Gather Gold","floor":3.0,"gold_loss":0.0,"damage_taken":11.0},{"damage_healed":0,"gold_gain":0,"player_choice":"Became a vampire","damage_taken":0,"max_hp_gain":0,"max_hp_loss":28,"event_name":"Vampires","floor":20,"gold_loss":0,"cards_obtained":["Bite","Bite","Bite","Bite","Bite"]}],"is_beta":false,"boss_relics":[{"not_picked":["Black Blood","Empty Cage"],"picked":"Busted Crown"}],"items_purged_floors":[],"is_endless":false,"potions_floor_spawned":[5,8,11,12,13,14,16,18,19,21,24,25,27,28,29,30,31],"killed_by":"Automaton","ascension_level":0}}