{"host":"h7dgy2mp13cbhzus","time":1613601973,"event":{"mods":["Act Like it!","BaseMod","Downfall","GifTheSpireLib","Minty Spire (QoL Compilation)","Relic Stats","StSLib"],"gold_per_floor":[99,109,559,559,157,168,238,238,238,257,257,282,282,317,337,337,337,337],"floor_reached":16,"language":"ENG","playtime":735,"items_purged":["Pain"],"score":119,"play_id":"e2c4ba66-9013-4bac-9117-de204fbbe2a8","local_time":"20210217164613","is_ascension_mode":true,"campfire_choices":[{"data":"sneckomod:UnknownBoss","floor":9,"key":"SMITH"},{"floor":11,"key":"REST"}],"circlet_count":0,"master_deck":["sneckomod:Defend","sneckomod:Defend","sneckomod:Defend","sneckomod:TailWhip","sneckomod:SnekBite","sneckomod:Unknown","sneckomod:Unknown","expansioncontent:Chronoboost","sneckomod:UnknownStrength","downfall:Icky","downfall:Icky","downfall:Icky","sneckomod:Rotation","sneckomod:Nope","sneckomod:UnknownBoss+1","sneckomod:UnknownStrength","sneckomod:SoulRoll","Reaper","sneckomod:UnlimitedRolls","sneckomod:Memorize+1"],"relics":["sneckomod:SneckoSoul","WarpedTongs","Incense Burner","Blue Candle","Meat on the Bone","Toxic Egg 2"],"acts_visited":["Exordium"],"potions_floor_usage":[12,16],"damage_taken":[{"damage":6,"enemies":"2 Louse","floor":2,"turns":3},{"damage":10,"enemies":"downfall:FleeingMerchant","floor":5,"turns":4},{"damage":2,"enemies":"Jaw Worm","floor":6,"turns":2},{"damage":0,"enemies":"Cultist","floor":10,"turns":2},{"damage":22,"enemies":"Gremlin Nob","floor":12,"turns":5},{"damage":11,"enemies":"Lagavulin","floor":14,"turns":7},{"damage":6,"enemies":"3 Louse","floor":15,"turns":6},{"damage":35,"enemies":"WA_ARCHETYPE_RETAIN","floor":16,"turns":5}],"seed_played":"-8749951983638547021","potions_obtained":[{"floor":2,"key":"BlessingOfTheForge"},{"floor":10,"key":"sneckomod:DiceRollPotion"},{"floor":15,"key":"bronze:BurnAndBuffPotion"}],"is_trial":false,"path_per_floor":["R","M","?","?","$","M","T","?","R","M","R","E","R","E","M","B"],"character_chosen":"THE_SNECKO","items_purchased":["Incense Burner"],"campfire_rested":1,"item_purchase_floors":[5],"current_hp_per_floor":[63,57,57,57,47,45,45,45,45,45,72,50,50,56,56,21,21,21],"gold":337,"neow_bonus":"TRANSFORM_TWO_CARDS","is_daily":false,"chose_seed":false,"campfire_upgraded":1,"win_rate":0.0,"timestamp":1613601973,"path_taken":["R","M","?","?","$","?","T","?","R","?","R","E","R","E","M","BOSS"],"items_purchased_type":["Relic"],"build_version":"2020-12-22","purchased_purges":1,"victory":false,"max_hp_per_floor":[90,90,90,90,90,90,90,90,90,90,90,90,90,90,90,90,90,90],"relic_stats":{"counters":[8,34],"Blue Candle":[2],"obtain_stats":[{"Blue Candle":7,"Incense Burner":5,"Toxic Egg 2":14,"sneckomod:SneckoSoul":0,"WarpedTongs":4,"Meat on the Bone":12},{"Blue Candle":3,"Incense Burner":2,"Toxic Egg 2":6,"sneckomod:SneckoSoul":0,"WarpedTongs":1,"Meat on the Bone":5},{"Blue Candle":9,"Incense Burner":7,"Toxic Egg 2":23,"sneckomod:SneckoSoul":0,"WarpedTongs":3,"Meat on the Bone":16}],"WarpedTongs":[31],"Meat on the Bone":12},"card_choices":[{"not_picked":["sneckomod:UnknownStrike","sneckomod:UnknownVulnerable"],"picked":"sneckomod:UnknownStrength","floor":2},{"not_picked":["sneckomod:WideSting","sneckomod:SnakeSap"],"picked":"sneckomod:Rotation","floor":5},{"not_picked":["sneckomod:Unknown1Cost","sneckomod:UnknownStrike"],"picked":"sneckomod:Nope","floor":6},{"not_picked":["sneckomod:PureSnecko","sneckomod:Unknown2Cost"],"picked":"sneckomod:UnknownStrength","floor":10},{"not_picked":["sneckomod:WideSting","sneckomod:Nope"],"picked":"sneckomod:SoulRoll","floor":12},{"not_picked":["sneckomod:UnknownCommonAttack","sneckomod:UnknownUncommonSkill+1"],"picked":"sneckomod:UnlimitedRolls","floor":14},{"not_picked":["sneckomod:SoulDraw+1","sneckomod:QuickMove+1"],"picked":"sneckomod:Memorize+1","floor":15}],"player_experience":732888,"relics_obtained":[{"floor":7,"key":"Blue Candle"},{"floor":12,"key":"Meat on the Bone"},{"floor":14,"key":"Toxic Egg 2"}],"event_choices":[{"damage_healed":0,"gold_gain":0,"player_choice":"Rummage","damage_taken":0,"relics_obtained":["WarpedTongs"],"max_hp_gain":0,"max_hp_loss":0,"event_name":"Accursed Blacksmith","floor":4,"gold_loss":0,"cards_obtained":["Pain"]}],"is_beta":false,"boss_relics":[],"items_purged_floors":[5],"is_endless":false,"potions_floor_spawned":[2,10,15],"killed_by":"WA_ARCHETYPE_RETAIN","ascension_level":2}}