{"host":"nhhqxetgwwd7qseb","time":1613572765,"event":{"mods":["Act Like it!","BaseMod","Chen","Dota2Spire","Gensokyo","Hallownest","Hermit","Koishi","LagranYue(¿≠∏Ò¿ °§‘¬)","Marisa£®ÏF”Í°°ƒß¿Ì…≥£©","Minty Spire (QoL Compilation)","Quick Restart","Rare Cards Sparkle","Reimu£®≤©¿ˆ¡È√Œ£©","Remilia£®¿Ÿ√◊¿Ú—«£©","Replay The Spire","StSLib","The Alterego","The Bug Knight","The Senshi","The Servant 0.9.4","TheWitcher","UnlockEverythingMod","WarShipGirlsR/’ΩΩ¢…Ÿ≈ÆR mod","Warlord Emblem","Yakumo Yukari mod","Youmu£®ªÍ∆«—˝√Œ£©","°æπ¶ƒ‹Mod°øªÏ„Á÷Æª∑–ﬁ∏¥≤π∂°","°æ“≈ŒÔø®≈∆°øREMEMod"],"gold_per_floor":[111,131,149,168,183,183,183,183,183,183,201,201,201,224,224,339,339,339,294,294,294,294,294,294,294,294,294,294,294,294,294,294,294,294],"floor_reached":33,"language":"ZHS","playtime":1858,"items_purged":[],"score":286,"play_id":"05494c5a-3479-4e91-a748-8048a9f9782c","local_time":"20210217223925","is_ascension_mode":false,"campfire_choices":[{"data":"alterego_mod:Impale","floor":6.0,"key":"SMITH"},{"floor":8.0,"key":"REST"},{"data":"alterego_mod:BigMeatyClaws","floor":12.0,"key":"SMITH"},{"floor":15.0,"key":"REST"},{"data":"alterego_mod:MaintainEyeContact","floor":23,"key":"SMITH"},{"floor":25,"key":"RECALL"},{"floor":29,"key":"REST"},{"floor":32,"key":"REST"}],"circlet_count":0,"master_deck":["alterego_mod:Strike","alterego_mod:Strike","alterego_mod:Strike","alterego_mod:Strike","alterego_mod:Defend+1","alterego_mod:Defend+1","alterego_mod:Defend","alterego_mod:Defend","alterego_mod:Impale+1","alterego_mod:BigMeatyClaws+1","alterego_mod:Undulate","alterego_mod:BusterCard+1","alterego_mod:Valentines+1","alterego_mod:Strike","alterego_mod:Birthday+1","alterego_mod:MaintainEyeContact+1","alterego_mod:MaintainEyeContact","alterego_mod:SideboobHour"],"relics":["alterego_mod:MasochisticConstitution","REME_ComplimentaryCards","WarlordEmblem:BadgeWrath","WarlordEmblem:GoldMime","Ectoplasm","WarlordEmblem:WuziBook","War Paint"],"acts_visited":["Exordium","TheCity"],"potions_floor_usage":[27,33,33,33],"damage_taken":[{"damage":7.0,"enemies":"2 Louse","floor":1.0,"turns":4.0},{"damage":5.0,"enemies":"Jaw Worm","floor":2.0,"turns":7.0},{"damage":2.0,"enemies":"Cultist","floor":3.0,"turns":5.0},{"damage":26.0,"enemies":"Exordium Thugs","floor":4.0,"turns":6.0},{"damage":25.0,"enemies":"Lots of Slimes","floor":5.0,"turns":7.0},{"damage":0.0,"enemies":"Looter","floor":11.0,"turns":4.0},{"damage":9.0,"enemies":"Large Slime","floor":14.0,"turns":4.0},{"damage":14.0,"enemies":"Slime Boss","floor":16.0,"turns":6.0},{"damage":0.0,"enemies":"3 Byrds","floor":18.0,"turns":4.0},{"damage":11.0,"enemies":"2 Thieves","floor":19.0,"turns":4.0},{"damage":15,"enemies":"Sentry and Sphere","floor":20,"turns":4},{"damage":4,"enemies":"Chosen and Byrds","floor":24,"turns":4},{"damage":51,"enemies":"REME_1_Revenger","floor":27,"turns":6},{"damage":16,"enemies":"Centurion and Healer","floor":30,"turns":7},{"damage":28,"enemies":"Cultist and Chosen","floor":31,"turns":7},{"damage":66,"enemies":"Collector","floor":33,"turns":6}],"seed_played":"7403561281196947659","potions_obtained":[{"floor":1.0,"key":"Elixir"},{"floor":5.0,"key":"PowerPotion"},{"floor":16.0,"key":"Milkshake"},{"floor":20,"key":"EssenceOfSteel"},{"floor":30,"key":"Dota2Spire:Clarity"},{"floor":31,"key":"Ancient Potion"}],"is_trial":false,"path_per_floor":["M","M","M","M","M","R","?","R","T","?","M","R","?","M","R","B",null,"M","M","M","$","?","R","M","R","T","E","T","R","M","M","R","B"],"character_chosen":"The_Alterego","items_purchased":[],"campfire_rested":4,"item_purchase_floors":[],"current_hp_per_floor":[77,73,72,47,23,23,23,47,47,40,40,40,40,39,63,50,84,84,74,63,63,63,63,63,63,63,16,16,42,32,17,44,0,0],"gold":294,"neow_bonus":"TEN_PERCENT_HP_BONUS","is_daily":false,"chose_seed":false,"campfire_upgraded":3,"win_rate":0.0,"timestamp":1613572765,"path_taken":["M","M","M","M","M","R","?","R","T","?","M","R","?","M","R","BOSS","M","M","M","$","?","R","?","R","T","E","?","R","M","M","R","BOSS"],"items_purchased_type":[],"build_version":"2020-12-22","purchased_purges":0,"victory":false,"max_hp_per_floor":[78,79,80,81,82,82,82,82,82,82,82,82,82,83,83,84,84,84,85,86,86,86,86,87,87,87,88,88,88,89,90,90,90,90],"card_choices":[{"not_picked":["alterego_mod:Crossover","alterego_mod:Maid","alterego_mod:1TonWallop"],"picked":"SKIP","floor":1.0},{"not_picked":["alterego_mod:TrashNCrash","alterego_mod:Maid"],"picked":"alterego_mod:Undulate","floor":2.0},{"not_picked":["alterego_mod:Valentines","alterego_mod:PerceptionDisorder"],"picked":"alterego_mod:BusterCard","floor":3.0},{"not_picked":["alterego_mod:Cycle","alterego_mod:Collar","alterego_mod:Valentines"],"picked":"SKIP","floor":4.0},{"not_picked":["alterego_mod:Bounce","alterego_mod:DeftHands","alterego_mod:Pet"],"picked":"SKIP","floor":5.0},{"not_picked":["alterego_mod:BreastValley","alterego_mod:MagicResistance","alterego_mod:BiFurious"],"picked":"SKIP","floor":11.0},{"not_picked":["alterego_mod:Maid","alterego_mod:Pet","alterego_mod:BiFurious"],"picked":"SKIP","floor":14.0},{"not_picked":["alterego_mod:Venus","alterego_mod:Vow"],"picked":"alterego_mod:STier","floor":16.0},{"not_picked":["alterego_mod:BustOut","alterego_mod:Skirt","alterego_mod:Jiggle"],"picked":"SKIP","floor":18.0},{"not_picked":["alterego_mod:MagicResistance","alterego_mod:PerceptionDisorder"],"picked":"alterego_mod:Birthday+1","floor":19.0},{"not_picked":["alterego_mod:BiFurious","alterego_mod:DeftHands"],"picked":"alterego_mod:MaintainEyeContact","floor":20},{"not_picked":["alterego_mod:Pet","alterego_mod:PurpleHair","alterego_mod:Punishment"],"picked":"SKIP","floor":24},{"not_picked":["alterego_mod:STier","alterego_mod:Cushion+1"],"picked":"alterego_mod:MaintainEyeContact","floor":27},{"not_picked":["alterego_mod:Mirror","alterego_mod:DeftHands","alterego_mod:SakuraLabyrinth"],"picked":"SKIP","floor":30},{"not_picked":["alterego_mod:Jiggle","alterego_mod:Mirror+1"],"picked":"alterego_mod:SideboobHour","floor":31}],"player_experience":74894,"relics_obtained":[{"floor":9.0,"key":"WarlordEmblem:BadgeWrath"},{"floor":27,"key":"WarlordEmblem:WuziBook"},{"floor":28,"key":"War Paint"}],"event_choices":[{"damage_healed":0.0,"max_hp_gain":0.0,"max_hp_loss":0.0,"gold_gain":0.0,"event_name":"Golden Idol","player_choice":"Ignored","floor":7.0,"gold_loss":0.0,"damage_taken":0.0},{"damage_healed":0.0,"max_hp_gain":0.0,"max_hp_loss":0.0,"gold_gain":0.0,"event_name":"Scrap Ooze","player_choice":"Success","floor":10.0,"gold_loss":0.0,"damage_taken":7.0,"relics_obtained":["WarlordEmblem:GoldMime"]},{"cards_removed":["alterego_mod:STier"],"damage_healed":0,"gold_gain":0,"player_choice":"Purged","damage_taken":0,"max_hp_gain":0,"max_hp_loss":0,"event_name":"Purifier","floor":22,"gold_loss":0}],"is_beta":false,"boss_relics":[{"not_picked":["Kintsugi","Honey Jar"],"picked":"Ectoplasm"}],"items_purged_floors":[],"is_endless":false,"potions_floor_spawned":[1,5,16,20,30,31],"killed_by":"Collector","ascension_level":0}}