{"host":"pj7egx7jkoz18hom","time":1613548834,"event":{"mods":["AchievementEnabler","BaseMod","Keyboard Shortcuts","Minty Spire (QoL Compilation)","SuperFastMode"],"gold_per_floor":[110,35,35,47,47,72,92,112,138,151,169,199,199,214,214,314,314,334,353,353,371,321,355,355,201,201,216,216,233,233,250,250,250,250],"floor_reached":33,"language":"KOR","playtime":925,"items_purged":["Defend_P","Defend_P"],"score":356,"play_id":"7b49319c-d005-4489-b3cd-181b56ff069e","local_time":"20210217170034","is_ascension_mode":false,"campfire_choices":[{"floor":15,"key":"REST"},{"floor":24,"key":"REST"},{"floor":28,"key":"REST"},{"data":"Tantrum","floor":30,"key":"SMITH"},{"data":"Eruption","floor":32,"key":"SMITH"}],"circlet_count":0,"master_deck":["Strike_P","Strike_P+1","Defend_P","Defend_P+1","Eruption+1","Vigilance","Halt","Tantrum+1","Halt"],"relics":["PureWater","NeowsBlessing","Sundial","Gambling Chip","Boot","Smiling Mask","SacredBark","Bronze Scales","TheAbacus","Dream Catcher"],"acts_visited":["Exordium","TheCity"],"potions_floor_usage":[12,16,18,23,27],"damage_taken":[{"damage":0,"enemies":"Cultist","floor":1,"turns":1},{"damage":0,"enemies":"Small Slimes","floor":4,"turns":1},{"damage":0,"enemies":"3 Sentries","floor":6,"turns":2},{"damage":0,"enemies":"2 Louse","floor":7,"turns":2},{"damage":0,"enemies":"Exordium Wildlife","floor":8,"turns":4},{"damage":0,"enemies":"Large Slime","floor":10,"turns":3},{"damage":0,"enemies":"3 Louse","floor":11,"turns":2},{"damage":16,"enemies":"Lagavulin","floor":12,"turns":4},{"damage":0,"enemies":"Blue Slaver","floor":14,"turns":2},{"damage":0,"enemies":"Slime Boss","floor":16,"turns":6},{"damage":12,"enemies":"Shell Parasite","floor":18,"turns":4},{"damage":0,"enemies":"Chosen","floor":19,"turns":4},{"damage":73,"enemies":"Shelled Parasite and Fungi","floor":21,"turns":4},{"damage":24,"enemies":"Book of Stabbing","floor":23,"turns":4},{"damage":0,"enemies":"Sentry and Sphere","floor":27,"turns":3},{"damage":4,"enemies":"Centurion and Healer","floor":29,"turns":4},{"damage":1,"enemies":"3 Cultists","floor":31,"turns":5},{"damage":78,"enemies":"Automaton","floor":33,"turns":6}],"seed_played":"-5459189107683398957","potions_obtained":[{"floor":4,"key":"FairyPotion"},{"floor":11,"key":"Strength Potion"},{"floor":14,"key":"Fire Potion"},{"floor":16,"key":"PowerPotion"},{"floor":19,"key":"CultistPotion"},{"floor":23,"key":"AttackPotion"}],"is_trial":false,"path_per_floor":["M","$","T","M","?","E","M","M","T","M","M","E","?","M","R","B",null,"M","M","?","M","$","E","R","$","T","M","R","M","R","M","R","B"],"character_chosen":"WATCHER","items_purchased":["TheAbacus"],"campfire_rested":3,"item_purchase_floors":[25],"current_hp_per_floor":[72,72,72,72,58,58,58,58,58,58,58,42,35,35,56,56,72,60,60,60,43,43,19,40,40,40,40,61,57,57,56,56,0,0],"gold":250,"neow_bonus":"THREE_ENEMY_KILL","is_daily":false,"chose_seed":false,"campfire_upgraded":2,"win_rate":0.0,"timestamp":1613548834,"path_taken":["M","$","?","M","?","E","M","M","T","M","M","E","?","M","R","BOSS","M","M","?","M","$","E","R","$","T","M","R","M","R","M","R","BOSS"],"items_purchased_type":["Relic"],"build_version":"2020-12-22","purchased_purges":2,"victory":false,"max_hp_per_floor":[72,72,72,72,72,72,72,72,72,72,72,72,72,72,72,72,72,72,72,72,72,72,72,72,72,72,72,72,72,72,72,72,72,72],"card_choices":[{"not_picked":["Prostrate","Protect","Consecrate"],"picked":"SKIP","floor":1},{"not_picked":["EmptyBody","TalkToTheHand","EmptyFist"],"picked":"SKIP","floor":4},{"not_picked":["Perseverance","FollowUp"],"picked":"Halt","floor":6},{"not_picked":["SashWhip","FlyingSleeves","Establishment"],"picked":"SKIP","floor":7},{"not_picked":["CrushJoints","Wireheading"],"picked":"Tantrum","floor":8},{"not_picked":["Protect","PathToVictory","EmptyFist"],"picked":"SKIP","floor":10},{"not_picked":["Nirvana","Conclude","EmptyFist"],"picked":"SKIP","floor":11},{"not_picked":["PathToVictory","Fasting2","BowlingBash"],"picked":"SKIP","floor":12},{"not_picked":["CrushJoints","Worship","Prostrate"],"picked":"SKIP","floor":14},{"not_picked":["Collect+1","EmptyFist","WreathOfFlame"],"picked":"SKIP","floor":18},{"not_picked":["PathToVictory","Evaluate","Wireheading"],"picked":"SKIP","floor":19},{"not_picked":["WindmillStrike","SandsOfTime+1","Crescendo+1"],"picked":"SKIP","floor":21},{"not_picked":["EmptyBody+1","ThirdEye+1","SashWhip"],"picked":"SKIP","floor":23},{"not_picked":["BattleHymn","LikeWater+1"],"picked":"Halt","floor":27},{"not_picked":["ForeignInfluence","Halt","Vengeance"],"picked":"SKIP","floor":29},{"not_picked":["Halt","CutThroughFate","ClearTheMind"],"picked":"SKIP","floor":31}],"player_experience":142690,"relics_obtained":[{"floor":3,"key":"Sundial"},{"floor":6,"key":"Gambling Chip"},{"floor":9,"key":"Boot"},{"floor":12,"key":"Smiling Mask"},{"floor":23,"key":"Bronze Scales"},{"floor":26,"key":"Dream Catcher"}],"event_choices":[{"damage_healed":0,"gold_gain":0,"player_choice":"Entered Light","damage_taken":14,"max_hp_gain":0,"max_hp_loss":0,"event_name":"Shining Light","floor":5,"gold_loss":0,"cards_upgraded":["Defend_P","Strike_P"]},{"cards_removed":["Strike_P"],"damage_healed":0,"gold_gain":0,"player_choice":"Card Removal","damage_taken":7,"max_hp_gain":0,"max_hp_loss":0,"event_name":"Golden Wing","floor":13,"gold_loss":0},{"cards_removed":["Strike_P"],"damage_healed":0,"gold_gain":0,"player_choice":"Offered Basic","damage_taken":0,"max_hp_gain":0,"max_hp_loss":0,"event_name":"Bonfire Elementals","floor":20,"gold_loss":0}],"is_beta":false,"boss_relics":[{"not_picked":["Cursed Key","Fusion Hammer"],"picked":"SacredBark"}],"items_purged_floors":[2,22],"is_endless":false,"potions_floor_spawned":[4,11,14,16,19,23],"killed_by":"Automaton","ascension_level":0}}