{"host":"yassvrowvc2yfwp2","time":1613574911,"event":{"mods":["2.2 Compatiblity","Act Like it!","BaseMod","Better Note","Curses Come First","Dota2Spire","Downfall","HololiveMod","Jorbs\u0027s Wanderer Trilogy","Minty Spire (QoL Compilation)","Prisma Mod","Rare Cards Sparkle","Reimu£®≤©¿ˆ¡È√Œ£©","Replay The Spire","Say the Spire","Spicy Shops","StSLib","The Bug Knight","The Cursed","The Servant 0.9.4"],"gold_per_floor":[119,133,186,198,198,198,198,229,256,256,287,287,297,397,397,501,501,516,516,14,24,24,51,51,86,86,115,129,161,178,178,178,279,279,294,294,310,321,331,365,365,365,388,388,414,414,468,74,74,74],"floor_reached":51,"language":"ZHS","playtime":1949,"items_purged":["downfall:Aged","Decay"],"score":927,"play_id":"50cc0fab-eeb4-43a8-8667-f124302536d9","local_time":"20210217231511","daily_mods":["SealedDeck","Red Cards","Lethality"],"is_ascension_mode":true,"campfire_choices":[{"data":"InherentArray:ReiMu","floor":6.0,"key":"SMITH"},{"floor":12.0,"key":"DIG"},{"floor":15,"key":"DIG"},{"floor":24,"key":"REST"},{"floor":32,"key":"REST"},{"floor":42,"key":"REST"},{"floor":44,"key":"REST"},{"data":"YinYang:ReiMu","floor":49,"key":"SMITH"}],"circlet_count":0,"master_deck":["PhosphorusFlame:ReiMu","Dreaming2:ReiMu","EmergencyTakeOff:ReiMu","AirManeuver:ReiMu","UpKicking:ReiMu","ShadowOfCrow2:ReiMu","MikOfLucky:ReiMu","InherentArray:ReiMu+1","SafetyPray:ReiMu","TakeOff:ReiMu","OrbThrow:ReiMu","NineCharacters:ReiMu","Amulet:ReiMu+1","TakeOff:ReiMu","PayForSelf:ReiMu","FineLineFantasy:ReiMu","PrayRite:ReiMu","Overencumbered","SubcavityFantasy:ReiMu","SpringWay:ReiMu","DependentForm:ReiMu+1","ReplayTheSpireMod:Necrogeddon+1","SubcavityInstant:ReiMu+1","Mountainwind:ReiMu+1","Determination:ReiMu","ReplayTheSpireMod:Faulty Equipment","LovePray:ReiMu","Meditation:ReiMu","DoubleButterfly:ReiMu","YinYangSign:ReiMu","YinYang:ReiMu+1","Mountainwind:ReiMu","CardOfSanctity:ReiMu","PayForSelf:ReiMu+1","Madness","Madness","ReplayTheSpireMod:IOU","FantasyMoon:ReiMu","YinYang:ReiMu"],"relics":["FlyPower:ReiMu","HollowMod:PaleOreRelic","Replay:Multitool","Gambling Chip","Dota2Spire:Vanguard","Blue Doll","Bow_fan:ReiMu","downfall:ExtraCursedKey","Dota2Spire:MaskOfMadness","CrownOfHeavens:ReiMu","WingedGreaves","Membership Card","Happy Flower","Sling","SkyOrb:ReiMu","Dota2Spire:UrnOfShadows","Bottled Tornado","Onion Ring","Juzu Bracelet","sneckomod:SneckoTalon","Bag of Marbles","Replay:Baseball","Bag of Preparation","Dota2Spire:OctarineCore","Guide Book","Thread and Needle","DollysMirror"],"acts_visited":["Exordium","TheCity","TheBeyond"],"potions_floor_usage":[],"damage_taken":[{"damage":0.0,"enemies":"Small Slimes","floor":1.0,"turns":2.0},{"damage":0.0,"enemies":"Cultist","floor":2.0,"turns":2.0},{"damage":4.0,"enemies":"Jaw Worm","floor":4.0,"turns":3.0},{"damage":18.0,"enemies":"3 Sentries","floor":8.0,"turns":7.0},{"damage":0.0,"enemies":"Lagavulin","floor":11.0,"turns":7.0},{"damage":2.0,"enemies":"Lots of Slimes","floor":13.0,"turns":1.0},{"damage":10,"enemies":"Hexaghost","floor":16,"turns":8},{"damage":8,"enemies":"2 Thieves","floor":18,"turns":3},{"damage":0,"enemies":"Spheric Guardian","floor":21,"turns":3},{"damage":8,"enemies":"Book of Stabbing","floor":23,"turns":3},{"damage":1,"enemies":"HollowMod:Nosk","floor":25,"turns":5},{"damage":8,"enemies":"Book of Stabbing","floor":27,"turns":4},{"damage":10,"enemies":"Snecko","floor":28,"turns":4},{"damage":9,"enemies":"HollowMod:Nosk","floor":29,"turns":4},{"damage":0,"enemies":"Shelled Parasite and Fungi","floor":30,"turns":3},{"damage":12,"enemies":"Collector","floor":33,"turns":6},{"damage":0,"enemies":"3 Darklings","floor":35,"turns":3},{"damage":9,"enemies":"Orb Walker","floor":37,"turns":2},{"damage":10,"enemies":"Transient","floor":38,"turns":5},{"damage":6,"enemies":"4 Shapes","floor":39,"turns":2},{"damage":14,"enemies":"R_Hoarder","floor":40,"turns":5},{"damage":6,"enemies":"Reptomancer","floor":45,"turns":3},{"damage":0,"enemies":"2 Orb Walkers","floor":47,"turns":2},{"damage":24,"enemies":"Awakened One","floor":50,"turns":6}],"seed_played":"-5693155579652168622","potions_obtained":[{"floor":1.0,"key":"Swift Potion"},{"floor":2.0,"key":"BlessingOfTheForge"},{"floor":4.0,"key":"Fire Potion"},{"floor":21,"key":"SneckoOil"}],"is_trial":true,"path_per_floor":["M","M","T","M","?","R","?","E","T","R","E","R","M","?","R","B",null,"M","?","$","M","?","E","R","E","T","E","M","E","M","?","R","B",null,"M","?","M","M","M","E","?","R","T","R","E","R","?","$","R","B",null],"character_chosen":"REIMU","items_purchased":["DependentForm:ReiMu","Membership Card","ReplayTheSpireMod:Necrogeddon","Happy Flower","SubcavityInstant:ReiMu+1","Sling","Guide Book","Thread and Needle","DollysMirror"],"campfire_rested":4,"item_purchase_floors":[20,20,20,20,20,20,48,48,48],"current_hp_per_floor":[65,65,65,61,43,43,48,30,30,51,51,51,49,49,49,39,70,62,62,62,62,62,54,70,69,69,61,51,42,42,42,63,51,70,70,70,70,60,54,40,31,52,52,70,64,70,70,70,70,49],"gold":74,"neow_bonus":"","is_daily":false,"chose_seed":false,"campfire_upgraded":2,"win_rate":0.0,"timestamp":1613574911,"path_taken":["M","?","?","M","?","R","?","E","T","R","E","R","M","?","R","BOSS","M","?","$","M","?","E","R","E","T","E","M","E","M","?","R","BOSS","M","?","M","M","M","E","?","R","T","R","E","R","?","$","R","BOSS"],"items_purchased_type":["Card","Relic","Card","Relic","Card","Relic","Relic","Relic","Relic"],"build_version":"2020-12-22","purchased_purges":2,"victory":true,"max_hp_per_floor":[65,65,65,65,65,65,70,70,70,70,70,70,70,70,70,70,70,70,70,70,70,70,70,70,70,70,70,70,70,70,70,70,70,70,70,70,70,70,70,70,70,70,70,70,70,70,70,70,70,70],"card_choices":[{"not_picked":["ManaGlint:ReiMu","Conquer:ReiMu"],"picked":"OrbThrow:ReiMu","floor":1.0},{"not_picked":["SpreadBorder2:ReiMu","Dreaming2:ReiMu"],"picked":"NineCharacters:ReiMu","floor":2.0},{"not_picked":["SubcavityInstant:ReiMu","SafetyPray:ReiMu"],"picked":"Amulet:ReiMu","floor":4.0},{"not_picked":["KamiSacrifice:ReiMu","Meditation:ReiMu"],"picked":"TakeOff:ReiMu","floor":8.0},{"not_picked":["AirManeuver:ReiMu","SafetyPray:ReiMu"],"picked":"PayForSelf:ReiMu","floor":11.0},{"not_picked":["ForcedLanding:ReiMu","Meditation:ReiMu"],"picked":"FineLineFantasy:ReiMu","floor":13.0},{"not_picked":["HakureiPhantom:ReiMu","Determination:ReiMu"],"picked":"SubcavityFantasy:ReiMu","floor":16},{"not_picked":["Amulet:ReiMu","WonderfulDomain:ReiMu"],"picked":"SpringWay:ReiMu","floor":18},{"not_picked":["SubAcupoint:ReiMu","Intuition:ReiMu","WonderfulDomain:ReiMu"],"picked":"SKIP","floor":21},{"not_picked":["CareerPray:ReiMu","AlertArray:ReiMu"],"picked":"Mountainwind:ReiMu","floor":23},{"not_picked":["EmergencyTakeOff:ReiMu","CareerPray:ReiMu"],"picked":"Determination:ReiMu","floor":25},{"not_picked":["EmergencyTakeOff:ReiMu","PayForSelf:ReiMu"],"picked":"LovePray:ReiMu","floor":27},{"not_picked":["SubAcupoint:ReiMu","EmergencyTakeOff:ReiMu","Meditation:ReiMu"],"picked":"SKIP","floor":28},{"not_picked":["SubAcupoint:ReiMu","EmergencyTakeOff:ReiMu"],"picked":"Meditation:ReiMu","floor":28},{"not_picked":["Enchanting:ReiMu+1","SpreadBorder2:ReiMu"],"picked":"DoubleButterfly:ReiMu","floor":29},{"not_picked":["TightArray:ReiMu","Enchanting:ReiMu"],"picked":"YinYangSign:ReiMu","floor":30},{"not_picked":["Dreaming:ReiMu","Authority:ReiMu"],"picked":"YinYang:ReiMu","floor":33},{"not_picked":["SpiritualOutbreak2:ReiMu","WonderfulDomain:ReiMu+1","TightArray:ReiMu+1"],"picked":"SKIP","floor":35},{"not_picked":["SubcavityInstant:ReiMu","SpringWay:ReiMu"],"picked":"Mountainwind:ReiMu","floor":37},{"not_picked":["FantasyBorder:ReiMu","SafetyPray:ReiMu+1"],"picked":"CardOfSanctity:ReiMu","floor":38},{"not_picked":["SubAcupoint:ReiMu+1","TightArray:ReiMu+1","Amulet:ReiMu+1"],"picked":"SKIP","floor":39},{"not_picked":["AirStrike:ReiMu+1","TightArray:ReiMu+1"],"picked":"PayForSelf:ReiMu+1","floor":40},{"not_picked":["AlertArray:ReiMu+1","Intuition:ReiMu","YinYangSange:ReiMu"],"picked":"SKIP","floor":45},{"not_picked":["CareerPray:ReiMu+1","SpiritualOutbreak2:ReiMu+1"],"picked":"FantasyMoon:ReiMu","floor":47}],"player_experience":2158088,"relics_obtained":[{"floor":3.0,"key":"HollowMod:PaleOreRelic"},{"floor":8.0,"key":"Gambling Chip"},{"floor":9.0,"key":"Dota2Spire:Vanguard"},{"floor":11.0,"key":"Blue Doll"},{"floor":12.0,"key":"Bow_fan:ReiMu"},{"floor":15,"key":"Dota2Spire:MaskOfMadness"},{"floor":23,"key":"SkyOrb:ReiMu"},{"floor":25,"key":"Dota2Spire:UrnOfShadows"},{"floor":26,"key":"Bottled Tornado"},{"floor":27,"key":"Onion Ring"},{"floor":29,"key":"Juzu Bracelet"},{"floor":40,"key":"Bag of Marbles"},{"floor":43,"key":"Replay:Baseball"},{"floor":45,"key":"Bag of Preparation"},{"floor":47,"key":"Dota2Spire:OctarineCore"}],"event_choices":[{"damage_healed":0.0,"max_hp_gain":0.0,"max_hp_loss":0.0,"gold_gain":0.0,"event_name":"Scrap Ooze","player_choice":"Success","floor":5.0,"gold_loss":0.0,"damage_taken":18.0,"relics_obtained":["Replay:Multitool"]},{"damage_healed":0.0,"max_hp_gain":5.0,"max_hp_loss":0.0,"gold_gain":0.0,"event_name":"Big Fish","player_choice":"Donut","floor":7.0,"gold_loss":0.0,"damage_taken":0.0},{"damage_healed":0,"gold_gain":0,"player_choice":"Gave Potion","damage_taken":0,"relics_obtained":["WingedGreaves"],"max_hp_gain":0,"max_hp_loss":0,"event_name":"WeMeetAgain","floor":19,"gold_loss":0},{"damage_healed":0,"gold_gain":0,"player_choice":"Ignored","damage_taken":0,"max_hp_gain":0,"max_hp_loss":0,"event_name":"betterNote:BetterNote","floor":22,"gold_loss":0,"cards_obtained":["Strike_S"]},{"cards_removed":["Voices"],"damage_healed":0,"gold_gain":0,"player_choice":"Elegance","damage_taken":0,"max_hp_gain":0,"max_hp_loss":0,"event_name":"Back to Basics","floor":31,"gold_loss":0},{"damage_healed":0,"gold_gain":0,"player_choice":"Bought 0 Potions","damage_taken":0,"max_hp_gain":0,"max_hp_loss":0,"event_name":"The Woman in Blue","floor":36,"gold_loss":0},{"damage_healed":0,"gold_gain":0,"player_choice":"Embrace Madness","damage_taken":9,"max_hp_gain":0,"max_hp_loss":0,"event_name":"Winding Halls","floor":41,"gold_loss":0,"cards_obtained":["Madness","Madness"]},{"damage_healed":0,"gold_gain":0,"player_choice":"Fight","damage_taken":0,"max_hp_gain":0,"max_hp_loss":0,"event_name":"Mysterious Sphere","floor":47,"gold_loss":0}],"is_beta":false,"boss_relics":[{"not_picked":["expansioncontent:StudyCardRelic","Hololive_TopUpMoneyS"],"picked":"CrownOfHeavens:ReiMu"},{"not_picked":["Abe\u0027s Treasure","SlaversCollar"],"picked":"sneckomod:SneckoTalon"}],"items_purged_floors":[48,48],"is_endless":false,"potions_floor_spawned":[1,2,4,21,23,27,30,37,39,47],"ascension_level":1}}