{"host":"nn0usk9aafse27ii","time":1613586777,"event":{"mods":["BaseMod","Colored Map","Downfall","Highlight Path","Minty Spire (QoL Compilation)","Shop Mod","StSLib"],"gold_per_floor":[99,114,214,233,233,233,233,247,263,277,9,9,22,22,36,133,133,133,146,131,142,160,60,60,60,75,60,145,45,55,86,96,96,96,96],"floor_reached":33,"language":"ENG","playtime":4856,"items_purged":[],"score":286,"play_id":"d0d3cd1f-9186-41a3-be3f-ff31872392d4","local_time":"20210217103257","is_ascension_mode":false,"campfire_choices":[{"data":"Slimebound:Split","floor":1.0,"key":"SMITH"},{"floor":6.0,"key":"RECALL"},{"data":"Slimebound:Darklings","floor":12.0,"key":"SMITH"},{"data":"Slimebound:DuplicatedForm","floor":18.0,"key":"SMITH"},{"data":"Slimebound:SlimeBarrage","floor":23,"key":"SMITH"},{"data":"Slimebound:Prepare","floor":25,"key":"SMITH"},{"floor":29,"key":"REST"}],"circlet_count":0,"master_deck":["Slimebound:Strike_Slimebound","Slimebound:Strike_Slimebound","Slimebound:Strike_Slimebound","Slimebound:Tackle","Slimebound:Defend_Slimebound","Slimebound:Defend_Slimebound","Slimebound:Defend_Slimebound","Slimebound:Defend_Slimebound","Slimebound:Split+1","Slimebound:CorrosiveSpit+1","Slimebound:SplitAcid","Slimebound:Recollect","Slimebound:Schlurp","Slimebound:Darklings+1","Slimebound:SplitMire","Slimebound:SamplingLick","Slimebound:MegaLick","Slimebound:SlimeBarrage+1","Slimebound:DuplicatedForm+1","Slimebound:Prepare+1","Slimebound:SplitLeeching","Slimebound:SplitBruiser","Slimebound:SplitMire+1","Slimebound:LeechingTouch","Slimebound:SplitBruiser","Slimebound:SamplingLick","Slimebound:SlimeBarrage+1","Slimebound:LeadByExample"],"relics":["Slimebound:AbsorbEndCombat","Mercury Hourglass","downfall:BrokenWingStatue","SacredBark","downfall:HeartBlessingBlue","Pear","downfall:HeartBlessingRed","Bottled Tornado"],"acts_visited":["Exordium","TheCity"],"potions_floor_usage":[22,22,26,33,33,33],"damage_taken":[{"damage":6.0,"enemies":"Jaw Worm","floor":2.0,"turns":4.0},{"damage":0.0,"enemies":"Cultist","floor":4.0,"turns":3.0},{"damage":5.0,"enemies":"2 Louse","floor":8.0,"turns":3.0},{"damage":7.0,"enemies":"Blue Slaver","floor":9.0,"turns":4.0},{"damage":4.0,"enemies":"3 Louse","floor":10.0,"turns":3.0},{"damage":2.0,"enemies":"downfall:FleeingMerchant","floor":11.0,"turns":4.0},{"damage":10.0,"enemies":"Exordium Thugs","floor":13.0,"turns":3.0},{"damage":3.0,"enemies":"Red Slaver","floor":15.0,"turns":3.0},{"damage":8.0,"enemies":"IC_STATUS_ARCHETYPE","floor":16.0,"turns":5.0},{"damage":33.0,"enemies":"Shell Parasite","floor":19.0,"turns":5.0},{"damage":1.0,"enemies":"downfall:FleeingMerchant","floor":20.0,"turns":4.0},{"damage":28,"enemies":"Snake Plant","floor":21,"turns":4},{"damage":26,"enemies":"Centurion and Healer","floor":22,"turns":4},{"damage":0,"enemies":"Snecko","floor":26,"turns":4},{"damage":7,"enemies":"downfall:FleeingMerchant","floor":27,"turns":4},{"damage":27,"enemies":"Shelled Parasite and Fungi","floor":30,"turns":5},{"damage":18,"enemies":"Book of Stabbing","floor":31,"turns":4},{"damage":51,"enemies":"Snake Plant","floor":32,"turns":3},{"damage":50,"enemies":"SI_MIRROR_ARCHETYPE","floor":33,"turns":8}],"seed_played":"815028728399660137","potions_obtained":[{"floor":0.0,"key":"SkillPotion"},{"floor":0.0,"key":"ColorlessPotion"},{"floor":0.0,"key":"Block Potion"},{"floor":4.0,"key":"Ancient Potion"},{"floor":10.0,"key":"AttackPotion"},{"floor":15.0,"key":"DuplicationPotion"},{"floor":16.0,"key":"SkillPotion"},{"floor":21,"key":"LiquidMemories"},{"floor":30,"key":"Block Potion"},{"floor":31,"key":"ColorlessPotion"},{"floor":32,"key":"champ:CounterPotion"}],"is_trial":false,"path_per_floor":["R","M","?","M","?","R","T","M","M","M","$","R","M","?","M","B",null,"R","M","$","M","M","R","T","R","M","$","?","R","M","E","M","B"],"character_chosen":"SLIMEBOUND","items_purchased":["Mercury Hourglass"],"campfire_rested":1,"item_purchase_floors":[11],"current_hp_per_floor":[65,61,61,65,65,65,65,60,57,55,59,59,51,51,50,44,65,65,53,58,47,42,52,62,62,66,61,49,74,70,71,37,0,0,0],"gold":96,"neow_bonus":"THREE_SMALL_POTIONS","is_daily":false,"chose_seed":false,"campfire_upgraded":5,"win_rate":0.0,"timestamp":1613586777,"path_taken":["R","M","?","?","?","R","T","M","M","M","$","R","?","?","M","BOSS","R","M","$","M","M","R","T","R","M","$","?","R","M","E","M","BOSS"],"items_purchased_type":["Relic"],"build_version":"2020-12-22","purchased_purges":0,"victory":false,"max_hp_per_floor":[65,65,65,65,65,65,65,65,65,65,65,65,65,65,65,65,65,65,65,65,65,65,75,85,85,85,85,85,85,85,85,85,85,85,85],"card_choices":[{"not_picked":["Slimebound:FormOfPuddle","Slimebound:FinishingTackle"],"picked":"Slimebound:SplitAcid","floor":2.0},{"not_picked":["Slimebound:ServeAndProtect","Slimebound:SpikyOuterGoop"],"picked":"Slimebound:Recollect","floor":4.0},{"not_picked":["Slimebound:GoopTackle","Slimebound:RollThrough"],"picked":"Slimebound:Schlurp","floor":8.0},{"not_picked":["Slimebound:ComboTackle","Slimebound:Prepare"],"picked":"Slimebound:Darklings","floor":9.0},{"not_picked":["Slimebound:RollThrough","Slimebound:HungryTackle"],"picked":"Slimebound:SplitMire","floor":10.0},{"not_picked":["Slimebound:HauntingLick","Slimebound:GoopTackle"],"picked":"Slimebound:SamplingLick","floor":11.0},{"not_picked":["Slimebound:FlameTackle","Slimebound:SlimeSpikes"],"picked":"Slimebound:MegaLick","floor":13.0},{"not_picked":["Slimebound:BestDefense","Slimebound:Prepare"],"picked":"Slimebound:SlimeBarrage","floor":15.0},{"not_picked":["Slimebound:Teamwork","Slimebound:OneTwoCombo"],"picked":"Slimebound:DuplicatedForm","floor":16.0},{"not_picked":["Slimebound:HungryTackle","Slimebound:Recollect"],"picked":"Slimebound:Prepare","floor":19.0},{"not_picked":["Slimebound:GoopSpray","Slimebound:SplitMire+1"],"picked":"Slimebound:SplitLeeching","floor":20.0},{"not_picked":["Slimebound:Schlurp","Slimebound:Grow"],"picked":"Slimebound:SplitBruiser","floor":21},{"not_picked":["Slimebound:MegaLick","Slimebound:Schlurp+1"],"picked":"Slimebound:SplitMire+1","floor":22},{"not_picked":["Slimebound:FinishingTackle+1","Slimebound:RollThrough"],"picked":"Slimebound:LeechingTouch","floor":26},{"not_picked":["Slimebound:SelfFormingGoo","Slimebound:HungryTackle"],"picked":"Slimebound:SplitBruiser","floor":27},{"not_picked":["Slimebound:PressTheAttack","Slimebound:LeechingTouch"],"picked":"Slimebound:SamplingLick","floor":30},{"not_picked":["Slimebound:LeechLife","Slimebound:SplitAcid"],"picked":"Slimebound:SlimeBarrage+1","floor":31},{"not_picked":["Slimebound:LeechingTouch","Slimebound:FinishingTackle"],"picked":"Slimebound:LeadByExample","floor":32}],"player_experience":779716,"relics_obtained":[{"floor":24,"key":"Pear"},{"floor":31,"key":"Bottled Tornado"}],"event_choices":[{"damage_healed":0.0,"max_hp_gain":0.0,"max_hp_loss":0.0,"gold_gain":0.0,"event_name":"Accursed Blacksmith","player_choice":"Forge","floor":5.0,"gold_loss":0.0,"damage_taken":0.0,"cards_upgraded":["Slimebound:CorrosiveSpit"]}],"is_beta":false,"boss_relics":[{"not_picked":["Coffee Dripper","Fusion Hammer"],"picked":"SacredBark"}],"items_purged_floors":[],"is_endless":false,"potions_floor_spawned":[4,10,15,16,21,30,31,32],"killed_by":"SI_MIRROR_ARCHETYPE","ascension_level":0}}