{"host":"vhifjdba66khcqwn","time":1613544956,"event":{"mods":["AchievementEnabler","BaseMod","Bestiary","Energized Spire","Minty Spire (QoL Compilation)","Practice Mode","Relic Stats","Spicy Shops","StSLib","slay the spire mod where everything is the same but ironclad has a cowboy hat"],"gold_per_floor":[412,412,412,412,26,26,61,61,61,86,102,132,152,152,168,168,241,241,258,277,277,290,290,290,290],"floor_reached":24,"language":"ENG","playtime":674,"items_purged":[],"score":337,"play_id":"9c3d235b-c0f3-4871-ae76-f97e724878ff","local_time":"20210216225556","is_ascension_mode":true,"campfire_choices":[{"floor":6,"key":"REST"},{"floor":8,"key":"REST"},{"floor":16,"key":"REST"}],"circlet_count":0,"master_deck":["AscendersBane","Strike_G","Strike_G","Strike_G","Strike_G","Strike_G","Defend_G","Defend_G","Defend_G","Defend_G","Defend_G","Survivor","Neutralize+1","Quick Slash","Blade Dance","Envenom","Deflect+1","Escape Plan+1","Caltrops","Bullet Time+1","Dagger Spray+1","Decay","Prepared+1"],"relics":["Ring of the Snake","Old Coin","Boot","Membership Card","Ninja Scroll","Happy Flower","Calipers","Toxic Egg 2","Toy Ornithopter","Molten Egg 2","Snake Skull","Cursed Key"],"acts_visited":["Exordium","TheCity"],"potions_floor_usage":[17,23,24],"damage_taken":[{"damage":13.0,"enemies":"Jaw Worm","floor":1.0,"turns":8.0},{"damage":22,"enemies":"3 Sentries","floor":7,"turns":5},{"damage":0,"enemies":"2 Louse","floor":11,"turns":1},{"damage":13,"enemies":"Gremlin Nob","floor":12,"turns":3},{"damage":0,"enemies":"Small Slimes","floor":13,"turns":2},{"damage":0,"enemies":"Looter","floor":15,"turns":3},{"damage":45,"enemies":"The Guardian","floor":17,"turns":8},{"damage":30,"enemies":"Shell Parasite","floor":19,"turns":4},{"damage":0,"enemies":"3 Byrds","floor":20,"turns":3},{"damage":25,"enemies":"Snecko","floor":22,"turns":5},{"damage":0,"enemies":"Masked Bandits","floor":23,"turns":2},{"damage":17,"enemies":"Slavers","floor":24,"turns":2}],"seed_played":"1245620254359332273","potions_obtained":[{"floor":1.0,"key":"ColorlessPotion"},{"floor":7,"key":"SmokeBomb"},{"floor":17,"key":"Dexterity Potion"}],"is_trial":false,"path_per_floor":["M","?","?","?","$","R","E","R","T","T","M","E","M","T","M","R","B",null,"M","M","?","M","?","E"],"character_chosen":"THE_SILENT","items_purchased":["Membership Card","Blade Dance","Ninja Scroll","Happy Flower"],"campfire_rested":3,"item_purchase_floors":[5,5,5,5],"current_hp_per_floor":[32,32,32,25,25,46,24,45,45,45,45,32,32,32,32,53,13,56,26,26,26,1,6,0,0],"gold":290,"neow_bonus":"ONE_RARE_RELIC","is_daily":false,"chose_seed":false,"campfire_upgraded":0,"win_rate":0.0,"timestamp":1613544956,"path_taken":["M","?","?","?","$","R","E","R","T","T","M","E","M","?","M","R","BOSS","M","M","?","M","?","E"],"items_purchased_type":["Relic","Card","Relic","Relic"],"build_version":"2020-12-22","purchased_purges":0,"victory":false,"max_hp_per_floor":[70,70,70,70,70,70,70,70,70,70,70,70,70,70,70,70,70,70,70,70,70,70,70,70,70],"relic_stats":{"Happy Flower":[12],"counters":[12,46],"Snake Skull":[26],"Boot":[127],"Cursed Key":0,"obtain_stats":[{"Calipers":7,"Happy Flower":5,"Ninja Scroll":5,"Molten Egg 2":12,"Snake Skull":14,"Membership Card":5,"Toxic Egg 2":9,"Boot":4,"Cursed Key":18,"Toy Ornithopter":10,"Ring of the Snake":0,"Old Coin":0},{"Calipers":2,"Happy Flower":1,"Ninja Scroll":1,"Molten Egg 2":4,"Snake Skull":5,"Membership Card":1,"Toxic Egg 2":2,"Boot":1,"Cursed Key":7,"Toy Ornithopter":2,"Ring of the Snake":0,"Old Coin":0},{"Calipers":13,"Happy Flower":8,"Ninja Scroll":8,"Molten Egg 2":17,"Snake Skull":19,"Membership Card":8,"Toxic Egg 2":13,"Boot":8,"Cursed Key":30,"Toy Ornithopter":13,"Ring of the Snake":0,"Old Coin":0}],"Toy Ornithopter":15,"Ring of the Snake":[24]},"card_choices":[{"not_picked":["Riddle With Holes","Deadly Poison"],"picked":"Quick Slash","floor":1.0},{"not_picked":["Dagger Spray","Flying Knee"],"picked":"Envenom","floor":7},{"not_picked":["Expertise+1","Infinite Blades"],"picked":"Deflect+1","floor":11},{"not_picked":["Quick Slash+1","Dagger Throw+1","Underhanded Strike+1"],"picked":"SKIP","floor":12},{"not_picked":["Choke+1","Dagger Throw+1"],"picked":"Escape Plan+1","floor":13},{"not_picked":["Prepared+1","Wraith Form v2"],"picked":"Caltrops","floor":15},{"not_picked":["Glass Knife+1","Burst+1"],"picked":"Bullet Time+1","floor":17},{"not_picked":["Dagger Throw+1","Quick Slash+1"],"picked":"Dagger Spray+1","floor":19},{"not_picked":["Infinite Blades","Well Laid Plans","Reflex+1"],"picked":"SKIP","floor":20},{"not_picked":["Quick Slash+1","Riddle With Holes+1"],"picked":"Prepared+1","floor":22}],"player_experience":1191151,"relics_obtained":[{"floor":7,"key":"Calipers"},{"floor":9,"key":"Toxic Egg 2"},{"floor":10,"key":"Toy Ornithopter"},{"floor":12,"key":"Molten Egg 2"},{"floor":14,"key":"Snake Skull"}],"event_choices":[{"damage_healed":0.0,"max_hp_gain":0.0,"max_hp_loss":0.0,"gold_gain":0.0,"event_name":"Living Wall","player_choice":"Grow","floor":2.0,"gold_loss":0.0,"damage_taken":0.0,"cards_upgraded":["Neutralize"]},{"damage_healed":0,"gold_gain":0,"player_choice":"Ignored","damage_taken":0,"max_hp_gain":0,"max_hp_loss":0,"event_name":"Shining Light","floor":3,"gold_loss":0},{"damage_healed":0,"gold_gain":0,"player_choice":"Success","damage_taken":7,"relics_obtained":["Boot"],"max_hp_gain":0,"max_hp_loss":0,"event_name":"Scrap Ooze","floor":4,"gold_loss":0},{"damage_healed":0,"gold_gain":0,"player_choice":"Smashed Altar","damage_taken":0,"max_hp_gain":0,"max_hp_loss":0,"event_name":"Forgotten Altar","floor":21,"gold_loss":0,"cards_obtained":["Decay"]},{"damage_healed":0,"gold_gain":0,"player_choice":"Fought Bandits","damage_taken":0,"max_hp_gain":0,"max_hp_loss":0,"event_name":"Masked Bandits","floor":23,"gold_loss":0}],"is_beta":false,"boss_relics":[{"not_picked":["energizedSpire:PogoStick","Astrolabe"],"picked":"Cursed Key"}],"items_purged_floors":[],"is_endless":false,"potions_floor_spawned":[1,7,12,15,17,22,23],"killed_by":"Slavers","ascension_level":13}}