{"host":"iml8x8es9od4zowg","time":1613549500,"event":{"mods":["2.2 Compatiblity","BaseMod","Hermit","Marisa£¨Ùöéë¡¡Øª×âÞÞ£©","Minty Spire (QoL Compilation)","StSLib","Td1madao Mod","The Jungle","¡¼?Úª?ø«¡½REMEMod"],"gold_per_floor":[116,66,89,89,106,133,161,161,161,193,524,557,627,693,693,863,863,874,799,824,489,519,519,550,583,630,700,765,885,372,459,459,682,682,692,692,195,195,222,274,274,314,314,326,338,36,112,158,158,158,158,158,11,45,84],"floor_reached":56,"language":"KOR","playtime":3445,"items_purged":["hermit:Vantage","hermit:Coalescence","hermit:Dive","hermit:Headshot"],"score":2030,"play_id":"075f69d8-a8e3-40e8-893d-c838bb39a3dd","local_time":"20210217171140","daily_mods":["Draft","Colorless Cards","Heirloom","Flight","DeadlyEvents","Elite Swarm"],"is_ascension_mode":true,"campfire_choices":[{"data":"Apotheosis","floor":8,"key":"SMITH"},{"floor":15,"key":"RECALL"},{"data":"BattleHymn","floor":23,"key":"SMITH"},{"data":"REME_BodyOfCthun","floor":32,"key":"SMITH"},{"data":"1","floor":41,"key":"LIFT"},{"data":"2","floor":44,"key":"LIFT"},{"data":"3","floor":45,"key":"LIFT"},{"data":"Madness","floor":49,"key":"SMITH"},{"floor":52,"key":"REST"}],"circlet_count":0,"master_deck":["Jack Of All Trades","hermit:Gestalt","hermit:WideOpen","Bandage Up","hermit:Glare","Flash of Steel","Swift Strike","hermit:Enervate","hermit:Headshot","hermit:Dive","BattleHymn+1","hermit:GhostlyPresence","Finesse","Apotheosis+1","hermit:RoundhouseKick","hermit:DeadOrAlive","REME_PuzzleBox","hermit:HeroicBravado","hermit:FromBeyond","Secret Weapon","Finesse","hermit:FromBeyond","Master of Strategy","REME_Flogging","Master of Strategy","REME_EyeOfCthun+1","REME_BodyOfCthun+1","Dark Shackles","REME_PuzzleBox","REME_HeartOfCthun+1","Madness+1","Bandage Up","Flash of Steel+1","Panacea+1","Panache","REME_MawOfCthun"],"relics":["Unceasing Top","REME_ComplimentaryCards","Thread and Needle","PreservedInsect","CultistMask","Nunchaku","Ornamental Fan","Bottled Lightning","Old Coin","Gremlin Horn","CaptainsWheel","Ancient Tea Set","Philosopher\u0027s Stone","Bag of Marbles","hermit:RyeStalk","Smiling Mask","Strawberry","REME_ArchaeologicalTools","Gambling Chip","Molten Egg 2","FossilizedHelix","Orrery","REME_HourglassOfDeath","REME_LowDesire","Blood Vial","Akabeko","Girya","REME_PuzzleBoxRelic","Bronze Scales","Eternal Feather","MawBank","Mango","Oddly Smooth Stone","Frozen Egg 2","Lantern","Calipers"],"acts_visited":["Exordium","Exordium","TheBeyond","TheEnding"],"potions_floor_usage":[18,20,55,55,55,55,55,55],"damage_taken":[{"damage":0,"enemies":"2 Louse","floor":1,"turns":2},{"damage":0,"enemies":"Jaw Worm","floor":5,"turns":2},{"damage":0,"enemies":"Lagavulin","floor":6,"turns":4},{"damage":0,"enemies":"3 Sentries","floor":7,"turns":4},{"damage":1,"enemies":"Gremlin Nob","floor":10,"turns":3},{"damage":0,"enemies":"Lagavulin","floor":11,"turns":2},{"damage":0,"enemies":"Gremlin Nob","floor":12,"turns":3},{"damage":0,"enemies":"Lagavulin","floor":13,"turns":6},{"damage":0,"enemies":"3 Sentries","floor":14,"turns":3},{"damage":2,"enemies":"Hexaghost","floor":16,"turns":7},{"damage":0,"enemies":"theJungle:Flameango_and_Byrd","floor":18,"turns":4},{"damage":5,"enemies":"theJungle:5_Spyders","floor":20,"turns":4},{"damage":0,"enemies":"theJungle:Cassacara","floor":22,"turns":2},{"damage":1,"enemies":"theJungle:2_Phrogs","floor":24,"turns":3},{"damage":0,"enemies":"theJungle:2_Snecko_Cultists","floor":25,"turns":2},{"damage":0,"enemies":"theJungle:Cassacara","floor":27,"turns":2},{"damage":0,"enemies":"theJungle:MamaSnecko","floor":28,"turns":1},{"damage":0,"enemies":"theJungle:Cassacara","floor":29,"turns":1},{"damage":0,"enemies":"theJungle:MamaSnecko","floor":31,"turns":1},{"damage":3,"enemies":"theJungle:TotemBoss","floor":33,"turns":2},{"damage":0,"enemies":"Orb Walker","floor":35,"turns":2},{"damage":0,"enemies":"Nemesis","floor":40,"turns":3},{"damage":0,"enemies":"Giant Head","floor":42,"turns":3},{"damage":0,"enemies":"Reptomancer","floor":47,"turns":1},{"damage":0,"enemies":"Nemesis","floor":48,"turns":3},{"damage":13,"enemies":"Donu and Deca","floor":50,"turns":3},{"damage":0,"enemies":"Shield and Spear","floor":54,"turns":2},{"damage":6,"enemies":"The Heart","floor":55,"turns":6}],"seed_played":"4392811424961362048","potions_obtained":[{"floor":5,"key":"Block Potion"},{"floor":6,"key":"EssenceOfSteel"},{"floor":11,"key":"Swift Potion"},{"floor":20,"key":"SpeedPotion"},{"floor":24,"key":"Ancient Potion"},{"floor":40,"key":"EntropicBrew"}],"is_trial":true,"path_per_floor":["M","?","T","?","M","E","E","R","T","E","E","E","E","E","R","B",null,"M","$","M","$","E","R","E","M","T","E","E","E","$","E","R","B",null,"M","?","$","?","T","E","R","E","T","R","R","$","E","E","R","B",null,"R","$","E","B",null],"character_chosen":"HERMIT","items_purchased":["Bag of Marbles","Finesse","FossilizedHelix","Orrery","Girya","REME_PuzzleBoxRelic","Mango","Lantern"],"campfire_rested":1,"item_purchase_floors":[21,21,30,30,37,37,46,53],"current_hp_per_floor":[75,75,75,75,75,75,75,75,75,74,74,75,75,75,75,73,75,75,75,75,75,75,75,74,75,82,82,82,82,82,82,82,79,82,82,82,82,72,72,82,82,82,82,82,82,96,96,96,96,89,96,96,96,96,93],"gold":84,"neow_bonus":"","is_daily":false,"chose_seed":false,"campfire_upgraded":4,"win_rate":0.0,"timestamp":1613549500,"path_taken":["M","?","?","?","?","E","?","R","T","E","E","E","E","E","R","BOSS","M","$","?","?","?","R","E","?","T","E","E","E","$","E","R","BOSS","M","?","$","?","?","E","R","E","T","R","R","$","E","E","R","BOSS","R","$","E","BOSS"],"items_purchased_type":["Relic","Card","Relic","Relic","Relic","Relic","Relic","Relic"],"build_version":"2020-12-22","purchased_purges":4,"victory":true,"max_hp_per_floor":[75,75,75,75,75,75,75,75,75,75,75,75,75,75,75,75,75,75,75,75,75,75,75,75,75,82,82,82,82,82,82,82,82,82,82,82,82,82,82,82,82,82,82,82,82,96,96,96,96,96,96,96,96,96,96],"card_choices":[{"not_picked":["hermit:Coalescence","Deep Breath"],"picked":"Jack Of All Trades","floor":0},{"not_picked":["hermit:SprayPray","hermit:Coalescence"],"picked":"hermit:Gestalt","floor":0},{"not_picked":["hermit:CalledShot","hermit:Quickdraw"],"picked":"hermit:Headshot","floor":0},{"not_picked":["hermit:Quickdraw","hermit:Showdown"],"picked":"hermit:Horror","floor":0},{"not_picked":["Jack Of All Trades","hermit:ItchyTrigger"],"picked":"hermit:WideOpen","floor":0},{"not_picked":["hermit:BodyArmor","hermit:Misfire"],"picked":"hermit:Vantage","floor":0},{"not_picked":["hermit:Glare","hermit:LowProfile"],"picked":"Bandage Up","floor":0},{"not_picked":["hermit:Manifest","hermit:Cheat"],"picked":"hermit:Glare","floor":0},{"not_picked":["hermit:TrackingShot","Mind Blast"],"picked":"Flash of Steel","floor":0},{"not_picked":["hermit:Quickdraw","hermit:Roulette"],"picked":"Swift Strike","floor":0},{"not_picked":["hermit:Quickdraw","hermit:Roulette"],"picked":"hermit:Enervate","floor":0},{"not_picked":["hermit:ItchyTrigger","hermit:Roulette"],"picked":"hermit:Headshot","floor":0},{"not_picked":["REME_TwoStrings","hermit:Gestalt"],"picked":"hermit:Dive","floor":0},{"not_picked":["hermit:Spite","hermit:WideOpen"],"picked":"hermit:Coalescence","floor":0},{"not_picked":["hermit:ItchyTrigger","hermit:BodyArmor"],"picked":"hermit:Dive","floor":0},{"not_picked":["hermit:CalledShot","hermit:Feint"],"picked":"hermit:GhostlyPresence","floor":1},{"not_picked":["hermit:Grudge","hermit:WideOpen"],"picked":"Finesse","floor":5},{"not_picked":["REME_EyeOfCthun","Mayhem"],"picked":"Apotheosis","floor":6},{"not_picked":["Apotheosis","Violence"],"picked":"hermit:RoundhouseKick","floor":7},{"not_picked":["Magnetism","REME_BuildACard"],"picked":"hermit:DeadOrAlive","floor":10},{"not_picked":["The Bomb","REME_BodyOfCthun"],"picked":"REME_PuzzleBox","floor":11},{"not_picked":["REME_HeartOfCthun","HandOfGreed"],"picked":"hermit:HeroicBravado","floor":12},{"not_picked":["Transmutation","Secret Technique","REME_ProfessionalPlagiarism"],"picked":"SKIP","floor":13},{"not_picked":["Master of Strategy","hermit:Roughhouse"],"picked":"hermit:FromBeyond","floor":14},{"not_picked":["Sadistic Nature","hermit:FinalCanter"],"picked":"Secret Weapon","floor":16},{"not_picked":["hermit:Gestalt","hermit:BodyArmor","hermit:Headshot+1"],"picked":"SKIP","floor":18},{"not_picked":["hermit:Quickdraw+1","hermit:GhostlyPresence","hermit:Adapt"],"picked":"SKIP","floor":20},{"not_picked":["HandOfGreed","hermit:Dissolve"],"picked":"hermit:FromBeyond","floor":22},{"not_picked":["REME_ProfessionalPlagiarism","hermit:FinalCanter"],"picked":"Master of Strategy","floor":24},{"not_picked":["hermit:Feint","hermit:Roulette+1","hermit:LowProfile+1"],"picked":"SKIP","floor":25},{"not_picked":["hermit:BlackWind","REME_HeartOfCthun"],"picked":"REME_Flogging","floor":27},{"not_picked":["HandOfGreed","REME_BuildACard"],"picked":"Master of Strategy","floor":28},{"not_picked":["REME_BodyOfCthun","Thinking Ahead"],"picked":"REME_EyeOfCthun+1","floor":29},{"not_picked":["hermit:Glare+1","hermit:ShadowCloak"],"picked":"REME_BodyOfCthun","floor":30},{"not_picked":["REME_ProfessionalPlagiarism","hermit:TrackingShot+1"],"picked":"Dark Shackles","floor":30},{"not_picked":["The Bomb","hermit:OverwhelmingPower"],"picked":"REME_PuzzleBox","floor":31},{"not_picked":["hermit:FlashPowder","hermit:EyeOfTheStorm+1","hermit:Vantage+1"],"picked":"REME_HeartOfCthun+1","floor":35},{"not_picked":["PanicButton","Jack Of All Trades"],"picked":"Madness","floor":38},{"not_picked":["PanicButton","REME_TheoryOfElimination"],"picked":"Bandage Up","floor":38},{"not_picked":["REME_ShortnessOfBreath","REME_AllRoundStrike+1"],"picked":"Flash of Steel+1","floor":38},{"not_picked":["REME_BattleFury","hermit:FromBeyond","hermit:RoundhouseKick+1"],"picked":"Panacea+1","floor":40},{"not_picked":["hermit:HeroicBravado","hermit:EternalForm","REME_BattleFury"],"picked":"Panache","floor":42},{"not_picked":["Secret Technique","hermit:BlackWind+1","hermit:Magnum+1","Swift Strike+1"],"picked":"SKIP","floor":47},{"not_picked":["hermit:OverwhelmingPower+1","REME_PuzzleBox","hermit:Adapt+1","Blind"],"picked":"SKIP","floor":48},{"not_picked":["Mayhem+1","REME_BodyOfCthun","Master of Strategy"],"picked":"REME_MawOfCthun","floor":54}],"player_experience":614834,"relics_obtained":[{"floor":3,"key":"PreservedInsect"},{"floor":6,"key":"Nunchaku"},{"floor":7,"key":"Ornamental Fan"},{"floor":10,"key":"Bottled Lightning"},{"floor":11,"key":"Old Coin"},{"floor":12,"key":"Gremlin Horn"},{"floor":13,"key":"CaptainsWheel"},{"floor":14,"key":"Ancient Tea Set"},{"floor":22,"key":"hermit:RyeStalk"},{"floor":24,"key":"Smiling Mask"},{"floor":26,"key":"Strawberry"},{"floor":27,"key":"REME_ArchaeologicalTools"},{"floor":28,"key":"Gambling Chip"},{"floor":29,"key":"Molten Egg 2"},{"floor":31,"key":"REME_HourglassOfDeath"},{"floor":34,"key":"Blood Vial"},{"floor":34,"key":"Akabeko"},{"floor":39,"key":"Bronze Scales"},{"floor":40,"key":"Eternal Feather"},{"floor":43,"key":"MawBank"},{"floor":47,"key":"Oddly Smooth Stone"},{"floor":48,"key":"Frozen Egg 2"},{"floor":54,"key":"Calipers"}],"event_choices":[{"cards_removed":["hermit:Horror"],"damage_healed":0,"gold_gain":0,"player_choice":"Card Removal","damage_taken":0,"max_hp_gain":0,"max_hp_loss":0,"event_name":"The Cleric","floor":2,"gold_loss":50},{"damage_healed":0,"gold_gain":0,"player_choice":"Trade","damage_taken":0,"relics_obtained":["CultistMask"],"max_hp_gain":0,"max_hp_loss":0,"event_name":"FaceTrader","floor":4,"gold_loss":0},{"damage_healed":0,"gold_gain":0,"player_choice":"Ignored","damage_taken":0,"max_hp_gain":0,"max_hp_loss":0,"event_name":"Tomb of Lord Red Mask","floor":36,"gold_loss":0},{"damage_healed":0,"gold_gain":0,"player_choice":"Memory 3","damage_taken":10,"max_hp_gain":0,"max_hp_loss":0,"event_name":"SensoryStone","floor":38,"gold_loss":0}],"is_beta":false,"boss_relics":[{"not_picked":["SacredBark","Velvet Choker"],"picked":"Philosopher\u0027s Stone"},{"not_picked":["REME_DemonsWealth","Calling Bell"],"picked":"REME_LowDesire"}],"items_purged_floors":[19,21,30,37],"is_endless":false,"potions_floor_spawned":[5,6,11,14,16,20,24,25,40,48],"ascension_level":1}}