{"host":"og21o26alpnbwmz8","time":1613574761,"event":{"mods":["Act Like it!","Aspiration","BaseMod","Conspire","Downfall","Gensokyo","GungeonMod","Halation","Hubris","Jedi Mod","Mimic Mod","Minty Spire (QoL Compilation)","Pale of the Ancients","Reliquary","Replay The Spire","Shop Mod","Spikes Relics","StSLib","The Alterego","The Blue Laboratory","The Florist","The Poker Player","Waifu the Spire","Yuri Mod"],"gold_per_floor":[99,99,99,99,99,99,125,142,42,71,56,74,88,113,127,232,232,132,151,151,151,164,181,256,285,302,317,227,238,268,285,301,406,406,306,323,420,435,435,435,488,37,37,53,53,69,69,84,104,104,104,137,61,61,61,61],"floor_reached":57,"language":"ENG","playtime":3224,"items_purged":["Spreading Infection","bronze:Strike"],"score":1281,"play_id":"060bf33f-b817-4994-a97d-a80d17c402ee","local_time":"20210217101241","is_ascension_mode":false,"campfire_choices":[{"floor":1,"key":"RECALL"},{"data":"m_Bronzebash","floor":9,"key":"SMITH"},{"data":"bronze:Separator","floor":18,"key":"SMITH"},{"data":"bronze:HardenedForm","floor":35,"key":"SMITH"},{"data":"bronze:Flail","floor":45,"key":"SMITH"},{"data":"bronze:CloningBeam","floor":47,"key":"SMITH"},{"data":"bronze:ClassDefault","floor":54,"key":"SMITH"}],"circlet_count":0,"master_deck":["bronze:Defend","bronze:Defend","bronze:Defend","bronze:Defend","bronze:Replicate","m_Bronzebash+1","bronze:Branch+1","bronze:Constructor+1","bronze:CloningBeam+1","bronze:Separator+1","bronze:FineTuning","Juggernaut","bronze:Terminator","bronze:Overload","bronze:Flail+1","bronze:ChildClass","Pot Of Greed","Pot Of Greed","bronze:HardenedForm+1","bronze:Fortify+1","bronze:Assembly","bronze:ClassDefault+1"],"relics":["downfall:HeartsMalice","m_BronzeBlood","reliquary:Buckler","downfall:HeartBlessingRed","reliquary:Boomerang","jedi:crownofsimplicity","jedi:hotpepper","downfall:HeartBlessingGreen","Grinning Jar","reliquary:OuijaBoard","ChewingGum","downfall:HeartBlessingBlue","Blue Doll","Replay:Mystery Machine","aspiration:AnachronicSnailShell","Bottled Lightning","hubris:Towel","SnailShell"],"acts_visited":["Exordium","TheCity","TheBeyond","TheEnding"],"potions_floor_usage":[13,14,22,27,56,56,56],"damage_taken":[{"damage":0,"enemies":"Small Slimes","floor":4,"turns":1},{"damage":0,"enemies":"2 Louse","floor":5,"turns":1},{"damage":0,"enemies":"Jaw Worm","floor":6,"turns":1},{"damage":6,"enemies":"3 Louse","floor":8,"turns":3},{"damage":0,"enemies":"Replay:BlueRogue","floor":10,"turns":6},{"damage":0,"enemies":"downfall:FleeingMerchant","floor":11,"turns":4},{"damage":0,"enemies":"downfall:LooterAlt","floor":12,"turns":3},{"damage":0,"enemies":"Large Slime","floor":13,"turns":3},{"damage":0,"enemies":"3 Sentries","floor":14,"turns":8},{"damage":0,"enemies":"Red Slaver","floor":15,"turns":4},{"damage":24,"enemies":"WA_ARCHETYPE_RETAIN","floor":16,"turns":5},{"damage":10,"enemies":"downfall:LooterAlt2","floor":19,"turns":5},{"damage":6,"enemies":"Shell Parasite","floor":22,"turns":4},{"damage":0,"enemies":"Sentry and Sphere","floor":23,"turns":4},{"damage":0,"enemies":"conspire:SneckoGhost","floor":25,"turns":4},{"damage":0,"enemies":"3 Cultists","floor":26,"turns":3},{"damage":2,"enemies":"Cultist and Chosen","floor":27,"turns":3},{"damage":0,"enemies":"downfall:FleeingMerchant","floor":28,"turns":4},{"damage":8,"enemies":"Centurion and Healer","floor":29,"turns":3},{"damage":0,"enemies":"conspire:Head Lice","floor":30,"turns":4},{"damage":5,"enemies":"Snake Plant","floor":31,"turns":4},{"damage":0,"enemies":"Cultist and Chosen","floor":32,"turns":7},{"damage":11,"enemies":"IC_MUSHROOM_ARCHETYPE","floor":33,"turns":6},{"damage":13,"enemies":"Orb Walker","floor":36,"turns":3},{"damage":8,"enemies":"3 Shapes","floor":38,"turns":5},{"damage":0,"enemies":"downfall:FleeingMerchant","floor":42,"turns":4},{"damage":0,"enemies":"Maw","floor":44,"turns":6},{"damage":0,"enemies":"Spire Growth","floor":46,"turns":4},{"damage":11,"enemies":"3 Darklings","floor":48,"turns":4},{"damage":0,"enemies":"Transient","floor":49,"turns":5},{"damage":38,"enemies":"DF_ARCHETYPE_ORBS","floor":50,"turns":14},{"damage":2,"enemies":"downfall:CharBossMerchant","floor":52,"turns":6},{"damage":0,"enemies":"downfall:NeowBoss","floor":55,"turns":13},{"damage":17,"enemies":"downfall:NeowBossFinal","floor":56,"turns":11}],"seed_played":"-1120847449343063575","potions_obtained":[{"floor":8,"key":"Adrenaline Potion"},{"floor":10,"key":"Adrenaline Potion"},{"floor":12,"key":"Milkshake"},{"floor":13,"key":"Ancient Potion"},{"floor":14,"key":"Energy Potion"},{"floor":23,"key":"blueLaboratory:AbyssPotion"},{"floor":26,"key":"blueLaboratory:FruitPunch"},{"floor":27,"key":"jedi:tentaclejuice"}],"is_trial":false,"path_per_floor":["R","?","?","M","M","M","T","M","R","E","$","M","M","E","M","B",null,"R","M","?","?","M","M","T","E","M","M","$","M","E","M","M","B",null,"R","M","?","M","?","?","T","$","?","M","R","M","R","M","M","B",null,"E","$","R","B","B",null],"character_chosen":"THE_AUTOMATON","items_purchased":["aspiration:AnachronicSnailShell","Bottled Lightning","bronze:Assembly","bronze:ClassDefault"],"campfire_rested":0,"item_purchase_floors":[42,42,42,53],"current_hp_per_floor":[70,70,70,70,70,70,70,70,70,70,70,70,70,70,70,52,52,52,48,48,48,48,52,52,52,52,53,53,51,53,53,53,48,53,58,51,28,26,26,26,26,32,32,38,38,44,44,39,45,13,58,58,58,58,58,47],"gold":61,"neow_bonus":"THREE_ENEMY_KILL","is_daily":false,"chose_seed":false,"campfire_upgraded":6,"win_rate":0.0,"timestamp":1613574761,"path_taken":["R","?","?","M","M","M","T","M","R","E","?","M","M","E","M","BOSS","R","M","?","?","?","M","T","E","M","M","$","M","E","M","M","BOSS","R","M","?","M","?","?","T","$","?","M","R","M","R","M","M","BOSS","E","$","R","BOSS","BOSS"],"items_purchased_type":["Relic","Relic","Card","Card"],"build_version":"2020-12-22","purchased_purges":2,"victory":true,"max_hp_per_floor":[70,70,70,70,70,70,70,70,70,70,70,70,70,70,70,70,52,52,52,52,52,52,52,52,52,52,53,53,53,53,53,53,53,53,58,58,58,58,58,58,58,58,58,58,58,58,58,58,58,58,58,58,58,58,58,58],"card_choices":[{"not_picked":["bronze:Turbo","bronze:BuggyMess","bronze:WildBeam"],"picked":"SKIP","floor":4},{"not_picked":["Reckless Charge","bronze:DarkDash"],"picked":"bronze:Branch","floor":5},{"not_picked":["bronze:Deprecate","bronze:NullPointer"],"picked":"bronze:Constructor","floor":6},{"not_picked":["bronze:Branch","bronze:Turbo"],"picked":"bronze:CloningBeam","floor":8},{"not_picked":["Metallicize","bronze:GetLatest"],"picked":"bronze:Separator","floor":10},{"not_picked":["bronze:Fortify","bronze:ForLoop","bronze:DelayedGuard"],"picked":"SKIP","floor":11},{"not_picked":["Body Slam","bronze:Branch"],"picked":"bronze:FineTuning","floor":12},{"not_picked":["bronze:Frontload","bronze:Repair","bronze:FineTuning"],"picked":"SKIP","floor":13},{"not_picked":["bronze:DelayedGuard","bronze:Shield"],"picked":"Juggernaut","floor":14},{"not_picked":["bronze:Boost","bronze:Iterate","bronze:Invalidate"],"picked":"SKIP","floor":15},{"not_picked":["bronze:Iterate","bronze:FollowUp+1"],"picked":"bronze:Terminator","floor":19},{"not_picked":["bronze:DarkDash","bronze:DelayedGuard","bronze:FollowUp"],"picked":"SKIP","floor":22},{"not_picked":["bronze:Shield","bronze:DelayedSlice","bronze:WildBeam"],"picked":"SKIP","floor":23},{"not_picked":["bronze:BurnOut","bronze:CutThrough","bronze:Turbo+1"],"picked":"SKIP","floor":25},{"not_picked":["bronze:Flail","bronze:CloningBeam","bronze:Turbo"],"picked":"SKIP","floor":26},{"not_picked":["bronze:Boost","bronze:ThunderWave","bronze:FineTuning"],"picked":"SKIP","floor":27},{"not_picked":["bronze:Invalidate+1","bronze:HyperBeam","bronze:MaxOutput"],"picked":"SKIP","floor":28},{"not_picked":["bronze:Branch","bronze:Frontload","bronze:Shield+1"],"picked":"SKIP","floor":29},{"not_picked":["bronze:CleanCode","bronze:WhirlingStrike+1","bronze:Constructor"],"picked":"SKIP","floor":30},{"not_picked":["bronze:Backtrace","bronze:Constructor","bronze:BronzeArmor"],"picked":"SKIP","floor":31},{"not_picked":["bronze:Iterate","bronze:Return+1","bronze:Shell"],"picked":"SKIP","floor":32},{"not_picked":["bronze:SpaghettiCode","bronze:Format"],"picked":"bronze:HardenedForm","floor":33},{"not_picked":["bronze:Branch","bronze:OilSpill"],"picked":"bronze:Fortify+1","floor":36},{"not_picked":["bronze:Branch+1","bronze:BuggyMess","bronze:WhirlingStrike+1"],"picked":"SKIP","floor":38},{"not_picked":["bronze:WildBeam","bronze:Shield","bronze:Deprecate"],"picked":"SKIP","floor":42},{"not_picked":["bronze:MaxOutput+1","bronze:Shield+1","bronze:Philosophize"],"picked":"SKIP","floor":44},{"not_picked":["bronze:CloningBeam+1","bronze:Constructor","bronze:Flail+1"],"picked":"SKIP","floor":46},{"not_picked":["bronze:ItsAFeature+1","bronze:DarkDash+1","bronze:Branch"],"picked":"SKIP","floor":48},{"not_picked":["bronze:Philosophize","bronze:WildBeam+1","bronze:InfiniteLoop"],"picked":"SKIP","floor":49},{"not_picked":["bronze:DelayedSlice","bronze:FineTuning","bronze:BitShift+1"],"picked":"SKIP","floor":52}],"player_experience":293780,"relics_obtained":[{"floor":7,"key":"reliquary:Buckler"},{"floor":10,"key":"reliquary:Boomerang"},{"floor":14,"key":"jedi:crownofsimplicity"},{"floor":25,"key":"Grinning Jar"},{"floor":30,"key":"reliquary:OuijaBoard"},{"floor":37,"key":"Blue Doll"},{"floor":41,"key":"Replay:Mystery Machine"},{"floor":52,"key":"SnailShell"}],"event_choices":[{"damage_healed":0,"gold_gain":0,"player_choice":"Leave","damage_taken":0,"max_hp_gain":0,"max_hp_loss":0,"event_name":"conspire:Investor","floor":39,"gold_loss":0},{"damage_healed":0,"gold_gain":0,"player_choice":"Ignored","damage_taken":0,"max_hp_gain":0,"max_hp_loss":0,"event_name":"Mysterious Sphere","floor":40,"gold_loss":0}],"is_beta":false,"boss_relics":[{"not_picked":["Tiny House","aspiration:SecretTechniqueScroll"],"picked":"jedi:hotpepper"},{"not_picked":["aspiration:DefectSkillbook","Black Star"],"picked":"ChewingGum"}],"items_purged_floors":[28,42],"is_endless":false,"potions_floor_spawned":[8,10,12,13,14,16,23,26,27,29,31,38,44,48],"ascension_level":0}}