{"host":"68ghyws2y4huvzbn","time":1613555374,"event":{"mods":["2.2 Compatiblity","Act Like it!","BaseMod","Better Silent Start","Better Skull","Better-Laid Plans","Colored Map","Colored Powertips","Gensokyo","Minty Spire (QoL Compilation)","Rare Cards Sparkle","StSLib","[IsaacMod]ÒÔÈö¼âËþ"],"gold_per_floor":[119,130,130,140,155,187,204,204,276,91,91,101,120,45,45,45,45],"floor_reached":16,"language":"ZHS","playtime":507,"items_purged":["Bash"],"score":104,"play_id":"d388222d-0ac9-4477-8b38-90ecbe4e71dd","local_time":"20210217174934","is_ascension_mode":false,"campfire_choices":[{"data":"Flex","floor":8,"key":"SMITH"},{"data":"Gensokyo:TekeTeke","floor":11,"key":"SMITH"},{"data":"Heavy Blade","floor":15,"key":"SMITH"}],"circlet_count":0,"master_deck":["Strike_R","Strike_R","Strike_R","Strike_R","Strike_R","Defend_R","Defend_R","Defend_R","Defend_R","Trip","Flex+1","Heavy Blade+1","Headbutt","Sword Boomerang","Headbutt","Flex","Gensokyo:TekeTeke+1"],"relics":["Burning Blood","HushsDoor","DoctorsRemote","Regal Pillow","Darkstone Periapt"],"acts_visited":["Gensokyo:Gensokyo"],"potions_floor_usage":[16,16],"damage_taken":[{"damage":11,"enemies":"Gensokyo:2_Kodama","floor":1,"turns":3},{"damage":6,"enemies":"Gensokyo:Python","floor":2,"turns":3},{"damage":7,"enemies":"Gensokyo:Gryphon","floor":4,"turns":3},{"damage":0,"enemies":"Gensokyo:LivingMonolith","floor":5,"turns":2},{"damage":24,"enemies":"Gensokyo:Mamizou","floor":6,"turns":7},{"damage":13,"enemies":"Gensokyo:3_Kodama","floor":7,"turns":3},{"damage":12,"enemies":"Gensokyo:Kitsune","floor":12,"turns":2},{"damage":7,"enemies":"Gensokyo:2_Rabbits","floor":13,"turns":3},{"damage":69,"enemies":"Gensokyo:Yukari","floor":16,"turns":9}],"seed_played":"-7204911070405428593","potions_obtained":[{"floor":4,"key":"DuplicationPotion"},{"floor":5,"key":"GamblersBrew"},{"floor":6,"key":"BloodPotion"}],"is_trial":false,"path_per_floor":["M","M","?","M","M","E","M","R","T","COS","R","M","M","$","R","B"],"character_chosen":"IRONCLAD","items_purchased":[],"campfire_rested":0,"item_purchase_floors":[],"current_hp_per_floor":[75,75,75,74,80,62,55,55,55,55,55,49,48,48,48,0,0],"gold":45,"neow_bonus":"RANDOM_COLORLESS","is_daily":false,"chose_seed":false,"campfire_upgraded":3,"win_rate":0.0,"timestamp":1613555374,"path_taken":["M","M","?","M","?","E","M","R","T","COS","R","M","M","$","R","BOSS"],"items_purchased_type":[],"build_version":"2020-12-22","purchased_purges":1,"victory":false,"max_hp_per_floor":[80,80,80,80,80,80,80,80,80,80,80,80,80,80,80,80,80],"card_choices":[{"not_picked":[],"picked":"ChaosCard","floor":0},{"not_picked":["Bomb","Dark Shackles"],"picked":"Trip","floor":0},{"not_picked":["Heavy Blade","Burning Pact"],"picked":"Flex","floor":1},{"not_picked":["Infernal Blade","Searing Blow"],"picked":"Heavy Blade","floor":2},{"not_picked":["Wild Strike","Thunderclap"],"picked":"Headbutt","floor":3},{"not_picked":["Battle Trance","Flex"],"picked":"Sword Boomerang","floor":4},{"not_picked":["Pummel","Warcry"],"picked":"Headbutt","floor":5},{"not_picked":["Rampage","Double Tap"],"picked":"Flex","floor":6},{"not_picked":["Flame Barrier","Disarm","True Grit"],"picked":"SKIP","floor":7},{"not_picked":["Anger","Sentinel","Clash"],"picked":"SKIP","floor":12},{"not_picked":["Entrench","Burning Pact","Warcry"],"picked":"SKIP","floor":13}],"player_experience":170176,"relics_obtained":[{"floor":6,"key":"Regal Pillow"},{"floor":9,"key":"Darkstone Periapt"}],"event_choices":[],"is_beta":false,"boss_relics":[],"items_purged_floors":[14],"is_endless":false,"potions_floor_spawned":[4,5,6],"killed_by":"Gensokyo:Yukari","ascension_level":0}}