{"host":"m6rwrrl4vtok99e8","time":1613537075,"event":{"mods":["ATMod(??Mod)","Act Like it!","Arknights","Aspiration","BaseMod","Colored Powertips","Downfall","KomeijiMod","LagranYue(???·?)","Lobotomy","Marisa????????","Minty Spire (QoL Compilation)","Quick Restart","Reliquary","Remilia??????","Replay The Spire","Spicy Shops","StSLib","The Bug Knight","The Hierophant","The Servant 0.9.4","Waifu the Spire","WarShipGirlsR/????R mod","Yakumo Yukari mod","Youmu??????","Yuri Mod"],"gold_per_floor":[117,117,117,134,153,153,179,29,29,29,56,72,87,37,37,140,140,158,158,158,9,45,45,75,105,105,105,161,161,161,187,187,309,359,393,393,21,21,64,64,118,118,118,118,154,54,150,203,203,237,237],"floor_reached":50,"language":"ZHS","playtime":2120,"items_purged":["Alleviate","Writhe"],"score":544,"play_id":"4deff371-724d-4ae8-be03-beff771af242","local_time":"20210217124435","is_ascension_mode":false,"campfire_choices":[{"data":"SurpressingFire","floor":6,"key":"SMITH"},{"data":"AT_DrawKnifeCut","floor":10,"key":"SMITH"},{"floor":15,"key":"REST"},{"data":"SilverBlades","floor":23,"key":"SMITH"},{"data":"RealityMarble","floor":27,"key":"SMITH"},{"floor":30,"key":"REST"},{"floor":32,"key":"DIG"},{"floor":40,"key":"REST"},{"floor":42,"key":"REST"},{"floor":44,"key":"REST"},{"floor":49,"key":"REST"}],"circlet_count":0,"master_deck":["Strike_S","Strike_S","Strike_S","Strike_S+1","Defend_S","Defend_S","Defend_S","Defend_S","KidneyShot+1","Exchange","AT_DrawKnifeCut+1","Rearm","Inflame+1","RealityMarble+1","SurpressingFire+1","Heavy Blade","Starlight","Double Tap","AbeCurse","SilverBlades+1","ShatteredReality+1","Initiator","Violence"],"relics":["AT_ATBox","LagranYue:RandomDrawCardRelic","m_ScarletBlood","Bag of Preparation","Red Skull","Thread and Needle","Vajra","Abe\u0027s Treasure","Replay:Bandana","Medical Kit","Pantograph","Red Mask","ReplayTheSpireMod:Lightbulb","reliquary:BallBearing","Replay:Grab Bag","Fusion Hammer","Busted Crown","Tiny House","AT_LudenTempest","Blood Vial","AT_ArchangelStaff","HollowMod:PaleOreRelic"],"acts_visited":["Exordium","TheCity","TheBeyond"],"potions_floor_usage":[33,41,41,50],"damage_taken":[{"damage":0.0,"enemies":"Cultist","floor":1.0,"turns":3.0},{"damage":0.0,"enemies":"2 Louse","floor":4.0,"turns":1.0},{"damage":11,"enemies":"Jaw Worm","floor":5,"turns":3},{"damage":12,"enemies":"Lagavulin","floor":7,"turns":6},{"damage":6,"enemies":"Large Slime","floor":12,"turns":3},{"damage":0,"enemies":"2 Fungi Beasts","floor":13,"turns":1},{"damage":15,"enemies":"The Guardian","floor":16,"turns":8},{"damage":26,"enemies":"2 Thieves","floor":18,"turns":4},{"damage":0,"enemies":"Spheric Guardian","floor":22,"turns":3},{"damage":24,"enemies":"Shelled Parasite and Fungi","floor":24,"turns":4},{"damage":10,"enemies":"Snecko","floor":25,"turns":4},{"damage":25,"enemies":"Masked Bandits","floor":28,"turns":4},{"damage":48,"enemies":"Champ","floor":33,"turns":7},{"damage":18,"enemies":"3 Shapes","floor":35,"turns":3},{"damage":7,"enemies":"3 Darklings","floor":39,"turns":3},{"damage":32,"enemies":"Nemesis","floor":41,"turns":5},{"damage":25,"enemies":"Sphere and 2 Shapes","floor":45,"turns":4},{"damage":6,"enemies":"R_Hoarder","floor":48,"turns":4},{"damage":61,"enemies":"Replay:Hell Engine","floor":50,"turns":4}],"seed_played":"4832434734164193746","potions_obtained":[{"floor":1.0,"key":"FearPotion"},{"floor":12,"key":"DuplicationPotion"},{"floor":24,"key":"PowerPotion"},{"floor":34,"key":"Explosive Potion"},{"floor":39,"key":"Elixir"},{"floor":48,"key":"Milkshake"}],"is_trial":false,"path_per_floor":["M","?","?","M","M","R","E","$","T","R","T","M","M","?","R","B",null,"M","?","?","$","M","R","M","M","T","R","?","?","R","T","R","B",null,"M","?","$","?","M","R","E","R","T","R","M","$","?","E","R","B"],"character_chosen":"THE_SERVANT","items_purchased":["Red Skull","Medical Kit","AT_LudenTempest"],"campfire_rested":6,"item_purchase_floors":[8,21,37],"current_hp_per_floor":[65,65,65,65,54,54,42,42,42,42,42,36,36,36,55,40,65,39,39,65,65,65,65,41,31,31,31,6,6,25,25,25,2,70,52,52,52,70,63,70,38,59,59,70,45,45,17,13,34,0,0],"gold":237,"neow_bonus":"RANDOM_EVENT","is_daily":false,"chose_seed":false,"campfire_upgraded":4,"win_rate":0.0,"timestamp":1613537075,"path_taken":["M","?","?","?","M","R","E","?","T","R","?","M","M","?","R","BOSS","M","?","?","$","M","R","?","M","T","R","?","?","R","?","R","BOSS","M","?","$","?","M","R","E","R","T","R","M","?","?","E","R","BOSS"],"items_purchased_type":["Relic","Relic","Relic"],"build_version":"2020-12-22","purchased_purges":2,"victory":false,"max_hp_per_floor":[65,65,65,65,65,65,65,65,65,65,65,65,65,65,65,65,65,65,65,65,65,65,65,65,65,65,65,65,65,65,65,65,65,70,70,70,70,70,70,70,70,70,70,70,70,70,70,70,70,70,70],"card_choices":[{"not_picked":["Advance","Replace"],"picked":"Rearm","floor":1.0},{"not_picked":["Heavy Blade","ShatteredReality"],"picked":"RealityMarble","floor":4.0},{"not_picked":["Starlight","Gouge"],"picked":"SurpressingFire","floor":5},{"not_picked":["TimeWarp","ShiftingGears"],"picked":"Ricochet","floor":7},{"not_picked":["TimeWarp","Revamp"],"picked":"Heavy Blade","floor":12},{"not_picked":["Alleviate","Ricochet"],"picked":"Starlight","floor":13},{"not_picked":["Dilation","Deny"],"picked":"Double Tap","floor":16},{"not_picked":["Sabotage+1","Rearm"],"picked":"SilverBlades","floor":18},{"not_picked":["Advance+1","Defy"],"picked":"ShatteredReality+1","floor":22},{"not_picked":["Alleviate","TimeWarp","Replace"],"picked":"SKIP","floor":24},{"not_picked":["Ricochet","BottledTime+1","Alleviate"],"picked":"SKIP","floor":25},{"not_picked":["Duplication","SoulSculpture"],"picked":"Initiator","floor":33},{"not_picked":[],"picked":"Alleviate","floor":34},{"not_picked":["Reset"],"picked":"SKIP","floor":35},{"not_picked":[],"picked":"Violence","floor":36},{"not_picked":["Unruled+1"],"picked":"SKIP","floor":39},{"not_picked":["Read+1"],"picked":"SKIP","floor":41},{"not_picked":["Ricochet"],"picked":"SKIP","floor":45},{"not_picked":["Snipe"],"picked":"SKIP","floor":48}],"player_experience":30481,"relics_obtained":[{"floor":7,"key":"Bag of Preparation"},{"floor":9,"key":"Thread and Needle"},{"floor":11,"key":"Vajra"},{"floor":26,"key":"Pantograph"},{"floor":28,"key":"Red Mask"},{"floor":31,"key":"ReplayTheSpireMod:Lightbulb"},{"floor":32,"key":"reliquary:BallBearing"},{"floor":41,"key":"Blood Vial"},{"floor":47,"key":"AT_ArchangelStaff"},{"floor":48,"key":"HollowMod:PaleOreRelic"}],"event_choices":[{"damage_healed":0.0,"max_hp_gain":0.0,"max_hp_loss":0.0,"gold_gain":0.0,"event_name":"Upgrade Shrine","player_choice":"Upgraded","floor":3.0,"gold_loss":0.0,"damage_taken":0.0,"cards_upgraded":["Inflame"]},{"cards_removed":["Ricochet"],"damage_healed":0,"gold_gain":0,"player_choice":"Card Removal","damage_taken":0,"max_hp_gain":0,"max_hp_loss":0,"event_name":"The Cleric","floor":14,"gold_loss":50},{"damage_healed":26,"gold_gain":0,"player_choice":"Full Heal","damage_taken":0,"max_hp_gain":0,"max_hp_loss":0,"event_name":"Wheel of Change","floor":20,"gold_loss":0},{"damage_healed":0,"gold_gain":0,"player_choice":"Fought Bandits","damage_taken":0,"max_hp_gain":0,"max_hp_loss":0,"event_name":"Masked Bandits","floor":28,"gold_loss":0},{"damage_healed":0,"gold_gain":0,"player_choice":"Memory 1","damage_taken":0,"max_hp_gain":0,"max_hp_loss":0,"event_name":"SensoryStone","floor":36,"gold_loss":0},{"damage_healed":18,"gold_gain":0,"player_choice":"Writhe","damage_taken":0,"max_hp_gain":0,"max_hp_loss":0,"event_name":"Winding Halls","floor":38,"gold_loss":0,"cards_obtained":["Writhe"]}],"is_beta":false,"boss_relics":[{"not_picked":["Runic Dome","aspiration:RunicSpoon"],"picked":"Abe\u0027s Treasure"},{"not_picked":["aspiration:DefectSkillbook","LagranYue:ContractPerformanceRelic"],"picked":"Replay:Grab Bag"},{"not_picked":["Cursed Key","Coffee Dripper"],"picked":"Fusion Hammer"},{"not_picked":["SlaversCollar","Velvet Choker"],"picked":"Busted Crown"},{"not_picked":["aspiration:WatcherSkillbook","aspiration:RitualDagger"],"picked":"Tiny House"}],"items_purged_floors":[37,46],"is_endless":false,"potions_floor_spawned":[1,12,24,28,39,48],"killed_by":"Replay:Hell Engine","ascension_level":0}}