{"host":"aaqofma31c3gm2hj","time":1613538897,"event":{"mods":["BaseMod","GungeonMod","Minty Spire (QoL Compilation)","Replay The Spire","Spicy Shops","StSLib"],"gold_per_floor":[111,111,122,122,47,75,75,87,87,87,137,137,156,188,188,205,205,205,277,277,297,297,79,79,89,119,119,154,174,174,174,209,209,64,64,75,75,75,151,151,169,6,6,22,72,102,117,4,4,4,15,31,60,77,77,77,77,77,77,77,103,103],"floor_reached":63,"language":"ZHS","playtime":2162,"items_purged":["Strike_G","Strike_G","Defend_G","Decay","Accuracy+1","Voices","Blade Dance+1"],"score":3241,"play_id":"d4028a44-c290-4746-acf4-40d49ad0db37","local_time":"20210217131457","is_ascension_mode":true,"campfire_choices":[{"data":"Blade Dance","floor":7.0,"key":"SMITH"},{"data":"Accuracy","floor":9.0,"key":"SMITH"},{"data":"Prepared","floor":12.0,"key":"SMITH"},{"data":"Terror","floor":17.0,"key":"SMITH"},{"floor":18.0,"key":"RECALL"},{"data":"Reflex","floor":27.0,"key":"SMITH"},{"data":"Accuracy","floor":33.0,"key":"SMITH"},{"floor":37.0,"key":"REST"},{"data":"Defend_G","floor":38.0,"key":"PURGE"},{"data":"Escape Plan","floor":50.0,"key":"SMITH"},{"data":"Survivor","floor":55.0,"key":"SMITH"}],"circlet_count":0,"master_deck":["AscendersBane","Survivor+1","Neutralize+1","Prepared+1","Reflex+1","Terror+1","Acrobatics+1","Eviscerate+1","Accuracy+1","Clumsy","Prepared+1","Escape Plan+1","Backflip+1","After Image","Tactician+1"],"relics":["Ring of the Snake","NeowsBlessing","Pocketwatch","Torii","HornCleat","Durian","Astrolabe","Membership Card","DemoMod:DecoyRelic","Centennial Puzzle","DemoMod:MonsterBlood","DemoMod:Bottle","Strawberry","Medical Kit","Replay:Grab Bag","SlaversCollar","Coffee Dripper","Kintsugi","ReplayTheSpireMod:CursedCoin","CaptainsWheel","DemoMod:GreenGuonStone","DemoMod:GlassGuonStoneRelic","Quantum Egg","Lizard Tail","Replay:Mystery Machine"],"acts_visited":["Exordium","TheCity","TheBeyond","TheEnding"],"potions_floor_usage":[62,62,62],"damage_taken":[{"damage":0.0,"enemies":"Cultist","floor":1.0,"turns":1.0},{"damage":0.0,"enemies":"Jaw Worm","floor":3.0,"turns":1.0},{"damage":0.0,"enemies":"Lagavulin","floor":6.0,"turns":1.0},{"damage":1.0,"enemies":"2 Louse","floor":8.0,"turns":3.0},{"damage":1.0,"enemies":"Looter","floor":13.0,"turns":4.0},{"damage":1.0,"enemies":"3 Sentries","floor":14.0,"turns":8.0},{"damage":1.0,"enemies":"Blue Slaver","floor":16.0,"turns":3.0},{"damage":25.0,"enemies":"Slime Boss","floor":19.0,"turns":7.0},{"damage":0.0,"enemies":"3 Byrds","floor":21.0,"turns":4.0},{"damage":6.0,"enemies":"Shell Parasite","floor":25.0,"turns":3.0},{"damage":0.0,"enemies":"Gremlin Leader","floor":26.0,"turns":3.0},{"damage":1.0,"enemies":"Replay:Snechameleon","floor":28.0,"turns":3.0},{"damage":0.0,"enemies":"Chosen and Byrds","floor":29.0,"turns":3.0},{"damage":0.0,"enemies":"Book of Stabbing","floor":32.0,"turns":3.0},{"damage":6.0,"enemies":"Centurion and Healer","floor":36.0,"turns":2.0},{"damage":7.0,"enemies":"Pondfish","floor":39.0,"turns":5.0},{"damage":0.0,"enemies":"Orb Walker","floor":41.0,"turns":1.0},{"damage":0.0,"enemies":"3 Darklings","floor":44.0,"turns":1.0},{"damage":9.0,"enemies":"R_Hoarder","floor":46.0,"turns":5.0},{"damage":0.0,"enemies":"Jaw Worm Horde","floor":47.0,"turns":1.0},{"damage":0.0,"enemies":"4 Shapes","floor":51.0,"turns":1.0},{"damage":0.0,"enemies":"Writhing Mass","floor":52.0,"turns":2.0},{"damage":0.0,"enemies":"Nemesis","floor":53.0,"turns":1.0},{"damage":0.0,"enemies":"Replay:Hell Engine","floor":56.0,"turns":1.0},{"damage":0.0,"enemies":"Time Eater","floor":57.0,"turns":5.0},{"damage":0.0,"enemies":"Shield and Spear","floor":61.0,"turns":1.0},{"damage":6,"enemies":"The Heart","floor":62,"turns":5}],"seed_played":"-6462505041783509642","potions_obtained":[{"floor":1.0,"key":"SkillPotion"},{"floor":8.0,"key":"Milkshake"},{"floor":14.0,"key":"Strength Potion"},{"floor":16.0,"key":"Adrenaline Potion"},{"floor":19.0,"key":"LifebloodPotion"},{"floor":41.0,"key":"SteroidPotion"},{"floor":46.0,"key":"ColorlessPotion"},{"floor":52.0,"key":"DemoMod:LeadSkinPotion"}],"is_trial":false,"path_per_floor":["M","?","M","T","$","E","R","M","R","T","T","R","M","E","?","M","R","R","B",null,"M","?","$","?","M","E","R","E","M","T","T","E","R","$","?","M","R","R","B",null,"M","$","?","M","$","E","M","$","T","R","M","M","E","?","R","B","B",null,"R","$","E","B",null],"character_chosen":"THE_SILENT","items_purchased":["Membership Card","Medical Kit","ReplayTheSpireMod:CursedCoin","After Image"],"campfire_rested":1,"item_purchase_floors":[23,34,45,60],"current_hp_per_floor":[59,59,59,59,59,59,59,58,58,58,58,58,57,61,61,60,60,60,35,62,62,62,62,62,56,56,56,55,55,62,62,69,69,69,69,63,85,85,78,83,83,83,83,83,83,74,74,74,74,74,74,74,74,46,46,46,46,75,75,75,75,69],"gold":103,"neow_bonus":"THREE_ENEMY_KILL","is_daily":false,"chose_seed":false,"campfire_upgraded":8,"win_rate":0.0,"timestamp":1613538897,"path_taken":["M","?","M","?","$","E","R","M","R","T","T","R","M","E","?","M","R","R","BOSS","M","?","$","?","M","E","R","E","M","T","T","E","R","?","?","M","R","R","BOSS","M","$","?","M","$","E","?","?","T","R","M","M","E","?","R","BOSS","BOSS","R","$","E","BOSS"],"items_purchased_type":["Relic","Relic","Relic","Card"],"build_version":"2020-12-22","purchased_purges":7,"victory":true,"max_hp_per_floor":[66,66,66,66,66,66,66,66,66,66,66,66,66,71,71,71,71,71,71,71,71,71,71,71,71,71,71,71,71,78,78,85,85,85,85,85,85,85,85,85,85,85,85,85,85,85,85,85,85,85,85,85,85,85,85,85,85,85,85,85,85,85],"card_choices":[{"not_picked":["Heel Hook","Eviscerate"],"picked":"Blade Dance","floor":1.0},{"not_picked":["Quick Slash","Dagger Spray"],"picked":"Accuracy","floor":3.0},{"not_picked":["Dagger Throw","PiercingWail"],"picked":"Prepared","floor":6.0},{"not_picked":["Prepared","Deflect"],"picked":"Reflex","floor":8.0},{"not_picked":["Dodge and Roll","PiercingWail"],"picked":"Terror","floor":13.0},{"not_picked":["Poisoned Stab","ReplayTheSpireMod:Tripwire","Atom Bomb"],"picked":"SKIP","floor":14.0},{"not_picked":["Bane","Dagger Throw"],"picked":"Hidden Blade","floor":16.0},{"not_picked":["Prepared","Caltrops","Bane"],"picked":"SKIP","floor":21.0},{"not_picked":["Underhanded Strike","Outmaneuver","Toxin Wave"],"picked":"SKIP","floor":25.0},{"not_picked":["Heel Hook","Poisoned Stab","Cloak And Dagger"],"picked":"SKIP","floor":26.0},{"not_picked":["Dagger Spray+1","Skewer"],"picked":"Hidden Blade","floor":28.0},{"not_picked":["All Out Attack","Blade Dance","Fluid Movement+1"],"picked":"SKIP","floor":29.0},{"not_picked":["Caltrops","Blade Dance"],"picked":"Accuracy","floor":32.0},{"not_picked":["Deflect","ReplayTheSpireMod:Exploit Weakness","Deadly Poison"],"picked":"SKIP","floor":36.0},{"not_picked":["PiercingWail","Deadly Poison"],"picked":"Prepared+1","floor":41.0},{"not_picked":["Cloak And Dagger","Dagger Throw","Draining Mist"],"picked":"SKIP","floor":44.0},{"not_picked":["Night Terror","ReplayTheSpireMod:Shiv Toss+1"],"picked":"Escape Plan","floor":46.0},{"not_picked":["Prepared+1","Flechettes","PiercingWail"],"picked":"SKIP","floor":47.0},{"not_picked":["Dodge and Roll","Flying Knee","Infinite Blades"],"picked":"SKIP","floor":51.0},{"not_picked":["Quick Slash","PiercingWail","Flying Knee"],"picked":"SKIP","floor":52.0},{"not_picked":["Dodge and Roll+1","Dagger Spray","Distraction"],"picked":"SKIP","floor":53.0},{"not_picked":["Dagger Spray","Backstab"],"picked":"Backflip+1","floor":54.0},{"not_picked":["Setup+1","Doppelganger"],"picked":"Tactician+1","floor":61.0}],"player_experience":673447,"relics_obtained":[{"floor":4.0,"key":"Pocketwatch"},{"floor":6.0,"key":"Torii"},{"floor":10.0,"key":"HornCleat"},{"floor":14.0,"key":"Durian"},{"floor":26.0,"key":"DemoMod:DecoyRelic"},{"floor":28.0,"key":"Centennial Puzzle"},{"floor":30.0,"key":"DemoMod:MonsterBlood"},{"floor":31.0,"key":"DemoMod:Bottle"},{"floor":32.0,"key":"Strawberry"},{"floor":46.0,"key":"CaptainsWheel"},{"floor":49.0,"key":"DemoMod:GreenGuonStone"},{"floor":53.0,"key":"Quantum Egg"},{"floor":54.0,"key":"Lizard Tail"},{"floor":61.0,"key":"Replay:Mystery Machine"}],"event_choices":[{"damage_healed":0.0,"max_hp_gain":0.0,"max_hp_loss":0.0,"gold_gain":0.0,"event_name":"Liars Game","player_choice":"Ignored","floor":15.0,"gold_loss":0.0,"damage_taken":0.0},{"cards_removed":["Strike_G"],"damage_healed":0.0,"max_hp_gain":0.0,"max_hp_loss":0.0,"gold_gain":0.0,"event_name":"Back to Basics","player_choice":"Elegance","floor":22.0,"gold_loss":0.0,"damage_taken":0.0},{"damage_healed":0.0,"max_hp_gain":0.0,"max_hp_loss":0.0,"gold_gain":0.0,"event_name":"Accursed Blacksmith","player_choice":"Forge","floor":43.0,"gold_loss":0.0,"damage_taken":0.0,"cards_upgraded":["Neutralize"]}],"is_beta":false,"boss_relics":[{"not_picked":["Velvet Choker","Replay:Ancient Bell"],"picked":"Astrolabe"},{"not_picked":["Philosopher\u0027s Stone","Tiny House"],"picked":"Replay:Grab Bag"},{"not_picked":["Cursed Key","Busted Crown"],"picked":"SlaversCollar"},{"not_picked":["ChewingGum","Fusion Hammer"],"picked":"Coffee Dripper"},{"not_picked":["Honey Jar","Snecko Eye"],"picked":"Kintsugi"}],"items_purged_floors":[5,23,34,42,42,45,48],"is_endless":false,"potions_floor_spawned":[1,8,14,16,19,26,28,41,46,52],"ascension_level":20}}