{"host":"goj2s4fnav97bn09","time":1613586989,"event":{"mods":["AchievementEnabler","BaseMod","Colored Map","GifTheSpireLib","Minty Spire (QoL Compilation)","StSLib"],"gold_per_floor":[118,118,138,154,154,189,189,201,226,237,264,276,301,318,318,414,414,432,443,358,358,371,371,371],"floor_reached":23,"language":"ENG","playtime":906,"items_purged":[],"score":269,"play_id":"f6fd3677-ddc2-4696-8ddd-8a3513c1d156","local_time":"20210217123629","is_ascension_mode":true,"campfire_choices":[{"data":"Zap","floor":7,"key":"SMITH"},{"floor":15,"key":"REST"}],"circlet_count":0,"master_deck":["Strike_B","Defend_B","Defend_B","Defend_B","Defend_B","Zap+1","Dualcast+1","Streamline","Ball Lightning","Double Energy","Force Field+1","Go for the Eyes","Redo","Cold Snap","Conserve Battery","Coolheaded","Redo","Loop","Echo Form","Consume+1","Sweeping Beam+1","Sunder"],"relics":["Cracked Core","DataDisk","War Paint","Lantern","Blue Candle","Inserter","White Beast Statue"],"acts_visited":["Exordium","TheCity"],"potions_floor_usage":[6,6,12,16,22,22,23,23],"damage_taken":[{"damage":0,"enemies":"Small Slimes","floor":1,"turns":2},{"damage":1,"enemies":"Cultist","floor":3,"turns":3},{"damage":0,"enemies":"2 Louse","floor":4,"turns":2},{"damage":22,"enemies":"Lagavulin","floor":6,"turns":6},{"damage":4,"enemies":"Red Slaver","floor":8,"turns":2},{"damage":0,"enemies":"3 Louse","floor":10,"turns":2},{"damage":17,"enemies":"3 Sentries","floor":11,"turns":6},{"damage":5,"enemies":"Gremlin Gang","floor":12,"turns":3},{"damage":13,"enemies":"Lagavulin","floor":13,"turns":5},{"damage":3,"enemies":"2 Fungi Beasts","floor":14,"turns":2},{"damage":19,"enemies":"The Guardian","floor":16,"turns":10},{"damage":13,"enemies":"Spheric Guardian","floor":18,"turns":4},{"damage":35,"enemies":"3 Byrds","floor":19,"turns":4},{"damage":8,"enemies":"Snecko","floor":22,"turns":6},{"damage":11,"enemies":"Slavers","floor":23,"turns":2}],"seed_played":"6993910159582218257","potions_obtained":[{"floor":3,"key":"SkillPotion"},{"floor":4,"key":"SkillPotion"},{"floor":8,"key":"FocusPotion"},{"floor":10,"key":"Strength Potion"},{"floor":12,"key":"Weak Potion"},{"floor":14,"key":"AttackPotion"},{"floor":19,"key":"SpeedPotion"},{"floor":22,"key":"Block Potion"}],"is_trial":false,"path_per_floor":["M","?","M","M","?","E","R","M","T","M","E","M","E","M","R","B",null,"M","M","?","?","M","E"],"character_chosen":"DEFECT","items_purchased":[],"campfire_rested":1,"item_purchase_floors":[],"current_hp_per_floor":[75,75,74,74,74,52,52,48,48,48,31,26,13,10,32,13,60,47,12,12,12,4,0,0],"gold":371,"neow_bonus":"TRANSFORM_CARD","is_daily":false,"chose_seed":false,"campfire_upgraded":1,"win_rate":0.0,"timestamp":1613586989,"path_taken":["M","?","?","M","?","E","R","M","T","M","E","M","E","M","R","BOSS","M","M","?","?","M","E"],"items_purchased_type":[],"build_version":"2020-12-22","purchased_purges":0,"victory":false,"max_hp_per_floor":[75,75,75,75,75,75,75,75,75,75,75,75,75,75,75,75,75,75,75,75,75,75,75,75],"card_choices":[{"not_picked":["Sweeping Beam","Stack"],"picked":"Streamline","floor":1},{"not_picked":["Sweeping Beam","Undo"],"picked":"Ball Lightning","floor":3},{"not_picked":["Glacier","Go for the Eyes"],"picked":"Double Energy","floor":4},{"not_picked":["BootSequence","Turbo"],"picked":"Go for the Eyes","floor":6},{"not_picked":["Beam Cell","Steam Power"],"picked":"Redo","floor":8},{"not_picked":["Streamline","Barrage"],"picked":"Cold Snap","floor":10},{"not_picked":["Ball Lightning","Go for the Eyes"],"picked":"Conserve Battery","floor":11},{"not_picked":["Amplify","Steam"],"picked":"Coolheaded","floor":12},{"not_picked":["Conserve Battery","Cold Snap"],"picked":"Redo","floor":13},{"not_picked":["Stack","Steam"],"picked":"Loop","floor":14},{"not_picked":["Electrodynamics","Thunder Strike"],"picked":"Echo Form","floor":16},{"not_picked":["Turbo","Leap+1"],"picked":"Consume+1","floor":18},{"not_picked":["Go for the Eyes","Reinforced Body"],"picked":"Sweeping Beam+1","floor":19},{"not_picked":["Ball Lightning","Turbo+1"],"picked":"Sunder","floor":22}],"player_experience":325864,"relics_obtained":[{"floor":6,"key":"DataDisk"},{"floor":9,"key":"War Paint"},{"floor":11,"key":"Lantern"},{"floor":13,"key":"Blue Candle"}],"event_choices":[{"cards_removed":["Reprogram"],"damage_healed":0,"gold_gain":0,"player_choice":"Offered Uncommon","damage_taken":0,"max_hp_gain":0,"max_hp_loss":0,"event_name":"Bonfire Elementals","floor":2,"gold_loss":0},{"damage_healed":0,"gold_gain":0,"cards_transformed":["Strike_B"],"player_choice":"Transformed","damage_taken":0,"max_hp_gain":0,"max_hp_loss":0,"event_name":"Transmorgrifier","floor":5,"gold_loss":0,"cards_obtained":["Force Field"]},{"damage_healed":0,"gold_gain":0,"player_choice":"Obtained Relic","damage_taken":0,"relics_obtained":["White Beast Statue"],"max_hp_gain":0,"max_hp_loss":0,"event_name":"Addict","floor":20,"gold_loss":85},{"cards_removed":["Strike_B"],"damage_healed":0,"gold_gain":0,"player_choice":"Purged","damage_taken":0,"max_hp_gain":0,"max_hp_loss":0,"event_name":"Purifier","floor":21,"gold_loss":0}],"is_beta":false,"boss_relics":[{"not_picked":["Black Star","SlaversCollar"],"picked":"Inserter"}],"items_purged_floors":[],"is_endless":false,"potions_floor_spawned":[3,4,8,10,12,14,19,22],"killed_by":"Slavers","ascension_level":5}}