{"host":"plzv31qd94m7lu76","time":1613540311,"event":{"mods":["BaseMod","Downfall","GifTheSpireLib","Minty Spire (QoL Compilation)","Random Character Button","StSLib","Unceasing Turn Reminder"],"gold_per_floor":[99,99,99,99,84,111,135,151,170,170,14,164,190,210,229,337,337,349,387,31,31,16,36,60,45,69,69,69,69],"floor_reached":27,"language":"ENG","playtime":1189,"items_purged":["downfall:Icky"],"score":211,"play_id":"689b31f8-8a87-478b-a880-63b5646f582d","local_time":"20210217063831","is_ascension_mode":false,"campfire_choices":[{"data":"hexamod:Sear","floor":1,"key":"SMITH"},{"data":"hexamod:HexaLevel","floor":18,"key":"SMITH"}],"circlet_count":0,"master_deck":["hexamod:Strike","hexamod:Strike","hexamod:Strike","hexamod:Defend","hexamod:Defend","hexamod:Defend","hexamod:Defend","hexamod:Sear+1","hexamod:Float","hexamod:FastForward","hexamod:FourthSeal","hexamod:FastForward","hexamod:SoulSteal","hexamod:NightmareStrike","hexamod:SecondSeal","hexamod:FlamesFromBeyond","hexamod:HeatShield","hexamod:ForkedFlame","hexamod:ShieldOfDarkness","hexamod:HauntingEcho","hexamod:HexaLevel+1","CurseOfTheBell","hexamod:RetreatToShadows+1","expansioncontent:QuickStudy","hexamod:PhantomCloak","hexamod:EmpoweredFlame","hexamod:GhostflameBarrier+1"],"relics":["hexamod:SpiritBrand","downfall:HeartsMalice","Blue Candle","Potion Belt","Calling Bell","MawBank","Gremlin Horn","Du-Vu Doll","Membership Card","Dream Catcher","Tiny Chest"],"acts_visited":["Exordium","TheCity"],"potions_floor_usage":[6,9,11,16,16,16,16,16,19,23,23,27,27],"damage_taken":[{"damage":0,"enemies":"Small Slimes","floor":2,"turns":1},{"damage":0,"enemies":"Cultist","floor":3,"turns":1},{"damage":0,"enemies":"2 Louse","floor":4,"turns":1},{"damage":0,"enemies":"downfall:FleeingMerchant","floor":5,"turns":4},{"damage":5,"enemies":"3 Sentries","floor":6,"turns":5},{"damage":0,"enemies":"Exordium Wildlife","floor":8,"turns":3},{"damage":12,"enemies":"Exordium Thugs","floor":9,"turns":3},{"damage":5,"enemies":"downfall:FleeingMerchant","floor":11,"turns":4},{"damage":8,"enemies":"3 Louse","floor":13,"turns":4},{"damage":0,"enemies":"Large Slime","floor":14,"turns":3},{"damage":5,"enemies":"downfall:LooterAlt","floor":15,"turns":2},{"damage":20,"enemies":"IC_STATUS_ARCHETYPE","floor":16,"turns":5},{"damage":11,"enemies":"Spheric Guardian","floor":19,"turns":4},{"damage":11,"enemies":"downfall:FleeingMerchant","floor":20,"turns":4},{"damage":0,"enemies":"downfall:FleeingMerchant","floor":22,"turns":4},{"damage":0,"enemies":"Chosen","floor":23,"turns":4},{"damage":15,"enemies":"downfall:FleeingMerchant","floor":25,"turns":4},{"damage":13,"enemies":"Centurion and Healer","floor":26,"turns":6},{"damage":21,"enemies":"Cultist and Chosen","floor":27,"turns":6}],"seed_played":"4271760876333974126","potions_obtained":[{"floor":5,"key":"ColorlessPotion"},{"floor":6,"key":"hexamod:EctoCoolerPotion"},{"floor":8,"key":"DistilledChaos"},{"floor":9,"key":"SkillPotion"},{"floor":9,"key":"champ:CounterPotion"},{"floor":11,"key":"SneckoOil"},{"floor":13,"key":"EssenceOfSteel"},{"floor":13,"key":"Guardian:BlockOnCardUsePotion"},{"floor":14,"key":"LiquidMemories"},{"floor":16,"key":"ColorlessPotion"},{"floor":20,"key":"SteroidPotion"},{"floor":22,"key":"SteroidPotion"},{"floor":25,"key":"Ancient Potion"},{"floor":26,"key":"Fire Potion"}],"is_trial":false,"path_per_floor":["R","M","M","M","$","E","T","M","M","?","$","?","M","M","M","B",null,"R","M","$","?","$","M","T","$","M","M"],"character_chosen":"THE_SPIRIT","items_purchased":["hexamod:ForkedFlame","Membership Card","Dream Catcher","expansioncontent:QuickStudy"],"campfire_rested":0,"item_purchase_floors":[11,20,20,20],"current_hp_per_floor":[70,70,70,70,70,65,65,65,53,53,48,48,40,40,35,15,70,70,59,48,48,48,48,48,33,20,0,0,0],"gold":69,"neow_bonus":"THREE_ENEMY_KILL","is_daily":false,"chose_seed":false,"campfire_upgraded":2,"win_rate":0.0,"timestamp":1613540311,"path_taken":["R","M","M","M","$","E","T","M","M","?","?","?","M","M","M","BOSS","R","M","$","?","$","M","T","?","M","?"],"items_purchased_type":["Card","Relic","Relic","Card"],"build_version":"2020-12-22","purchased_purges":1,"victory":false,"max_hp_per_floor":[70,70,70,70,70,70,70,70,70,70,70,70,70,70,70,70,70,70,70,70,70,70,70,70,70,70,70,70,70],"card_choices":[{"not_picked":["hexamod:InspiringFlames","hexamod:PhantomFireball"],"picked":"hexamod:FastForward","floor":2},{"not_picked":["hexamod:PhantomCloak","hexamod:SpectersWail"],"picked":"hexamod:FourthSeal","floor":3},{"not_picked":["hexamod:GhostShield","hexamod:NightmareStrike"],"picked":"hexamod:FastForward","floor":4},{"not_picked":["hexamod:UnleashSpirits","hexamod:ThermalTransfer"],"picked":"hexamod:SoulSteal","floor":5},{"not_picked":["hexamod:InspiringFlames","hexamod:SwordOfDarkness"],"picked":"hexamod:NightmareStrike","floor":6},{"not_picked":["hexamod:Hexaguard","hexamod:ThermalTransfer"],"picked":"hexamod:SecondSeal","floor":8},{"not_picked":["hexamod:GhostOfSpirePast","hexamod:Firestarter"],"picked":"hexamod:FlamesFromBeyond","floor":9},{"not_picked":["hexamod:InspiringFlames","hexamod:GhostLash"],"picked":"hexamod:HeatShield","floor":11},{"not_picked":["hexamod:StepThrough","hexamod:SpectersWail"],"picked":"hexamod:ShieldOfDarkness","floor":13},{"not_picked":["hexamod:ShieldOfDarkness","hexamod:GhostLash"],"picked":"hexamod:HauntingEcho","floor":14},{"not_picked":["hexamod:RainOfEmbers","hexamod:PhantomCloak","hexamod:NecessarySacrifice"],"picked":"SKIP","floor":15},{"not_picked":["hexamod:UnleashSpirits","hexamod:TurnItUp"],"picked":"hexamod:HexaLevel","floor":16},{"not_picked":["hexamod:SecondSeal","hexamod:GhostLash","hexamod:BacktrackSmack"],"picked":"SKIP","floor":19},{"not_picked":["hexamod:FlamesFromBeyond","hexamod:HauntingEcho"],"picked":"hexamod:RetreatToShadows+1","floor":20},{"not_picked":["hexamod:HeatShield","hexamod:HeatMetal"],"picked":"hexamod:PhantomCloak","floor":22},{"not_picked":["hexamod:BacktrackSmack","hexamod:FirstSeal"],"picked":"hexamod:EmpoweredFlame","floor":23},{"not_picked":["hexamod:NightmareStrike+1","hexamod:HauntingEcho","hexamod:FourthSeal"],"picked":"SKIP","floor":25},{"not_picked":["hexamod:FirstSeal","hexamod:RainOfEmbers"],"picked":"hexamod:GhostflameBarrier+1","floor":26}],"player_experience":606810,"relics_obtained":[{"floor":6,"key":"Blue Candle"},{"floor":7,"key":"Potion Belt"},{"floor":17,"key":"MawBank"},{"floor":17,"key":"Gremlin Horn"},{"floor":17,"key":"Du-Vu Doll"},{"floor":24,"key":"Tiny Chest"}],"event_choices":[],"is_beta":false,"boss_relics":[{"not_picked":["Tiny House","Busted Crown"],"picked":"Calling Bell"}],"items_purged_floors":[20],"is_endless":false,"potions_floor_spawned":[9,13,14,15,26],"killed_by":"Cultist and Chosen","ascension_level":0}}