{"host":"fhujvjnj99vjue08","time":1613596255,"event":{"mods":["2.2 Compatiblity","AchievementEnabler","Aspiration","Astrologer","BaseMod","Beaked The Cultist","BetterRewards","CatGirl Mod","Colored Map","Colored Powertips","Conjunction","Conspire","Custom Start","Downfall","Friendly Minions","GifTheSpireLib","Googly Eyes","Halation","Highlight Path","Hubris","Hyrulean Relics","Infinite Spire","Magitek Elite","Mimic Mod","Minty Spire (QoL Compilation)","Replay The Spire","Reworked Bosses","Shop Mod","StSLib","Strawberry Spire","Stuff the Spire","The Bug Knight","The Gatherer","The Jungle","The Servant 0.9.4","TheBandit","TheFirefly","egg","slay the spire mod where everything is the same but ironclad has a cowboy hat","thorton"],"gold_per_floor":[118,130,130,149,149,183,183,208,208,236,236,248,248,266,266,362,362,382,482,496,514,524,524,524],"floor_reached":23,"language":"ENG","playtime":2486,"items_purged":[],"score":250,"play_id":"a4134a8e-0377-4aad-88a4-7bdbf505943e","local_time":"20210217211055","is_ascension_mode":true,"campfire_choices":[{"floor":7,"key":"RECALL"},{"data":"ReplaySolidLightProjector","floor":11,"key":"SMITH"},{"data":"Go for the Eyes","floor":13,"key":"SMITH"},{"floor":15,"key":"REST"}],"circlet_count":0,"master_deck":["Strike_B+1","Strike_B","Strike_B","Strike_B","Defend_B","Defend_B","Defend_B","Defend_B","Zap+1","Dualcast","Rip and Tear","ReplayTheSpireMod:System Scan","Coolheaded","ReplaySolidLightProjector+1","Go for the Eyes+1","Capacitor","Turbo","ReplayTheSpireMod:Fabricate Wheel","strawberrySpire:AngeryBot","Consume","Beam Cell+1","White Noise"],"relics":["Cracked Core","Angel_Ring","Nunchaku","conspire:Dentures","Replay:Bottled Steam","strawberrySpire:ElectricRodnt","Philosopher\u0027s Stone"],"acts_visited":["Exordium","TheCity"],"potions_floor_usage":[8,10,16,21,22,22],"damage_taken":[{"damage":0,"enemies":"conspire:RoseBush","floor":1,"turns":3},{"damage":3,"enemies":"2 Louse","floor":2,"turns":2},{"damage":0,"enemies":"Cultist","floor":4,"turns":3},{"damage":30,"enemies":"HollowMod:MossKnight","floor":6,"turns":10},{"damage":12,"enemies":"Gremlin Nob","floor":8,"turns":2},{"damage":13,"enemies":"HollowMod:MossKnight","floor":10,"turns":11},{"damage":10,"enemies":"Looter","floor":12,"turns":3},{"damage":11,"enemies":"Lots of Slimes","floor":14,"turns":3},{"damage":36,"enemies":"Slime Boss","floor":16,"turns":11},{"damage":45,"enemies":"2 Thieves","floor":18,"turns":4},{"damage":14,"enemies":"Shell Parasite","floor":20,"turns":7},{"damage":18,"enemies":"Snecko","floor":21,"turns":6},{"damage":19,"enemies":"Centurion and Healer","floor":22,"turns":6},{"damage":21,"enemies":"conspire:Head Lice","floor":23,"turns":6}],"seed_played":"6078926779628059577","potions_obtained":[{"floor":6,"key":"Death Potion"},{"floor":8,"key":"PowerPotion"},{"floor":10,"key":"sneckomod:MuddlingPotion"},{"floor":14,"key":"Swift Potion"},{"floor":18,"key":"Explosive Potion"},{"floor":20,"key":"FocusPotion"},{"floor":21,"key":"Elixir"}],"is_trial":false,"path_per_floor":["M","M","?","M","?","E","R","E","T","E","R","M","R","M","R","B",null,"M","?","M","M","M","E"],"character_chosen":"DEFECT","items_purchased":[],"campfire_rested":1,"item_purchase_floors":[],"current_hp_per_floor":[75,72,57,57,65,35,35,23,23,20,20,20,20,20,42,20,75,30,30,20,20,20,0,0],"gold":524,"neow_bonus":"RANDOM_COMMON_RELIC","is_daily":false,"chose_seed":false,"campfire_upgraded":2,"win_rate":0.0,"timestamp":1613596255,"path_taken":["M","M","?","M","?","E","R","E","T","E","R","?","R","M","R","BOSS","M","?","M","M","?","E"],"items_purchased_type":[],"build_version":"2020-12-22","purchased_purges":0,"victory":false,"max_hp_per_floor":[75,75,75,75,75,75,75,75,75,75,75,75,75,75,75,75,75,75,75,75,75,75,75,75],"card_choices":[{"not_picked":["Barrage","Undo"],"picked":"Rip and Tear","floor":1},{"not_picked":["conspire:SharedLibrary","Gash"],"picked":"ReplayTheSpireMod:System Scan","floor":2},{"not_picked":["Hologram","Compile Driver","Barrage"],"picked":"SKIP","floor":4},{"not_picked":["Redo","StuffTheSpire:LoadUp"],"picked":"Coolheaded","floor":6},{"not_picked":["Steam","Cold Snap"],"picked":"ReplaySolidLightProjector","floor":8},{"not_picked":["Leap","Compile Driver"],"picked":"Go for the Eyes","floor":10},{"not_picked":["Leap","Go for the Eyes"],"picked":"Capacitor","floor":12},{"not_picked":["Stack","Double Energy"],"picked":"Turbo","floor":14},{"not_picked":["StuffTheSpire:Purify","Rainbow"],"picked":"ReplayTheSpireMod:Fabricate Wheel","floor":16},{"not_picked":["Hologram","strawberrySpire:Package"],"picked":"strawberrySpire:AngeryBot","floor":18},{"not_picked":["StuffTheSpire:ShieldGenerator","Storm+1"],"picked":"Consume","floor":20},{"not_picked":["strawberrySpire:THEL","Turbo+1"],"picked":"Beam Cell+1","floor":21},{"not_picked":["Steam","StuffTheSpire:LoadUp"],"picked":"White Noise","floor":22}],"player_experience":342478,"relics_obtained":[{"floor":6,"key":"Nunchaku"},{"floor":8,"key":"conspire:Dentures"},{"floor":9,"key":"Replay:Bottled Steam"},{"floor":10,"key":"strawberrySpire:ElectricRodnt"}],"event_choices":[{"damage_healed":0,"gold_gain":0,"player_choice":"Entered Light","damage_taken":15,"max_hp_gain":0,"max_hp_loss":0,"event_name":"Shining Light","floor":3,"gold_loss":0,"cards_upgraded":["Strike_B","Zap"]},{"damage_healed":0,"gold_gain":100,"player_choice":"Pray","damage_taken":0,"max_hp_gain":0,"max_hp_loss":0,"event_name":"Golden Shrine","floor":19,"gold_loss":0}],"is_beta":false,"boss_relics":[{"not_picked":["hubris:HollowSoul","Velvet Choker"],"picked":"Philosopher\u0027s Stone"}],"items_purged_floors":[],"is_endless":false,"potions_floor_spawned":[6,8,10,14,18,20,21],"killed_by":"conspire:Head Lice","ascension_level":1}}