{"host":"0k7350af1t8odskw","time":1613588504,"event":{"mods":["AchievementEnabler","BaseMod","Better Vampires","BetterRewards","Colored Map","Downfall","Highlight Path","Hubris","Lobotomy","Marisa£®ÏF”Í°°ƒß¿Ì…≥£©","Minty Spire (QoL Compilation)","Quick Restart","Replay The Spire","Shop Mod","StSLib","The Administrix","The Death Knight","The Runesmith","Youmu£®ªÍ∆«—˝√Œ£©"],"gold_per_floor":[112,132,150,162,174,174,184,184,184,184,214,239,252,270,270,375,375,387,312,312,324,340,365,377,392,462,462,473,484,484,497,497,497,497],"floor_reached":33,"language":"ZHS","playtime":1761,"items_purged":[],"score":319,"play_id":"a6bd622d-9217-412b-90b1-3bdb360fff65","local_time":"20210217110144","is_ascension_mode":true,"campfire_choices":[{"data":"Dash","floor":6,"key":"SMITH"},{"data":"hubris:Counter","floor":8,"key":"SMITH"},{"data":"Cloak And Dagger","floor":10,"key":"SMITH"},{"data":"Eviscerate","floor":15,"key":"SMITH"},{"floor":27,"key":"REST"},{"floor":30,"key":"REST"},{"data":"A Thousand Cuts","floor":32,"key":"SMITH"}],"circlet_count":0,"master_deck":["Strike_G","Strike_G","Strike_G","Strike_G","Strike_G","Defend_G","Defend_G","Defend_G","Defend_G","Survivor","Neutralize","Cloak And Dagger+1","Dash+1","ReplayTheSpireMod:The Works","Quick Slash","hubris:Counter+1","Prepared","Backflip","Eviscerate+1","Blade Dance","Underhanded Strike","A Thousand Cuts+1","Prepared","Noxious Fumes","Backflip","Replay:Poison Smokescreen+1","Flying Knee+1","Cloak And Dagger+1","Prepared+1","Leg Sweep+1","ReplayTheSpireMod:Tripwire","Outmaneuver+1"],"relics":["Ring of the Snake","Pocketwatch","hubris:TenFootPole","Vajra","Painkiller Herb","hubris:DeckOfHolding","Replay:Ringing Soul"],"acts_visited":["Exordium","TheCity"],"potions_floor_usage":[16,16,33,33],"damage_taken":[{"damage":4,"enemies":"Cultist","floor":1,"turns":3},{"damage":0,"enemies":"2 Louse","floor":2,"turns":3},{"damage":7,"enemies":"Jaw Worm","floor":3,"turns":4},{"damage":0,"enemies":"Blue Slaver","floor":4,"turns":5},{"damage":0,"enemies":"Red Slaver","floor":5,"turns":5},{"damage":1,"enemies":"Looter","floor":7,"turns":4},{"damage":8,"enemies":"3 Sentries","floor":11,"turns":11},{"damage":0,"enemies":"Blue Slaver","floor":13,"turns":3},{"damage":7,"enemies":"Large Slime","floor":14,"turns":4},{"damage":42,"enemies":"Slime Boss","floor":16,"turns":13},{"damage":4,"enemies":"Spheric Guardian","floor":18,"turns":4},{"damage":1,"enemies":"3 Byrds","floor":21,"turns":4},{"damage":13,"enemies":"Snake Plant","floor":22,"turns":4},{"damage":7,"enemies":"Replay:Snechameleon","floor":23,"turns":5},{"damage":8,"enemies":"Centurion and Healer","floor":24,"turns":5},{"damage":26,"enemies":"Chosen and Byrds","floor":25,"turns":6},{"damage":24,"enemies":"Cultist and Chosen","floor":28,"turns":5},{"damage":8,"enemies":"Snake Plant","floor":29,"turns":4},{"damage":1,"enemies":"3 Cultists","floor":31,"turns":5},{"damage":35,"enemies":"Collector","floor":33,"turns":5}],"seed_played":"9072126877383730182","potions_obtained":[{"floor":2,"key":"Ancient Potion"},{"floor":3,"key":"Fire Potion"},{"floor":11,"key":"SpeedPotion"},{"floor":16,"key":"bronze:BurnAndBuffPotion"},{"floor":18,"key":"SmokeBomb"},{"floor":28,"key":"SkillPotion"}],"is_trial":false,"path_per_floor":["M","M","M","M","M","R","M","R","T","R","E","T","M","M","R","B",null,"?","?","?","?","?","E","?","?","T","T","?","?","T","?","T","B"],"character_chosen":"THE_SILENT","items_purchased":["Cloak And Dagger"],"campfire_rested":2,"item_purchase_floors":[0],"current_hp_per_floor":[66,66,59,59,59,59,58,58,58,58,50,50,50,43,43,1,70,66,66,66,65,52,45,37,11,11,32,11,6,28,30,30,0,0],"gold":497,"neow_bonus":"","is_daily":false,"chose_seed":false,"campfire_upgraded":5,"win_rate":0.0,"timestamp":1613588504,"path_taken":["M","?","M","M","M","R","M","R","T","R","E","?","M","M","R","BOSS","?","?","?","?","?","E","?","?","T","T","?","?","T","?","T","BOSS"],"items_purchased_type":["Card"],"build_version":"2020-12-22","purchased_purges":0,"victory":false,"max_hp_per_floor":[70,70,70,70,70,70,70,70,70,70,70,70,70,70,70,70,70,70,70,70,70,70,70,70,70,70,70,73,76,76,79,79,79,79],"card_choices":[{"not_picked":["Skewer","hubris:SlightOfHand"],"picked":"Dash","floor":1},{"not_picked":["Toxin Wave","Deflect"],"picked":"ReplayTheSpireMod:The Works","floor":2},{"not_picked":["Bouncing Flask","Catalyst"],"picked":"Quick Slash","floor":3},{"not_picked":["Crippling Poison","hubris:SlightOfHand"],"picked":"hubris:Counter","floor":4},{"not_picked":["Toxin Wave","PiercingWail"],"picked":"Prepared","floor":5},{"not_picked":["Deadly Poison","hubris:TrickCloak"],"picked":"Backflip","floor":7},{"not_picked":["Deadly Poison","Outmaneuver"],"picked":"Eviscerate","floor":11},{"not_picked":["ReplayTheSpireMod:Exploit Weakness","Outmaneuver"],"picked":"Blade Dance","floor":13},{"not_picked":["Deflect","After Image"],"picked":"Underhanded Strike","floor":14},{"not_picked":["Glass Knife","Adrenaline"],"picked":"A Thousand Cuts","floor":16},{"not_picked":["Deflect+1","Outmaneuver"],"picked":"Prepared","floor":18},{"not_picked":["Flying Knee","Dodge and Roll"],"picked":"Backflip","floor":21},{"not_picked":["Draining Mist","hubris:SlightOfHand"],"picked":"Replay:Poison Smokescreen+1","floor":22},{"not_picked":["Well Laid Plans","Bouncing Flask"],"picked":"Flying Knee+1","floor":23},{"not_picked":["Blade Dance","Outmaneuver+1"],"picked":"Cloak And Dagger+1","floor":24},{"not_picked":["Reflex","Dagger Throw"],"picked":"Prepared+1","floor":25},{"not_picked":["Flechettes","Heel Hook+1"],"picked":"Leg Sweep+1","floor":28},{"not_picked":["Predator","Sucker Punch"],"picked":"ReplayTheSpireMod:Tripwire","floor":29},{"not_picked":["Cloak And Dagger","Bane"],"picked":"Outmaneuver+1","floor":31}],"player_experience":176261,"relics_obtained":[{"floor":9,"key":"Pocketwatch"},{"floor":11,"key":"hubris:TenFootPole"},{"floor":12,"key":"Vajra"},{"floor":23,"key":"hubris:DeckOfHolding"},{"floor":26,"key":"Replay:Ringing Soul"}],"event_choices":[{"cards_removed":["Defend_G"],"damage_healed":0,"gold_gain":0,"player_choice":"Gave Gold","damage_taken":0,"max_hp_gain":0,"max_hp_loss":0,"event_name":"Beggar","floor":19,"gold_loss":75},{"damage_healed":0,"gold_gain":0,"player_choice":"1 cards matched","damage_taken":0,"max_hp_gain":0,"max_hp_loss":0,"event_name":"Match and Keep!","floor":20,"gold_loss":0,"cards_obtained":["Noxious Fumes"]}],"is_beta":false,"boss_relics":[{"not_picked":["Replay:Bronze Core","Fusion Hammer"],"picked":"Painkiller Herb"}],"items_purged_floors":[],"is_endless":false,"potions_floor_spawned":[2,3,11,13,14,16,18,22,28,29],"killed_by":"Collector","ascension_level":3}}