{"host":"prxrhpgaxnj4om9r","time":1613554717,"event":{"mods":["AchievementEnabler","BaseMod","Colored Map","DeckTracker","Minty Spire (QoL Compilation)"],"gold_per_floor":[113,113,136,136,146,146,181,181,181,191,191,211,286,55,55,152,152,163,163,177,177,187,187,187],"floor_reached":23,"language":"KOR","playtime":673,"items_purged":["Defend_B"],"score":189,"play_id":"2a3e00c5-12d5-4451-806c-3ba99365653d","local_time":"20210217183837","is_ascension_mode":false,"campfire_choices":[{"data":"Zap","floor":6.0,"key":"SMITH"},{"data":"Dualcast","floor":8.0,"key":"SMITH"},{"data":"Defragment","floor":11.0,"key":"SMITH"},{"data":"Darkness","floor":15,"key":"SMITH"}],"circlet_count":0,"master_deck":["Strike_B","Strike_B","Strike_B","Defend_B","Zap+1","Dualcast+1","Sweeping Beam","Conserve Battery","Doom and Gloom","Defragment+1","Beam Cell","Darkness+1","Buffer","Stack+1","Capacitor","Double Energy","Compile Driver+1","Streamline"],"relics":["Cracked Core","Bag of Marbles","Toy Ornithopter","Blood Vial","Lee\u0027s Waffle","Runic Pyramid"],"acts_visited":["Exordium","TheCity"],"potions_floor_usage":[16,16,23],"damage_taken":[{"damage":3.0,"enemies":"Small Slimes","floor":1.0,"turns":3.0},{"damage":4.0,"enemies":"Jaw Worm","floor":5.0,"turns":3.0},{"damage":18.0,"enemies":"Lagavulin","floor":7.0,"turns":5.0},{"damage":0.0,"enemies":"Cultist","floor":10.0,"turns":3.0},{"damage":7.0,"enemies":"Blue Slaver","floor":12.0,"turns":2.0},{"damage":52,"enemies":"Hexaghost","floor":16,"turns":5},{"damage":5,"enemies":"Shell Parasite","floor":18,"turns":3},{"damage":23,"enemies":"2 Thieves","floor":20,"turns":3},{"damage":8,"enemies":"Chosen and Byrds","floor":22,"turns":4},{"damage":57,"enemies":"Slavers","floor":23,"turns":3}],"seed_played":"-6447823913558856604","potions_obtained":[{"floor":5.0,"key":"FocusPotion"},{"floor":7.0,"key":"AttackPotion"},{"floor":10.0,"key":"ColorlessPotion"},{"floor":22,"key":"PotionOfCapacity"}],"is_trial":false,"path_per_floor":["M","?","T","?","M","R","E","R","T","M","R","M","?","$","R","B",null,"M","?","M","?","M","E"],"character_chosen":"DEFECT","items_purchased":["Lee\u0027s Waffle"],"campfire_rested":0,"item_purchase_floors":[14],"current_hp_per_floor":[72,65,65,65,61,61,43,43,43,45,45,40,29,82,82,30,82,77,77,56,56,50,0,0],"gold":187,"neow_bonus":"THREE_CARDS","is_daily":false,"chose_seed":false,"campfire_upgraded":4,"win_rate":0.0,"timestamp":1613554717,"path_taken":["M","?","?","?","M","R","E","R","T","M","R","?","?","?","R","BOSS","M","?","M","?","?","E"],"items_purchased_type":["Relic"],"build_version":"2020-12-22","purchased_purges":1,"victory":false,"max_hp_per_floor":[75,75,75,75,75,75,75,75,75,75,75,75,75,82,82,82,82,82,82,82,82,82,82,82],"card_choices":[{"not_picked":["Cold Snap","Beam Cell"],"picked":"Sweeping Beam","floor":0.0},{"not_picked":["Redo","Skim"],"picked":"Conserve Battery","floor":1.0},{"not_picked":["Beam Cell","Go for the Eyes"],"picked":"Doom and Gloom","floor":5.0},{"not_picked":["Capacitor","Fission"],"picked":"Defragment","floor":7.0},{"not_picked":["Chaos","Redo"],"picked":"Beam Cell","floor":10.0},{"not_picked":["Cold Snap","Coolheaded"],"picked":"Darkness","floor":12.0},{"not_picked":["Hyperbeam","Biased Cognition"],"picked":"Buffer","floor":16},{"not_picked":["Rebound+1","Hologram"],"picked":"Stack+1","floor":18},{"not_picked":["Go for the Eyes","Gash"],"picked":"Compile Driver+1","floor":20},{"not_picked":["Steam Power","Go for the Eyes"],"picked":"Streamline","floor":22}],"player_experience":500510,"relics_obtained":[{"floor":7.0,"key":"Toy Ornithopter"},{"floor":9.0,"key":"Blood Vial"}],"event_choices":[{"damage_healed":0.0,"max_hp_gain":0.0,"max_hp_loss":0.0,"gold_gain":0.0,"event_name":"Scrap Ooze","player_choice":"Success","floor":2.0,"gold_loss":0.0,"damage_taken":7.0,"relics_obtained":["Bag of Marbles"]},{"cards_removed":["Defend_B"],"damage_healed":0.0,"max_hp_gain":0.0,"max_hp_loss":0.0,"gold_gain":0.0,"event_name":"Bonfire Elementals","player_choice":"Offered Basic","floor":4.0,"gold_loss":0.0,"damage_taken":0.0},{"damage_healed":0.0,"max_hp_gain":0.0,"max_hp_loss":0.0,"gold_gain":75.0,"event_name":"World of Goop","player_choice":"Gather Gold","floor":13.0,"gold_loss":0.0,"damage_taken":11.0},{"damage_healed":0,"gold_gain":0,"cards_transformed":["Strike_B","Defend_B"],"player_choice":"Became Test Subject","damage_taken":0,"max_hp_gain":0,"max_hp_loss":0,"event_name":"Drug Dealer","floor":19,"gold_loss":0,"cards_obtained":["Capacitor","Double Energy"]},{"damage_healed":0,"gold_gain":0,"player_choice":"0 cards matched","damage_taken":0,"max_hp_gain":0,"max_hp_loss":0,"event_name":"Match and Keep!","floor":21,"gold_loss":0,"cards_obtained":[]}],"is_beta":false,"boss_relics":[{"not_picked":["Velvet Choker","Coffee Dripper"],"picked":"Runic Pyramid"}],"items_purged_floors":[14],"is_endless":false,"potions_floor_spawned":[5,7,10,22],"killed_by":"Slavers","ascension_level":0}}