{"host":"e8qlq9m73szgw1mp","time":1613585152,"event":{"mods":["2.2 Compatiblity","AchievementEnabler","BaseMod","Colored Powertips","Downfall","Highlight Path","Minty Spire (QoL Compilation)","Quick Restart","StSLib"],"gold_per_floor":[0,17,35,110,110,122,122,137,171,183,183,193,211,211,229,325,325,325],"floor_reached":16,"language":"ENG","playtime":860,"items_purged":[],"score":164,"play_id":"1383ce4c-0a7d-49fb-840c-04ddb6c15409","local_time":"20210217100552","is_ascension_mode":true,"campfire_choices":[{"data":"Slimebound:Darklings","floor":1.0,"key":"SMITH"}],"circlet_count":0,"master_deck":["Slimebound:Strike_Slimebound","Slimebound:Strike_Slimebound","Slimebound:Strike_Slimebound","Slimebound:Tackle","Slimebound:Defend_Slimebound","Slimebound:Defend_Slimebound","Slimebound:Defend_Slimebound","Slimebound:Defend_Slimebound","Slimebound:Split","Slimebound:CorrosiveSpit","Slimebound:Darklings+1","Slimebound:Schlurp","Slimebound:GrowthPunch","Slimebound:LivingWall","Slimebound:Prepare","Slimebound:SlimeBrawl","Slimebound:SlimeBarrage","Slimebound:PressTheAttack","Slimebound:DisruptingSlam"],"relics":["Slimebound:AbsorbEndCombat","CaptainsWheel","Smiling Mask","Anchor"],"acts_visited":["Exordium"],"potions_floor_usage":[],"damage_taken":[{"damage":3.0,"enemies":"Small Slimes","floor":2.0,"turns":5.0},{"damage":1.0,"enemies":"Jaw Worm","floor":3.0,"turns":4.0},{"damage":4.0,"enemies":"Cultist","floor":6.0,"turns":4.0},{"damage":10.0,"enemies":"2 Fungi Beasts","floor":8.0,"turns":3.0},{"damage":13.0,"enemies":"Gremlin Nob","floor":9.0,"turns":4.0},{"damage":19.0,"enemies":"Large Slime","floor":10.0,"turns":7.0},{"damage":0,"enemies":"3 Louse","floor":12,"turns":3},{"damage":3,"enemies":"Red Slaver","floor":13,"turns":4},{"damage":7,"enemies":"Lots of Slimes","floor":15,"turns":5},{"damage":16,"enemies":"SI_SHIV_ARCHETYPE","floor":16,"turns":9}],"seed_played":"-5298987778823834459","potions_obtained":[{"floor":3.0,"key":"SteroidPotion"},{"floor":8.0,"key":"Swift Potion"},{"floor":15,"key":"sneckomod:MuddlingPotion"}],"is_trial":false,"path_per_floor":["R","M","M","?","?","M","T","M","E","M","?","M","M","?","M","B"],"character_chosen":"SLIMEBOUND","items_purchased":[],"campfire_rested":0,"item_purchase_floors":[],"current_hp_per_floor":[65,64,65,65,65,61,61,55,46,33,38,44,45,20,21,13,13,13],"gold":325,"neow_bonus":"THREE_RARE_CARDS","is_daily":false,"chose_seed":false,"campfire_upgraded":1,"win_rate":0.0,"timestamp":1613585152,"path_taken":["R","M","M","?","?","M","T","?","E","M","?","M","M","?","M","BOSS"],"items_purchased_type":[],"build_version":"2020-12-22","purchased_purges":0,"victory":false,"max_hp_per_floor":[65,65,65,65,65,65,65,65,65,65,70,70,70,70,70,70,70,70],"card_choices":[{"not_picked":["Slimebound:SlimeSlap","Slimebound:OneTwoCombo"],"picked":"Slimebound:Darklings","floor":0.0},{"not_picked":["Slimebound:LivingWall","Slimebound:SlimeSpikes"],"picked":"Slimebound:Schlurp","floor":2.0},{"not_picked":["Slimebound:ProtectTheBoss","Slimebound:SplitLeeching"],"picked":"Slimebound:GrowthPunch","floor":3.0},{"not_picked":["Slimebound:SplitAcid","Slimebound:TongueLash"],"picked":"Slimebound:LivingWall","floor":6.0},{"not_picked":["Slimebound:SplitAcid","Slimebound:RollThrough"],"picked":"Slimebound:Prepare","floor":8.0},{"not_picked":["Slimebound:FlameTackle","Slimebound:AcidTongue"],"picked":"Slimebound:SlimeBrawl","floor":9.0},{"not_picked":["Slimebound:LeechEnergy","Slimebound:LivingWall","Slimebound:Nibble"],"picked":"SKIP","floor":10.0},{"not_picked":["Slimebound:LeechingTouch","Slimebound:SplitMire"],"picked":"Slimebound:SlimeBarrage","floor":12},{"not_picked":["Slimebound:SlimeBarrage","Slimebound:SplitBruiser"],"picked":"Slimebound:PressTheAttack","floor":13},{"not_picked":["Slimebound:SplitLeeching","Slimebound:GrowthPunch"],"picked":"Slimebound:DisruptingSlam","floor":15}],"player_experience":1329992,"relics_obtained":[{"floor":7.0,"key":"CaptainsWheel"},{"floor":9.0,"key":"Smiling Mask"}],"event_choices":[{"damage_healed":0.0,"max_hp_gain":0.0,"max_hp_loss":0.0,"gold_gain":0.0,"event_name":"NoteForYourself","player_choice":"Ignored","floor":5.0,"gold_loss":0.0,"damage_taken":0.0},{"damage_healed":0.0,"max_hp_gain":5.0,"max_hp_loss":0.0,"gold_gain":0.0,"event_name":"Big Fish","player_choice":"Donut","floor":11.0,"gold_loss":0.0,"damage_taken":0.0},{"damage_healed":0,"gold_gain":0,"player_choice":"Success","damage_taken":25,"relics_obtained":["Anchor"],"max_hp_gain":0,"max_hp_loss":0,"event_name":"Scrap Ooze","floor":14,"gold_loss":0}],"is_beta":false,"boss_relics":[],"items_purged_floors":[],"is_endless":false,"potions_floor_spawned":[3,8,15],"killed_by":"SI_SHIV_ARCHETYPE","ascension_level":1}}