{"host":"sum4dy402bbv9y4o","time":1613597777,"event":{"mods":["Aspiration","BaseMod","Conspire","Highlight Path","Minty Spire (QoL Compilation)","StSLib"],"gold_per_floor":[119,119,135,153,169,196,196,226,226,226,242,29,29,29,29,102,102,112,131,150,162,8,8,27,27,78,91,108,108,158,193,193,267,267,284,284,42,62,62,62,80,80,80],"floor_reached":42,"language":"ENG","playtime":1376,"items_purged":["conspire:GhostlyStrike","conspire:GhostlyDefend"],"score":860,"play_id":"3fe240e4-1cce-41e7-8bde-3e4e0a6492bd","local_time":"20210218003617","is_ascension_mode":true,"campfire_choices":[{"data":"Adaptation","floor":7,"key":"SMITH"},{"floor":10,"key":"REST"},{"data":"Halt","floor":15,"key":"SMITH"},{"floor":23,"key":"REST"},{"data":"MentalFortress","floor":25,"key":"SMITH"},{"floor":32,"key":"REST"},{"data":"TalkToTheHand","floor":40,"key":"SMITH"}],"circlet_count":0,"master_deck":["AscendersBane","conspire:GhostlyStrike+1","conspire:GhostlyStrike+1","conspire:GhostlyDefend","conspire:GhostlyDefend","conspire:GhostlyDefend","Eruption+1","Vigilance","Tantrum+1","EmptyFist+1","Adaptation+1","FollowUp+1","Halt+1","Protect","Protect","Brilliance+1","FollowUp+1","CurseOfTheBell","MentalFortress+1","FlurryOfBlows","FearNoEvil+1","TalkToTheHand+1","BowlingBash","EmptyFist","Madness","Madness","TalkToTheHand+1","ClearTheMind+1","Parasite","Consecrate+1"],"relics":["PureWater","aspiration:Nostalgia","Cracked Core","conspire:GlowingRock","Bottled Tornado","Calling Bell","Vajra","InkBottle","conspire:Boomerang","Centennial Puzzle","Nunchaku","Runic Pyramid","Whetstone"],"acts_visited":["Exordium","TheCity","TheBeyond"],"potions_floor_usage":[8,16,16,20,31,33,35,35,41],"damage_taken":[{"damage":0,"enemies":"Small Slimes","floor":1,"turns":2},{"damage":0,"enemies":"Jaw Worm","floor":3,"turns":3},{"damage":8,"enemies":"2 Louse","floor":4,"turns":2},{"damage":8,"enemies":"Blue Slaver","floor":5,"turns":3},{"damage":12,"enemies":"Lagavulin","floor":6,"turns":3},{"damage":20,"enemies":"3 Sentries","floor":8,"turns":4},{"damage":0,"enemies":"Looter","floor":11,"turns":3},{"damage":3,"enemies":"Hexaghost","floor":16,"turns":4},{"damage":0,"enemies":"3 Byrds","floor":18,"turns":3},{"damage":4,"enemies":"Shell Parasite","floor":19,"turns":2},{"damage":3,"enemies":"3 Cultists","floor":20,"turns":3},{"damage":43,"enemies":"Snake Plant","floor":21,"turns":3},{"damage":0,"enemies":"Chosen and Byrds","floor":24,"turns":3},{"damage":3,"enemies":"Snecko","floor":27,"turns":3},{"damage":9,"enemies":"Centurion and Healer","floor":28,"turns":2},{"damage":10,"enemies":"Slavers","floor":31,"turns":2},{"damage":18,"enemies":"Champ","floor":33,"turns":6},{"damage":0,"enemies":"Orb Walker","floor":35,"turns":1},{"damage":4,"enemies":"3 Shapes","floor":38,"turns":2},{"damage":4,"enemies":"Writhing Mass","floor":41,"turns":5},{"damage":63,"enemies":"Nemesis","floor":42,"turns":2}],"seed_played":"-5206467292999617566","potions_obtained":[{"floor":6,"key":"Fire Potion"},{"floor":8,"key":"DistilledChaos"},{"floor":11,"key":"DistilledChaos"},{"floor":19,"key":"Energy Potion"},{"floor":28,"key":"ColorlessPotion"},{"floor":31,"key":"DistilledChaos"},{"floor":33,"key":"FearPotion"},{"floor":35,"key":"Energy Potion"}],"is_trial":false,"path_per_floor":["M","?","M","M","M","E","R","E","T","R","M","$","?","?","R","B",null,"M","M","M","M","$","R","M","R","T","M","M","?","?","E","R","B",null,"M","?","$","M","?","R","M","E"],"character_chosen":"WATCHER","items_purchased":["Brilliance","FollowUp","PowerPotion","TalkToTheHand","Whetstone"],"campfire_rested":3,"item_purchase_floors":[12,12,22,37,37],"current_hp_per_floor":[61,61,61,53,45,33,33,13,13,48,48,48,48,48,48,45,62,62,58,55,12,12,32,32,32,32,29,20,20,20,10,30,12,54,54,42,42,38,38,38,34,0,0],"gold":80,"neow_bonus":"NOSTALGIA","is_daily":false,"chose_seed":false,"campfire_upgraded":4,"win_rate":0.0,"timestamp":1613597777,"path_taken":["M","?","M","M","M","E","R","E","T","R","M","$","?","?","R","BOSS","M","M","M","M","$","R","M","R","T","M","M","?","?","E","R","BOSS","M","?","$","M","?","R","M","E"],"items_purchased_type":["Card","Card","Potion","Card","Relic"],"build_version":"2020-12-22","purchased_purges":2,"victory":false,"max_hp_per_floor":[68,68,68,68,68,68,68,68,68,68,68,68,68,68,68,68,68,68,68,68,68,68,68,68,68,68,68,68,68,68,68,68,68,68,68,68,68,68,68,68,68,68,68],"card_choices":[{"not_picked":["Halt","SashWhip"],"picked":"Tantrum","floor":1},{"not_picked":["WindmillStrike","Vengeance"],"picked":"EmptyFist","floor":3},{"not_picked":["ThirdEye","WreathOfFlame"],"picked":"Adaptation","floor":4},{"not_picked":["Tantrum","ThirdEye"],"picked":"FollowUp","floor":5},{"not_picked":["Sanctity","SpiritShield"],"picked":"Halt","floor":6},{"not_picked":["Vengeance","ThirdEye"],"picked":"Protect","floor":8},{"not_picked":["ClearTheMind","Collect"],"picked":"Protect","floor":11},{"not_picked":["CutThroughFate+1","Vengeance"],"picked":"MentalFortress","floor":18},{"not_picked":["Crescendo","InnerPeace","PathToVictory"],"picked":"SKIP","floor":19},{"not_picked":["MasterReality","WaveOfTheHand"],"picked":"FlurryOfBlows","floor":20},{"not_picked":["ThirdEye","Worship+1","Study"],"picked":"SKIP","floor":21},{"not_picked":["FollowUp","FlyingSleeves"],"picked":"FearNoEvil","floor":24},{"not_picked":["Protect","FlyingSleeves"],"picked":"TalkToTheHand","floor":27},{"not_picked":["WindmillStrike","Alpha"],"picked":"BowlingBash","floor":28},{"not_picked":["EmptyMind","ConjureBlade"],"picked":"EmptyFist","floor":31},{"not_picked":["InnerPeace+1","PathToVictory+1","Vengeance"],"picked":"SKIP","floor":35},{"not_picked":["Meditate+1","WreathOfFlame"],"picked":"ClearTheMind+1","floor":38},{"not_picked":["FollowUp","EmptyBody"],"picked":"Consecrate+1","floor":41}],"player_experience":3113034,"relics_obtained":[{"floor":6,"key":"conspire:GlowingRock"},{"floor":8,"key":"Regal Pillow"},{"floor":9,"key":"Bottled Tornado"},{"floor":17,"key":"Vajra"},{"floor":17,"key":"InkBottle"},{"floor":17,"key":"conspire:Boomerang"},{"floor":26,"key":"Centennial Puzzle"},{"floor":31,"key":"Nunchaku"}],"event_choices":[{"damage_healed":0,"gold_gain":0,"player_choice":"Agree","damage_taken":0,"max_hp_gain":0,"max_hp_loss":0,"event_name":"conspire:LoneGhost","floor":2,"gold_loss":0},{"damage_healed":0,"gold_gain":0,"player_choice":"Grow","damage_taken":0,"max_hp_gain":0,"max_hp_loss":0,"event_name":"Living Wall","floor":13,"gold_loss":0,"cards_upgraded":["Eruption"]},{"cards_removed":["conspire:GhostlyStrike"],"damage_healed":0,"gold_gain":0,"player_choice":"Elegance","damage_taken":0,"max_hp_gain":0,"max_hp_loss":0,"event_name":"Back to Basics","floor":29,"gold_loss":0},{"damage_healed":0,"gold_gain":50,"player_choice":"Stole From Cult","damage_taken":0,"max_hp_gain":0,"max_hp_loss":0,"event_name":"Nest","floor":30,"gold_loss":0},{"damage_healed":0,"gold_gain":0,"player_choice":"Embrace Madness","damage_taken":12,"max_hp_gain":0,"max_hp_loss":0,"event_name":"Winding Halls","floor":36,"gold_loss":0,"cards_obtained":["Madness","Madness"]}],"is_beta":false,"boss_relics":[{"not_picked":["Fusion Hammer","Sozu"],"picked":"Calling Bell"},{"not_picked":["aspiration:RandomNobGenerator","aspiration:BursterCore"],"picked":"Runic Pyramid"}],"items_purged_floors":[12,22],"is_endless":false,"potions_floor_spawned":[6,8,11,19,28,31,33,35],"killed_by":"Nemesis","ascension_level":20}}