{"host":"61r95uy0hn86b9iu","time":1613533846,"event":{"mods":["AchievementEnabler","BaseMod","Better Vampires","BetterRewards","Colored Powertips","Hubris","Minty Spire (QoL Compilation)","Shop Mod","StSLib"],"gold_per_floor":[110,88,105,125,125,125,154,119,166,81,81,81,98,123,123,197,197,217,217,237,252,252,263,263,277,300,36,47,47,73,87,87,164,164,181,81,81,100,114,114,131,142,142,180,24,41,41,41,41,41,41,41,35,64,64,64],"floor_reached":55,"language":"ENG","playtime":3376,"items_purged":["Defend_B","Pain","Strike_B"],"score":1739,"play_id":"15c9b967-0064-44e2-8628-07f85d99a7ee","local_time":"20210216215046","is_ascension_mode":true,"campfire_choices":[{"floor":6.0,"key":"REST"},{"data":"Defragment","floor":11.0,"key":"SMITH"},{"data":"hubris:EnhanceAbility","floor":15.0,"key":"SMITH"},{"floor":24.0,"key":"REST"},{"floor":32.0,"key":"REST"},{"data":"Consume","floor":40.0,"key":"SMITH"},{"floor":49,"key":"RECALL"},{"floor":52,"key":"REST"}],"circlet_count":0,"master_deck":["AscendersBane","Strike_B","Strike_B","Strike_B","Defend_B","Defend_B","Defend_B","Zap","Dualcast","hubris:EnhanceAbility+1","Conserve Battery","Doom and Gloom","Glacier","Defragment+1","Undo","Capacitor","Core Surge","Sunder","Streamline+1","Consume+1","Glacier","Static Discharge","Buffer","Chaos+1","Barrage+1","Seek+1","Trip+1","Apotheosis+1","Glacier+1"],"relics":["Cracked Core","MerchantsRug","hubris:Towel","hubris:OldNail","Mummified Hand","Sozu","WarpedTongs","hubris:PeanutButter","hubris:ScarierMask","Toxic Egg 2","hubris:RGBLights"],"acts_visited":["Exordium","TheCity","TheBeyond","TheEnding"],"potions_floor_usage":[],"damage_taken":[{"damage":0.0,"enemies":"Cultist","floor":1.0,"turns":3.0},{"damage":7.0,"enemies":"Jaw Worm","floor":3.0,"turns":3.0},{"damage":13.0,"enemies":"2 Louse","floor":4.0,"turns":2.0},{"damage":18.0,"enemies":"3 Sentries","floor":7.0,"turns":6.0},{"damage":2.0,"enemies":"Exordium Wildlife","floor":13.0,"turns":5.0},{"damage":12.0,"enemies":"Lagavulin","floor":14.0,"turns":8.0},{"damage":26.0,"enemies":"Slime Boss","floor":16.0,"turns":11.0},{"damage":0.0,"enemies":"Shell Parasite","floor":18.0,"turns":7.0},{"damage":19.0,"enemies":"3 Byrds","floor":20.0,"turns":5.0},{"damage":16.0,"enemies":"Snake Plant","floor":21.0,"turns":4.0},{"damage":11.0,"enemies":"Snecko","floor":23.0,"turns":7.0},{"damage":54.0,"enemies":"Shelled Parasite and Fungi","floor":25.0,"turns":7.0},{"damage":3.0,"enemies":"Cultist and Chosen","floor":28.0,"turns":8.0},{"damage":18.0,"enemies":"Gremlin Leader","floor":30.0,"turns":8.0},{"damage":0.0,"enemies":"Centurion and Healer","floor":31.0,"turns":7.0},{"damage":37.0,"enemies":"Automaton","floor":33.0,"turns":11.0},{"damage":4.0,"enemies":"3 Darklings","floor":35.0,"turns":5.0},{"damage":0.0,"enemies":"Orb Walker","floor":38.0,"turns":3.0},{"damage":0.0,"enemies":"Spire Growth","floor":39.0,"turns":4.0},{"damage":4.0,"enemies":"Transient","floor":41.0,"turns":6.0},{"damage":0.0,"enemies":"Jaw Worm Horde","floor":42.0,"turns":2.0},{"damage":1.0,"enemies":"Nemesis","floor":44.0,"turns":5.0},{"damage":2.0,"enemies":"3 Darklings","floor":46.0,"turns":4.0},{"damage":55,"enemies":"Donu and Deca","floor":50,"turns":14},{"damage":20,"enemies":"Shield and Spear","floor":54,"turns":3},{"damage":67,"enemies":"The Heart","floor":55,"turns":5}],"seed_played":"-758620413334503018","potions_obtained":[{"floor":1.0,"key":"SneckoOil"},{"floor":13.0,"key":"FairyPotion"}],"is_trial":false,"path_per_floor":["M","$","M","M","?","R","E","?","T","$","R","T","M","E","R","B",null,"M","T","M","M","?","M","R","M","T","$","M","$","E","M","R","B",null,"M","NS","$","M","M","R","M","M","T","E","$","M","T","?","R","B",null,"R","$","E","B"],"character_chosen":"DEFECT","items_purchased":["hubris:EnhanceAbility","MerchantsRug","Defragment","Glacier","Static Discharge","Seek+1","Apotheosis+1"],"campfire_rested":4,"item_purchase_floors":[0,0,10,27,27,45,53],"current_hp_per_floor":[55,55,48,35,35,60,42,63,63,78,78,78,76,64,64,38,73,73,73,54,38,38,27,52,25,25,40,37,52,34,34,74,37,73,69,69,84,84,84,84,80,80,80,79,85,83,83,83,83,28,71,85,85,65,0,0],"gold":64,"neow_bonus":"","is_daily":false,"chose_seed":false,"campfire_upgraded":3,"win_rate":0.0,"timestamp":1613533846,"path_taken":["M","?","?","M","?","R","E","?","T","$","R","?","?","E","R","BOSS","M","?","M","?","?","?","R","?","T","$","M","?","E","M","R","BOSS","M","NS","$","M","M","R","M","M","T","E","?","?","?","?","R","BOSS","R","$","E","BOSS"],"items_purchased_type":["Card","Relic","Card","Card","Card","Card","Card"],"build_version":"2020-12-22","purchased_purges":3,"victory":false,"max_hp_per_floor":[85,85,85,85,85,85,85,85,85,85,85,85,85,85,85,85,85,85,85,85,85,85,85,85,85,85,85,85,85,85,85,85,85,85,85,85,85,85,85,85,85,85,85,85,85,85,85,85,85,85,85,85,85,85,85,85],"card_choices":[{"not_picked":["Redo","Steam"],"picked":"Conserve Battery","floor":1.0},{"not_picked":["Coolheaded","Stack"],"picked":"Doom and Gloom","floor":3.0},{"not_picked":["Hologram","Rebound","Ball Lightning"],"picked":"SKIP","floor":4.0},{"not_picked":["Rebound","Hologram"],"picked":"Glacier","floor":7.0},{"not_picked":["Glacier","Cold Snap"],"picked":"Undo","floor":13.0},{"not_picked":["Cold Snap","Streamline"],"picked":"Capacitor","floor":14.0},{"not_picked":["hubris:Prefetch","hubris:SpecializedCircuitry"],"picked":"Core Surge","floor":16.0},{"not_picked":["Conserve Battery","Cold Snap"],"picked":"Sunder","floor":18.0},{"not_picked":["Genetic Algorithm","Sweeping Beam+1","hubris:SpecializedCircuitry"],"picked":"SKIP","floor":20.0},{"not_picked":["Gash+1","Cold Snap+1"],"picked":"Streamline+1","floor":21.0},{"not_picked":["Rebound+1","Coolheaded"],"picked":"Consume","floor":23.0},{"not_picked":["Steam+1","Compile Driver+1"],"picked":"Go for the Eyes+1","floor":25.0},{"not_picked":["Compile Driver+1","Rip and Tear+1","Skim"],"picked":"SKIP","floor":28.0},{"not_picked":["Turbo","Beam Cell+1"],"picked":"Ball Lightning+1","floor":30.0},{"not_picked":["Heatsinks","FTL+1","Beam Cell+1"],"picked":"SKIP","floor":31.0},{"not_picked":["hubris:SpecializedCircuitry","hubris:Prefetch"],"picked":"Buffer","floor":33.0},{"not_picked":["Stack","Turbo","Gash+1"],"picked":"SKIP","floor":35.0},{"not_picked":["Steam+1","Go for the Eyes+1","Streamline+1"],"picked":"SKIP","floor":38.0},{"not_picked":["hubris:PowerSurge+1","Sweeping Beam+1"],"picked":"Chaos+1","floor":39.0},{"not_picked":["Streamline+1","Ball Lightning+1","Loop"],"picked":"SKIP","floor":41.0},{"not_picked":["Hello World+1","Go for the Eyes+1"],"picked":"Barrage+1","floor":42.0},{"not_picked":["Barrage+1","FTL+1","Beam Cell+1"],"picked":"SKIP","floor":44.0},{"not_picked":["Ball Lightning+1","Lockon+1","Turbo+1"],"picked":"SKIP","floor":46.0},{"not_picked":["Impatience+1","Jack Of All Trades+1"],"picked":"Trip+1","floor":48},{"not_picked":["Compile Driver+1","Steam+1"],"picked":"Glacier+1","floor":54}],"player_experience":3363737,"relics_obtained":[{"floor":7.0,"key":"MealTicket"},{"floor":9.0,"key":"hubris:OldNail"},{"floor":14.0,"key":"Mummified Hand"},{"floor":19.0,"key":"Molten Egg 2"},{"floor":26.0,"key":"Regal Pillow"},{"floor":30.0,"key":"hubris:PeanutButter"},{"floor":43.0,"key":"MawBank"},{"floor":44.0,"key":"Toxic Egg 2"},{"floor":47.0,"key":"Darkstone Periapt"},{"floor":54,"key":"hubris:RGBLights"}],"event_choices":[{"damage_healed":21.0,"max_hp_gain":0.0,"max_hp_loss":0.0,"gold_gain":0.0,"event_name":"The Cleric","player_choice":"Healed","floor":8.0,"gold_loss":35.0,"damage_taken":0.0},{"damage_healed":0.0,"max_hp_gain":0.0,"max_hp_loss":0.0,"gold_gain":0.0,"event_name":"Accursed Blacksmith","player_choice":"Rummage","floor":22.0,"gold_loss":0.0,"damage_taken":0.0,"relics_obtained":["WarpedTongs"],"cards_obtained":["Pain"]},{"damage_healed":0,"gold_gain":0,"player_choice":"Memory 1","damage_taken":0,"max_hp_gain":0,"max_hp_loss":0,"event_name":"SensoryStone","floor":48,"gold_loss":0}],"is_beta":false,"boss_relics":[{"not_picked":["Astrolabe","Snecko Eye"],"picked":"Sozu"},{"not_picked":["hubris:CrackedHourglass","Nuclear Battery"],"picked":"hubris:ScarierMask"}],"items_purged_floors":[2,27,45],"is_endless":false,"potions_floor_spawned":[1,13,18,21,30,33,38,39,42,54],"killed_by":"The Heart","ascension_level":19}}