{"host":"bq4pt811tk9yrmjl","time":1613522538,"event":{"mods":["AchievementEnabler","BaseMod","Colored Map","Colored Powertips","Defuse TimeMaze Blight","Hermit","Minty Spire (QoL Compilation)","Smile Girya","StSLib","SuperFastMode"],"gold_per_floor":[112,112,37,37,0,35,52,78,103,172,191,191,191,204,204,204,204],"floor_reached":16,"language":"ENG","playtime":292,"items_purged":["Regret"],"score":166,"play_id":"fd3e93bf-7b11-4b63-acf8-8c64fbd49cde","local_time":"20210216224218","is_ascension_mode":true,"campfire_choices":[{"data":"Neutralize","floor":12,"key":"SMITH"},{"data":"PiercingWail","floor":15,"key":"SMITH"}],"circlet_count":0,"master_deck":["Strike_G","Strike_G","Strike_G","Strike_G","Strike_G","Defend_G","Defend_G","Defend_G+1","Defend_G","Defend_G","Survivor+1","Neutralize+1","PiercingWail+1","Blur+1","Dodge and Roll","Dagger Spray"],"relics":["Ring of the Snake","NeowsBlessing","War Paint","Toy Ornithopter","Du-Vu Doll","Lantern","Mercury Hourglass"],"acts_visited":["Exordium"],"potions_floor_usage":[8,8,8,16],"damage_taken":[{"damage":0,"enemies":"Small Slimes","floor":1,"turns":1},{"damage":0,"enemies":"3 Sentries","floor":6,"turns":1},{"damage":0,"enemies":"Jaw Worm","floor":7,"turns":1},{"damage":0,"enemies":"Lagavulin","floor":8,"turns":5},{"damage":0,"enemies":"2 Louse","floor":11,"turns":2},{"damage":0,"enemies":"Red Slaver","floor":14,"turns":4},{"damage":66,"enemies":"Hexaghost","floor":16,"turns":21}],"seed_played":"1677877143948019940","potions_obtained":[{"floor":1,"key":"CunningPotion"},{"floor":6,"key":"Strength Potion"},{"floor":7,"key":"Fire Potion"},{"floor":14,"key":"AttackPotion"}],"is_trial":false,"path_per_floor":["M","?","$","?","?","E","M","E","T","T","M","R","?","M","R","B"],"character_chosen":"THE_SILENT","items_purchased":[],"campfire_rested":0,"item_purchase_floors":[],"current_hp_per_floor":[70,70,70,58,58,58,58,70,70,70,70,70,70,70,70,4,4],"gold":204,"neow_bonus":"THREE_ENEMY_KILL","is_daily":false,"chose_seed":false,"campfire_upgraded":2,"win_rate":0.0,"timestamp":1613522538,"path_taken":["M","?","$","?","?","E","M","E","T","?","?","R","?","M","R","BOSS"],"items_purchased_type":[],"build_version":"2020-12-22","purchased_purges":1,"victory":false,"max_hp_per_floor":[70,70,70,70,70,70,70,70,70,70,70,70,70,70,70,70,70],"card_choices":[{"not_picked":["Riddle With Holes","Outmaneuver"],"picked":"PiercingWail","floor":1},{"not_picked":["Distraction","Outmaneuver"],"picked":"Blur","floor":6},{"not_picked":["Deadly Poison","Acrobatics","Wraith Form v2"],"picked":"SKIP","floor":7},{"not_picked":["PiercingWail","Eviscerate"],"picked":"Dodge and Roll","floor":8},{"not_picked":["PiercingWail","Backflip"],"picked":"Dagger Spray","floor":11},{"not_picked":["Dagger Spray","All Out Attack","Expertise"],"picked":"SKIP","floor":14}],"player_experience":316338,"relics_obtained":[{"floor":6,"key":"Du-Vu Doll"},{"floor":8,"key":"Lantern"},{"floor":10,"key":"Mercury Hourglass"}],"event_choices":[{"damage_healed":0,"gold_gain":0,"player_choice":"Box","damage_taken":0,"relics_obtained":["War Paint"],"max_hp_gain":0,"max_hp_loss":0,"event_name":"Big Fish","floor":2,"gold_loss":0,"cards_obtained":["Regret"]},{"damage_healed":0,"gold_gain":0,"player_choice":"Success","damage_taken":12,"relics_obtained":["Toy Ornithopter"],"max_hp_gain":0,"max_hp_loss":0,"event_name":"Scrap Ooze","floor":4,"gold_loss":0},{"damage_healed":0,"gold_gain":0,"player_choice":"Left Gold","damage_taken":0,"max_hp_gain":0,"max_hp_loss":0,"event_name":"World of Goop","floor":5,"gold_loss":37},{"damage_healed":0,"gold_gain":0,"player_choice":"Grow","damage_taken":0,"max_hp_gain":0,"max_hp_loss":0,"event_name":"Living Wall","floor":13,"gold_loss":0,"cards_upgraded":["Blur"]}],"is_beta":false,"boss_relics":[],"items_purged_floors":[3],"is_endless":false,"potions_floor_spawned":[1,6,7,14],"killed_by":"Hexaghost","ascension_level":1}}