{"host":"13o02hya6v6rzuva","time":1613576328,"event":{"mods":["BaseMod","Minty Spire (QoL Compilation)","Relic Stats"],"gold_per_floor":[114,133,133,144,144,170,170,203,203,203,229,229,246,246,246,344,344,360,383,308,308,335,335,374,390,390,403,421,457,473,71,71,165,165,188,188,206,229,229,229,229],"floor_reached":40,"language":"ENG","playtime":1259,"items_purged":[],"score":736,"play_id":"dad0f387-0894-40d1-8151-e6155bfa8eb2","local_time":"20210217163848","is_ascension_mode":true,"campfire_choices":[{"data":"Fire Breathing","floor":7,"key":"SMITH"},{"data":"Armaments","floor":10,"key":"SMITH"},{"data":"Bash","floor":12,"key":"SMITH"},{"floor":15,"key":"REST"},{"data":"Offering","floor":23,"key":"SMITH"},{"floor":32,"key":"REST"}],"circlet_count":0,"master_deck":["AscendersBane","Strike_R","Strike_R","Strike_R","Strike_R","Defend_R","Defend_R","Defend_R","Defend_R","Bash+1","Armaments+1","Headbutt","Fire Breathing+1","Pummel","Evolve","Ghostly Armor","Uppercut","Offering+1","Shockwave","Sword Boomerang","Iron Wave","Wild Strike","Inflame","True Grit+1","Whirlwind","The Bomb","Dramatic Entrance","Demon Form","Sentinel+1","Writhe","Clothesline+1","Dark Shackles","Panache","Blind"],"relics":["Burning Blood","NeowsBlessing","WarpedTongs","Pear","Pantograph","Tiny Chest","Golden Idol","Sozu","Red Skull","Boot","Strawberry","Torii","MealTicket","Black Star"],"acts_visited":["Exordium","TheCity","TheBeyond"],"potions_floor_usage":[8,11,24],"damage_taken":[{"damage":0,"enemies":"Jaw Worm","floor":1,"turns":1},{"damage":0,"enemies":"Cultist","floor":2,"turns":1},{"damage":0,"enemies":"Small Slimes","floor":4,"turns":1},{"damage":19,"enemies":"3 Sentries","floor":6,"turns":6},{"damage":27,"enemies":"Lagavulin","floor":8,"turns":9},{"damage":30,"enemies":"Gremlin Nob","floor":11,"turns":4},{"damage":11,"enemies":"Looter","floor":13,"turns":3},{"damage":44,"enemies":"The Guardian","floor":16,"turns":16},{"damage":28,"enemies":"Spheric Guardian","floor":18,"turns":4},{"damage":12,"enemies":"3 Byrds","floor":19,"turns":6},{"damage":31,"enemies":"Slavers","floor":24,"turns":4},{"damage":0,"enemies":"Centurion and Healer","floor":25,"turns":6},{"damage":16,"enemies":"Snake Plant","floor":27,"turns":4},{"damage":0,"enemies":"Snecko","floor":28,"turns":3},{"damage":37,"enemies":"Book of Stabbing","floor":29,"turns":6},{"damage":14,"enemies":"Centurion and Healer","floor":30,"turns":5},{"damage":63,"enemies":"Automaton","floor":33,"turns":9},{"damage":8,"enemies":"3 Shapes","floor":35,"turns":3},{"damage":15,"enemies":"Orb Walker","floor":37,"turns":3},{"damage":16,"enemies":"3 Darklings","floor":38,"turns":3},{"damage":64,"enemies":"Giant Head","floor":40,"turns":7}],"seed_played":"3103815830952110981","potions_obtained":[{"floor":1,"key":"FairyPotion"},{"floor":6,"key":"Dexterity Potion"},{"floor":8,"key":"DistilledChaos"},{"floor":16,"key":"LiquidBronze"}],"is_trial":false,"path_per_floor":["M","M","?","M","?","E","R","E","T","R","E","R","M","?","R","B",null,"M","M","?","?","T","R","E","M","T","M","M","E","M","$","R","B",null,"M","?","M","M","?","E"],"character_chosen":"IRONCLAD","items_purchased":["MealTicket","The Bomb","Dramatic Entrance"],"campfire_rested":2,"item_purchase_floors":[31,31,31],"current_hp_per_floor":[78,80,80,80,80,77,77,56,56,56,32,32,27,27,51,38,72,50,44,44,44,44,44,19,25,32,22,28,28,20,20,47,15,71,69,90,81,71,61,0,0],"gold":229,"neow_bonus":"THREE_ENEMY_KILL","is_daily":false,"chose_seed":false,"campfire_upgraded":4,"win_rate":0.0,"timestamp":1613576328,"path_taken":["M","M","?","?","?","E","R","E","T","R","E","R","M","?","R","BOSS","M","M","?","?","?","R","E","M","T","M","?","E","M","$","R","BOSS","M","?","M","M","?","E"],"items_purchased_type":["Relic","Card","Card"],"build_version":"2020-12-22","purchased_purges":0,"victory":false,"max_hp_per_floor":[80,80,80,80,80,90,90,90,90,90,90,90,90,83,83,83,83,83,83,83,83,83,83,83,83,90,90,90,90,90,90,90,90,90,90,90,90,90,90,90,90],"relic_stats":{"Sozu":6,"Torii":13,"counters":[21,104],"Golden Idol":89,"Pantograph":50,"Tiny Chest":1,"MealTicket":0,"Black Star":0,"Boot":[8],"obtain_stats":[{"Pear":6,"NeowsBlessing":0,"Torii":29,"Golden Idol":14,"Boot":24,"Burning Blood":0,"WarpedTongs":3,"Sozu":17,"Pantograph":8,"Strawberry":26,"Tiny Chest":11,"MealTicket":31,"Black Star":34,"Red Skull":22},{"Pear":4,"NeowsBlessing":0,"Torii":15,"Golden Idol":7,"Boot":11,"Burning Blood":0,"WarpedTongs":2,"Sozu":8,"Pantograph":5,"Strawberry":12,"Tiny Chest":6,"MealTicket":16,"Black Star":17,"Red Skull":10},{"Pear":9,"NeowsBlessing":0,"Torii":74,"Golden Idol":25,"Boot":55,"Burning Blood":0,"WarpedTongs":2,"Sozu":41,"Pantograph":18,"Strawberry":61,"Tiny Chest":22,"MealTicket":79,"Black Star":88,"Red Skull":51}],"Burning Blood":110,"WarpedTongs":[96]},"card_choices":[{"not_picked":["Battle Trance","Dark Embrace"],"picked":"Armaments","floor":1},{"not_picked":["Warcry","Power Through"],"picked":"Headbutt","floor":2},{"not_picked":["Anger","Intimidate"],"picked":"Fire Breathing","floor":4},{"not_picked":["Havoc","Armaments"],"picked":"Pummel","floor":6},{"not_picked":["Dark Embrace","Twin Strike"],"picked":"Evolve","floor":8},{"not_picked":["Double Tap","Blood for Blood"],"picked":"Ghostly Armor","floor":11},{"not_picked":["Armaments","Clash"],"picked":"Uppercut","floor":13},{"not_picked":["Reaper","Demon Form"],"picked":"Offering","floor":16},{"not_picked":["Power Through","Sentinel"],"picked":"Shockwave","floor":18},{"not_picked":["Warcry","Iron Wave"],"picked":"Sword Boomerang","floor":19},{"not_picked":["Anger","Pommel Strike"],"picked":"Iron Wave","floor":24},{"not_picked":["Second Wind","Havoc"],"picked":"Wild Strike","floor":25},{"not_picked":["Exhume","Anger"],"picked":"Inflame","floor":27},{"not_picked":["Headbutt","Iron Wave","Cleave"],"picked":"SKIP","floor":28},{"not_picked":["Feel No Pain","Warcry"],"picked":"True Grit+1","floor":29},{"not_picked":["Cleave","Rupture"],"picked":"Whirlwind","floor":30},{"not_picked":["Bludgeon","Double Tap"],"picked":"Demon Form","floor":33},{"not_picked":["Sword Boomerang","Pommel Strike"],"picked":"Sentinel+1","floor":35},{"not_picked":["Anger","Body Slam","Sever Soul"],"picked":"SKIP","floor":37},{"not_picked":["Thunderclap","Combust"],"picked":"Clothesline+1","floor":38},{"not_picked":["Thinking Ahead","Good Instincts"],"picked":"Dark Shackles","floor":39},{"not_picked":["Flash of Steel","Mayhem"],"picked":"Panache","floor":39},{"not_picked":["Metamorphosis","Enlightenment"],"picked":"Blind","floor":39}],"player_experience":1231963,"relics_obtained":[{"floor":6,"key":"Pear"},{"floor":8,"key":"Pantograph"},{"floor":11,"key":"Tiny Chest"},{"floor":22,"key":"Red Skull"},{"floor":24,"key":"Boot"},{"floor":26,"key":"Strawberry"},{"floor":29,"key":"Torii"}],"event_choices":[{"damage_healed":0,"gold_gain":0,"player_choice":"Rummage","damage_taken":0,"relics_obtained":["WarpedTongs"],"max_hp_gain":0,"max_hp_loss":0,"event_name":"Accursed Blacksmith","floor":3,"gold_loss":0,"cards_obtained":["Pain"]},{"cards_removed":["Pain"],"damage_healed":0,"gold_gain":0,"player_choice":"Forget","damage_taken":0,"max_hp_gain":0,"max_hp_loss":0,"event_name":"Living Wall","floor":5,"gold_loss":0},{"damage_healed":0,"gold_gain":0,"player_choice":"Lose Max HP","damage_taken":0,"relics_obtained":["Golden Idol"],"max_hp_gain":0,"max_hp_loss":7,"event_name":"Golden Idol","floor":14,"gold_loss":0},{"cards_removed":["Strike_R"],"damage_healed":0,"gold_gain":0,"player_choice":"Gave Gold","damage_taken":0,"max_hp_gain":0,"max_hp_loss":0,"event_name":"Beggar","floor":20,"gold_loss":75},{"damage_healed":0,"gold_gain":0,"player_choice":"Ignored","damage_taken":0,"max_hp_gain":0,"max_hp_loss":0,"event_name":"N\u0027loth","floor":21,"gold_loss":0},{"damage_healed":23,"gold_gain":0,"player_choice":"Writhe","damage_taken":0,"max_hp_gain":0,"max_hp_loss":0,"event_name":"Winding Halls","floor":36,"gold_loss":0,"cards_obtained":["Writhe"]},{"damage_healed":0,"gold_gain":0,"player_choice":"Memory 3","damage_taken":10,"max_hp_gain":0,"max_hp_loss":0,"event_name":"SensoryStone","floor":39,"gold_loss":0}],"is_beta":false,"boss_relics":[{"not_picked":["Empty Cage","Ectoplasm"],"picked":"Sozu"},{"not_picked":["SacredBark","Velvet Choker"],"picked":"Black Star"}],"items_purged_floors":[],"is_endless":false,"potions_floor_spawned":[1,6,8,16,25,28,29,33,37,38],"killed_by":"Giant Head","ascension_level":13}}