{"host":"opdum64sdiqzxm7l","time":1613562050,"event":{"mods":["Act Like it!","Aspiration","BaseMod","Conspire","Friendly Minions","Jedi Mod","KomeijiMod","Minty Spire (QoL Compilation)","MostiFishMod","Pale of the Ancients","Reliquary","Replay The Spire","RumiaBox-露米娅的神秘盒子","StSLib","Waifu the Spire","【功能Mod】混沌之环修复补丁","【遗物卡牌】REMEMod"],"gold_per_floor":[175,175,188,212,62,103,123,123,149,185,203,243,266,289,289,413,413,429,206,203,203,203,203,224,224,224,224,249,283,283,10,24,94,94,273,273,313,394,394,426,49,49,131,131,154,202,202,225,70,101,101,113,139,168,233,40,40,112,112,112,112,136],"floor_reached":63,"language":"ZHS","playtime":4374,"items_purged":["Strike_Remiria","Defend_Remirira"],"score":1671,"play_id":"81c95a45-08d9-4be2-8ded-9c712dca6afb","local_time":"20210217194050","is_ascension_mode":false,"campfire_choices":[{"data":"MillenniumVampire","floor":8,"key":"SMITH"},{"floor":15,"key":"DIG"},{"data":"StarOfDavid","floor":25,"key":"SMITH"},{"data":"Culling","floor":30,"key":"SMITH"},{"data":"RidiculousThoughts","floor":34,"key":"SMITH"},{"data":"Septette","floor":42,"key":"SMITH"},{"data":"VampirishNight","floor":47,"key":"SMITH"},{"data":"RedtheNightlessCastle","floor":51,"key":"SMITH"},{"data":"CurseofVladTepes","floor":57,"key":"SMITH"},{"data":"Paradox","floor":59,"key":"SMITH"}],"circlet_count":0,"master_deck":["Strike_Remiria","Strike_Remiria","Defend_Remirira","Defend_Remirira","Defend_Remirira","Absorbed","Scratch","MostiFishMod:StarWish","TrickFate","FateEnsemble","CurseofVladTepes+1","MillenniumVampire+1","VampirishNight+1","Paradox+1","BloodySuit","Culling+1","FastHealing","FateMeister","StarOfDavid+1","LifeBreak+1","Feint","FierceSweep","Warpath+1","RidiculousThoughts+1","ThirstForBlood","Septette+1","BodyStrengthen+1","Madness","Madness","SeparateFleshBlood+1","DamonLordCradle_Remiria","jedi:cleanse","PartStrengthen","RedtheNightlessCastle+1","SeparateFleshBlood+1","Coercion+1","Finesse"],"relics":["ThirstyCrossSpe","REME_ComplimentaryCards","DaveBox","NeowsBlessing","FeatherPendant","Golden Idol","Ancient Tea Set","Odd Mushroom","Gremlin Horn","Calipers","AddBug","DaveBox","FeatherPendant","REME_CardOfGreed","reliquary:RosewoodLute","Ccalipers","Baka2","ZombieArmy","REME_ArchaeologicalTools","RhineCircuit","HollowDreamFlower","SynthV","REME_CardOfGreed","aspiration:HummingbirdHeart","Potion Belt","reliquary:PurpleTingedLeaf","Ying","reliquary:PurpleTingedLeaf","paleoftheancients:Timepiece","paleoftheancients:KeyRelic","Sozu","CultistMask","jedi:bottledfury","paleoftheancients:SoulOfTheShrineMaiden","Gremlin Horn"],"acts_visited":["Exordium","TheCity","TheBeyond","paleoftheancients:PaleOfTheAncients"],"potions_floor_usage":[16,20,20,62],"damage_taken":[{"damage":0,"enemies":"Small Slimes","floor":1,"turns":1},{"damage":0,"enemies":"2 Louse","floor":3,"turns":2},{"damage":0,"enemies":"Jaw Worm","floor":4,"turns":1},{"damage":24,"enemies":"Lagavulin","floor":6,"turns":5},{"damage":6,"enemies":"Large Slime","floor":7,"turns":3},{"damage":0,"enemies":"The Mushroom Lair","floor":10,"turns":2},{"damage":6,"enemies":"Looter","floor":11,"turns":3},{"damage":38,"enemies":"Gremlin Nob","floor":12,"turns":5},{"damage":10,"enemies":"Blue Slaver","floor":13,"turns":3},{"damage":10,"enemies":"Exordium Thugs","floor":14,"turns":5},{"damage":32,"enemies":"Hexaghost","floor":16,"turns":4},{"damage":14,"enemies":"Spheric Guardian","floor":18,"turns":4},{"damage":5,"enemies":"Chosen","floor":20,"turns":3},{"damage":12,"enemies":"Shelled Parasite and Fungi","floor":24,"turns":4},{"damage":15,"enemies":"Replay:Snechameleon","floor":29,"turns":2},{"damage":1,"enemies":"3 Cultists","floor":32,"turns":3},{"damage":0,"enemies":"conspire:MysteriousRune","floor":35,"turns":2},{"damage":66,"enemies":"3 Shapes","floor":37,"turns":2},{"damage":43,"enemies":"Mind Bloom Boss Battle","floor":38,"turns":4},{"damage":0,"enemies":"3 Darklings","floor":40,"turns":2},{"damage":0,"enemies":"R_Hoarder","floor":43,"turns":2},{"damage":18,"enemies":"Reptomancer","floor":46,"turns":1},{"damage":10,"enemies":"Writhing Mass","floor":48,"turns":2},{"damage":0,"enemies":"Maw","floor":50,"turns":2},{"damage":0,"enemies":"Donu and Deca","floor":52,"turns":1},{"damage":0,"enemies":"Donu and Deca","floor":53,"turns":1},{"damage":0,"enemies":"Donu and Deca","floor":54,"turns":3},{"damage":0,"enemies":"conspire:MimicChest","floor":55,"turns":2},{"damage":0,"enemies":"conspire:MimicChest","floor":58,"turns":4},{"damage":0,"enemies":"paleoftheancients:N","floor":62,"turns":3}],"seed_played":"-8619010317781178437","potions_obtained":[{"floor":1,"key":"Strength Potion"},{"floor":3,"key":"BlessingOfTheForge"},{"floor":7,"key":"Energy Potion"},{"floor":10,"key":"Toxic Potion"},{"floor":16,"key":"LiquidMemories"},{"floor":24,"key":"Languid Potion"},{"floor":29,"key":"Energy Potion"},{"floor":35,"key":"DuplicationPotion"},{"floor":50,"key":"Explosive Potion"}],"is_trial":false,"path_per_floor":["M","?","M","M","$","E","M","R","T","?","M","E","M","M","R","B",null,"M","$","M","?","PTL","PTL","M","R","$","?","T","E","R","$","M","T","R","B",null,"M","?","?","M","$","R","E","?","T","E","R","M","$","M","R","B","M","M","?","$","R","M","R","T","?","B",null],"character_chosen":"RemiriaScarlet","items_purchased":["MillenniumVampire","REME_CardOfGreed","RidiculousThoughts","SynthV","DamonLordCradle_Remiria","jedi:cleanse","Ying","Coercion+1","Finesse"],"campfire_rested":0,"item_purchase_floors":[5,19,31,41,41,41,49,56,56],"current_hp_per_floor":[100,75,75,75,75,59,69,69,69,85,79,49,47,53,53,31,130,116,116,123,123,123,123,124,124,124,124,124,121,121,121,120,120,120,130,130,130,100,84,88,88,88,129,129,129,112,112,127,127,127,127,127,127,127,127,127,127,127,127,127,127,127],"gold":136,"neow_bonus":"THREE_ENEMY_KILL","is_daily":false,"chose_seed":false,"campfire_upgraded":9,"win_rate":0.0,"timestamp":1613562050,"path_taken":["M","?","M","M","$","E","M","R","T","?","?","E","M","M","R","BOSS","M","$","M","?","PTL","PTL","M","R","$","?","T","E","R","$","M","?","R","BOSS","M","?","?","M","$","R","E","?","T","E","R","M","$","M","R","BOSS","M","M","?","$","R","M","R","T","?","BOSS"],"items_purchased_type":["Card","Relic","Card","Relic","Card","Card","Relic","Card","Card"],"build_version":"2020-12-22","purchased_purges":2,"victory":true,"max_hp_per_floor":[100,100,130,130,130,130,130,130,130,130,130,130,130,130,130,130,130,130,130,130,130,130,130,130,130,130,130,130,130,130,130,130,130,130,130,130,130,130,130,130,130,130,130,130,130,130,130,127,127,127,127,127,127,127,127,127,127,127,127,127,127,127],"card_choices":[{"not_picked":["TricksterDevil","BloodCollect"],"picked":"TrickFate","floor":1},{"not_picked":["BloodSurge","DoubleEdge"],"picked":"FateEnsemble","floor":3},{"not_picked":["TricksterDevil","YoungDemonLord"],"picked":"CurseofVladTepes","floor":4},{"not_picked":["Offensive","BloodSurge"],"picked":"VampirishNight","floor":6},{"not_picked":["FierceSweep","NaturallyHealing"],"picked":"Paradox","floor":7},{"not_picked":["TricksterDevil","Feint"],"picked":"BloodySuit","floor":10},{"not_picked":["BloodSurge","CombatMeter"],"picked":"Culling","floor":11},{"not_picked":["Warpath","DoubleEdge"],"picked":"FastHealing","floor":12},{"not_picked":["TricksterDevil","Exsanguinate"],"picked":"BodyStrengthen","floor":13},{"not_picked":["Cripple","ServantFlier"],"picked":"FateMeister","floor":14},{"not_picked":["MillenniumVampire","MiserableFate_Remiria"],"picked":"StarOfDavid","floor":16},{"not_picked":["ScarletNetherworld","VampirishNight"],"picked":"LifeBreak+1","floor":18},{"not_picked":["DemonLordWalk","Culling"],"picked":"Feint","floor":20},{"not_picked":["ServantFlier","BloodCleaner"],"picked":"FierceSweep","floor":24},{"not_picked":["ServantFlier","BodyStrengthen"],"picked":"Warpath+1","floor":29},{"not_picked":["ThePrice","AllTheWorldInNightmare"],"picked":"ThirstForBlood","floor":32},{"not_picked":["BombardNight","BadLadyScramble"],"picked":"Septette","floor":35},{"not_picked":["Culling+1","FastHealing+1"],"picked":"DoubleEdge","floor":37},{"not_picked":["BloodCollect","Warpath"],"picked":"BodyStrengthen+1","floor":38},{"not_picked":["DemonLordWalk","FierceSweep"],"picked":"SeparateFleshBlood+1","floor":40},{"not_picked":["SealingFear+1","FateMeister"],"picked":"PartStrengthen","floor":43},{"not_picked":["DemonsDinnerFork_Remiria","RocketKickup","YoungDemonLord"],"picked":"SKIP","floor":46},{"not_picked":["RocketKickup+1","LifeBreak","DemonsDinnerFork_Remiria"],"picked":"SKIP","floor":48},{"not_picked":["Cripple","FierceSweep"],"picked":"RedtheNightlessCastle","floor":50},{"not_picked":["FateEnsemble+1","BloodCollect"],"picked":"SeparateFleshBlood+1","floor":53},{"not_picked":["ChainGang","BloodCollect","Tearing+1"],"picked":"SKIP","floor":54},{"not_picked":["ServantFlier","FierceSweep","DoubleEdge+1"],"picked":"SKIP","floor":58}],"player_experience":3618,"relics_obtained":[{"floor":1,"key":"Baka"},{"floor":6,"key":"Ancient Tea Set"},{"floor":10,"key":"Odd Mushroom"},{"floor":12,"key":"Gremlin Horn"},{"floor":15,"key":"Calipers"},{"floor":18,"key":"DaveBox"},{"floor":21,"key":"reliquary:RosewoodLute"},{"floor":28,"key":"Ccalipers"},{"floor":29,"key":"Baka2"},{"floor":29,"key":"ZombieArmy"},{"floor":33,"key":"REME_ArchaeologicalTools"},{"floor":38,"key":"HollowDreamFlower"},{"floor":43,"key":"REME_CardOfGreed"},{"floor":43,"key":"aspiration:HummingbirdHeart"},{"floor":45,"key":"Potion Belt"},{"floor":46,"key":"reliquary:PurpleTingedLeaf"},{"floor":50,"key":"reliquary:PurpleTingedLeaf"},{"floor":55,"key":"jedi:bottledfury"},{"floor":58,"key":"paleoftheancients:SoulOfTheShrineMaiden"},{"floor":60,"key":"reliquary:SculptingSteel"}],"event_choices":[{"damage_healed":0,"gold_gain":0,"player_choice":"Take Damage","damage_taken":25,"relics_obtained":["Golden Idol"],"max_hp_gain":0,"max_hp_loss":0,"event_name":"Golden Idol","floor":2,"gold_loss":0},{"damage_healed":0,"gold_gain":0,"player_choice":"Fought Mushrooms","damage_taken":0,"max_hp_gain":0,"max_hp_loss":0,"event_name":"Mushrooms","floor":10,"gold_loss":0},{"cards_removed":["Strike_Remiria"],"damage_healed":0,"gold_gain":0,"player_choice":"Elegance","damage_taken":0,"max_hp_gain":0,"max_hp_loss":0,"event_name":"Back to Basics","floor":27,"gold_loss":0},{"damage_healed":0,"gold_gain":0,"player_choice":"Fight","damage_taken":0,"max_hp_gain":0,"max_hp_loss":0,"event_name":"MindBloom","floor":38,"gold_loss":0},{"damage_healed":0,"gold_gain":0,"player_choice":"Embrace Madness","damage_taken":16,"max_hp_gain":0,"max_hp_loss":0,"event_name":"Winding Halls","floor":39,"gold_loss":0,"cards_obtained":["Madness","Madness"]},{"cards_removed":["BodyStrengthen"],"damage_healed":0,"gold_gain":0,"player_choice":"Removed Skill","damage_taken":0,"max_hp_gain":0,"max_hp_loss":0,"event_name":"Falling","floor":44,"gold_loss":0}],"is_beta":false,"boss_relics":[{"not_picked":["conspire:RoyalGoblet","ChewingGum"],"picked":"AddBug"},{"not_picked":["conspire:SeveredTorchhead","reliquary:Craggleroot"],"picked":"RhineCircuit"}],"items_purged_floors":[19,31],"is_endless":false,"potions_floor_spawned":[1,3,7,10,14,16,24,29,35,37,40,43,50,53],"ascension_level":0}}