{"host":"0s686iw3hprdrk8c","time":1613520879,"event":{"mods":["BaseMod","Bestiary","Downfall","Marisa????????","Minty Spire (QoL Compilation)","Replay The Spire","StSLib","The Hierophant","The Servant 0.9.4"],"gold_per_floor":[109,125,143,143,143,143,170,190,190,190,118,151,169,189,189,294,294,312,312,65,65,79,79,79],"floor_reached":23,"language":"ENG","playtime":1843,"items_purged":[],"score":201,"play_id":"cceb45e4-1304-42ef-b057-3679869f9cfc","local_time":"20210216191439","is_ascension_mode":false,"campfire_choices":[{"floor":6.0,"key":"RECALL"},{"data":"WaveOfTheHand","floor":10.0,"key":"SMITH"},{"floor":15.0,"key":"REST"}],"circlet_count":0,"master_deck":["Strike_P","Strike_P","Strike_P","Strike_P","Defend_P","Defend_P","Defend_P","Defend_P","Eruption","Vigilance","Wallop","FlurryOfBlows","WaveOfTheHand+1","Replay:Battleflow","WindmillStrike","Pot Of Greed","Pot Of Greed","SignatureMove","Prostrate","Tantrum","Brilliance","Halt","TalkToTheHand"],"relics":["PureWater","ReplayFunnel","ReplayTheSpireMod:Ring of Exchange","ReplayTheSpireMod:Lightbulb","Grinning Jar","Onion Ring","Toxic Egg 2","CultistMask"],"acts_visited":["Exordium","TheCity"],"potions_floor_usage":[16,16],"damage_taken":[{"damage":0.0,"enemies":"Cultist","floor":1.0,"turns":4.0},{"damage":2.0,"enemies":"Small Slimes","floor":2.0,"turns":4.0},{"damage":3.0,"enemies":"2 Louse","floor":3.0,"turns":2.0},{"damage":22.0,"enemies":"3 Sentries","floor":7.0,"turns":10.0},{"damage":1.0,"enemies":"2 Fungi Beasts","floor":8.0,"turns":4.0},{"damage":13.0,"enemies":"Lagavulin","floor":12.0,"turns":5.0},{"damage":2.0,"enemies":"Exordium Thugs","floor":13.0,"turns":3.0},{"damage":0.0,"enemies":"Red Slaver","floor":14.0,"turns":4.0},{"damage":27,"enemies":"Hexaghost","floor":16,"turns":10},{"damage":0,"enemies":"Shell Parasite","floor":18,"turns":3},{"damage":0,"enemies":"3 Byrds","floor":22,"turns":4},{"damage":76,"enemies":"Book of Stabbing","floor":23,"turns":10}],"seed_played":"-1578091367681192803","potions_obtained":[{"floor":3.0,"key":"SmokeBomb"},{"floor":7.0,"key":"Languid Potion"},{"floor":8.0,"key":"GamblersBrew"},{"floor":13.0,"key":"bronze:BurnAndBuffPotion"},{"floor":22,"key":"Reflective Coating"}],"is_trial":false,"path_per_floor":["M","M","M","?","?","R","E","M","T","R","$","E","M","M","R","B",null,"M","?","$","?","M","E"],"character_chosen":"WATCHER","items_purchased":["Milkshake","Toxic Egg 2"],"campfire_rested":1,"item_purchase_floors":[11,20],"current_hp_per_floor":[72,70,67,67,67,67,45,44,44,44,44,31,29,29,50,23,72,72,72,72,72,72,0,0],"gold":79,"neow_bonus":"RANDOM_COMMON_RELIC","is_daily":false,"chose_seed":false,"campfire_upgraded":1,"win_rate":0.0,"timestamp":1613520879,"path_taken":["M","M","?","?","?","R","E","M","T","R","$","E","M","M","R","BOSS","M","?","$","?","M","E"],"items_purchased_type":["Potion","Relic"],"build_version":"2020-12-22","purchased_purges":0,"victory":false,"max_hp_per_floor":[72,72,72,72,72,72,72,72,72,72,72,72,72,72,72,72,72,72,72,72,72,72,72,72],"card_choices":[{"not_picked":["Protect","Replay:ManipulateFuture"],"picked":"Wallop","floor":1.0},{"not_picked":["EmptyBody","Replay:AtTheReady"],"picked":"FlurryOfBlows","floor":2.0},{"not_picked":["FollowUp","Halt"],"picked":"WaveOfTheHand","floor":3.0},{"not_picked":["Protect","FlyingSleeves"],"picked":"Replay:Battleflow","floor":7.0},{"not_picked":["WaveOfTheHand","Conclude"],"picked":"WindmillStrike","floor":8.0},{"not_picked":["JustLucky","Replay:BluntJabs"],"picked":"SignatureMove","floor":12.0},{"not_picked":["SashWhip","Evaluate"],"picked":"Prostrate","floor":13.0},{"not_picked":["FlyingSleeves","JustLucky"],"picked":"Tantrum","floor":14.0},{"not_picked":["Vault","Omniscience"],"picked":"Brilliance","floor":16},{"not_picked":["Nirvana","CutThroughFate"],"picked":"Halt","floor":18},{"not_picked":["Halt+1","SashWhip"],"picked":"TalkToTheHand","floor":22}],"player_experience":253459,"relics_obtained":[{"floor":4.0,"key":"ReplayTheSpireMod:Ring of Exchange"},{"floor":7.0,"key":"ReplayTheSpireMod:Lightbulb"},{"floor":9.0,"key":"Grinning Jar"},{"floor":12.0,"key":"Onion Ring"}],"event_choices":[{"cards_removed":["Delirium"],"damage_healed":0.0,"max_hp_gain":0.0,"max_hp_loss":0.0,"gold_gain":0.0,"event_name":"Living Wall","player_choice":"Forget","floor":5.0,"gold_loss":0.0,"damage_taken":0.0},{"damage_healed":0,"gold_gain":0,"player_choice":"Ignored","damage_taken":0,"max_hp_gain":0,"max_hp_loss":0,"event_name":"Ghosts","floor":19,"gold_loss":0},{"damage_healed":0,"gold_gain":0,"player_choice":"Trade","damage_taken":0,"relics_obtained":["CultistMask"],"max_hp_gain":0,"max_hp_loss":0,"event_name":"FaceTrader","floor":21,"gold_loss":0}],"is_beta":false,"boss_relics":[{"not_picked":["Replay:Wanted Poster","Sozu","Abe\u0027s Treasure"]}],"items_purged_floors":[],"is_endless":false,"potions_floor_spawned":[3,7,8,13,22],"killed_by":"Book of Stabbing","ascension_level":0}}