{"host":"iovigr651ajk16h5","time":1613587332,"event":{"mods":["2.2 Compatiblity","AchievementEnabler","Aspiration","BaseMod","Better Altar","Better Match","Better Note","Better Sensory Stone","Better Skull","Better Third Choice","Block Reminder","Colored Map","Ekko","Energized Spire","GifTheSpireLib","GungeonMod","Halation","Hermit","Highlight Path","Hubris","Infinite Spire","Koishi","Luminous","Marisa????????","Minty Spire (QoL Compilation)","Nova Terra(??·??)","Onozuka Komachi Mod","Permanent Neow","Prisma Mod","Quick Restart","Railgun Mod","Remilia??????","Replay The Spire","StSLib","Stuff the Spire","Td1madao Mod","The Administrix","The Bladedancer","The Bug Knight","The Construct","The Marked","TheSwordswoman","Trackpad","Waifu the Spire","WarShipGirlsR/????R mod","everything is the same but u backflip on backflip"],"gold_per_floor":[117,117,42,62,62,62,62],"floor_reached":6,"language":"ENG","playtime":169,"items_purged":["Injury"],"score":34,"play_id":"f9d6564e-5e38-4af1-86c7-ab0d56249be9","local_time":"20210217134212","is_ascension_mode":false,"campfire_choices":[],"circlet_count":0,"master_deck":["ekkoTheBoyWhoShatteredTime:Strike","ekkoTheBoyWhoShatteredTime:Strike","ekkoTheBoyWhoShatteredTime:Strike","ekkoTheBoyWhoShatteredTime:Strike","ekkoTheBoyWhoShatteredTime:Strike","ekkoTheBoyWhoShatteredTime:Defend","ekkoTheBoyWhoShatteredTime:Defend","ekkoTheBoyWhoShatteredTime:Defend","ekkoTheBoyWhoShatteredTime:Defend","ekkoTheBoyWhoShatteredTime:TimeMaster+1","ekkoTheBoyWhoShatteredTime:Powered","ekkoTheBoyWhoShatteredTime:CalmingWaves","ekkoTheBoyWhoShatteredTime:CommittedStrike+1"],"relics":["ekkoTheBoyWhoShatteredTime:zDriveResonance","Molten Egg 2","Replay:Multitool"],"acts_visited":["Exordium"],"potions_floor_usage":[],"damage_taken":[{"damage":5,"enemies":"2 Louse","floor":1,"turns":3},{"damage":5,"enemies":"Jaw Worm","floor":4,"turns":4},{"damage":0,"enemies":"Lagavulin","floor":6,"turns":2}],"seed_played":"-1498485780588121447","potions_obtained":[{"floor":4,"key":"Fire Potion"}],"is_trial":false,"path_per_floor":["M","?","$","M","T","E"],"character_chosen":"EKKO_THE_BOY_WHO_SHATTERED_TIME","items_purchased":[],"campfire_rested":0,"item_purchase_floors":[],"current_hp_per_floor":[73,73,73,68,68,68,68],"gold":62,"neow_bonus":"UPGRADE_CARD","is_daily":false,"chose_seed":false,"campfire_upgraded":0,"win_rate":0.0,"timestamp":1613587332,"path_taken":["M","?","$","M","?","E"],"items_purchased_type":[],"build_version":"2020-12-22","purchased_purges":1,"victory":false,"max_hp_per_floor":[78,78,78,78,78,78,78],"card_choices":[{"not_picked":["ekkoTheBoyWhoShatteredTime:SneakHit","ekkoTheBoyWhoShatteredTime:KneeNSwordCombo"],"picked":"ekkoTheBoyWhoShatteredTime:CalmingWaves","floor":1},{"not_picked":["ekkoTheBoyWhoShatteredTime:ComeAtMe","ekkoTheBoyWhoShatteredTime:Vibin"],"picked":"ekkoTheBoyWhoShatteredTime:CommittedStrike+1","floor":4}],"player_experience":348463,"relics_obtained":[{"floor":5,"key":"Replay:Multitool"}],"event_choices":[],"is_beta":false,"boss_relics":[],"items_purged_floors":[3],"is_endless":false,"potions_floor_spawned":[4],"killed_by":"Lagavulin","ascension_level":0}}