{"host":"9l1knhxfturzliqa","time":1613529314,"event":{"mods":["AchievementEnabler","BaseMod","Colored Map","Colored Powertips","DeckTracker","Highlight Path","Keyboard Shortcuts","Minty Spire (QoL Compilation)","Random Character Button"],"gold_per_floor":[115,127,141,155,166,166,182,182,206,219,219,219,229,246,246,320,320,335,345,360,360,360,391,391,425,425,425,459,132,144,161,161,233,233,251,267,281,281,65,65,98,98,98,126,140,140,153,173,173,173,173,173,173,1,35,35,35],"floor_reached":56,"language":"KOR","playtime":6464,"items_purged":["Strike_G","Defend_G"],"score":2055,"play_id":"12513082-52df-424b-8ee0-cf342abe042f","local_time":"20210217113514","is_ascension_mode":true,"campfire_choices":[{"data":"Blade Dance","floor":6.0,"key":"SMITH"},{"data":"Accuracy","floor":8.0,"key":"SMITH"},{"data":"Wraith Form v2","floor":11.0,"key":"SMITH"},{"data":"Cloak And Dagger","floor":15.0,"key":"SMITH"},{"floor":27.0,"key":"REST"},{"floor":32.0,"key":"REST"},{"data":"Tools of the Trade","floor":40.0,"key":"SMITH"},{"floor":42.0,"key":"RECALL"},{"data":"Night Terror","floor":46.0,"key":"SMITH"},{"data":"A Thousand Cuts","floor":49.0,"key":"SMITH"},{"data":"Well Laid Plans","floor":53.0,"key":"SMITH"}],"circlet_count":0,"master_deck":["AscendersBane","Strike_G","Strike_G","Strike_G","Defend_G","Defend_G","Defend_G","Survivor","Neutralize","Blade Dance+1","Masterful Stab","Blur","Accuracy+1","Cloak And Dagger+1","Wraith Form v2+1","Well Laid Plans+1","Dodge and Roll","Tools of the Trade+1","Outmaneuver","Infinite Blades","RitualDagger","Ghostly","Ghostly+1","Ghostly","Envenom+1","A Thousand Cuts+1","Terror","Night Terror+1","Acrobatics","Wraith Form v2+1","Prepared","Predator+1","Backflip","Venomology","Tactician+1","Noxious Fumes","Sucker Punch+1"],"relics":["Ring of the Snake","NeowsBlessing","Strawberry","Anchor","Empty Cage","Bag of Preparation","PreservedInsect","Mummified Hand","MealTicket","Membership Card","Pen Nib","HoveringKite","Pear","Vajra","Ancient Tea Set","War Paint","Thread and Needle"],"acts_visited":["Exordium","TheCity","TheBeyond","TheEnding"],"potions_floor_usage":[56,56],"damage_taken":[{"damage":0.0,"enemies":"Small Slimes","floor":1.0,"turns":1.0},{"damage":0.0,"enemies":"Cultist","floor":2.0,"turns":1.0},{"damage":0.0,"enemies":"2 Louse","floor":3.0,"turns":1.0},{"damage":13.0,"enemies":"Large Slime","floor":4.0,"turns":8.0},{"damage":3.0,"enemies":"3 Louse","floor":5.0,"turns":4.0},{"damage":3.0,"enemies":"Gremlin Gang","floor":7.0,"turns":4.0},{"damage":1.0,"enemies":"2 Fungi Beasts","floor":10.0,"turns":3.0},{"damage":1.0,"enemies":"Exordium Thugs","floor":13.0,"turns":5.0},{"damage":0.0,"enemies":"Looter","floor":14.0,"turns":3.0},{"damage":8.0,"enemies":"Hexaghost","floor":16.0,"turns":9.0},{"damage":2.0,"enemies":"Spheric Guardian","floor":18.0,"turns":5.0},{"damage":3.0,"enemies":"3 Byrds","floor":19.0,"turns":8.0},{"damage":10.0,"enemies":"Centurion and Healer","floor":20.0,"turns":7.0},{"damage":4.0,"enemies":"Gremlin Leader","floor":23.0,"turns":8.0},{"damage":27.0,"enemies":"Slavers","floor":25.0,"turns":10.0},{"damage":0.0,"enemies":"Book of Stabbing","floor":28.0,"turns":4.0},{"damage":4.0,"enemies":"Chosen and Byrds","floor":30.0,"turns":5.0},{"damage":10.0,"enemies":"Snecko","floor":31.0,"turns":5.0},{"damage":3.0,"enemies":"Automaton","floor":33.0,"turns":9.0},{"damage":1.0,"enemies":"Orb Walker","floor":35.0,"turns":4.0},{"damage":5.0,"enemies":"3 Darklings","floor":36.0,"turns":7.0},{"damage":2.0,"enemies":"Jaw Worm Horde","floor":37.0,"turns":5.0},{"damage":1.0,"enemies":"Giant Head","floor":41.0,"turns":6.0},{"damage":3.0,"enemies":"Nemesis","floor":44.0,"turns":6.0},{"damage":1.0,"enemies":"Transient","floor":45.0,"turns":6.0},{"damage":3.0,"enemies":"Sphere and 2 Shapes","floor":47.0,"turns":6.0},{"damage":0.0,"enemies":"4 Shapes","floor":48.0,"turns":6.0},{"damage":8.0,"enemies":"Awakened One","floor":50.0,"turns":9.0},{"damage":34.0,"enemies":"Donu and Deca","floor":51.0,"turns":8.0},{"damage":0.0,"enemies":"Shield and Spear","floor":55.0,"turns":5.0},{"damage":51,"enemies":"The Heart","floor":56,"turns":5}],"seed_played":"-4448445816325900656","potions_obtained":[{"floor":3.0,"key":"SpeedPotion"},{"floor":4.0,"key":"PowerPotion"},{"floor":5.0,"key":"CultistPotion"},{"floor":7.0,"key":"SmokeBomb"},{"floor":10.0,"key":"SpeedPotion"},{"floor":16.0,"key":"SmokeBomb"},{"floor":18.0,"key":"Poison Potion"},{"floor":23.0,"key":"Weak Potion"},{"floor":28.0,"key":"Block Potion"},{"floor":36.0,"key":"GamblersBrew"},{"floor":37.0,"key":"Fruit Juice"},{"floor":44.0,"key":"Regen Potion"},{"floor":55.0,"key":"CunningPotion"}],"is_trial":false,"path_per_floor":["M","M","M","M","M","R","M","R","T","M","R","?","M","M","R","B",null,"M","M","M","?","?","E","?","E","T","R","E","$","M","M","R","B",null,"M","M","M","?","$","R","E","R","T","E","M","R","M","M","R","B","B",null,"R","$","E","B"],"character_chosen":"THE_SILENT","items_purchased":["Membership Card","Pen Nib","Terror","Pear","AttackPotion","Tactician","Noxious Fumes","War Paint"],"campfire_rested":2,"item_purchase_floors":[29,29,29,39,39,54,54,54],"current_hp_per_floor":[59,59,59,46,43,43,40,40,47,46,46,46,45,45,45,37,64,62,59,49,43,36,32,32,5,5,15,15,30,26,16,26,23,33,32,27,30,30,51,51,50,50,50,47,46,46,43,43,43,43,9,41,41,51,51,0,0],"gold":35,"neow_bonus":"THREE_ENEMY_KILL","is_daily":false,"chose_seed":false,"campfire_upgraded":8,"win_rate":0.0,"timestamp":1613529314,"path_taken":["M","M","M","M","M","R","M","R","T","M","R","?","M","M","R","BOSS","M","M","?","?","?","E","?","E","T","R","E","$","M","?","R","BOSS","M","M","?","?","?","R","E","R","T","E","M","R","M","M","R","BOSS","BOSS","R","$","E","BOSS"],"items_purchased_type":["Relic","Relic","Card","Relic","Potion","Card","Card","Relic"],"build_version":"2020-12-22","purchased_purges":2,"victory":false,"max_hp_per_floor":[66,66,66,66,66,66,66,66,73,73,73,73,73,73,73,73,73,73,73,73,73,36,36,36,36,36,36,36,36,36,36,36,36,36,36,36,41,41,51,51,51,51,51,51,51,51,51,51,51,51,51,51,51,51,51,51,51],"card_choices":[{"not_picked":["PiercingWail","Cloak And Dagger"],"picked":"Blade Dance","floor":1.0},{"not_picked":["Dash","Deadly Poison"],"picked":"Masterful Stab","floor":2.0},{"not_picked":["Cloak And Dagger","Slice"],"picked":"Blur","floor":3.0},{"not_picked":["Slice","Blade Dance","Bane"],"picked":"SKIP","floor":4.0},{"not_picked":["Deflect","Skewer"],"picked":"Accuracy","floor":5.0},{"not_picked":["Catalyst","Accuracy"],"picked":"Cloak And Dagger","floor":7.0},{"not_picked":["Infinite Blades","Dagger Spray"],"picked":"Wraith Form v2","floor":10.0},{"not_picked":["Acrobatics","Endless Agony"],"picked":"Well Laid Plans","floor":13.0},{"not_picked":["Sucker Punch","Outmaneuver"],"picked":"Dodge and Roll","floor":14.0},{"not_picked":["Unload","Die Die Die"],"picked":"Tools of the Trade","floor":16.0},{"not_picked":["Slice","Blur"],"picked":"Outmaneuver","floor":18.0},{"not_picked":["Eviscerate","Quick Slash"],"picked":"Infinite Blades","floor":19.0},{"not_picked":["Eviscerate+1","Cloak And Dagger","Outmaneuver"],"picked":"SKIP","floor":20.0},{"not_picked":["Setup+1","Deflect"],"picked":"Envenom","floor":23.0},{"not_picked":["Slice","Deflect"],"picked":"A Thousand Cuts","floor":25.0},{"not_picked":["Flying Knee","Bane","Deadly Poison"],"picked":"SKIP","floor":28.0},{"not_picked":["Setup","Dodge and Roll","Deadly Poison+1"],"picked":"SKIP","floor":30.0},{"not_picked":["Outmaneuver","Sucker Punch","Flying Knee"],"picked":"SKIP","floor":31.0},{"not_picked":["Grand Finale","Die Die Die"],"picked":"Night Terror","floor":33.0},{"not_picked":["Cloak And Dagger","Bane"],"picked":"Acrobatics","floor":35.0},{"not_picked":["Sucker Punch","Quick Slash","Outmaneuver"],"picked":"SKIP","floor":36.0},{"not_picked":["Dagger Spray","All Out Attack","Flying Knee"],"picked":"SKIP","floor":37.0},{"not_picked":["Deflect","Catalyst"],"picked":"Prepared","floor":41.0},{"not_picked":["All Out Attack","Heel Hook"],"picked":"Predator+1","floor":44.0},{"not_picked":["Blade Dance","Infinite Blades"],"picked":"Backflip","floor":45.0},{"not_picked":["Slice","Prepared","Skewer"],"picked":"SKIP","floor":47.0},{"not_picked":["Slice","Outmaneuver"],"picked":"Venomology","floor":48.0},{"not_picked":["Deflect+1","Dagger Throw+1"],"picked":"Sucker Punch+1","floor":55.0}],"player_experience":690414,"relics_obtained":[{"floor":9.0,"key":"Strawberry"},{"floor":12.0,"key":"Anchor"},{"floor":23.0,"key":"Bag of Preparation"},{"floor":25.0,"key":"PreservedInsect"},{"floor":26.0,"key":"Mummified Hand"},{"floor":28.0,"key":"MealTicket"},{"floor":41.0,"key":"Vajra"},{"floor":44.0,"key":"Ancient Tea Set"},{"floor":55.0,"key":"Thread and Needle"}],"event_choices":[{"damage_healed":0.0,"max_hp_gain":0.0,"max_hp_loss":0.0,"gold_gain":0.0,"event_name":"Wheel of Change","player_choice":"Relic","floor":12.0,"gold_loss":0.0,"damage_taken":0.0},{"damage_healed":0.0,"max_hp_gain":0.0,"max_hp_loss":0.0,"gold_gain":0.0,"event_name":"Nest","player_choice":"Joined the Cult","floor":21.0,"gold_loss":0.0,"damage_taken":6.0,"cards_obtained":["RitualDagger"]},{"damage_healed":0.0,"max_hp_gain":0.0,"max_hp_loss":37.0,"gold_gain":0.0,"event_name":"Ghosts","player_choice":"Became a Ghost","floor":22.0,"gold_loss":0.0,"damage_taken":0.0,"cards_obtained":["Ghostly","Ghostly","Ghostly"]},{"damage_healed":0.0,"max_hp_gain":0.0,"max_hp_loss":0.0,"gold_gain":0.0,"event_name":"Accursed Blacksmith","player_choice":"Forge","floor":24.0,"gold_loss":0.0,"damage_taken":0.0,"cards_upgraded":["Envenom"]},{"damage_healed":0.0,"max_hp_gain":0.0,"max_hp_loss":0.0,"gold_gain":0.0,"event_name":"Duplicator","player_choice":"Copied","floor":38.0,"gold_loss":0.0,"damage_taken":0.0,"cards_obtained":["Wraith Form v2"]}],"is_beta":false,"boss_relics":[{"not_picked":["Tiny House","Snecko Eye"],"picked":"Empty Cage"},{"not_picked":["Black Star","Runic Dome"],"picked":"HoveringKite"}],"items_purged_floors":[29,39],"is_endless":false,"potions_floor_spawned":[3,4,5,7,10,16,18,23,28,36,37,44,55],"killed_by":"The Heart","ascension_level":20}}