{"host":"28bpuzdckreop5i0","time":1613576032,"event":{"mods":["BaseMod","Downfall","Minty Spire (QoL Compilation)","Relic Stats","Shop Mod","StSLib"],"gold_per_floor":[99,112,124,138,153,173,173,173,173,192,52,52,52,52,65,163,163,163,179,196,196,196,215,215,234,252,278,278,309,18,44,55,160,160,60,72,91,109,74,74,127,127,137,151,178,197,197,217,236,236],"floor_reached":51,"language":"ENG","playtime":2896,"items_purged":["Slimebound:Strike_Slimebound+1"],"score":775,"play_id":"1e90fc36-4a7c-45bb-bae8-c3f8b0a5e4f5","local_time":"20210217093352","is_ascension_mode":true,"campfire_choices":[{"data":"Slimebound:Split","floor":1,"key":"SMITH"},{"floor":13,"key":"REST"},{"data":"Slimebound:ForwardTackle","floor":18,"key":"SMITH"},{"data":"Slimebound:LeadByExample","floor":28,"key":"SMITH"},{"data":"Slimebound:OneTwoCombo","floor":35,"key":"SMITH"},{"data":"Slimebound:LevelUp","floor":42,"key":"SMITH"}],"circlet_count":0,"master_deck":["Slimebound:Strike_Slimebound","Slimebound:Defend_Slimebound","Slimebound:Defend_Slimebound+1","Slimebound:Defend_Slimebound","Slimebound:Defend_Slimebound","Slimebound:Split+1","Slimebound:CorrosiveSpit","Slimebound:PressTheAttack","Slimebound:SplitLeeching","Slimebound:SplitAcid","Slimebound:SplitSpecialist+1","Slimebound:Equalize","Slimebound:ForwardTackle+1","Slimebound:PressTheAttack","Slimebound:Darklings","Slimebound:OneTwoCombo+1","Slimebound:SlimeTap","Slimebound:DivideAndConquer","Slimebound:LeadByExample+1","Slimebound:SplitBruiser","Slimebound:SlimeTap+1","Slimebound:TagTeam","Slimebound:GoopSpray","Slimebound:SlimeTap+1","Slimebound:FirmFortitude","Slimebound:Repurpose","Slimebound:LevelUp+1","Slimebound:Schlurp","Slimebound:SplitBruiser","Slimebound:RallyTheTroops","Slimebound:SplitLeeching","Slimebound:SplitBruiser+1","Slimebound:LeadByExample","Slimebound:SplitAcid+1","Slimebound:SplitSpecialist"],"relics":["Slimebound:AbsorbEndCombat","Slimebound:PotencyRelic","Bottled Flame","downfall:ShatteredFragment","Toy Ornithopter","Empty Cage","Gremlin Horn","Red Mask","StrikeDummy","bronze:BronzeIdol","Philosopher\u0027s Stone","downfall:HeartBlessingGreen","TungstenRod","Smiling Mask","Dead Branch"],"acts_visited":["Exordium","TheCity","TheBeyond"],"potions_floor_usage":[15,29,31,31,50,50],"damage_taken":[{"damage":0,"enemies":"Small Slimes","floor":2,"turns":3},{"damage":3,"enemies":"2 Louse","floor":3,"turns":3},{"damage":1,"enemies":"Jaw Worm","floor":4,"turns":3},{"damage":13,"enemies":"Gremlin Gang","floor":5,"turns":4},{"damage":0,"enemies":"Large Slime","floor":6,"turns":4},{"damage":13,"enemies":"Red Slaver","floor":10,"turns":2},{"damage":0,"enemies":"downfall:FleeingMerchant","floor":11,"turns":4},{"damage":6,"enemies":"2 Fungi Beasts","floor":15,"turns":2},{"damage":25,"enemies":"DF_ARCHETYPE_STREAMLINE","floor":16,"turns":6},{"damage":7,"enemies":"Shell Parasite","floor":19,"turns":3},{"damage":0,"enemies":"Spheric Guardian","floor":20,"turns":2},{"damage":5,"enemies":"Snake Plant","floor":23,"turns":3},{"damage":14,"enemies":"Centurion and Healer","floor":25,"turns":4},{"damage":2,"enemies":"Chosen and Byrds","floor":26,"turns":3},{"damage":0,"enemies":"Masked Bandits","floor":27,"turns":2},{"damage":45,"enemies":"Slavers","floor":29,"turns":3},{"damage":2,"enemies":"downfall:FleeingMerchant","floor":30,"turns":4},{"damage":14,"enemies":"Gremlin Leader","floor":31,"turns":4},{"damage":0,"enemies":"Cultist and Chosen","floor":32,"turns":3},{"damage":3,"enemies":"IC_MUSHROOM_ARCHETYPE","floor":33,"turns":4},{"damage":1,"enemies":"3 Darklings","floor":36,"turns":2},{"damage":0,"enemies":"3 Shapes","floor":37,"turns":2},{"damage":24,"enemies":"3 Darklings","floor":38,"turns":2},{"damage":0,"enemies":"downfall:FleeingMerchant","floor":39,"turns":2},{"damage":0,"enemies":"Sphere and 2 Shapes","floor":43,"turns":2},{"damage":0,"enemies":"Jaw Worm Horde","floor":44,"turns":2},{"damage":7,"enemies":"Reptomancer","floor":45,"turns":4},{"damage":11,"enemies":"Spire Growth","floor":46,"turns":3},{"damage":0,"enemies":"Transient","floor":48,"turns":5},{"damage":6,"enemies":"4 Shapes","floor":49,"turns":2},{"damage":15,"enemies":"WA_ARCHETYPE_DIVINITY","floor":50,"turns":5}],"seed_played":"2393541910582386384","potions_obtained":[{"floor":2,"key":"DistilledChaos"},{"floor":4,"key":"Slimebound:SlimedPotion"},{"floor":10,"key":"Energy Potion"},{"floor":15,"key":"LiquidMemories"},{"floor":37,"key":"Energy Potion"},{"floor":43,"key":"Explosive Potion"},{"floor":45,"key":"AttackPotion"}],"is_trial":false,"path_per_floor":["R","M","M","M","M","M","T","?","?","M","$","?","R","?","M","B",null,"R","M","M","?","?","M","T","M","M","?","R","E","$","E","M","B",null,"R","M","M","M","$","?","T","R","M","M","E","M","?","M","M","B",null],"character_chosen":"SLIMEBOUND","items_purchased":["Slimebound:ForwardTackle","Slimebound:PressTheAttack","Slimebound:Repurpose","Slimebound:LevelUp","Slimebound:Schlurp","TungstenRod","Slimebound:LeadByExample"],"campfire_rested":1,"item_purchase_floors":[11,11,30,30,30,39,39],"current_hp_per_floor":[47,51,50,53,44,46,46,28,28,17,23,5,24,24,27,16,65,65,58,62,62,62,65,65,51,53,53,53,21,27,35,41,46,65,65,65,65,45,53,53,53,53,53,55,54,49,49,57,53,56],"gold":236,"neow_bonus":"ONE_RARE_RELIC","is_daily":false,"chose_seed":false,"campfire_upgraded":5,"win_rate":0.0,"timestamp":1613576032,"path_taken":["R","M","M","M","M","M","T","?","?","M","$","?","R","?","M","BOSS","R","M","M","?","?","?","T","M","M","?","R","E","$","E","M","BOSS","R","M","M","M","$","?","T","R","M","?","E","M","?","M","M","BOSS"],"items_purchased_type":["Card","Card","Card","Card","Card","Relic","Card"],"build_version":"2020-12-22","purchased_purges":1,"victory":true,"max_hp_per_floor":[65,65,65,65,65,65,65,65,65,65,65,65,65,65,65,65,65,65,65,65,65,65,65,65,65,65,65,65,65,65,65,65,65,65,65,65,65,65,65,65,65,65,65,65,65,65,65,65,65,65],"relic_stats":{"Gremlin Horn":[26,26],"counters":[31,92],"Dead Branch":[53],"Smiling Mask":0,"obtain_stats":[{"downfall:ShatteredFragment":8,"Gremlin Horn":24,"Dead Branch":45,"downfall:HeartBlessingGreen":35,"Empty Cage":17,"Smiling Mask":41,"Slimebound:PotencyRelic":0,"bronze:BronzeIdol":31,"Bottled Flame":7,"Philosopher\u0027s Stone":34,"Slimebound:AbsorbEndCombat":0,"Red Mask":27,"StrikeDummy":29,"Toy Ornithopter":12,"TungstenRod":39},{"downfall:ShatteredFragment":5,"Gremlin Horn":12,"Dead Branch":27,"downfall:HeartBlessingGreen":20,"Empty Cage":9,"Smiling Mask":24,"Slimebound:PotencyRelic":0,"bronze:BronzeIdol":18,"Bottled Flame":5,"Philosopher\u0027s Stone":20,"Slimebound:AbsorbEndCombat":0,"Red Mask":15,"StrikeDummy":16,"Toy Ornithopter":7,"TungstenRod":24},{"downfall:ShatteredFragment":14,"Gremlin Horn":36,"Dead Branch":77,"downfall:HeartBlessingGreen":61,"Empty Cage":28,"Smiling Mask":69,"Slimebound:PotencyRelic":0,"bronze:BronzeIdol":55,"Bottled Flame":14,"Philosopher\u0027s Stone":61,"Slimebound:AbsorbEndCombat":0,"Red Mask":45,"StrikeDummy":48,"Toy Ornithopter":20,"TungstenRod":69}],"Toy Ornithopter":30,"TungstenRod":6},"card_choices":[{"not_picked":["Slimebound:Recollect","Slimebound:FinishingTackle","Slimebound:HauntingLick"],"picked":"SKIP","floor":2},{"not_picked":["Slimebound:LivingWall","Slimebound:RollThrough"],"picked":"Slimebound:Prepare","floor":3},{"not_picked":["Slimebound:SplitAcid","Slimebound:Equalize"],"picked":"Slimebound:PressTheAttack","floor":4},{"not_picked":["Slimebound:SlimeSpikes","Slimebound:DisruptingSlam"],"picked":"Slimebound:SplitLeeching","floor":5},{"not_picked":["Slimebound:Schlurp","Slimebound:SlimeTap"],"picked":"Slimebound:SplitAcid","floor":6},{"not_picked":["Slimebound:LeechEnergy","Slimebound:LeadByExample"],"picked":"Slimebound:SplitSpecialist","floor":10},{"not_picked":["Slimebound:ComboTackle","Slimebound:LeechingTouch"],"picked":"Slimebound:Equalize","floor":11},{"not_picked":["Slimebound:Chomp","Slimebound:LivingWall"],"picked":"Slimebound:Darklings","floor":15},{"not_picked":["Slimebound:SlimeSlap","Slimebound:CheckThePlaybook"],"picked":"Slimebound:OneTwoCombo","floor":16},{"not_picked":["Slimebound:LeechingTouch","Slimebound:SplitAcid"],"picked":"Slimebound:SlimeTap","floor":19},{"not_picked":["Slimebound:SlimeSpikes","Slimebound:RollThrough"],"picked":"Slimebound:DivideAndConquer","floor":20},{"not_picked":["Slimebound:LeechingTouch+1","Slimebound:TongueLash"],"picked":"Slimebound:SplitBruiser","floor":23},{"not_picked":["Slimebound:Chomp","Slimebound:Replication+1"],"picked":"Slimebound:SlimeTap+1","floor":25},{"not_picked":["Slimebound:LeechingTouch","Slimebound:ForwardTackle+1"],"picked":"Slimebound:TagTeam","floor":26},{"not_picked":["Slimebound:ServeAndProtect+1","Slimebound:LeechingTouch+1"],"picked":"Slimebound:GoopSpray","floor":27},{"not_picked":["Slimebound:GoopSpray+1","Slimebound:SamplingLick"],"picked":"Slimebound:SlimeTap+1","floor":29},{"not_picked":["Slimebound:ItLooksTasty","Slimebound:FinishingTackle"],"picked":"Slimebound:FirmFortitude","floor":30},{"not_picked":["Slimebound:MassFeed","Slimebound:SamplingLick+1","Slimebound:Chomp"],"picked":"SKIP","floor":31},{"not_picked":["Slimebound:Prepare+1","Slimebound:BestDefense"],"picked":"Slimebound:SplitBruiser","floor":32},{"not_picked":["Slimebound:OneTwoCombo","Slimebound:OozeBath"],"picked":"Slimebound:RallyTheTroops","floor":33},{"not_picked":["Slimebound:BestDefense+1","Slimebound:SlimeSpikes+1","Slimebound:SpikyOuterGoop+1"],"picked":"SKIP","floor":36},{"not_picked":["Slimebound:Grow","Slimebound:TongueLash+1","Slimebound:SlimeSpikes+1"],"picked":"SKIP","floor":37},{"not_picked":["Slimebound:GoopSpray","Slimebound:FinishingTackle"],"picked":"Slimebound:SplitLeeching","floor":38},{"not_picked":["Slimebound:HauntingLick","Slimebound:DouseInSlime"],"picked":"Slimebound:SplitBruiser+1","floor":39},{"not_picked":["Slimebound:Chomp+1","Slimebound:RollThrough"],"picked":"Slimebound:SplitAcid+1","floor":43},{"not_picked":["Slimebound:SplitLeeching","Slimebound:Replication+1"],"picked":"Slimebound:SplitSpecialist","floor":44},{"not_picked":["Slimebound:AcidTongue","Slimebound:GoopTackle","Slimebound:Dissolve+1"],"picked":"SKIP","floor":45},{"not_picked":["Slimebound:Schlurp","Slimebound:Prepare","Slimebound:ItLooksTasty+1"],"picked":"SKIP","floor":46},{"not_picked":["Slimebound:LeechingTouch","Slimebound:Replication","Slimebound:Prepare"],"picked":"SKIP","floor":48},{"not_picked":["Slimebound:ServeAndProtect+1","Slimebound:GoopSpray+1","Slimebound:SamplingLick"],"picked":"SKIP","floor":49}],"player_experience":992639,"relics_obtained":[{"floor":7,"key":"Bottled Flame"},{"floor":24,"key":"Gremlin Horn"},{"floor":27,"key":"Red Mask"},{"floor":29,"key":"StrikeDummy"},{"floor":31,"key":"bronze:BronzeIdol"},{"floor":41,"key":"Smiling Mask"},{"floor":45,"key":"Dead Branch"}],"event_choices":[{"damage_healed":0,"gold_gain":0,"player_choice":"Success","damage_taken":18,"relics_obtained":["Toy Ornithopter"],"max_hp_gain":0,"max_hp_loss":0,"event_name":"Scrap Ooze","floor":12,"gold_loss":0},{"damage_healed":0,"gold_gain":0,"player_choice":"Grow","damage_taken":0,"max_hp_gain":0,"max_hp_loss":0,"event_name":"Living Wall","floor":14,"gold_loss":0,"cards_upgraded":["Slimebound:SplitSpecialist"]},{"damage_healed":0,"gold_gain":0,"player_choice":"Ignored","damage_taken":0,"max_hp_gain":0,"max_hp_loss":0,"event_name":"Vampires","floor":21,"gold_loss":0},{"damage_healed":0,"gold_gain":0,"player_choice":"Fought Bandits","damage_taken":0,"max_hp_gain":0,"max_hp_loss":0,"event_name":"Masked Bandits","floor":27,"gold_loss":0},{"cards_removed":["Slimebound:Tackle"],"damage_healed":0,"gold_gain":0,"player_choice":"Offered Basic","damage_taken":0,"max_hp_gain":0,"max_hp_loss":0,"event_name":"Bonfire Elementals","floor":40,"gold_loss":0}],"is_beta":false,"boss_relics":[{"not_picked":["Black Star","Pandora\u0027s Box"],"picked":"Empty Cage"},{"not_picked":["Cursed Key","Coffee Dripper"],"picked":"Philosopher\u0027s Stone"}],"items_purged_floors":[30],"is_endless":false,"potions_floor_spawned":[2,4,10,15,19,20,26,37,43,45,48],"ascension_level":1}}