{"host":"0tl58ol8nhobbddc","time":1613545374,"event":{"mods":["AchievementEnabler","BaseMod","Bestiary","Block Reminder","Colored Map","Colored Powertips","Highlight Path","Minty Spire (QoL Compilation)"],"gold_per_floor":[213,228,228,82,93,93,0,0,26,46,46,65,84,109,109,234,234,253,352,34,34,48,48,59,59,59,59,79,79,92,112,112,207,207,218,271,290,43,343,343,354,371,397,415,33,33,49,62,62,62],"floor_reached":51,"language":"ENG","playtime":7733,"items_purged":["Strike_R","Strike_R","Bash"],"score":703,"play_id":"d5afaa91-50da-40b0-a08f-6f411980927d","local_time":"20210216230254","is_ascension_mode":false,"campfire_choices":[{"data":"Body Slam","floor":6,"key":"SMITH"},{"data":"Ghostly Armor","floor":8,"key":"SMITH"},{"data":"Whirlwind","floor":11,"key":"SMITH"},{"data":"True Grit","floor":15,"key":"SMITH"},{"data":"Barricade","floor":23,"key":"SMITH"},{"data":"Disarm","floor":25,"key":"SMITH"},{"data":"Double Tap","floor":27,"key":"SMITH"},{"data":"Iron Wave","floor":32,"key":"SMITH"},{"data":"Clash","floor":40,"key":"PURGE"},{"data":"Entrench","floor":46,"key":"SMITH"},{"data":"Burning Pact","floor":49,"key":"SMITH"}],"circlet_count":0,"master_deck":["Strike_R","Strike_R","Strike_R","Defend_R","Defend_R","Defend_R","Defend_R","Body Slam+1","Ghostly Armor+1","Whirlwind+1","Dramatic Entrance","Warcry","True Grit+1","Burning Pact+1","Double Tap+1","Barricade+1","Disarm+1","True Grit+1","Iron Wave+1","Impervious","Feel No Pain+1","Second Wind+1","Parasite","Entrench+1","Rage","Shrug It Off+1"],"relics":["Burning Blood","Potion Belt","Pen Nib","Philosopher\u0027s Stone","TheAbacus","Oddly Smooth Stone","Coffee Dripper","Peace Pipe","Bottled Tornado","Omamori","HornCleat"],"acts_visited":["Exordium","TheCity","TheBeyond"],"potions_floor_usage":[16,16,16,16,18,18,18,18,33,33,36,37,41,44,47,50],"damage_taken":[{"damage":5,"enemies":"Cultist","floor":1,"turns":4},{"damage":6,"enemies":"Jaw Worm","floor":2,"turns":3},{"damage":2,"enemies":"2 Louse","floor":5,"turns":3},{"damage":0,"enemies":"Large Slime","floor":10,"turns":4},{"damage":0,"enemies":"Exordium Wildlife","floor":12,"turns":2},{"damage":0,"enemies":"Lots of Slimes","floor":13,"turns":2},{"damage":18,"enemies":"3 Sentries","floor":14,"turns":4},{"damage":19,"enemies":"Hexaghost","floor":16,"turns":10},{"damage":10,"enemies":"3 Byrds","floor":18,"turns":4},{"damage":6,"enemies":"Shell Parasite","floor":22,"turns":7},{"damage":36,"enemies":"Snake Plant","floor":24,"turns":4},{"damage":0,"enemies":"Centurion and Healer","floor":28,"turns":9},{"damage":0,"enemies":"Snecko","floor":30,"turns":8},{"damage":0,"enemies":"Chosen and Byrds","floor":31,"turns":6},{"damage":11,"enemies":"Champ","floor":33,"turns":10},{"damage":10,"enemies":"3 Shapes","floor":35,"turns":1},{"damage":32,"enemies":"2 Orb Walkers","floor":36,"turns":6},{"damage":20,"enemies":"3 Darklings","floor":37,"turns":6},{"damage":0,"enemies":"Maw","floor":41,"turns":7},{"damage":0,"enemies":"Writhing Mass","floor":42,"turns":5},{"damage":42,"enemies":"Sphere and 2 Shapes","floor":44,"turns":8},{"damage":0,"enemies":"Maw","floor":47,"turns":9},{"damage":0,"enemies":"Spire Growth","floor":48,"turns":6},{"damage":0,"enemies":"Time Eater","floor":50,"turns":12}],"seed_played":"4383429407612560055","potions_obtained":[{"floor":2,"key":"EssenceOfSteel"},{"floor":3,"key":"HeartOfIron"},{"floor":3,"key":"EntropicBrew"},{"floor":10,"key":"AttackPotion"},{"floor":13,"key":"ColorlessPotion"},{"floor":16,"key":"AttackPotion"},{"floor":24,"key":"ColorlessPotion"},{"floor":30,"key":"Ancient Potion"},{"floor":33,"key":"SpeedPotion"},{"floor":36,"key":"Explosive Potion"},{"floor":41,"key":"PowerPotion"},{"floor":42,"key":"Explosive Potion"}],"is_trial":false,"path_per_floor":["M","M","?","$","M","R","$","R","T","M","R","M","M","E","R","B",null,"M","?","$","?","M","R","M","R","T","R","M","?","M","M","R","B",null,"M","?","M","$","?","R","M","M","T","M","$","R","M","M","R","B",null],"character_chosen":"IRONCLAD","items_purchased":["Ghostly Armor","Dramatic Entrance","TheAbacus","Disarm","Bottled Tornado","HornCleat"],"campfire_rested":0,"item_purchase_floors":[4,7,20,20,38,45],"current_hp_per_floor":[80,80,80,80,80,80,80,80,80,80,80,80,80,68,68,55,80,76,76,76,76,76,76,46,46,46,46,52,52,58,64,64,59,80,76,50,36,36,36,36,42,48,48,12,12,12,18,24,24,30],"gold":62,"neow_bonus":"HUNDRED_GOLD","is_daily":false,"chose_seed":false,"campfire_upgraded":10,"win_rate":0.0,"timestamp":1613545374,"path_taken":["M","M","?","$","?","R","$","R","T","M","R","M","M","E","R","BOSS","M","?","$","?","M","R","M","R","T","R","M","?","M","M","R","BOSS","M","?","M","$","?","R","M","?","T","M","$","R","M","M","R","BOSS"],"items_purchased_type":["Card","Card","Relic","Card","Relic","Relic"],"build_version":"2020-12-22","purchased_purges":3,"victory":true,"max_hp_per_floor":[80,80,80,80,80,80,80,80,80,80,80,80,80,80,80,80,80,80,80,80,80,80,80,80,80,80,80,80,80,80,80,80,80,80,80,80,80,80,80,80,80,80,80,80,80,80,80,80,80,80],"card_choices":[{"not_picked":["Thunderclap","Pummel"],"picked":"Clash","floor":1},{"not_picked":["Searing Blow","Pummel"],"picked":"Body Slam","floor":2},{"not_picked":["Headbutt","Entrench"],"picked":"Whirlwind","floor":5},{"not_picked":["Second Wind","Blood for Blood"],"picked":"Warcry","floor":10},{"not_picked":["Cleave","Flex"],"picked":"True Grit","floor":12},{"not_picked":["Spot Weakness","Headbutt"],"picked":"Burning Pact","floor":13},{"not_picked":["Rage","Anger"],"picked":"Double Tap","floor":14},{"not_picked":["Corruption","Limit Break"],"picked":"Barricade","floor":16},{"not_picked":["Clothesline+1","Battle Trance","Headbutt"],"picked":"SKIP","floor":18},{"not_picked":["Reckless Charge","Inflame","Second Wind"],"picked":"SKIP","floor":22},{"not_picked":["Headbutt","Reckless Charge"],"picked":"True Grit+1","floor":24},{"not_picked":["Combust+1","Sword Boomerang"],"picked":"Iron Wave","floor":28},{"not_picked":["Uppercut","Headbutt+1","Pommel Strike+1"],"picked":"SKIP","floor":30},{"not_picked":["Rampage","Warcry","True Grit+1"],"picked":"SKIP","floor":31},{"not_picked":["Fiend Fire","Corruption"],"picked":"Impervious","floor":33},{"not_picked":["Perfected Strike","Armaments","Warcry+1"],"picked":"SKIP","floor":35},{"not_picked":["Flex","Searing Blow"],"picked":"Feel No Pain+1","floor":37},{"not_picked":["Warcry+1","Shrug It Off+1"],"picked":"Second Wind+1","floor":41},{"not_picked":["Power Through+1","Armaments+1","Sever Soul"],"picked":"SKIP","floor":42},{"not_picked":["Pommel Strike+1","Clothesline"],"picked":"Entrench","floor":44},{"not_picked":["Cleave+1","Pommel Strike"],"picked":"Rage","floor":47},{"not_picked":["Twin Strike+1","Perfected Strike+1"],"picked":"Shrug It Off+1","floor":48}],"player_experience":60760,"relics_obtained":[{"floor":9,"key":"Potion Belt"},{"floor":14,"key":"Pen Nib"},{"floor":26,"key":"Oddly Smooth Stone"},{"floor":36,"key":"Peace Pipe"},{"floor":43,"key":"Omamori"}],"event_choices":[{"damage_healed":0,"gold_gain":0,"player_choice":"Got Potions","damage_taken":0,"max_hp_gain":0,"max_hp_loss":0,"event_name":"Lab","floor":3,"gold_loss":0},{"damage_healed":0,"gold_gain":99,"player_choice":"Stole From Cult","damage_taken":0,"max_hp_gain":0,"max_hp_loss":0,"event_name":"Nest","floor":19,"gold_loss":0},{"damage_healed":0,"gold_gain":0,"player_choice":"Ignored","damage_taken":0,"max_hp_gain":0,"max_hp_loss":0,"event_name":"Vampires","floor":29,"gold_loss":0},{"damage_healed":0,"gold_gain":0,"player_choice":"Fight","damage_taken":0,"max_hp_gain":0,"max_hp_loss":0,"event_name":"Mysterious Sphere","floor":36,"gold_loss":0},{"damage_healed":0,"gold_gain":300,"player_choice":"Gold","damage_taken":0,"max_hp_gain":0,"max_hp_loss":0,"event_name":"Wheel of Change","floor":39,"gold_loss":0}],"is_beta":false,"boss_relics":[{"not_picked":["Empty Cage","Black Blood"],"picked":"Philosopher\u0027s Stone"},{"not_picked":["Runic Pyramid","Black Star"],"picked":"Coffee Dripper"}],"items_purged_floors":[4,20,45],"is_endless":false,"potions_floor_spawned":[2,5,10,13,16,24,30,33,36,41,42],"ascension_level":0}}