{"host":"wmrrle71ao22fxdw","time":1613549114,"event":{"mods":["BaseMod","Colored Map","Minty Spire (QoL Compilation)"],"gold_per_floor":[116,116,35,35,35,74,74,110,134,134,149,149,162,206,206,332,332,356,356,325,31,49,84,84,118,144,162,60,60,85,85,85,209,209,222,19,19,33,33,106,56,56,56],"floor_reached":42,"language":"ENG","playtime":1404,"items_purged":["Strike_P","Strike_P+1","Strike_P+1"],"score":500,"play_id":"478c7340-bad2-420c-a75f-b4dccee5e866","local_time":"20210217090514","is_ascension_mode":false,"campfire_choices":[{"data":"Vigilance","floor":7.0,"key":"SMITH"},{"data":"Omniscience","floor":10.0,"key":"SMITH"},{"data":"Conclude","floor":12.0,"key":"SMITH"},{"data":"Fasting2","floor":15.0,"key":"SMITH"},{"data":"EmptyFist","floor":24,"key":"SMITH"},{"data":"FlurryOfBlows","floor":29,"key":"SMITH"},{"floor":32,"key":"REST"}],"circlet_count":0,"master_deck":["Defend_P+1","Defend_P+1","Defend_P+1","Defend_P+1","Eruption","Vigilance+1","FlyingSleeves","Tantrum+1","Fasting2+1","Omniscience+1","Conclude+1","EmptyBody","EmptyFist+1","LessonLearned+1","CurseOfTheBell","Halt+1","Consecrate+1","FlurryOfBlows+1","CutThroughFate","DeusExMachina+1","FlurryOfBlows+1","EmptyFist","Dark Shackles+1","The Bomb+1"],"relics":["PureWater","NeowsBlessing","Yang","Golden Idol","Blue Candle","Pantograph","Orichalcum","Pear","Calling Bell","Art of War","Meat on the Bone","Incense Burner","Torii","Toxic Egg 2","Ornamental Fan","Smiling Mask","SlaversCollar","Pen Nib","Mummified Hand"],"acts_visited":["Exordium","TheCity","TheBeyond"],"potions_floor_usage":[25,25],"damage_taken":[{"damage":0.0,"enemies":"2 Louse","floor":1.0,"turns":1.0},{"damage":0.0,"enemies":"3 Sentries","floor":6.0,"turns":1.0},{"damage":0.0,"enemies":"Lagavulin","floor":8.0,"turns":1.0},{"damage":0.0,"enemies":"Small Slimes","floor":11.0,"turns":3.0},{"damage":1.0,"enemies":"Jaw Worm","floor":13.0,"turns":2.0},{"damage":6.0,"enemies":"Gremlin Nob","floor":14.0,"turns":3.0},{"damage":4.0,"enemies":"Slime Boss","floor":16.0,"turns":8.0},{"damage":1.0,"enemies":"Chosen","floor":18.0,"turns":4.0},{"damage":20.0,"enemies":"2 Thieves","floor":20.0,"turns":5.0},{"damage":0,"enemies":"Snake Plant","floor":22,"turns":2},{"damage":8,"enemies":"Book of Stabbing","floor":23,"turns":4},{"damage":33,"enemies":"Slavers","floor":25,"turns":3},{"damage":8,"enemies":"Sentry and Sphere","floor":27,"turns":3},{"damage":19,"enemies":"3 Cultists","floor":30,"turns":5},{"damage":100,"enemies":"Collector","floor":33,"turns":10},{"damage":12,"enemies":"Orb Walker","floor":35,"turns":4},{"damage":1,"enemies":"3 Darklings","floor":38,"turns":4},{"damage":72,"enemies":"Nemesis","floor":42,"turns":6}],"seed_played":"5751979791806326516","potions_obtained":[{"floor":1.0,"key":"Dexterity Potion"},{"floor":6.0,"key":"Ambrosia"},{"floor":8.0,"key":"Dexterity Potion"},{"floor":20.0,"key":"FairyPotion"},{"floor":23,"key":"Regen Potion"},{"floor":33,"key":"Dexterity Potion"},{"floor":35,"key":"AttackPotion"}],"is_trial":false,"path_per_floor":["M","?","$","?","?","E","R","E","T","R","M","R","M","E","R","B",null,"M","?","M","$","M","E","R","E","T","M","$","R","M","?","R","B",null,"M","$","?","M","?","T","$","E"],"character_chosen":"WATCHER","items_purchased":["Tantrum","Torii","CutThroughFate","Pen Nib"],"campfire_rested":1,"item_purchase_floors":[3,21,28,36],"current_hp_per_floor":[72,60,60,60,60,60,60,60,60,60,60,60,59,63,63,73,77,76,76,56,56,56,48,48,36,36,40,40,40,33,33,56,35,77,65,65,65,64,54,54,54,0,0],"gold":56,"neow_bonus":"THREE_ENEMY_KILL","is_daily":false,"chose_seed":false,"campfire_upgraded":6,"win_rate":0.0,"timestamp":1613549114,"path_taken":["M","?","$","?","?","E","R","E","T","R","M","R","?","E","R","BOSS","M","?","M","$","M","E","R","E","T","M","?","R","M","?","R","BOSS","M","$","?","?","?","?","?","E"],"items_purchased_type":["Card","Relic","Card","Relic"],"build_version":"2020-12-22","purchased_purges":3,"victory":false,"max_hp_per_floor":[72,72,72,67,67,67,67,67,67,67,67,67,67,77,77,77,77,77,77,77,77,77,77,77,77,77,77,77,77,77,77,77,77,77,77,77,77,77,77,77,77,77,77],"card_choices":[{"not_picked":["Wireheading","JustLucky"],"picked":"FlyingSleeves","floor":1.0},{"not_picked":["Consecrate","ClearTheMind"],"picked":"Fasting2","floor":6.0},{"not_picked":["Weave","CutThroughFate"],"picked":"Omniscience","floor":8.0},{"not_picked":["JustLucky","Crescendo"],"picked":"Conclude","floor":11.0},{"not_picked":["CarveReality","FollowUp"],"picked":"EmptyBody","floor":13.0},{"not_picked":["Establishment","CarveReality"],"picked":"EmptyFist","floor":14.0},{"not_picked":["Scrawl","DeusExMachina"],"picked":"LessonLearned","floor":16.0},{"not_picked":["WreathOfFlame+1","FlyingSleeves","SashWhip"],"picked":"SKIP","floor":18.0},{"not_picked":["Evaluate","Vault"],"picked":"Halt+1","floor":20.0},{"not_picked":["FollowUp","ReachHeaven","Swivel"],"picked":"SKIP","floor":22},{"not_picked":["Sanctity+1","Indignation+1"],"picked":"Consecrate+1","floor":23},{"not_picked":["Brilliance","MentalFortress"],"picked":"FlurryOfBlows","floor":25},{"not_picked":["Fasting2+1","SignatureMove","FollowUp"],"picked":"SKIP","floor":27},{"not_picked":["CutThroughFate","Collect+1","EmptyBody+1"],"picked":"SKIP","floor":30},{"not_picked":["Alpha+1","LessonLearned"],"picked":"DeusExMachina+1","floor":33},{"not_picked":["Consecrate+1","MentalFortress+1"],"picked":"FlurryOfBlows+1","floor":35},{"not_picked":["Consecrate+1","CutThroughFate+1","FlyingSleeves+1"],"picked":"SKIP","floor":38},{"not_picked":["Secret Technique+1","Thinking Ahead+1"],"picked":"Dark Shackles+1","floor":39},{"not_picked":["Bandage Up+1","Forethought+1"],"picked":"The Bomb+1","floor":39}],"player_experience":104654,"relics_obtained":[{"floor":6.0,"key":"Blue Candle"},{"floor":8.0,"key":"Pantograph"},{"floor":9.0,"key":"Orichalcum"},{"floor":14.0,"key":"Pear"},{"floor":17.0,"key":"Art of War"},{"floor":17.0,"key":"Meat on the Bone"},{"floor":17.0,"key":"Incense Burner"},{"floor":23,"key":"Toxic Egg 2"},{"floor":25,"key":"Ornamental Fan"},{"floor":26,"key":"Smiling Mask"},{"floor":40,"key":"Mummified Hand"}],"event_choices":[{"damage_healed":0.0,"max_hp_gain":0.0,"max_hp_loss":0.0,"gold_gain":0.0,"event_name":"Scrap Ooze","player_choice":"Success","floor":2.0,"gold_loss":0.0,"damage_taken":12.0,"relics_obtained":["Yang"]},{"damage_healed":0.0,"max_hp_gain":0.0,"max_hp_loss":5.0,"gold_gain":0.0,"event_name":"Golden Idol","player_choice":"Lose Max HP","floor":4.0,"gold_loss":0.0,"damage_taken":0.0,"relics_obtained":["Golden Idol"]},{"damage_healed":0.0,"max_hp_gain":0.0,"max_hp_loss":0.0,"gold_gain":0.0,"event_name":"Accursed Blacksmith","player_choice":"Forge","floor":5.0,"gold_loss":0.0,"damage_taken":0.0,"cards_upgraded":["Tantrum"]},{"damage_healed":0.0,"max_hp_gain":0.0,"max_hp_loss":0.0,"gold_gain":0.0,"event_name":"Upgrade Shrine","player_choice":"Upgraded","floor":19.0,"gold_loss":0.0,"damage_taken":0.0,"cards_upgraded":["LessonLearned"]},{"damage_healed":0,"gold_gain":0,"player_choice":"Simplicity","damage_taken":0,"max_hp_gain":0,"max_hp_loss":0,"event_name":"Back to Basics","floor":31,"gold_loss":0,"cards_upgraded":["Strike_P","Strike_P","Strike_P","Defend_P","Defend_P","Defend_P"]},{"damage_healed":0,"gold_gain":0,"cards_transformed":["Strike_P"],"player_choice":"Transformed","damage_taken":0,"max_hp_gain":0,"max_hp_loss":0,"event_name":"Transmorgrifier","floor":37,"gold_loss":0,"cards_obtained":["EmptyFist"]},{"damage_healed":0,"gold_gain":0,"player_choice":"Memory 3","damage_taken":10,"max_hp_gain":0,"max_hp_loss":0,"event_name":"SensoryStone","floor":39,"gold_loss":0}],"is_beta":false,"boss_relics":[{"not_picked":["Busted Crown","Runic Dome"],"picked":"Calling Bell"},{"not_picked":["Pandora\u0027s Box","Runic Pyramid"],"picked":"SlaversCollar"}],"items_purged_floors":[28,36,41],"is_endless":false,"potions_floor_spawned":[1,6,8,18,20,23,33,35],"killed_by":"Nemesis","ascension_level":0}}