{"host":"ymmeoa1x24ihslbm","time":1613563972,"event":{"mods":["AchievementEnabler","BaseMod","Colored Map","Colored Powertips","Defuse TimeMaze Blight","Highlight Path","Marisa????????","Minty Spire (QoL Compilation)","Permanent Neow","Quick Restart","StSLib","Unceasing Turn Reminder"],"gold_per_floor":[110,128,78,78,92,117,117,133,187,187,212,212,212,56,56,156,156,170,170,170,190,206,206,153,184,211,211,211,211],"floor_reached":28,"language":"ENG","playtime":2017,"items_purged":[],"score":269,"play_id":"96616484-482e-44bd-b8e7-d04f4d9b9593","local_time":"20210217131252","is_ascension_mode":false,"campfire_choices":[{"data":"EscapeVelocity","floor":7.0,"key":"SMITH"},{"data":"EnergyFlow","floor":10.0,"key":"SMITH"},{"data":"Acceleration","floor":13.0,"key":"SMITH"},{"data":"Defend_MRS","floor":15.0,"key":"SMITH"},{"data":"NonDirectionalLaser","floor":23.0,"key":"SMITH"},{"data":"BinaryStars","floor":27.0,"key":"SMITH"}],"circlet_count":0,"master_deck":["Strike_MRS","Strike_MRS","Strike_MRS","Strike_MRS","Defend_MRS+1","Defend_MRS+1","Defend_MRS","MasterSpark+1","UpSweep+1","Acceleration+1","EnergyFlow+1","EscapeVelocity+1","MagicChant+1","SatelliteIllusion","MilkyWay+1","MachineGunSpark","NonDirectionalLaser+1","ShootingEcho","BinaryStars+1"],"relics":["MiniHakkero","Pear","Toy Ornithopter","War Paint","Pantograph","PreservedInsect","SlaversCollar","Meat on the Bone","Akabeko"],"acts_visited":["Exordium","TheCity"],"potions_floor_usage":[],"damage_taken":[{"damage":0.0,"enemies":"Jaw Worm","floor":1.0,"turns":3.0},{"damage":1.0,"enemies":"Cultist","floor":2.0,"turns":3.0},{"damage":2.0,"enemies":"Small Slimes","floor":5.0,"turns":4.0},{"damage":26.0,"enemies":"Lagavulin","floor":6.0,"turns":6.0},{"damage":3.0,"enemies":"Exordium Wildlife","floor":8.0,"turns":3.0},{"damage":10.0,"enemies":"3 Sentries","floor":11.0,"turns":5.0},{"damage":48.0,"enemies":"Hexaghost","floor":16.0,"turns":9.0},{"damage":8.0,"enemies":"Chosen","floor":18.0,"turns":5.0},{"damage":10.0,"enemies":"3 Byrds","floor":21.0,"turns":5.0},{"damage":36.0,"enemies":"Snake Plant","floor":22.0,"turns":4.0},{"damage":13.0,"enemies":"Slavers","floor":25.0,"turns":3.0},{"damage":14,"enemies":"3 Cultists","floor":28,"turns":4}],"seed_played":"-8578527890911439544","potions_obtained":[{"floor":6.0,"key":"SkillPotion"},{"floor":8.0,"key":"Fire Potion"},{"floor":11.0,"key":"Block Potion"},{"floor":16.0,"key":"AttackPotion"},{"floor":21.0,"key":"BottledSpark"},{"floor":25.0,"key":"LiquidMemories"}],"is_trial":false,"path_per_floor":["M","M","?","T","M","E","R","M","T","R","E","?","R","$","R","B",null,"M","?","?","M","M","R","$","E","T","R","M"],"character_chosen":"MARISA","items_purchased":["PreservedInsect","ShootingEcho"],"campfire_rested":0,"item_purchase_floors":[14,24],"current_hp_per_floor":[75,74,74,84,82,56,56,53,53,53,48,48,48,48,48,35,85,77,61,61,56,20,20,20,12,12,12,0,0],"gold":211,"neow_bonus":"UPGRADE_CARD","is_daily":false,"chose_seed":false,"campfire_upgraded":6,"win_rate":0.0,"timestamp":1613563972,"path_taken":["M","M","?","?","?","E","R","M","T","R","E","?","R","$","R","BOSS","M","?","?","?","M","R","$","E","T","R","M"],"items_purchased_type":["Relic","Card"],"build_version":"2020-12-22","purchased_purges":0,"victory":false,"max_hp_per_floor":[75,75,75,85,85,85,85,85,85,85,85,85,85,85,85,85,85,85,90,90,90,90,90,90,90,90,90,90,90],"card_choices":[{"not_picked":["SporeBomb","Robbery"],"picked":"Acceleration","floor":1.0},{"not_picked":["ShootingEcho","IllusionStar"],"picked":"EnergyFlow","floor":2.0},{"not_picked":["StarlightTyphoon","ChargingUp","SuperPerseids"],"picked":"SKIP","floor":5.0},{"not_picked":["Acceleration","Robbery"],"picked":"EscapeVelocity","floor":6.0},{"not_picked":["StarBarrage","NonDirectionalLaser"],"picked":"MagicChant","floor":8.0},{"not_picked":["IllusionStar","GravityBeat","GrandCross"],"picked":"SKIP","floor":11.0},{"not_picked":["StarDustReverie","BigCrunch"],"picked":"SatelliteIllusion","floor":16.0},{"not_picked":["StarBarrage","OpenUniverse"],"picked":"MilkyWay+1","floor":18.0},{"not_picked":["GrandCross+1","MysteriousBeam"],"picked":"MachineGunSpark","floor":21.0},{"not_picked":["Acceleration","DeepEcoloBomb"],"picked":"NonDirectionalLaser","floor":22.0},{"not_picked":["NonDirectionalLaser","GalacticHalo"],"picked":"BinaryStars","floor":25.0}],"player_experience":664516,"relics_obtained":[{"floor":4.0,"key":"Pear"},{"floor":6.0,"key":"Toy Ornithopter"},{"floor":9.0,"key":"War Paint"},{"floor":11.0,"key":"Pantograph"},{"floor":25.0,"key":"Meat on the Bone"},{"floor":26.0,"key":"Akabeko"}],"event_choices":[{"cards_removed":["Defend_MRS"],"damage_healed":0.0,"max_hp_gain":0.0,"max_hp_loss":0.0,"gold_gain":0.0,"event_name":"The Cleric","player_choice":"Card Removal","floor":3.0,"gold_loss":50.0,"damage_taken":0.0},{"damage_healed":0.0,"max_hp_gain":0.0,"max_hp_loss":0.0,"gold_gain":0.0,"event_name":"Living Wall","player_choice":"Grow","floor":12.0,"gold_loss":0.0,"damage_taken":0.0,"cards_upgraded":["UpSweep"]},{"damage_healed":0.0,"max_hp_gain":5.0,"max_hp_loss":0.0,"gold_gain":0.0,"event_name":"Forgotten Altar","player_choice":"Shed Blood","floor":19.0,"gold_loss":0.0,"damage_taken":21.0},{"damage_healed":0.0,"max_hp_gain":0.0,"max_hp_loss":0.0,"gold_gain":0.0,"event_name":"Vampires","player_choice":"Ignored","floor":20.0,"gold_loss":0.0,"damage_taken":0.0}],"is_beta":false,"boss_relics":[{"not_picked":["Fusion Hammer","Philosopher\u0027s Stone"],"picked":"SlaversCollar"}],"items_purged_floors":[],"is_endless":false,"potions_floor_spawned":[6,8,11,16,21,25],"killed_by":"3 Cultists","ascension_level":0}}