{"host":"r9o2ao9489xj0j9f","time":1613605119,"event":{"mods":["AchievementEnabler","BaseMod","Minty Spire (QoL Compilation)","StSLib"],"gold_per_floor":[114,114,27,42,42,42,72,72,72,87,102,117,132,147,147,247,247,262,262,277,34,34,34,64,64,64],"floor_reached":25,"language":"ENG","playtime":1018,"items_purged":[],"score":223,"play_id":"718f616a-e851-4e26-9e3f-4eb2af0be2d1","local_time":"20210217183839","daily_mods":["Chimera","Uncertain Future","Terminal"],"is_ascension_mode":false,"campfire_choices":[{"data":"Eruption","floor":6,"key":"SMITH"},{"floor":8,"key":"REST"},{"data":"Crescendo","floor":15,"key":"SMITH"},{"floor":23,"key":"REST"}],"circlet_count":0,"master_deck":["Survivor","Zap","Eruption+1","Strike_R+1","Strike_G+1","Strike_B+1","Defend_R+1","Defend_G+1","Defend_P+1","Protect","Finesse","BowlingBash","Crescendo+1","BowlingBash","FearNoEvil","ClearTheMind","FlyingSleeves","ForeignInfluence","DevaForm","CurseOfTheBell","Tantrum","ClearTheMind+1","MentalFortress","Protect","FlurryOfBlows"],"relics":["PureWater","Calipers","Toy Ornithopter","White Beast Statue","Calling Bell","Omamori","Kunai","Shovel","MutagenicStrength","Blood Vial","HornCleat"],"acts_visited":["Exordium","TheCity"],"potions_floor_usage":[7,13,14,16,16,16,24,24,24,25],"damage_taken":[{"damage":0,"enemies":"2 Louse","floor":1,"turns":1},{"damage":0,"enemies":"Small Slimes","floor":4,"turns":3},{"damage":3,"enemies":"3 Sentries","floor":7,"turns":3},{"damage":0,"enemies":"Cultist","floor":10,"turns":3},{"damage":10,"enemies":"Looter","floor":11,"turns":2},{"damage":0,"enemies":"2 Fungi Beasts","floor":12,"turns":1},{"damage":0,"enemies":"Blue Slaver","floor":13,"turns":1},{"damage":0,"enemies":"Red Slaver","floor":14,"turns":2},{"damage":19,"enemies":"Hexaghost","floor":16,"turns":6},{"damage":0,"enemies":"Spheric Guardian","floor":18,"turns":2},{"damage":42,"enemies":"2 Thieves","floor":20,"turns":3},{"damage":34,"enemies":"Book of Stabbing","floor":24,"turns":5},{"damage":51,"enemies":"Cultist and Chosen","floor":25,"turns":8}],"seed_played":"6706742764168558924","potions_obtained":[{"floor":1,"key":"DistilledChaos"},{"floor":10,"key":"SpeedPotion"},{"floor":11,"key":"DuplicationPotion"},{"floor":12,"key":"Ancient Potion"},{"floor":13,"key":"Block Potion"},{"floor":14,"key":"ColorlessPotion"},{"floor":16,"key":"FearPotion"},{"floor":18,"key":"Strength Potion"},{"floor":20,"key":"Regen Potion"},{"floor":24,"key":"SkillPotion"}],"is_trial":false,"path_per_floor":["M","?","$","M","?","R","E","R","T","M","M","M","M","M","R","B",null,"M","?","M","$","?","R","E","M"],"character_chosen":"WATCHER","items_purchased":["Finesse","Blood Vial","MentalFortress","Protect"],"campfire_rested":2,"item_purchase_floors":[3,21,21,21],"current_hp_per_floor":[70,58,58,58,58,58,55,63,62,61,51,51,56,57,56,47,54,53,52,10,10,10,24,21,0,0],"gold":64,"neow_bonus":"","is_daily":true,"chose_seed":false,"campfire_upgraded":2,"win_rate":0.0,"timestamp":1613605119,"path_taken":["M","?","$","M","?","R","E","R","T","M","M","M","?","M","R","BOSS","M","?","M","$","?","R","E","M"],"items_purchased_type":["Card","Relic","Card","Card"],"build_version":"2020-12-22","purchased_purges":0,"victory":false,"max_hp_per_floor":[70,69,68,67,66,65,64,63,62,61,60,59,58,57,56,55,54,53,52,51,50,49,48,47,47,47],"card_choices":[{"not_picked":["DeceiveReality","Wallop"],"picked":"Protect","floor":1},{"not_picked":["Wireheading","Evaluate"],"picked":"BowlingBash","floor":4},{"not_picked":["Halt","Nirvana"],"picked":"Crescendo","floor":7},{"not_picked":["JustLucky","Pray"],"picked":"BowlingBash","floor":10},{"not_picked":["BowlingBash","JustLucky"],"picked":"FearNoEvil","floor":11},{"not_picked":["CarveReality","Weave"],"picked":"ClearTheMind","floor":12},{"not_picked":["Brilliance","Vengeance"],"picked":"FlyingSleeves","floor":13},{"not_picked":["ThirdEye","CutThroughFate"],"picked":"ForeignInfluence","floor":14},{"not_picked":["SpiritShield","Judgement"],"picked":"DevaForm","floor":16},{"not_picked":["Protect","Prostrate"],"picked":"Tantrum","floor":18},{"not_picked":["Prostrate+1","CrushJoints+1"],"picked":"ClearTheMind+1","floor":20},{"not_picked":["Evaluate","DeceiveReality"],"picked":"FlurryOfBlows","floor":24}],"player_experience":141121,"relics_obtained":[{"floor":7,"key":"Toy Ornithopter"},{"floor":9,"key":"White Beast Statue"},{"floor":17,"key":"Omamori"},{"floor":17,"key":"Kunai"},{"floor":17,"key":"Shovel"},{"floor":24,"key":"HornCleat"}],"event_choices":[{"damage_healed":0,"gold_gain":0,"player_choice":"Success","damage_taken":12,"relics_obtained":["Calipers"],"max_hp_gain":0,"max_hp_loss":0,"event_name":"Scrap Ooze","floor":2,"gold_loss":0},{"cards_removed":["Bash"],"damage_healed":0,"gold_gain":0,"player_choice":"Offered Basic","damage_taken":0,"max_hp_gain":0,"max_hp_loss":0,"event_name":"Bonfire Elementals","floor":5,"gold_loss":0},{"damage_healed":0,"gold_gain":0,"player_choice":"Inject Mutagens","damage_taken":0,"relics_obtained":["MutagenicStrength"],"max_hp_gain":0,"max_hp_loss":0,"event_name":"Drug Dealer","floor":19,"gold_loss":0},{"damage_healed":0,"gold_gain":0,"player_choice":"Simplicity","damage_taken":0,"max_hp_gain":0,"max_hp_loss":0,"event_name":"Back to Basics","floor":22,"gold_loss":0,"cards_upgraded":["Strike_R","Strike_G","Strike_B","Defend_R","Defend_G","Defend_P"]}],"is_beta":false,"boss_relics":[{"not_picked":["Astrolabe","Snecko Eye"],"picked":"Calling Bell"}],"items_purged_floors":[],"is_endless":false,"potions_floor_spawned":[1,10,11,12,13,14,16,18,20,24],"killed_by":"Cultist and Chosen","ascension_level":0}}