{"host":"l2lylj0omvglf5x0","time":1613569664,"event":{"mods":["2.2 Compatiblity","BaseMod","Bestiary","Block Reminder","Colored Map","Colored Powertips","Curses Come First","Highlight Path","Keyboard Shortcuts","Minty Spire (QoL Compilation)","Relic Sorter","Relic Stats","Slay the Relics Exporter","StSLib","SuperFastMode"],"gold_per_floor":[114,131,206,225,237,237,268,328,328,328,328,343,29,44,44,139,139,153,153,170,120,120,120],"floor_reached":22,"language":"ENG","playtime":638,"items_purged":["Strike_R"],"score":354,"play_id":"6c1965c3-cd8c-4376-afe3-3f1b51f24af6","local_time":"20210217144744","is_ascension_mode":true,"campfire_choices":[{"data":"Hemokinesis","floor":6,"key":"SMITH"},{"floor":10,"key":"REST"},{"data":"Demon Form","floor":15,"key":"SMITH"}],"circlet_count":0,"master_deck":["AscendersBane","Strike_R","Strike_R","Strike_R","Strike_R","Defend_R","Defend_R","Defend_R","Defend_R","Bash","Disarm","Twin Strike","Demon Form+1","Shockwave","Dropkick","Body Slam","Barricade","Pommel Strike","RitualDagger"],"relics":["Burning Blood","NeowsBlessing","FossilizedHelix","Shuriken","Pocketwatch","Eternal Feather","Black Star"],"acts_visited":["Exordium","TheCity"],"potions_floor_usage":[7,8,16,16],"damage_taken":[{"damage":0,"enemies":"Cultist","floor":1,"turns":1},{"damage":0,"enemies":"Small Slimes","floor":2,"turns":1},{"damage":0,"enemies":"2 Louse","floor":4,"turns":1},{"damage":18,"enemies":"Red Slaver","floor":5,"turns":3},{"damage":18,"enemies":"Gremlin Nob","floor":7,"turns":3},{"damage":47,"enemies":"3 Sentries","floor":8,"turns":8},{"damage":6,"enemies":"2 Fungi Beasts","floor":12,"turns":3},{"damage":21,"enemies":"Looter","floor":14,"turns":4},{"damage":0,"enemies":"Slime Boss","floor":16,"turns":5},{"damage":22,"enemies":"Shell Parasite","floor":18,"turns":5},{"damage":23,"enemies":"Chosen","floor":20,"turns":7},{"damage":5,"enemies":"Shelled Parasite and Fungi","floor":22,"turns":2}],"seed_played":"1922903126458392811","potions_obtained":[{"floor":1,"key":"SkillPotion"},{"floor":7,"key":"DuplicationPotion"},{"floor":8,"key":"DuplicationPotion"},{"floor":12,"key":"Strength Potion"},{"floor":16,"key":"DuplicationPotion"},{"floor":18,"key":"Fire Potion"}],"is_trial":false,"path_per_floor":["M","M","?","M","M","R","E","?","T","R","?","M","$","M","R","B",null,"M","?","M","?","M"],"character_chosen":"IRONCLAD","items_purchased":["Eternal Feather"],"campfire_rested":1,"item_purchase_floors":[13],"current_hp_per_floor":[78,80,69,75,63,63,51,10,10,34,80,80,80,65,74,80,80,64,58,41,41,36,36],"gold":120,"neow_bonus":"THREE_ENEMY_KILL","is_daily":false,"chose_seed":false,"campfire_upgraded":2,"win_rate":0.0,"timestamp":1613569664,"path_taken":["M","?","?","M","M","R","E","?","T","R","?","?","$","M","R","BOSS","M","?","M","?","M"],"items_purchased_type":["Relic"],"build_version":"2020-12-22","purchased_purges":1,"victory":false,"max_hp_per_floor":[80,80,80,80,80,80,80,80,80,80,80,80,80,80,80,80,80,80,80,80,80,80,80],"relic_stats":{"counters":[12,43],"Shuriken":[5],"Eternal Feather":9,"Black Star":0,"obtain_stats":[{"NeowsBlessing":0,"Shuriken":8,"Eternal Feather":13,"Black Star":17,"Burning Blood":0,"FossilizedHelix":7,"Pocketwatch":9},{"NeowsBlessing":0,"Shuriken":6,"Eternal Feather":7,"Black Star":9,"Burning Blood":0,"FossilizedHelix":5,"Pocketwatch":6},{"NeowsBlessing":0,"Shuriken":17,"Eternal Feather":20,"Black Star":29,"Burning Blood":0,"FossilizedHelix":9,"Pocketwatch":17}],"Burning Blood":62,"Pocketwatch":[60]},"card_choices":[{"not_picked":["True Grit","Flex"],"picked":"Disarm","floor":1},{"not_picked":["Blood for Blood","Anger"],"picked":"Twin Strike","floor":2},{"not_picked":["Wild Strike","Carnage"],"picked":"Hemokinesis","floor":4},{"not_picked":["Blood for Blood","Power Through","Clash"],"picked":"SKIP","floor":5},{"not_picked":["Power Through","Pommel Strike"],"picked":"Demon Form","floor":7},{"not_picked":["Twin Strike","Headbutt"],"picked":"Shockwave","floor":8},{"not_picked":["Heavy Blade","Clash"],"picked":"Dropkick","floor":12},{"not_picked":["Immolate","Spot Weakness"],"picked":"Body Slam","floor":14},{"not_picked":["Impervious","Juggernaut"],"picked":"Barricade","floor":16},{"not_picked":["Clash+1","True Grit"],"picked":"Pommel Strike","floor":18},{"not_picked":["Perfected Strike","Pommel Strike","Clothesline+1"],"picked":"SKIP","floor":20}],"player_experience":960291,"relics_obtained":[{"floor":7,"key":"FossilizedHelix"},{"floor":8,"key":"Shuriken"},{"floor":9,"key":"Pocketwatch"}],"event_choices":[{"damage_healed":0,"gold_gain":75,"player_choice":"Gather Gold","damage_taken":11,"max_hp_gain":0,"max_hp_loss":0,"event_name":"World of Goop","floor":3,"gold_loss":0},{"damage_healed":0,"gold_gain":0,"player_choice":"Searched \u00271\u0027 times","damage_taken":0,"max_hp_gain":0,"max_hp_loss":0,"event_name":"Dead Adventurer","floor":8,"gold_loss":0},{"cards_removed":["Hemokinesis"],"damage_healed":46,"gold_gain":0,"player_choice":"Offered Uncommon","damage_taken":0,"max_hp_gain":0,"max_hp_loss":0,"event_name":"Bonfire Elementals","floor":11,"gold_loss":0},{"damage_healed":0,"gold_gain":0,"player_choice":"Joined the Cult","damage_taken":6,"max_hp_gain":0,"max_hp_loss":0,"event_name":"Nest","floor":19,"gold_loss":0,"cards_obtained":["RitualDagger"]},{"damage_healed":0,"gold_gain":0,"player_choice":"Bet on Murderer","damage_taken":0,"max_hp_gain":0,"max_hp_loss":0,"event_name":"The Joust","floor":21,"gold_loss":50}],"is_beta":false,"boss_relics":[{"not_picked":["Tiny House","Ectoplasm"],"picked":"Black Star"}],"items_purged_floors":[13],"is_endless":false,"potions_floor_spawned":[1,7,8,12,16,18],"killed_by":"Shelled Parasite and Fungi","ascension_level":10}}