{"host":"kfzb6d1vwx0oeud7","time":1613558285,"event":{"mods":["BaseMod","Colored Map","Colored Powertips","Infinite Spire","Marisa????????","Minty Spire (QoL Compilation)","Remilia??????","StSLib","The Cursed","The Disciple","The Servant 0.9.4"],"gold_per_floor":[114,189,39,54,54,54,84,84,84,99,114,129,144,159,159,259,259,274,274,289,289,289,289,289,289],"floor_reached":24,"language":"ENG","playtime":1389,"items_purged":[],"score":223,"play_id":"17e0c8de-0b49-4720-8581-4c66898e692e","local_time":"20210217053805","daily_mods":["Chimera","Uncertain Future","Terminal"],"is_ascension_mode":false,"campfire_choices":[{"data":"Halt","floor":6,"key":"SMITH"},{"data":"Devotion","floor":8,"key":"SMITH"},{"data":"Perseverance","floor":15,"key":"SMITH"},{"data":"EndlessPower","floor":23,"key":"SMITH"}],"circlet_count":0,"master_deck":["Bash","Survivor","Zap","Eruption+1","Defend_R","Defend_G","Defend_P","Halt+1","EmptyFist","Devotion+1","ReachHeaven","Indignation","ReachHeaven","Perseverance+1","JustLucky","DevaForm","Wrath_TH","EndlessPower+1","Crescendo","Bite","Bite","Bite","Bite","Bite"],"relics":["PureWater","Happy Flower","infinitespire:Joker Card","infinitespire:ShieldingShard","Busted Crown","Nunchaku"],"acts_visited":["Exordium","TheCity"],"potions_floor_usage":[24],"damage_taken":[{"damage":0,"enemies":"2 Louse","floor":1,"turns":1},{"damage":1,"enemies":"Small Slimes","floor":4,"turns":3},{"damage":3,"enemies":"3 Sentries","floor":7,"turns":6},{"damage":0,"enemies":"Cultist","floor":10,"turns":2},{"damage":0,"enemies":"Looter","floor":11,"turns":2},{"damage":1,"enemies":"2 Fungi Beasts","floor":12,"turns":2},{"damage":0,"enemies":"Blue Slaver","floor":13,"turns":3},{"damage":5,"enemies":"Red Slaver","floor":14,"turns":2},{"damage":27,"enemies":"Hexaghost","floor":16,"turns":7},{"damage":0,"enemies":"Spheric Guardian","floor":18,"turns":3},{"damage":14,"enemies":"2 Thieves","floor":20,"turns":4},{"damage":34,"enemies":"Nightmare","floor":24,"turns":4}],"seed_played":"6706742764168558924","potions_obtained":[{"floor":1,"key":"Ancient Potion"},{"floor":7,"key":"BottledMiracle"},{"floor":11,"key":"Dexterity Potion"}],"is_trial":false,"path_per_floor":["M","?","$","M","?","R","E","R","T","M","M","M","M","M","R","B",null,"M","?","M","AVR","?","R","NM"],"character_chosen":"WATCHER","items_purchased":["Happy Flower"],"campfire_rested":0,"item_purchase_floors":[3],"current_hp_per_floor":[70,59,59,58,58,58,55,55,55,55,55,54,54,49,49,22,54,53,52,38,38,33,32,0,0],"gold":289,"neow_bonus":"","is_daily":true,"chose_seed":false,"campfire_upgraded":4,"win_rate":0.0,"timestamp":1613558285,"path_taken":["M","?","$","M","?","R","E","R","T","M","M","M","?","M","R","BOSS","M","?","M","AVR","?","R","NM"],"items_purchased_type":["Relic"],"build_version":"2020-12-22","purchased_purges":0,"victory":false,"max_hp_per_floor":[70,69,68,67,66,65,64,63,62,61,60,59,58,57,56,55,54,53,52,51,50,33,32,32,32],"card_choices":[{"not_picked":["ThirdEye","ReachHeaven"],"picked":"Halt","floor":1},{"not_picked":["Collect","Swivel"],"picked":"EmptyFist","floor":4},{"not_picked":["Establishment","SashWhip"],"picked":"Devotion","floor":7},{"not_picked":["Sanctity","EmptyBody"],"picked":"ReachHeaven","floor":10},{"not_picked":["Worship","FlyingSleeves"],"picked":"Indignation","floor":11},{"not_picked":["DeceiveReality","LikeWater"],"picked":"ReachHeaven","floor":12},{"not_picked":["CutThroughFate","Protect"],"picked":"Perseverance","floor":13},{"not_picked":["Sanctity","Weave"],"picked":"JustLucky","floor":14},{"not_picked":["DeusExMachina","Establishment"],"picked":"DevaForm","floor":16},{"not_picked":["PathToVictory"],"picked":"SKIP","floor":18},{"not_picked":[],"picked":"Crescendo","floor":20}],"player_experience":431802,"relics_obtained":[{"floor":7,"key":"infinitespire:Joker Card"},{"floor":9,"key":"infinitespire:ShieldingShard"}],"event_choices":[{"damage_healed":0,"gold_gain":75,"player_choice":"Gather Gold","damage_taken":11,"max_hp_gain":0,"max_hp_loss":0,"event_name":"World of Goop","floor":2,"gold_loss":0},{"damage_healed":0,"gold_gain":0,"player_choice":"Upgraded","damage_taken":0,"max_hp_gain":0,"max_hp_loss":0,"event_name":"Upgrade Shrine","floor":5,"gold_loss":0,"cards_upgraded":["Eruption"]},{"damage_healed":0,"gold_gain":0,"player_choice":"Became a vampire","damage_taken":0,"max_hp_gain":0,"max_hp_loss":16,"event_name":"Vampires","floor":22,"gold_loss":0,"cards_obtained":["Bite","Bite","Bite","Bite","Bite"]}],"is_beta":false,"boss_relics":[{"not_picked":["Astrolabe","Tiny House"],"picked":"Busted Crown"}],"items_purged_floors":[],"is_endless":false,"potions_floor_spawned":[1,7,11,13],"killed_by":"Nightmare","ascension_level":0}}