{"host":"vrsxkkch9ccrec7k","time":1613531963,"event":{"mods":["Act Like it!","BaseMod","Bestiary","Better Altar","Better Match","Better Note","Better Sensory Stone","Better Skull","Better Third Choice","Better Vampires","Downfall","Minty Spire (QoL Compilation)","Permanent Neow","Relic Stats","Spicy Shops","StSLib"],"gold_per_floor":[0,19,38,49,61,92,92,192,212,212,246,306,306,333,344,441,441,341,353,368,383,29,279,279,329,54,54,89,108,158,308,320,421,421,421,436,452,466,190,240,240,238,85,188,188,200,200,100,116,116],"floor_reached":51,"language":"ENG","playtime":5077,"items_purged":["sneckomod:Strike","Evolve"],"score":911,"play_id":"6a71039a-32fb-4000-98b0-050d2540c896","local_time":"20210216221923","is_ascension_mode":true,"campfire_choices":[{"floor":10,"key":"REST"},{"floor":13,"key":"REST"},{"floor":27,"key":"REST"},{"data":"Demon Form","floor":35,"key":"SMITH"},{"data":"sneckomod:SerpentMind","floor":47,"key":"SMITH"}],"circlet_count":0,"master_deck":["sneckomod:Defend","sneckomod:Defend","sneckomod:Defend","sneckomod:TailWhip","sneckomod:SnekBite","sneckomod:QuickMove","sneckomod:QuickBite","sneckomod:DiceBoulder","sneckomod:Cheat","sneckomod:SerpentMind+1","sneckomod:WideSting","sneckomod:UnknownRarePower","Demon Form+1","Reinforced Body","sneckomod:SoulDraw+1","sneckomod:UnknownCommonSkill+1","Reprogram+1","sneckomod:UnknownWeak+1","sneckomod:TrashToTreasure+1","sneckomod:Restock","sneckomod:SoulDraw+1","Footwork","sneckomod:PureSnecko+1","sneckomod:Nope+1","sneckomod:Unknown3Cost"],"relics":["sneckomod:SneckoSoul","Prayer Wheel","Singing Bowl","downfall:CloakOfManyFaces","CultistMask","FaceOfCleric","NlothsMask","GremlinMask","SsserpentHead","Eternal Feather","Pear","Empty Cage","downfall:HeartBlessingGreen","Anchor","Potion Belt","downfall:GremlinWheel","SacredBark","White Beast Statue","Guardian:GemstoneGun","FossilizedHelix","Lee\u0027s Waffle","champ:DeflectingBracers"],"acts_visited":["Exordium","TheCity","TheBeyond"],"potions_floor_usage":[5,6,8,11,14,16,16,16,16,21,33,36,38,42,44,44,46,50,50,50,50],"damage_taken":[{"damage":0,"enemies":"Cultist","floor":2,"turns":4},{"damage":7,"enemies":"Small Slimes","floor":3,"turns":4},{"damage":12,"enemies":"Jaw Worm","floor":4,"turns":6},{"damage":0,"enemies":"Exordium Wildlife","floor":5,"turns":3},{"damage":19,"enemies":"Lagavulin","floor":6,"turns":7},{"damage":19,"enemies":"downfall:FaceTrader","floor":8,"turns":9},{"damage":1,"enemies":"downfall:LooterAlt","floor":9,"turns":4},{"damage":20,"enemies":"3 Sentries","floor":11,"turns":7},{"damage":10,"enemies":"2 Fungi Beasts","floor":12,"turns":4},{"damage":18,"enemies":"Lagavulin","floor":14,"turns":8},{"damage":10,"enemies":"Red Slaver","floor":15,"turns":3},{"damage":53,"enemies":"DF_ARCHETYPE_STREAMLINE","floor":16,"turns":14},{"damage":31,"enemies":"Spheric Guardian","floor":19,"turns":6},{"damage":21,"enemies":"Chosen","floor":20,"turns":7},{"damage":54,"enemies":"Sentry and Sphere","floor":21,"turns":7},{"damage":0,"enemies":"downfall:FleeingMerchant","floor":22,"turns":4},{"damage":0,"enemies":"downfall:FleeingMerchant","floor":26,"turns":4},{"damage":5,"enemies":"downfall:FleeingMerchant","floor":28,"turns":4},{"damage":8,"enemies":"Snake Plant","floor":29,"turns":9},{"damage":18,"enemies":"Snake Plant","floor":31,"turns":5},{"damage":12,"enemies":"Centurion and Healer","floor":32,"turns":7},{"damage":22,"enemies":"WA_ARCHETYPE_CALM","floor":33,"turns":8},{"damage":24,"enemies":"Orb Walker","floor":36,"turns":6},{"damage":14,"enemies":"3 Shapes","floor":37,"turns":7},{"damage":4,"enemies":"Transient","floor":38,"turns":5},{"damage":3,"enemies":"downfall:FleeingMerchant","floor":39,"turns":4},{"damage":0,"enemies":"downfall:FleeingMerchant","floor":42,"turns":4},{"damage":26,"enemies":"2 Orb Walkers","floor":44,"turns":5},{"damage":5,"enemies":"Writhing Mass","floor":46,"turns":9},{"damage":5,"enemies":"Sphere and 2 Shapes","floor":49,"turns":10},{"damage":84,"enemies":"SI_POISON_ARCHETYPE","floor":50,"turns":11}],"seed_played":"4988874514783804174","potions_obtained":[{"floor":3,"key":"hexamod:SoulburnPotion"},{"floor":4,"key":"Fire Potion"},{"floor":5,"key":"sneckomod:CheatPotion"},{"floor":9,"key":"PowerPotion"},{"floor":12,"key":"ColorlessPotion"},{"floor":15,"key":"EntropicBrew"},{"floor":16,"key":"Dexterity Potion"},{"floor":20,"key":"EssenceOfSteel"},{"floor":21,"key":"PowerPotion"},{"floor":32,"key":"SkillPotion"},{"floor":38,"key":"GamblersBrew"},{"floor":40,"key":"BlessingOfTheForge"},{"floor":40,"key":"PowerPotion"},{"floor":40,"key":"DistilledChaos"},{"floor":42,"key":"DistilledChaos"},{"floor":44,"key":"AttackPotion"},{"floor":46,"key":"DuplicationPotion"},{"floor":49,"key":"Fruit Juice"}],"is_trial":false,"path_per_floor":["R","M","M","M","M","E","T","?","M","R","E","M","R","E","M","B",null,"R","M","M","M","$","?","T","?","$","R","$","M","?","?","M","B",null,"R","M","M","M","$","?","T","$","$","?","R","M","R","?","M","B",null],"character_chosen":"THE_SNECKO","items_purchased":["Anchor","FairyPotion","Potion Belt","sneckomod:UnknownDexterity","White Beast Statue","FossilizedHelix","Lee\u0027s Waffle"],"campfire_rested":3,"item_purchase_floors":[22,22,26,26,39,42,43],"current_hp_per_floor":[99,99,92,80,80,61,61,44,44,77,60,55,99,92,85,33,109,118,92,72,19,22,22,22,22,25,81,79,72,122,105,98,77,138,150,131,122,121,121,121,121,124,184,161,173,171,183,200,196,123],"gold":116,"neow_bonus":"TWENTY_PERCENT_HP_BONUS","is_daily":false,"chose_seed":false,"campfire_upgraded":2,"win_rate":0.0,"timestamp":1613531963,"path_taken":["R","M","M","?","M","E","T","?","M","R","E","?","R","E","M","BOSS","R","M","M","M","$","?","T","?","$","R","?","M","?","?","M","BOSS","R","M","M","M","$","?","T","?","$","?","R","M","R","?","M","BOSS"],"items_purchased_type":["Relic","Potion","Relic","Card","Relic","Relic","Relic"],"build_version":"2020-12-22","purchased_purges":2,"victory":true,"max_hp_per_floor":[108,108,108,108,108,108,108,110,111,111,114,119,119,130,133,134,134,134,139,140,141,144,144,144,144,147,147,150,151,151,152,157,158,158,158,163,168,171,174,174,174,177,184,187,187,190,190,200,201,212],"relic_stats":{"SsserpentHead":500,"Lee\u0027s Waffle":60,"Singing Bowl":42,"FaceOfCleric":25,"counters":[31,195],"Prayer Wheel":13,"Eternal Feather":66,"obtain_stats":[{"Potion Belt":26,"Lee\u0027s Waffle":43,"Pear":14,"Singing Bowl":7,"SacredBark":34,"Guardian:GemstoneGun":41,"GremlinMask":8,"Eternal Feather":11,"downfall:HeartBlessingGreen":18,"champ:DeflectingBracers":44,"sneckomod:SneckoSoul":0,"Empty Cage":17,"White Beast Statue":39,"SsserpentHead":8,"Anchor":22,"downfall:GremlinWheel":31,"FaceOfCleric":8,"Prayer Wheel":6,"CultistMask":8,"downfall:CloakOfManyFaces":8,"FossilizedHelix":42,"NlothsMask":8},{"Potion Belt":17,"Lee\u0027s Waffle":27,"Pear":10,"Singing Bowl":5,"SacredBark":22,"Guardian:GemstoneGun":26,"GremlinMask":6,"Eternal Feather":8,"downfall:HeartBlessingGreen":12,"champ:DeflectingBracers":28,"sneckomod:SneckoSoul":0,"Empty Cage":12,"White Beast Statue":26,"SsserpentHead":6,"Anchor":16,"downfall:GremlinWheel":20,"FaceOfCleric":6,"Prayer Wheel":5,"CultistMask":6,"downfall:CloakOfManyFaces":6,"FossilizedHelix":27,"NlothsMask":6},{"Potion Belt":101,"Lee\u0027s Waffle":160,"Pear":56,"Singing Bowl":24,"SacredBark":134,"Guardian:GemstoneGun":156,"GremlinMask":33,"Eternal Feather":44,"downfall:HeartBlessingGreen":73,"champ:DeflectingBracers":165,"sneckomod:SneckoSoul":0,"Empty Cage":73,"White Beast Statue":156,"SsserpentHead":33,"Anchor":97,"downfall:GremlinWheel":119,"FaceOfCleric":33,"Prayer Wheel":24,"CultistMask":33,"downfall:CloakOfManyFaces":33,"FossilizedHelix":160,"NlothsMask":33}]},"card_choices":[{"not_picked":["sneckomod:UnknownDraw","sneckomod:UnknownCommonSkill"],"picked":"sneckomod:QuickMove","floor":2},{"not_picked":["sneckomod:Unknown1Cost","sneckomod:DiceBlock","sneckomod:UnknownColorless"],"picked":"SKIP","floor":3},{"not_picked":["sneckomod:Unknown0Cost","sneckomod:SoulRoll"],"picked":"sneckomod:QuickBite","floor":4},{"not_picked":["sneckomod:QuickMove","sneckomod:SlitherStrike"],"picked":"sneckomod:DiceBoulder","floor":5},{"not_picked":["sneckomod:RainOfDice","sneckomod:UnknownCommonSkill"],"picked":"sneckomod:UnknownX","floor":6},{"not_picked":["sneckomod:ImprovisedGuard","sneckomod:UnknownBlock","sneckomod:ImprovisedAttack"],"picked":"Singing Bowl","floor":8},{"not_picked":["sneckomod:UnknownBlock","sneckomod:Unknown2Cost"],"picked":"sneckomod:Memorize","floor":9},{"not_picked":["sneckomod:RainOfDice","sneckomod:UnknownBlock"],"picked":"sneckomod:Cheat","floor":9},{"not_picked":["sneckomod:SlitherStrike","sneckomod:UnknownCommonSkill","sneckomod:MixItUp"],"picked":"Singing Bowl","floor":11},{"not_picked":["sneckomod:SnekBeam","sneckomod:QuickBite","sneckomod:IronFang"],"picked":"Singing Bowl","floor":12},{"not_picked":["sneckomod:DiceBlock","sneckomod:RainOfDice","sneckomod:IronFang"],"picked":"Singing Bowl","floor":12},{"not_picked":["sneckomod:Unknown2Cost","sneckomod:SlitherStrike"],"picked":"sneckomod:SerpentMind","floor":14},{"not_picked":["sneckomod:PureSnecko","sneckomod:RainOfDice","sneckomod:UnknownDraw"],"picked":"Singing Bowl","floor":15},{"not_picked":["sneckomod:Nope","sneckomod:UnknownUncommonSkill"],"picked":"sneckomod:WideSting","floor":15},{"not_picked":["sneckomod:Cheat","sneckomod:Restock"],"picked":"sneckomod:UnknownRarePower","floor":16},{"not_picked":["sneckomod:UnendingSupply","sneckomod:DiceCrush","sneckomod:Nope"],"picked":"Singing Bowl","floor":19},{"not_picked":["sneckomod:Memorize","sneckomod:SoulRoll","sneckomod:DiceCrush"],"picked":"Singing Bowl","floor":19},{"not_picked":["sneckomod:Memorize","sneckomod:UnknownStrike"],"picked":"sneckomod:SoulDraw+1","floor":20},{"not_picked":["sneckomod:RainOfDice","sneckomod:QuickMove"],"picked":"sneckomod:Memorize+1","floor":20},{"not_picked":["sneckomod:UnknownRarePower","sneckomod:UnknownDraw"],"picked":"sneckomod:UnknownCommonSkill+1","floor":21},{"not_picked":["sneckomod:CheapStock","sneckomod:UnknownUncommonAttack+1"],"picked":"sneckomod:UnknownDexterity+1","floor":21},{"not_picked":["sneckomod:UnknownClassRED","sneckomod:UnknownColorless","sneckomod:UnknownDraw"],"picked":"Singing Bowl","floor":22},{"not_picked":["sneckomod:SoulDraw","sneckomod:UnknownCommonSkill","sneckomod:Nope"],"picked":"Singing Bowl","floor":26},{"not_picked":["sneckomod:UnknownColorless","sneckomod:UnknownX","sneckomod:QuickMove"],"picked":"Singing Bowl","floor":28},{"not_picked":["sneckomod:Nope+1","sneckomod:SoulDraw+1"],"picked":"sneckomod:UnknownWeak+1","floor":29},{"not_picked":["sneckomod:SnakeSap+1","sneckomod:UnknownX"],"picked":"sneckomod:TrashToTreasure+1","floor":29},{"not_picked":["sneckomod:UnknownStrike","sneckomod:SerpentIdol+1","sneckomod:UnknownUncommonPower+1"],"picked":"Singing Bowl","floor":32},{"not_picked":["sneckomod:UnknownExhaust","sneckomod:UnknownClassBLUE","sneckomod:UnknownCommonSkill"],"picked":"Singing Bowl","floor":32},{"not_picked":["sneckomod:UnknownRarePower","sneckomod:Transmogrify"],"picked":"sneckomod:Restock","floor":33},{"not_picked":["sneckomod:MasterEye","sneckomod:UnknownClassRED+1","sneckomod:DiceCrush"],"picked":"Singing Bowl","floor":36},{"not_picked":["sneckomod:QuickMove","sneckomod:UnknownClassGREEN+1","sneckomod:UnknownClassRED"],"picked":"Singing Bowl","floor":36},{"not_picked":["sneckomod:DiceBoulder","sneckomod:ImprovisedGuard+1","sneckomod:QuickBite"],"picked":"Singing Bowl","floor":37},{"not_picked":["sneckomod:SnakeSap","sneckomod:PureSnecko","sneckomod:QuickMove"],"picked":"Singing Bowl","floor":37},{"not_picked":["sneckomod:UnknownUncommonSkill+1","sneckomod:Unknown0Cost+1"],"picked":"sneckomod:SoulDraw+1","floor":38},{"not_picked":["sneckomod:MorePower","sneckomod:UnknownCommonAttack+1","sneckomod:DiceCrush"],"picked":"Singing Bowl","floor":38},{"not_picked":["sneckomod:Unknown2Cost","sneckomod:UnknownCommonAttack+1","sneckomod:UnknownColorless+1"],"picked":"Singing Bowl","floor":39},{"not_picked":["sneckomod:RainOfDice+1","sneckomod:SnekBeam+1","sneckomod:DiceBoulder"],"picked":"Singing Bowl","floor":42},{"not_picked":["sneckomod:UnknownX","sneckomod:UnknownDraw","sneckomod:UnknownVulnerable+1"],"picked":"Singing Bowl","floor":44},{"not_picked":["sneckomod:Memorize","sneckomod:WideSting+1","sneckomod:IronFang+1"],"picked":"Singing Bowl","floor":46},{"not_picked":["sneckomod:QuickMove+1","sneckomod:UnknownUncommonAttack"],"picked":"sneckomod:PureSnecko+1","floor":46},{"not_picked":["sneckomod:UnknownDraw","sneckomod:UnknownCommonAttack+1"],"picked":"sneckomod:Nope+1","floor":49},{"not_picked":["sneckomod:SoulRoll","sneckomod:UnknownClassBLUE+1"],"picked":"sneckomod:Unknown3Cost","floor":49}],"player_experience":1942216,"relics_obtained":[{"floor":6,"key":"Prayer Wheel"},{"floor":7,"key":"Singing Bowl"},{"floor":8,"key":"downfall:CloakOfManyFaces"},{"floor":11,"key":"Eternal Feather"},{"floor":14,"key":"Pear"},{"floor":31,"key":"downfall:GremlinWheel"},{"floor":41,"key":"Guardian:GemstoneGun"},{"floor":44,"key":"champ:DeflectingBracers"}],"event_choices":[{"damage_healed":50,"gold_gain":0,"player_choice":"Heal","damage_taken":0,"max_hp_gain":0,"max_hp_loss":0,"event_name":"The Library","floor":30,"gold_loss":0},{"cards_removed":["downfall:Haunted"],"damage_healed":0,"gold_gain":0,"player_choice":"Card Removal","damage_taken":0,"max_hp_gain":0,"max_hp_loss":0,"event_name":"Wheel of Change","floor":35,"gold_loss":0},{"damage_healed":0,"gold_gain":0,"player_choice":"Got Potions","damage_taken":0,"max_hp_gain":0,"max_hp_loss":0,"event_name":"Lab","floor":40,"gold_loss":0},{"damage_healed":0,"gold_gain":0,"player_choice":"Fight","damage_taken":0,"max_hp_gain":0,"max_hp_loss":0,"event_name":"Mysterious Sphere","floor":44,"gold_loss":0}],"is_beta":false,"boss_relics":[{"not_picked":["Tiny House","expansioncontent:StudyCardRelic"],"picked":"Empty Cage"},{"not_picked":["Astrolabe","SlaversCollar"],"picked":"SacredBark"}],"items_purged_floors":[26,42],"is_endless":false,"potions_floor_spawned":[3,4,5,9,12,15,16,20,21,32,38,42,44,46,49],"ascension_level":7}}