{"host":"a6ztjasp7lxlo10n","time":1613537249,"event":{"mods":["Act Like it!","BaseMod","Colored Map","Marisa£®ÏF”Í°°ƒß¿Ì…≥£©","Minty Spire (QoL Compilation)","Quick Restart","StSLib","SuperFastMode","UnlockEverythingMod"],"gold_per_floor":[117,117,136,61,61,86,86,118,172,172,190,190,203,236,236,309,309,322,67,77,77,77,77,94,94,94,94,125,125,125,125],"floor_reached":30,"language":"ZHS","playtime":937,"items_purged":["Strike_R"],"score":578,"play_id":"ac34f5cb-6c9b-4abb-8ee9-10b599e8e176","local_time":"20210217124729","is_ascension_mode":true,"campfire_choices":[{"data":"Pommel Strike","floor":12.0,"key":"SMITH"},{"floor":15.0,"key":"REST"},{"floor":23.0,"key":"REST"},{"data":"Rupture","floor":25.0,"key":"SMITH"}],"circlet_count":0,"master_deck":["AscendersBane","Strike_R","Strike_R","Defend_R","Defend_R","Defend_R+1","Defend_R","Bash","Twin Strike","Pommel Strike+1","Reaper+1","Sword Boomerang","Immolate","Rupture+1","Deep Breath","Power Through+1","Bloodletting+1"],"relics":["Burning Blood","NeowsBlessing","Juzu Bracelet","Mercury Hourglass","Ice Cream","Bronze Scales","Omamori","Runic Pyramid","Self Forming Clay","Pantograph"],"acts_visited":["Exordium","TheCity"],"potions_floor_usage":[30],"damage_taken":[{"damage":0.0,"enemies":"2 Louse","floor":1.0,"turns":1.0},{"damage":0.0,"enemies":"Jaw Worm","floor":3.0,"turns":1.0},{"damage":0.0,"enemies":"3 Sentries","floor":6.0,"turns":1.0},{"damage":31.0,"enemies":"Gremlin Nob","floor":8.0,"turns":4.0},{"damage":1.0,"enemies":"Cultist","floor":11.0,"turns":3.0},{"damage":0.0,"enemies":"2 Fungi Beasts","floor":13.0,"turns":2.0},{"damage":23.0,"enemies":"Lagavulin","floor":14.0,"turns":6.0},{"damage":17.0,"enemies":"Slime Boss","floor":16.0,"turns":8.0},{"damage":51.0,"enemies":"Shell Parasite","floor":18.0,"turns":6.0},{"damage":33.0,"enemies":"2 Thieves","floor":20.0,"turns":3.0},{"damage":22.0,"enemies":"Centurion and Healer","floor":24.0,"turns":5.0},{"damage":25.0,"enemies":"Book of Stabbing","floor":28.0,"turns":4.0},{"damage":26,"enemies":"Slavers","floor":30,"turns":3}],"seed_played":"6670829292020089077","potions_obtained":[{"floor":6.0,"key":"DuplicationPotion"},{"floor":11.0,"key":"SpeedPotion"},{"floor":13.0,"key":"CultistPotion"},{"floor":18.0,"key":"BlessingOfTheForge"},{"floor":20.0,"key":"SneckoOil"},{"floor":24.0,"key":"SteroidPotion"},{"floor":29.0,"key":"Strength Potion"}],"is_trial":false,"path_per_floor":["M","?","M","?","?","E","?","E","T","?","M","R","M","E","R","B",null,"M","$","M","?","?","R","M","R","T","$","E","?","E"],"character_chosen":"IRONCLAD","items_purchased":["Rupture","Deep Breath"],"campfire_rested":2,"item_purchase_floors":[19,19],"current_hp_per_floor":[74,69,75,75,75,75,52,31,31,31,36,36,52,35,57,62,72,32,32,15,15,30,52,36,36,36,36,26,26,0,0],"gold":125,"neow_bonus":"THREE_ENEMY_KILL","is_daily":false,"chose_seed":false,"campfire_upgraded":2,"win_rate":0.0,"timestamp":1613537249,"path_taken":["M","?","M","?","?","E","?","E","T","?","M","R","M","E","R","BOSS","M","?","M","?","?","R","M","R","T","?","E","?","E"],"items_purchased_type":["Card","Card"],"build_version":"2020-12-22","purchased_purges":1,"victory":false,"max_hp_per_floor":[75,75,75,75,75,75,75,75,75,75,75,75,75,75,75,75,75,75,75,75,75,75,75,75,75,75,75,75,75,75,75],"card_choices":[{"not_picked":["Searing Blow","Cleave"],"picked":"Twin Strike","floor":1.0},{"not_picked":["Reckless Charge","Clash"],"picked":"Pommel Strike","floor":3.0},{"not_picked":["Perfected Strike","Warcry"],"picked":"Sword Boomerang","floor":6.0},{"not_picked":["Iron Wave","Clash","Berserk"],"picked":"SKIP","floor":8.0},{"not_picked":["Intimidate","Clash","Sword Boomerang"],"picked":"SKIP","floor":11.0},{"not_picked":["Armaments","Dropkick","Disarm"],"picked":"SKIP","floor":13.0},{"not_picked":["Armaments","Dropkick","Disarm"],"picked":"SKIP","floor":13.0},{"not_picked":["Rage","Havoc","Armaments"],"picked":"SKIP","floor":14.0},{"not_picked":["Reaper","Demon Form"],"picked":"Immolate","floor":16.0},{"not_picked":["Ghostly Armor","Warcry","Perfected Strike"],"picked":"SKIP","floor":18.0},{"not_picked":["Burning Pact","Wild Strike"],"picked":"Power Through+1","floor":20.0},{"not_picked":["Warcry","Sword Boomerang"],"picked":"Bloodletting+1","floor":24.0},{"not_picked":["Body Slam","Ghostly Armor","Clothesline"],"picked":"SKIP","floor":28.0}],"player_experience":241945,"relics_obtained":[{"floor":6.0,"key":"Mercury Hourglass"},{"floor":8.0,"key":"Ice Cream"},{"floor":9.0,"key":"Bronze Scales"},{"floor":14.0,"key":"Omamori"},{"floor":26.0,"key":"Self Forming Clay"},{"floor":28.0,"key":"Pantograph"}],"event_choices":[{"damage_healed":0.0,"max_hp_gain":0.0,"max_hp_loss":0.0,"gold_gain":0.0,"event_name":"Scrap Ooze","player_choice":"Success","floor":2.0,"gold_loss":0.0,"damage_taken":5.0,"relics_obtained":["Juzu Bracelet"]},{"cards_removed":["Strike_R"],"damage_healed":0.0,"max_hp_gain":0.0,"max_hp_loss":0.0,"gold_gain":0.0,"event_name":"The Cleric","player_choice":"Card Removal","floor":4.0,"gold_loss":75.0,"damage_taken":0.0},{"damage_healed":0.0,"max_hp_gain":0.0,"max_hp_loss":0.0,"gold_gain":0.0,"cards_transformed":["Strike_R"],"event_name":"Transmorgrifier","player_choice":"Transformed","floor":5.0,"gold_loss":0.0,"damage_taken":0.0,"cards_obtained":["Reaper"]},{"damage_healed":0.0,"max_hp_gain":0.0,"max_hp_loss":0.0,"gold_gain":0.0,"event_name":"Shining Light","player_choice":"Entered Light","floor":7.0,"gold_loss":0.0,"damage_taken":23.0,"cards_upgraded":["Reaper","Defend_R"]},{"damage_healed":0.0,"max_hp_gain":0.0,"max_hp_loss":0.0,"gold_gain":0.0,"event_name":"Match and Keep!","player_choice":"0 cards matched","floor":10.0,"gold_loss":0.0,"damage_taken":0.0,"cards_obtained":[]},{"damage_healed":0.0,"max_hp_gain":0.0,"max_hp_loss":0.0,"gold_gain":0.0,"event_name":"Match and Keep!","player_choice":"0 cards matched","floor":10.0,"gold_loss":0.0,"damage_taken":0.0,"cards_obtained":[]},{"damage_healed":15.0,"max_hp_gain":0.0,"max_hp_loss":0.0,"gold_gain":0.0,"event_name":"The Library","player_choice":"Heal","floor":22.0,"gold_loss":0.0,"damage_taken":0.0},{"damage_healed":0.0,"max_hp_gain":0.0,"max_hp_loss":0.0,"gold_gain":0.0,"event_name":"Lab","player_choice":"Got Potions","floor":29.0,"gold_loss":0.0,"damage_taken":0.0}],"is_beta":false,"boss_relics":[{"not_picked":["Astrolabe","SacredBark"],"picked":"Runic Pyramid"}],"items_purged_floors":[19],"is_endless":false,"potions_floor_spawned":[6,11,13,18,20,24],"killed_by":"Slavers","ascension_level":20}}