{"host":"d52brwsy6af8zvaq","time":1613538326,"event":{"mods":["AchievementEnabler","BaseMod","Bestiary","Highlight Path","Minty Spire (QoL Compilation)","Quick Restart","Relic Stats","ojb\u0027s Better Paths Mod"],"gold_per_floor":[113,113,132,146,24,24,55,68,93,118,144,156,180,225,237,325,337,367,367],"floor_reached":18,"language":"ENG","playtime":667,"items_purged":[],"score":352,"play_id":"b0826f80-ae43-45d8-b0f3-6af8da3b933b","local_time":"20210216220526","is_ascension_mode":true,"campfire_choices":[{"data":"Zap","floor":6.0,"key":"SMITH"},{"floor":12.0,"key":"REST"},{"floor":15,"key":"REST"}],"circlet_count":0,"master_deck":["AscendersBane","Strike_B","Strike_B","Strike_B","Strike_B","Defend_B","Defend_B","Defend_B","Defend_B","Zap+1","Dualcast","FTL","Beam Cell","Static Discharge","Defragment","Melter","Conserve Battery","Force Field","Genetic Algorithm","Chill","Doom and Gloom","Echo Form","Darkness"],"relics":["Cracked Core","Oddly Smooth Stone","Anchor","MawBank","Du-Vu Doll","SlaversCollar"],"acts_visited":["Exordium","TheCity"],"potions_floor_usage":[14,14,16],"damage_taken":[{"damage":2.0,"enemies":"Jaw Worm","floor":1.0,"turns":3.0},{"damage":0.0,"enemies":"Cultist","floor":3.0,"turns":3.0},{"damage":0.0,"enemies":"Small Slimes","floor":4.0,"turns":2.0},{"damage":36.0,"enemies":"Gremlin Nob","floor":7.0,"turns":4.0},{"damage":3.0,"enemies":"Looter","floor":8.0,"turns":3.0},{"damage":9.0,"enemies":"2 Fungi Beasts","floor":10.0,"turns":3.0},{"damage":18.0,"enemies":"Large Slime","floor":11.0,"turns":6.0},{"damage":0,"enemies":"3 Louse","floor":13,"turns":4},{"damage":17,"enemies":"Lagavulin","floor":14,"turns":9},{"damage":16,"enemies":"The Guardian","floor":16,"turns":10},{"damage":36,"enemies":"Shell Parasite","floor":18,"turns":6}],"seed_played":"1046139224443581124","potions_obtained":[{"floor":1.0,"key":"Dexterity Potion"},{"floor":3.0,"key":"SkillPotion"},{"floor":8.0,"key":"LiquidBronze"},{"floor":13,"key":"EntropicBrew"},{"floor":16,"key":"LiquidMemories"}],"is_trial":false,"path_per_floor":["M","?","M","M","$","R","E","M","T","M","M","R","M","E","R","B",null,"M"],"character_chosen":"DEFECT","items_purchased":["Defragment","Melter"],"campfire_rested":2,"item_purchase_floors":[5,5],"current_hp_per_floor":[69,69,69,69,69,69,33,30,30,21,3,26,26,9,32,16,63,27,27],"gold":367,"neow_bonus":"TEN_PERCENT_HP_BONUS","is_daily":false,"chose_seed":false,"campfire_upgraded":1,"win_rate":0.0,"timestamp":1613538326,"path_taken":["M","?","M","M","$","R","E","M","T","?","M","R","M","E","R","BOSS","M"],"items_purchased_type":["Card","Card"],"build_version":"2020-12-22","purchased_purges":0,"victory":false,"max_hp_per_floor":[78,78,78,78,78,78,78,78,78,78,78,78,78,78,78,78,78,78,78],"relic_stats":{"counters":[11,53],"MawBank":108,"obtain_stats":[{"Du-Vu Doll":14,"SlaversCollar":17,"Anchor":7,"Oddly Smooth Stone":2,"Cracked Core":0,"MawBank":9},{"Du-Vu Doll":9,"SlaversCollar":10,"Anchor":4,"Oddly Smooth Stone":1,"Cracked Core":0,"MawBank":5},{"Du-Vu Doll":37,"SlaversCollar":47,"Anchor":12,"Oddly Smooth Stone":3,"Cracked Core":0,"MawBank":15}]},"card_choices":[{"not_picked":["Heatsinks","Skim"],"picked":"FTL","floor":1.0},{"not_picked":["Rebound","Reprogram"],"picked":"Beam Cell","floor":3.0},{"not_picked":["Rebound","FTL"],"picked":"Static Discharge","floor":4.0},{"not_picked":["Gash","Beam Cell"],"picked":"Conserve Battery","floor":7.0},{"not_picked":["Melter","Hologram"],"picked":"Force Field","floor":8.0},{"not_picked":["Streamline","Hologram"],"picked":"Genetic Algorithm","floor":10.0},{"not_picked":["Streamline","Meteor Strike"],"picked":"Chill","floor":11.0},{"not_picked":["Double Energy","Sweeping Beam"],"picked":"Doom and Gloom","floor":13},{"not_picked":["Reboot","Reprogram","Conserve Battery"],"picked":"SKIP","floor":14},{"not_picked":["Thunder Strike","Hyperbeam"],"picked":"Echo Form","floor":16},{"not_picked":["Lockon","Ball Lightning+1"],"picked":"Darkness","floor":18}],"player_experience":2293372,"relics_obtained":[{"floor":7.0,"key":"Anchor"},{"floor":9.0,"key":"MawBank"},{"floor":14,"key":"Du-Vu Doll"}],"event_choices":[{"damage_healed":0.0,"max_hp_gain":0.0,"max_hp_loss":0.0,"gold_gain":0.0,"event_name":"WeMeetAgain","player_choice":"Gave Potion","floor":2.0,"gold_loss":0.0,"damage_taken":0.0,"relics_obtained":["Oddly Smooth Stone"]}],"is_beta":false,"boss_relics":[{"not_picked":["Empty Cage","FrozenCore"],"picked":"SlaversCollar"}],"items_purged_floors":[],"is_endless":false,"potions_floor_spawned":[1,3,8,13,16,18],"killed_by":"Shell Parasite","ascension_level":20}}