{"host":"og21o26alpnbwmz8","time":1613598589,"event":{"mods":["2.2 Compatiblity","A Magickal Journey","Act Like it!","Aspiration","BaseMod","Conspire","Downfall","Gensokyo","GungeonMod","Halation","Hubris","Jedi Mod","Mimic Mod","Minty Spire (QoL Compilation)","Pale of the Ancients","Reliquary","Replay The Spire","Shop Mod","Spikes Relics","StSLib","The Alterego","The Animator","The Blue Laboratory","The Exalted","The Florist","The Poker Player","Waifu the Spire","Yuri Mod"],"gold_per_floor":[215,66,66,81,108,139,139,157,209,209,209,222,240,253,253,349,349,359,359,382,396,396,396,431,447,447,465,480,480,494,528,528,528,528],"floor_reached":33,"language":"ENG","playtime":1494,"items_purged":[],"score":318,"play_id":"e35318f3-a5c7-4bcd-bedd-37a4649b40d0","local_time":"20210217164949","is_ascension_mode":false,"campfire_choices":[{"data":"animator:Bozes","floor":7,"key":"SMITH"},{"floor":11,"key":"REST"},{"floor":15,"key":"REST"},{"data":"animator:RoryMercury","floor":23,"key":"SMITH"},{"floor":29,"key":"REST"},{"floor":32,"key":"REST"}],"circlet_count":0,"master_deck":["animator:Strike_GATE","animator:Defend_GATE","animator:Strike+1","animator:Defend","animator:Defend","animator:Defend","animator:TukaLunaMarceau","animator:Kuribayashi","animator:Bozes","animator:Bozes+1","animator:YaoHaDucy","animator:YaoHaDucy+1","animator:Bozes","animator:RoryMercury+1","animator:RoryMercury+1","animator:Bozes+1","animator:YaoHaDucy","animator:Darkness+1"],"relics":["animator:LivingPicture","animator:TheMissingPiece","animator:PurgingStone","halation:NonexistentMirror","Iron Hammer","ReplayTheSpireMod:Lightbulb","halation:ForbiddenBikini","halation:WeightlessCrab","reliquary:Buckler"],"acts_visited":["Exordium","TheCity"],"potions_floor_usage":[16,21,24],"damage_taken":[{"damage":0,"enemies":"Jaw Worm","floor":1,"turns":5},{"damage":3,"enemies":"Cultist","floor":4,"turns":4},{"damage":0,"enemies":"Small Slimes","floor":5,"turns":3},{"damage":47,"enemies":"Lagavulin","floor":6,"turns":7},{"damage":2,"enemies":"Looter","floor":8,"turns":3},{"damage":3,"enemies":"Red Slaver","floor":12,"turns":2},{"damage":5,"enemies":"3 Louse","floor":13,"turns":2},{"damage":0,"enemies":"Blue Slaver","floor":14,"turns":2},{"damage":19,"enemies":"Slime Boss","floor":16,"turns":11},{"damage":0,"enemies":"3 Byrds","floor":18,"turns":4},{"damage":11,"enemies":"2 Thieves","floor":20,"turns":3},{"damage":2,"enemies":"Shelled Parasite and Fungi","floor":21,"turns":3},{"damage":10,"enemies":"Book of Stabbing","floor":24,"turns":5},{"damage":0,"enemies":"Centurion and Healer","floor":25,"turns":5},{"damage":0,"enemies":"Snecko","floor":27,"turns":3},{"damage":20,"enemies":"Sentry and Sphere","floor":28,"turns":5},{"damage":0,"enemies":"Cultist and Chosen","floor":30,"turns":3},{"damage":42,"enemies":"animator:HornedBat","floor":31,"turns":9},{"damage":25,"enemies":"Collector","floor":33,"turns":5}],"seed_played":"4102772086387199477","potions_obtained":[{"floor":6,"key":"Languid Potion"},{"floor":8,"key":"SkillPotion"},{"floor":12,"key":"PowerPotion"},{"floor":13,"key":"blueLaboratory:HummingbirdPotion"},{"floor":18,"key":"hexamod:SoulburnPotion"},{"floor":21,"key":"blueLaboratory:NullPotion"},{"floor":25,"key":"SpeedPotion"}],"is_trial":false,"path_per_floor":["M","$","?","M","M","E","R","M","T","?","R","M","M","M","R","B",null,"M","?","M","M","?","R","E","M","T","M","M","R","M","E","R","B"],"character_chosen":"THE_ANIMATOR","items_purchased":["halation:NonexistentMirror"],"campfire_rested":4,"item_purchase_floors":[2],"current_hp_per_floor":[66,66,66,63,63,17,17,15,15,2,22,19,14,14,34,15,67,67,67,56,54,54,54,44,44,44,44,24,44,44,2,22,0,0],"gold":528,"neow_bonus":"HUNDRED_GOLD","is_daily":false,"chose_seed":false,"campfire_upgraded":2,"win_rate":0.0,"timestamp":1613598589,"path_taken":["M","$","?","M","M","E","R","?","T","?","R","M","M","M","R","BOSS","M","?","M","M","?","R","E","M","T","M","M","R","M","E","R","BOSS"],"items_purchased_type":["Relic"],"build_version":"2020-12-22","purchased_purges":0,"victory":false,"max_hp_per_floor":[66,66,66,66,66,67,67,67,67,67,67,67,67,67,67,67,67,67,67,67,67,67,67,67,67,67,67,67,67,67,67,67,67,67],"card_choices":[{"not_picked":["animator:Cocytus","animator:Gillette","animator:RinTohsaka"],"picked":"SKIP","floor":1},{"not_picked":["animator:Layla","animator:Fredrika","animator:Witch"],"picked":"SKIP","floor":4},{"not_picked":["animator:Cocytus","animator:Darkness"],"picked":"animator:Bozes","floor":5},{"not_picked":["animator:Tyuule","animator:LeleiLaLalena"],"picked":"animator:YaoHaDucy","floor":6},{"not_picked":["animator:Shalltear","animator:UneriGinkaku","animator:ChaikaBohdan"],"picked":"SKIP","floor":8},{"not_picked":["animator:Arpeggio","animator:Tyuule","animator:Berserker"],"picked":"SKIP","floor":12},{"not_picked":["animator:PandorasActor","animator:Genos","animator:Konayuki"],"picked":"SKIP","floor":13},{"not_picked":["animator:YaoHaDucy","animator:Kuribayashi"],"picked":"animator:Bozes","floor":14},{"not_picked":["animator:Mitsurugi","animator:PandorasActor","animator:Guy"],"picked":"SKIP","floor":18},{"not_picked":["animator:EmiyaShirou","animator:IrohaTamaki"],"picked":"animator:RoryMercury","floor":20},{"not_picked":["animator:YaoHaDucy","animator:LizardPriest+1"],"picked":"animator:RoryMercury","floor":21},{"not_picked":["animator:TukaLunaMarceau","animator:RoryMercury"],"picked":"animator:Bozes","floor":24},{"not_picked":["animator:YachiyoNanami","animator:IrohaTamaki","animator:Emonzaemon"],"picked":"SKIP","floor":25},{"not_picked":["animator:Azekura","animator:Kuribayashi+1"],"picked":"animator:YaoHaDucy","floor":27},{"not_picked":["animator:LizardPriest+1","animator:Guy","animator:PandorasActor+1"],"picked":"SKIP","floor":28},{"not_picked":["animator:LizardPriest","animator:Spearman"],"picked":"animator:Darkness+1","floor":31}],"player_experience":351969,"relics_obtained":[{"floor":6,"key":"Iron Hammer"},{"floor":9,"key":"ReplayTheSpireMod:Lightbulb"},{"floor":24,"key":"halation:WeightlessCrab"},{"floor":31,"key":"reliquary:Buckler"}],"event_choices":[{"cards_removed":["animator:Strike"],"damage_healed":0,"gold_gain":0,"player_choice":"Card Removal","damage_taken":0,"max_hp_gain":0,"max_hp_loss":0,"event_name":"Wheel of Change","floor":3,"gold_loss":0},{"damage_healed":0,"gold_gain":0,"player_choice":"Entered Light","damage_taken":13,"max_hp_gain":0,"max_hp_loss":0,"event_name":"Shining Light","floor":10,"gold_loss":0,"cards_upgraded":["animator:Strike","animator:YaoHaDucy"]},{"damage_healed":0,"gold_gain":0,"player_choice":"Leave","damage_taken":0,"max_hp_gain":0,"max_hp_loss":0,"event_name":"conspire:Investor","floor":19,"gold_loss":0},{"cards_removed":["animator:Strike"],"damage_healed":0,"gold_gain":0,"player_choice":"Offered Basic","damage_taken":0,"max_hp_gain":0,"max_hp_loss":0,"event_name":"Bonfire Elementals","floor":22,"gold_loss":0}],"is_beta":false,"boss_relics":[{"not_picked":["halation:PlatinumPhoenix","hubris:HollowSoul"],"picked":"halation:ForbiddenBikini"}],"items_purged_floors":[],"is_endless":false,"potions_floor_spawned":[6,8,12,13,18,20,21,25],"killed_by":"Collector","ascension_level":0}}