{"host":"xw5nub7n7iasb503","time":1613539823,"event":{"mods":["BaseMod","Minty Spire (QoL Compilation)"],"gold_per_floor":[116,116,130,148,148,148,178,195,218,230,244,262,32,58,58,159,159,172,97,111,123,123,151,151,178,204,215,215,215],"floor_reached":28,"language":"ENG","playtime":1422,"items_purged":["Regret"],"score":312,"play_id":"adfccce8-6eba-431d-993e-2693e52bca35","local_time":"20210216223023","is_ascension_mode":false,"campfire_choices":[{"floor":6,"key":"RECALL"},{"data":"Infernal Blade","floor":15,"key":"SMITH"},{"floor":24,"key":"REST"}],"circlet_count":0,"master_deck":["Strike_R+1","Strike_R","Strike_R+1","Strike_R","Defend_R","Defend_R","Defend_R","Defend_R","Bash","Heavy Blade","Fire Breathing","Immolate","Spot Weakness","Immolate","Infernal Blade+1","Limit Break","Rupture"],"relics":["Burning Blood","Centennial Puzzle","Regal Pillow","Bag of Preparation","Whetstone","Odd Mushroom","Black Star","HornCleat","Ancient Tea Set","Self Forming Clay","Blue Candle","Art of War"],"acts_visited":["Exordium","TheCity"],"potions_floor_usage":[16,21,23,23,25],"damage_taken":[{"damage":6,"enemies":"Cultist","floor":1,"turns":3},{"damage":0,"enemies":"2 Louse","floor":3,"turns":2},{"damage":7,"enemies":"Small Slimes","floor":4,"turns":4},{"damage":38,"enemies":"Gremlin Nob","floor":7,"turns":4},{"damage":12,"enemies":"Blue Slaver","floor":8,"turns":2},{"damage":10,"enemies":"Looter","floor":10,"turns":2},{"damage":0,"enemies":"Lots of Slimes","floor":11,"turns":1},{"damage":10,"enemies":"Exordium Wildlife","floor":12,"turns":2},{"damage":12,"enemies":"The Mushroom Lair","floor":14,"turns":2},{"damage":0,"enemies":"Slime Boss","floor":16,"turns":5},{"damage":17,"enemies":"Spheric Guardian","floor":18,"turns":4},{"damage":50,"enemies":"Shell Parasite","floor":20,"turns":5},{"damage":15,"enemies":"Chosen and Byrds","floor":21,"turns":4},{"damage":15,"enemies":"Slavers","floor":23,"turns":2},{"damage":37,"enemies":"Gremlin Leader","floor":25,"turns":7},{"damage":12,"enemies":"Snecko","floor":27,"turns":5},{"damage":14,"enemies":"Slavers","floor":28,"turns":1}],"seed_played":"-5700628795379132720","potions_obtained":[{"floor":8,"key":"FearPotion"},{"floor":11,"key":"Strength Potion"},{"floor":12,"key":"SkillPotion"},{"floor":16,"key":"SpeedPotion"},{"floor":21,"key":"Block Potion"}],"is_trial":false,"path_per_floor":["M","?","M","M","?","R","E","M","T","M","M","M","$","?","R","B",null,"M","?","M","M","?","E","R","E","T","M","E"],"character_chosen":"IRONCLAD","items_purchased":["Whetstone"],"campfire_rested":1,"item_purchase_floors":[13],"current_hp_per_floor":[80,80,80,79,79,79,47,41,41,37,43,39,39,33,33,39,80,69,69,25,16,16,7,46,15,15,9,0,0],"gold":215,"neow_bonus":"RANDOM_COMMON_RELIC","is_daily":false,"chose_seed":false,"campfire_upgraded":1,"win_rate":0.0,"timestamp":1613539823,"path_taken":["M","?","M","M","?","R","E","M","T","M","M","?","$","?","R","BOSS","M","?","M","M","?","E","R","E","T","M","E"],"items_purchased_type":["Relic"],"build_version":"2020-12-22","purchased_purges":1,"victory":false,"max_hp_per_floor":[80,80,80,80,80,80,80,80,80,80,80,80,80,80,80,80,80,80,80,80,80,80,80,80,80,80,80,80,80],"card_choices":[{"not_picked":["Twin Strike","Clothesline"],"picked":"Heavy Blade","floor":1},{"not_picked":["Anger","Dark Embrace"],"picked":"Fire Breathing","floor":3},{"not_picked":["Hemokinesis","Perfected Strike","Feel No Pain"],"picked":"SKIP","floor":4},{"not_picked":["Perfected Strike","Pummel"],"picked":"Spot Weakness","floor":7},{"not_picked":["Clothesline","Second Wind","Clash"],"picked":"SKIP","floor":8},{"not_picked":["Twin Strike","Clash"],"picked":"Immolate","floor":10},{"not_picked":["Feel No Pain","Perfected Strike","Twin Strike"],"picked":"SKIP","floor":11},{"not_picked":["Perfected Strike","Anger","Havoc"],"picked":"SKIP","floor":12},{"not_picked":["Evolve","Cleave"],"picked":"Infernal Blade","floor":14},{"not_picked":["Feed","Fiend Fire"],"picked":"Limit Break","floor":16},{"not_picked":["Twin Strike","Seeing Red+1","Headbutt"],"picked":"SKIP","floor":18},{"not_picked":["Sword Boomerang+1","Sever Soul","Perfected Strike"],"picked":"SKIP","floor":20},{"not_picked":["Body Slam","Iron Wave","Havoc"],"picked":"SKIP","floor":21},{"not_picked":["Exhume","Perfected Strike"],"picked":"Rupture","floor":23},{"not_picked":["Intimidate","Sword Boomerang+1","Clothesline"],"picked":"SKIP","floor":25},{"not_picked":["True Grit","Pommel Strike+1","Warcry"],"picked":"SKIP","floor":27}],"player_experience":138717,"relics_obtained":[{"floor":7,"key":"Bag of Preparation"},{"floor":14,"key":"Odd Mushroom"},{"floor":23,"key":"HornCleat"},{"floor":23,"key":"Ancient Tea Set"},{"floor":25,"key":"Self Forming Clay"},{"floor":25,"key":"Blue Candle"},{"floor":26,"key":"Art of War"}],"event_choices":[{"damage_healed":0,"gold_gain":0,"player_choice":"Box","damage_taken":0,"relics_obtained":["Regal Pillow"],"max_hp_gain":0,"max_hp_loss":0,"event_name":"Big Fish","floor":2,"gold_loss":0,"cards_obtained":["Regret"]},{"damage_healed":0,"gold_gain":0,"player_choice":"1 cards matched","damage_taken":0,"max_hp_gain":0,"max_hp_loss":0,"event_name":"Match and Keep!","floor":5,"gold_loss":0,"cards_obtained":["Immolate"]},{"damage_healed":0,"gold_gain":0,"player_choice":"Fought Mushrooms","damage_taken":0,"max_hp_gain":0,"max_hp_loss":0,"event_name":"Mushrooms","floor":14,"gold_loss":0},{"cards_removed":["Strike_R"],"damage_healed":0,"gold_gain":0,"player_choice":"Gave Gold","damage_taken":0,"max_hp_gain":0,"max_hp_loss":0,"event_name":"Beggar","floor":19,"gold_loss":75},{"damage_healed":0,"gold_gain":0,"player_choice":"Ignored","damage_taken":0,"max_hp_gain":0,"max_hp_loss":0,"event_name":"Ghosts","floor":22,"gold_loss":0}],"is_beta":false,"boss_relics":[{"not_picked":["Fusion Hammer","Astrolabe"],"picked":"Black Star"}],"items_purged_floors":[13],"is_endless":false,"potions_floor_spawned":[8,11,12,16,21],"killed_by":"Slavers","ascension_level":0}}