{"host":"2p3jwbtacxwf1d73","time":1613524910,"event":{"mods":["BaseMod","Colored Powertips","Hermit","Hubris","Minty Spire (QoL Compilation)","Potionbrewer","Quick Restart","Reliquary","Small Relic Pack","StSLib","The Cursed","The Death Knight","The Gatherer","The Hierophant","The Necromancer","The Servant 0.9.4"],"gold_per_floor":[411,411,421,119,119,147,163,197,222,222,322,340,340,363,363,488,488,506,506,524,137,137,171,171,214,287,287,49,74,99,123,123,244,244,269,22,1021,1036,1050,1050,1089,1089,1089,339,339,339,362,382,382,382],"floor_reached":51,"language":"ENG","playtime":2080,"items_purged":["Normality"],"score":800,"play_id":"1f9a093e-1463-43b6-b002-aef9b42b5992","local_time":"20210216192150","daily_mods":["SealedDeck","Heirloom"],"is_ascension_mode":false,"campfire_choices":[{"floor":15,"key":"REST"},{"floor":24,"key":"REST"},{"data":"TheCursedMod:CursedRelics","floor":27,"key":"SMITH"},{"floor":32,"key":"REST"},{"floor":40,"key":"REST"},{"floor":45,"key":"REST"},{"floor":49,"key":"REST"}],"circlet_count":0,"master_deck":["TheCursedMod:SpitefulStrike","TheCursedMod:Mangle","TheCursedMod:Stigma","TheCursedMod:SurpriseAttack","TheCursedMod:Stigma","TheCursedMod:SaltUponWound","TheCursedMod:WearCloak","TheCursedMod:CursedAmulet","TheCursedMod:CursedShiv","TheCursedMod:Stigma","TheCursedMod:SoulReap","TheCursedMod:CursedBlade","TheCursedMod:CursedShiv","TheCursedMod:VoidForm","TheCursedMod:WearCloak","TheCursedMod:CursedMace","Bandage Up","TheCursedMod:Torture","TheCursedMod:AntiAging","Master of Strategy","J.A.X.","TheCursedMod:CursedRelics+1","TheCursedMod:SurpriseAttack","TheCursedMod:BloodBarrier+1","TheCursedMod:StunningStrike","Normality","TheCursedMod:Hemoplague","TheCursedMod:SoulReap"],"relics":["TheCursedMod:BlackMagic101","Old Coin","Juzu Bracelet","Blue Candle","reliquary:PorcupineQuills","PreservedInsect","reliquary:SilkGlove","Golden Idol","TheCursedMod:FourLeafCloverCharm","Sling","Art of War","reliquary:HotPoker","hubris:SphereOfDissonance","ClockworkSouvenir","SlaversCollar","Toolbox","Gambling Chip","HornCleat","Pen Nib","hubris:PeanutButter","OrangePellets"],"acts_visited":["Exordium","TheCity","TheBeyond"],"potions_floor_usage":[6,6,8,16,16,20,23,28,29,33,38,41,48,50,50,50],"damage_taken":[{"damage":6,"enemies":"2 Louse","floor":1,"turns":2},{"damage":0,"enemies":"Cultist","floor":3,"turns":2},{"damage":6,"enemies":"3 Sentries","floor":6,"turns":6},{"damage":4,"enemies":"Jaw Worm","floor":7,"turns":2},{"damage":5,"enemies":"Gremlin Nob","floor":8,"turns":3},{"damage":5,"enemies":"Blue Slaver","floor":12,"turns":2},{"damage":8,"enemies":"Large Slime","floor":14,"turns":2},{"damage":45,"enemies":"Hexaghost","floor":16,"turns":4},{"damage":35,"enemies":"2 Thieves","floor":18,"turns":5},{"damage":16,"enemies":"Spheric Guardian","floor":20,"turns":4},{"damage":4,"enemies":"Book of Stabbing","floor":23,"turns":3},{"damage":14,"enemies":"Gremlin Leader","floor":25,"turns":5},{"damage":17,"enemies":"Snake Plant","floor":29,"turns":2},{"damage":24,"enemies":"Shelled Parasite and Fungi","floor":30,"turns":3},{"damage":4,"enemies":"3 Cultists","floor":31,"turns":4},{"damage":78,"enemies":"Automaton","floor":33,"turns":8},{"damage":31,"enemies":"3 Darklings","floor":35,"turns":6},{"damage":0,"enemies":"Orb Walker","floor":38,"turns":1},{"damage":28,"enemies":"Jaw Worm Horde","floor":39,"turns":4},{"damage":35,"enemies":"Reptomancer","floor":41,"turns":4},{"damage":20,"enemies":"Transient","floor":47,"turns":5},{"damage":15,"enemies":"3 Darklings","floor":48,"turns":4},{"damage":106,"enemies":"Time Eater","floor":50,"turns":8}],"seed_played":"-691163200837907440","potions_obtained":[{"floor":7,"key":"Weak Potion"},{"floor":8,"key":"Strength Potion"},{"floor":14,"key":"DistilledChaos"},{"floor":18,"key":"Regen Potion"},{"floor":20,"key":"FairyPotion"},{"floor":25,"key":"SteroidPotion"},{"floor":30,"key":"SneckoOil"},{"floor":39,"key":"ColorlessPotion"},{"floor":41,"key":"SteroidPotion"},{"floor":48,"key":"SteroidPotion"}],"is_trial":true,"path_per_floor":["M","?","M","$","?","E","M","E","T","?","?","M","?","M","R","B",null,"M","?","M","$","?","E","R","E","T","R","$","M","M","M","R","B",null,"M","$","?","M","M","R","E","?","T","$","R","?","M","M","R","B",null],"character_chosen":"THE_CURSED","items_purchased":["TheCursedMod:CursedBlade","ColorlessPotion","Block Potion","Juzu Bracelet","Sling","Block Potion","Master of Strategy","ClockworkSouvenir","Fruit Juice","Toolbox","SkillPotion","potionbrewer:AcidPotion","Pen Nib","hubris:PeanutButter","OrangePellets","Strength Potion","TheCursedMod:Hemoplague"],"campfire_rested":6,"item_purchase_floors":[4,4,4,4,21,21,21,28,28,36,36,36,44,44,44,44,44],"current_hp_per_floor":[69,69,69,69,69,68,64,64,64,64,64,62,62,54,69,29,69,40,40,42,42,42,45,66,61,61,61,66,49,29,29,53,24,82,64,64,67,67,48,72,48,51,51,51,75,78,62,60,84,29],"gold":382,"neow_bonus":"","is_daily":false,"chose_seed":false,"campfire_upgraded":1,"win_rate":0.0,"timestamp":1613524910,"path_taken":["M","?","M","$","?","E","M","E","T","?","?","M","?","M","R","BOSS","M","?","M","$","?","E","R","E","T","R","$","M","M","M","R","BOSS","M","$","?","M","M","R","E","?","T","$","R","?","M","M","R","BOSS"],"items_purchased_type":["Card","Potion","Potion","Relic","Relic","Potion","Card","Relic","Potion","Relic","Potion","Potion","Relic","Relic","Relic","Potion","Card"],"build_version":"2020-12-22","purchased_purges":1,"victory":true,"max_hp_per_floor":[75,75,75,75,75,75,75,75,75,69,69,69,69,69,69,69,69,71,71,73,73,73,73,73,75,75,75,80,80,80,80,80,82,82,82,82,82,82,82,82,82,82,82,82,82,82,82,84,84,84],"card_choices":[{"not_picked":["TheCursedMod:FleshFromBone","TheCursedMod:Stretching"],"picked":"TheCursedMod:Stigma","floor":1},{"not_picked":["TheCursedMod:CursedMace","TheCursedMod:TacticalStrike"],"picked":"TheCursedMod:SoulReap","floor":3},{"not_picked":["TheCursedMod:ParallelWorld","TheCursedMod:CircleOfFocus","TheCursedMod:Evocation"],"picked":"SKIP","floor":6},{"not_picked":["TheCursedMod:CursedAmulet","TheCursedMod:CircleOfCorruption"],"picked":"TheCursedMod:CursedShiv","floor":7},{"not_picked":["TheCursedMod:CircleOfFlame","TheCursedMod:Grudge"],"picked":"TheCursedMod:VoidForm","floor":8},{"not_picked":["TheCursedMod:CircleOfCorruption","TheCursedMod:CircleOfFocus"],"picked":"TheCursedMod:WearCloak","floor":12},{"not_picked":["TheCursedMod:FleshFromBone","TheCursedMod:WearCloak"],"picked":"TheCursedMod:Torture","floor":14},{"not_picked":["TheCursedMod:ManaCirculation","TheCursedMod:ParallelWorld"],"picked":"TheCursedMod:AntiAging","floor":16},{"not_picked":["TheCursedMod:Stretching+1","TheCursedMod:RapidMovement","TheCursedMod:CircleOfWindfury"],"picked":"SKIP","floor":18},{"not_picked":["TheCursedMod:RavingStaff+1","TheCursedMod:LuckyCharm","TheCursedMod:Obscuration"],"picked":"SKIP","floor":20},{"not_picked":["TheCursedMod:FuryStrike","TheCursedMod:Obscuration"],"picked":"TheCursedMod:CursedRelics","floor":23},{"not_picked":["TheCursedMod:SpitefulStrike","TheCursedMod:CursedMace"],"picked":"TheCursedMod:SurpriseAttack","floor":25},{"not_picked":["TheCursedMod:CursedStaff","TheCursedMod:CursedArmor+1","TheCursedMod:LuckyCharm"],"picked":"SKIP","floor":29},{"not_picked":["TheCursedMod:LuckyCharm","TheCursedMod:AntiAging","TheCursedMod:Evocation+1"],"picked":"SKIP","floor":30},{"not_picked":["TheCursedMod:RavingStaff+1","TheCursedMod:FleshFromBone"],"picked":"TheCursedMod:BloodBarrier+1","floor":31},{"not_picked":["TheCursedMod:VoidForm","TheCursedMod:ManaCirculation"],"picked":"TheCursedMod:StunningStrike","floor":33},{"not_picked":["TheCursedMod:CursedBoomerang+1","TheCursedMod:TacticalStrike","TheCursedMod:HellsGateOpen"],"picked":"SKIP","floor":35},{"not_picked":["TheCursedMod:SurpriseAttack","TheCursedMod:RapidMovement","TheCursedMod:TroublousMinions+1"],"picked":"SKIP","floor":38},{"not_picked":["TheCursedMod:CircleOfCorruption","TheCursedMod:CursedBlade","TheCursedMod:CircleOfFlame+1"],"picked":"SKIP","floor":39},{"not_picked":["TheCursedMod:Evocation","TheCursedMod:TroublousMinions+1","TheCursedMod:Stigma+1"],"picked":"SKIP","floor":41},{"not_picked":["TheCursedMod:CursedShiv+1","TheCursedMod:CircleOfFlame+1"],"picked":"TheCursedMod:SoulReap","floor":47},{"not_picked":["TheCursedMod:SurpriseAttack","TheCursedMod:TacticalStrike+1","TheCursedMod:CircleOfWindfury"],"picked":"SKIP","floor":48}],"player_experience":481342,"relics_obtained":[{"floor":6,"key":"reliquary:PorcupineQuills"},{"floor":8,"key":"PreservedInsect"},{"floor":9,"key":"reliquary:SilkGlove"},{"floor":23,"key":"Art of War"},{"floor":25,"key":"reliquary:HotPoker"},{"floor":26,"key":"hubris:SphereOfDissonance"},{"floor":41,"key":"Gambling Chip"},{"floor":43,"key":"HornCleat"}],"event_choices":[{"cards_removed":["TheCursedMod:SpreadPlague"],"damage_healed":0,"gold_gain":0,"player_choice":"Purged","damage_taken":0,"max_hp_gain":0,"max_hp_loss":0,"event_name":"Purifier","floor":2,"gold_loss":0},{"damage_healed":0,"gold_gain":0,"player_choice":"Box","damage_taken":0,"relics_obtained":["Blue Candle"],"max_hp_gain":0,"max_hp_loss":0,"event_name":"Big Fish","floor":5,"gold_loss":0,"cards_obtained":["Regret"]},{"damage_healed":0,"gold_gain":0,"player_choice":"Lose Max HP","damage_taken":0,"relics_obtained":["Golden Idol"],"max_hp_gain":0,"max_hp_loss":6,"event_name":"Golden Idol","floor":10,"gold_loss":0},{"damage_healed":0,"gold_gain":100,"player_choice":"Pray","damage_taken":0,"max_hp_gain":0,"max_hp_loss":0,"event_name":"Golden Shrine","floor":11,"gold_loss":0},{"damage_healed":0,"gold_gain":0,"player_choice":"2 cards matched","damage_taken":0,"max_hp_gain":0,"max_hp_loss":0,"event_name":"Match and Keep!","floor":13,"gold_loss":0,"cards_obtained":["TheCursedMod:CursedMace","Bandage Up"]},{"cards_removed":["Regret"],"damage_healed":0,"gold_gain":0,"player_choice":"Elegance","damage_taken":0,"max_hp_gain":0,"max_hp_loss":0,"event_name":"Back to Basics","floor":19,"gold_loss":0},{"damage_healed":0,"gold_gain":0,"player_choice":"Obtain J.A.X.","damage_taken":0,"max_hp_gain":0,"max_hp_loss":0,"event_name":"Drug Dealer","floor":22,"gold_loss":0,"cards_obtained":["J.A.X."]},{"damage_healed":0,"gold_gain":999,"player_choice":"Gold","damage_taken":0,"max_hp_gain":0,"max_hp_loss":0,"event_name":"MindBloom","floor":37,"gold_loss":0,"cards_obtained":["Normality","Normality"]},{"damage_healed":0,"gold_gain":0,"player_choice":"Ignored","damage_taken":0,"max_hp_gain":0,"max_hp_loss":0,"event_name":"Mysterious Sphere","floor":42,"gold_loss":0}],"is_beta":false,"boss_relics":[{"not_picked":["potionbrewer:BhaskarasWheel","Runic Pyramid"],"picked":"TheCursedMod:FourLeafCloverCharm"},{"not_picked":["hubris:Stopwatch","relicPack:ShieldShield"],"picked":"SlaversCollar"}],"items_purged_floors":[44],"is_endless":false,"potions_floor_spawned":[7,8,14,18,20,25,30,39,41,48],"ascension_level":0}}