{"host":"6xghz2lkudss8si6","time":1613566881,"event":{"mods":["AchievementEnabler","BaseMod","Colored Map","DeckTracker","Minty Spire (QoL Compilation)","Quick Restart","StSLib","SuperFastMode"],"gold_per_floor":[111,111,111,126,147,147,37,51,96,134,134,153,153,166,166,166,166],"floor_reached":16,"language":"KOR","playtime":843,"items_purged":["Strike_P"],"score":147,"play_id":"979402e8-e2fe-41f0-98cc-f9b5dbac2605","local_time":"20210217220121","is_ascension_mode":true,"campfire_choices":[{"data":"Eruption","floor":6,"key":"SMITH"},{"data":"Crescendo","floor":11,"key":"SMITH"},{"data":"FollowUp","floor":13,"key":"SMITH"},{"data":"FlyingSleeves","floor":15,"key":"SMITH"}],"circlet_count":0,"master_deck":["Strike_P","Strike_P","Strike_P","Defend_P","Defend_P","Defend_P","Defend_P","Eruption+1","Vigilance","FollowUp+1","FlyingSleeves+1","Sanctity","MentalFortress","Crescendo+1","CarveReality","ClearTheMind","Swivel"],"relics":["PureWater","Oddly Smooth Stone","Golden Idol","Bronze Scales","Pear"],"acts_visited":["Exordium"],"potions_floor_usage":[14,16],"damage_taken":[{"damage":0,"enemies":"2 Louse","floor":1,"turns":3},{"damage":0,"enemies":"Jaw Worm","floor":4,"turns":3},{"damage":0,"enemies":"Cultist","floor":5,"turns":2},{"damage":2,"enemies":"Exordium Thugs","floor":8,"turns":4},{"damage":20,"enemies":"Lagavulin","floor":10,"turns":8},{"damage":11,"enemies":"Exordium Wildlife","floor":12,"turns":3},{"damage":0,"enemies":"Gremlin Gang","floor":14,"turns":3},{"damage":37,"enemies":"Hexaghost","floor":16,"turns":10}],"seed_played":"-7649663425775230100","potions_obtained":[{"floor":8,"key":"Block Potion"},{"floor":10,"key":"Energy Potion"},{"floor":12,"key":"AttackPotion"}],"is_trial":false,"path_per_floor":["M","?","?","M","M","R","$","M","T","E","R","M","R","M","R","B"],"character_chosen":"WATCHER","items_purchased":["MentalFortress"],"campfire_rested":0,"item_purchase_floors":[7],"current_hp_per_floor":[79,76,57,57,57,57,57,55,55,45,45,34,34,34,34,0,0],"gold":166,"neow_bonus":"TEN_PERCENT_HP_BONUS","is_daily":false,"chose_seed":false,"campfire_upgraded":4,"win_rate":0.0,"timestamp":1613566881,"path_taken":["M","?","?","M","M","R","?","M","T","E","R","M","R","M","R","BOSS"],"items_purchased_type":["Card"],"build_version":"2020-12-22","purchased_purges":1,"victory":false,"max_hp_per_floor":[79,79,79,79,79,79,79,79,79,89,89,89,89,89,89,89,89],"card_choices":[{"not_picked":["ThirdEye","ClearTheMind"],"picked":"FollowUp","floor":1},{"not_picked":["Indignation","ThirdEye"],"picked":"FlyingSleeves","floor":4},{"not_picked":["EmptyFist","SashWhip"],"picked":"Sanctity","floor":5},{"not_picked":["Prostrate","Study"],"picked":"Crescendo","floor":8},{"not_picked":["Collect","Pray"],"picked":"CarveReality","floor":10},{"not_picked":["PathToVictory","EmptyFist"],"picked":"ClearTheMind","floor":12},{"not_picked":["ConjureBlade","EmptyBody"],"picked":"Swivel","floor":14}],"player_experience":261817,"relics_obtained":[{"floor":9,"key":"Bronze Scales"},{"floor":10,"key":"Pear"}],"event_choices":[{"damage_healed":0,"gold_gain":0,"player_choice":"Success","damage_taken":3,"relics_obtained":["Oddly Smooth Stone"],"max_hp_gain":0,"max_hp_loss":0,"event_name":"Scrap Ooze","floor":2,"gold_loss":0},{"damage_healed":0,"gold_gain":0,"player_choice":"Take Damage","damage_taken":19,"relics_obtained":["Golden Idol"],"max_hp_gain":0,"max_hp_loss":0,"event_name":"Golden Idol","floor":3,"gold_loss":0}],"is_beta":false,"boss_relics":[],"items_purged_floors":[7],"is_endless":false,"potions_floor_spawned":[8,10,12],"killed_by":"Hexaghost","ascension_level":4}}