{"host":"js2su9tbbk4rmjfl","time":1613594548,"event":{"mods":["AchievementEnabler","BaseMod","Block Reminder","Colored Map","Colored Powertips","Highlight Path","Minty Spire (QoL Compilation)","Relic Stats"],"gold_per_floor":[18,18,31,31,81,81,99,133,208,208,42,76,76,93,93,168,168,88,88,88,88,3,3,3],"floor_reached":23,"language":"ENG","playtime":1133,"items_purged":[],"score":382,"play_id":"01d2d67d-e36e-4131-97c9-a0a5ff953a62","local_time":"20210217214228","is_ascension_mode":true,"campfire_choices":[{"data":"Strike_R","floor":6,"key":"SMITH"},{"data":"Bash","floor":10,"key":"SMITH"},{"data":"Bludgeon","floor":15,"key":"SMITH"}],"circlet_count":0,"master_deck":["AscendersBane","Strike_R+1","Strike_R","Strike_R","Strike_R","Strike_R","Defend_R","Defend_R","Defend_R","Bash+1","Headbutt","Battle Trance","Sword Boomerang","Bludgeon+1","Shrug It Off","Impervious","Thunderclap+1","Juggernaut","Disarm+1","Spot Weakness"],"relics":["Burning Blood","NlothsMask","Orichalcum","Sling","Ornamental Fan","Ectoplasm"],"acts_visited":["Exordium","TheCity"],"potions_floor_usage":[16,16,20],"damage_taken":[{"damage":7,"enemies":"2 Louse","floor":1,"turns":4},{"damage":2,"enemies":"Cultist","floor":3,"turns":4},{"damage":4,"enemies":"Jaw Worm","floor":7,"turns":4},{"damage":39,"enemies":"Gremlin Nob","floor":8,"turns":4},{"damage":12,"enemies":"3 Sentries","floor":12,"turns":5},{"damage":6,"enemies":"Large Slime","floor":14,"turns":4},{"damage":44,"enemies":"The Guardian","floor":16,"turns":11},{"damage":16,"enemies":"2 Thieves","floor":18,"turns":5},{"damage":14,"enemies":"3 Byrds","floor":19,"turns":6},{"damage":11,"enemies":"Snecko","floor":20,"turns":4},{"damage":22,"enemies":"Shelled Parasite and Fungi","floor":21,"turns":5},{"damage":30,"enemies":"Book of Stabbing","floor":23,"turns":3}],"seed_played":"2194910807805465362","potions_obtained":[{"floor":12,"key":"Swift Potion"},{"floor":14,"key":"SteroidPotion"},{"floor":16,"key":"SpeedPotion"},{"floor":19,"key":"Block Potion"},{"floor":21,"key":"Dexterity Potion"}],"is_trial":false,"path_per_floor":["M","?","M","?","?","R","M","E","T","R","$","E","?","M","R","B",null,"M","M","M","M","$","E"],"character_chosen":"IRONCLAD","items_purchased":["Sling","Spot Weakness"],"campfire_rested":0,"item_purchase_floors":[11,22],"current_hp_per_floor":[81,81,85,85,85,85,87,54,54,54,54,48,48,48,48,10,69,59,51,46,30,30,0,0],"gold":3,"neow_bonus":"TWENTY_PERCENT_HP_BONUS","is_daily":false,"chose_seed":false,"campfire_upgraded":3,"win_rate":0.0,"timestamp":1613594548,"path_taken":["M","?","?","?","?","R","?","E","T","R","?","E","?","M","R","BOSS","M","?","M","M","$","E"],"items_purchased_type":["Relic","Card"],"build_version":"2020-12-22","purchased_purges":0,"victory":false,"max_hp_per_floor":[89,89,89,89,89,89,89,89,89,89,89,89,89,89,89,89,89,89,89,89,89,89,89,89],"relic_stats":{"counters":[12,59],"Ornamental Fan":[28],"Ectoplasm":143,"Orichalcum":[96],"obtain_stats":[{"Ornamental Fan":12,"Ectoplasm":17,"Orichalcum":8,"Sling":11,"Burning Blood":0,"NlothsMask":2},{"Ornamental Fan":5,"Ectoplasm":7,"Orichalcum":4,"Sling":4,"Burning Blood":0,"NlothsMask":1},{"Ornamental Fan":21,"Ectoplasm":36,"Orichalcum":16,"Sling":16,"Burning Blood":0,"NlothsMask":4}],"Burning Blood":66},"card_choices":[{"not_picked":["Pommel Strike","Cleave"],"picked":"Headbutt","floor":1},{"not_picked":["Twin Strike","Second Wind"],"picked":"Battle Trance","floor":3},{"not_picked":["Warcry","Anger"],"picked":"Sword Boomerang","floor":7},{"not_picked":["Entrench","Feel No Pain","Perfected Strike"],"picked":"SKIP","floor":8},{"not_picked":["Flame Barrier","Perfected Strike"],"picked":"Bludgeon","floor":12},{"not_picked":["Warcry","Thunderclap"],"picked":"Shrug It Off","floor":14},{"not_picked":["Berserk","Fiend Fire"],"picked":"Impervious","floor":16},{"not_picked":["Blood for Blood","Headbutt"],"picked":"Thunderclap+1","floor":18},{"not_picked":["Sword Boomerang","Shrug It Off"],"picked":"Juggernaut","floor":19},{"not_picked":["Sever Soul","Headbutt"],"picked":"Disarm+1","floor":20},{"not_picked":["Uppercut","Flex","Clothesline"],"picked":"SKIP","floor":21}],"player_experience":820784,"relics_obtained":[{"floor":8,"key":"Orichalcum"},{"floor":12,"key":"Ornamental Fan"}],"event_choices":[{"damage_healed":0,"gold_gain":0,"player_choice":"Trade","damage_taken":0,"relics_obtained":["NlothsMask"],"max_hp_gain":0,"max_hp_loss":0,"event_name":"FaceTrader","floor":2,"gold_loss":0},{"damage_healed":0,"gold_gain":0,"player_choice":"Ignored","damage_taken":0,"max_hp_gain":0,"max_hp_loss":0,"event_name":"Golden Idol","floor":4,"gold_loss":0},{"damage_healed":0,"gold_gain":50,"player_choice":"Pray","damage_taken":0,"max_hp_gain":0,"max_hp_loss":0,"event_name":"Golden Shrine","floor":5,"gold_loss":0},{"cards_removed":["Defend_R"],"damage_healed":0,"gold_gain":0,"player_choice":"Purged","damage_taken":0,"max_hp_gain":0,"max_hp_loss":0,"event_name":"Purifier","floor":13,"gold_loss":0}],"is_beta":false,"boss_relics":[{"not_picked":["Tiny House","Snecko Eye"],"picked":"Ectoplasm"}],"items_purged_floors":[],"is_endless":false,"potions_floor_spawned":[12,14,16,19,21],"killed_by":"Book of Stabbing","ascension_level":18}}