{"host":"bgptblc1sp470rxq","time":1613574426,"event":{"mods":["BaseMod","Colored Map","Highlight Path","Minty Spire (QoL Compilation)","Quick Restart","StSLib","Waifu the Spire","[IsaacMod]ÒÔÈö¼âËþ"],"gold_per_floor":[110,110,35,50,50,50,83,83,153,183,183,202,277,291,291,396,396,413,432,357,370,390,417,436,436,436,436,461,461,480,580,580,675,675,710,735,770,796,445,445,745,771,771,771,790,823,855,890,890,890,890,890,890,76,111,111],"floor_reached":57,"language":"ZHS","playtime":2017,"items_purged":["Strike_R","Strike_R","Offering","Reaper"],"score":4029,"play_id":"af484a3c-be43-4356-acbd-c49ce8a1efa0","local_time":"20210217230706","is_ascension_mode":true,"campfire_choices":[{"data":"Searing Blow","floor":6.0,"key":"SMITH"},{"data":"Searing Blow+1","floor":8.0,"key":"SMITH"},{"data":"True Grit","floor":11.0,"key":"SMITH"},{"data":"Searing Blow+2","floor":15.0,"key":"SMITH"},{"data":"Searing Blow+3","floor":25.0,"key":"SMITH"},{"data":"Searing Blow+4","floor":27.0,"key":"SMITH"},{"data":"Searing Blow+5","floor":29.0,"key":"SMITH"},{"data":"Searing Blow+6","floor":32.0,"key":"SMITH"},{"data":"Searing Blow+7","floor":40.0,"key":"SMITH"},{"data":"Searing Blow+8","floor":44.0,"key":"SMITH"},{"floor":49.0,"key":"RECALL"},{"data":"Searing Blow+9","floor":53.0,"key":"SMITH"}],"circlet_count":0,"master_deck":["Defend_R+1","Defend_R","Defend_R+1","Defend_R","Bash","Searing Blow+10","True Grit+1","Shrug It Off","Burning Pact","Warcry+1","Dual Wield","Impervious","Ghostly Armor","Battle Trance","Impervious","Disarm","Body Slam"],"relics":["HushsDoor","Philosopher\u0027s Stone","GuppysHead","DoctorsRemote","War Paint","TheBible","Mummified Hand","Empty Cage","GuppysTail","Incubus","Bag of Marbles","D6","Mercury Hourglass","Incense Burner","Bottled Lightning","ChampionBelt","BelialBook","SatanicBible","Damocles","Happy Flower","Calipers","Boot","YumHeart","PreservedInsect","CaptainsWheel","Omamori","Sling","Dream Catcher","Nunchaku","BookofShadows","Strawberry","Toy Ornithopter","Darkstone Periapt","Bag of Preparation","Potion Belt","Paper Frog","Centennial Puzzle","HornCleat","Orrery","InkBottle","PillsDrop"],"acts_visited":["TheCity","TheBeyond","TheEnding"],"potions_floor_usage":[],"damage_taken":[{"damage":0.0,"enemies":"Cultist","floor":1.0,"turns":2.0},{"damage":3.0,"enemies":"Jaw Worm","floor":4.0,"turns":2.0},{"damage":0.0,"enemies":"Gremlin Nob","floor":7.0,"turns":2.0},{"damage":12.0,"enemies":"3 Sentries","floor":10.0,"turns":5.0},{"damage":4.0,"enemies":"2 Louse","floor":12.0,"turns":2.0},{"damage":8.0,"enemies":"Exordium Wildlife","floor":14.0,"turns":3.0},{"damage":0.0,"enemies":"Hexaghost","floor":16.0,"turns":9.0},{"damage":6.0,"enemies":"Spheric Guardian","floor":18.0,"turns":4.0},{"damage":0.0,"enemies":"Shell Parasite","floor":19.0,"turns":4.0},{"damage":7.0,"enemies":"Shelled Parasite and Fungi","floor":21.0,"turns":7.0},{"damage":2.0,"enemies":"Chosen and Byrds","floor":22.0,"turns":6.0},{"damage":6.0,"enemies":"Slavers","floor":23.0,"turns":6.0},{"damage":4.0,"enemies":"Snake Plant","floor":24.0,"turns":4.0},{"damage":0.0,"enemies":"Book of Stabbing","floor":28.0,"turns":3.0},{"damage":0.0,"enemies":"Centurion and Healer","floor":30.0,"turns":3.0},{"damage":0.0,"enemies":"Colosseum Slavers","floor":31.0,"turns":2.0},{"damage":0.0,"enemies":"Colosseum Nobs","floor":31.0,"turns":3.0},{"damage":9.0,"enemies":"Automaton","floor":33.0,"turns":6.0},{"damage":0.0,"enemies":"Reptomancer","floor":35.0,"turns":2.0},{"damage":0.0,"enemies":"Mind Bloom Boss Battle","floor":36.0,"turns":1.0},{"damage":0.0,"enemies":"Reptomancer","floor":37.0,"turns":2.0},{"damage":0.0,"enemies":"Giant Head","floor":38.0,"turns":1.0},{"damage":0.0,"enemies":"Nemesis","floor":42.0,"turns":1.0},{"damage":0.0,"enemies":"3 Shapes","floor":45.0,"turns":5.0},{"damage":0.0,"enemies":"Giant Head","floor":46.0,"turns":1.0},{"damage":0.0,"enemies":"Reptomancer","floor":47.0,"turns":1.0},{"damage":0.0,"enemies":"Giant Head","floor":48.0,"turns":1.0},{"damage":0.0,"enemies":"Awakened One","floor":50.0,"turns":6.0},{"damage":0.0,"enemies":"Time Eater","floor":51.0,"turns":2.0},{"damage":0.0,"enemies":"Shield and Spear","floor":55.0,"turns":3.0},{"damage":0,"enemies":"The Heart","floor":56,"turns":7}],"seed_played":"-2924994756295597097","potions_obtained":[{"floor":4.0,"key":"DistilledChaos"},{"floor":10.0,"key":"LiquidMemories"},{"floor":12.0,"key":"EntropicBrew"},{"floor":22.0,"key":"PowerPotion"},{"floor":48.0,"key":"SteroidPotion"}],"is_trial":false,"path_per_floor":["M","T","$","M","?","R","E","R","T","E","R","M","?","M","R","B",null,"M","M","?","M","M","E","M","R","T","R","E","R","M","?","R","B",null,"M","?","M","M","$","R","?","E","T","R","M","E","M","M","R","B","B",null,"R","$","E","B",null],"character_chosen":"IRONCLAD","items_purchased":["GuppysTail","Incubus","BelialBook","SatanicBible","Damocles","Impervious","Battle Trance","Sling","Centennial Puzzle","HornCleat","Impervious","Orrery"],"campfire_rested":0,"item_purchase_floors":[17,17,34,34,34,34,39,39,54,54,54,54],"current_hp_per_floor":[80,80,80,77,77,77,77,77,77,65,65,61,50,42,42,42,45,39,39,39,32,30,24,20,20,20,20,20,20,20,20,20,23,11,11,11,11,11,11,11,11,11,11,11,11,18,18,18,18,18,18,18,18,18,18,18],"gold":111,"neow_bonus":"BOSS_RELIC","is_daily":false,"chose_seed":false,"campfire_upgraded":11,"win_rate":0.0,"timestamp":1613574426,"path_taken":["M","?","$","M","?","R","E","R","T","E","R","M","?","M","R","BOSS","M","M","?","M","M","E","M","R","T","R","E","R","?","?","R","BOSS","M","?","?","M","$","R","?","E","T","R","M","E","M","M","R","BOSS","BOSS","R","$","E","BOSS"],"items_purchased_type":["Relic","Relic","Relic","Relic","Relic","Card","Card","Relic","Relic","Relic","Card","Relic"],"build_version":"2020-12-22","purchased_purges":4,"victory":true,"max_hp_per_floor":[80,80,80,80,80,80,80,80,80,80,80,80,80,80,80,80,45,45,45,45,45,45,45,45,45,45,45,45,45,45,45,45,45,11,11,11,11,11,11,11,11,11,11,11,11,18,18,18,18,18,18,18,18,18,18,18],"card_choices":[{"not_picked":["Corruption","Wild Strike"],"picked":"Perfected Strike","floor":1.0},{"not_picked":["Spot Weakness","Wild Strike"],"picked":"Searing Blow","floor":4.0},{"not_picked":["Sword Boomerang","Blood for Blood","Sentinel"],"picked":"SKIP","floor":7.0},{"not_picked":["Perfected Strike","Thunderclap"],"picked":"True Grit","floor":10.0},{"not_picked":["Havoc","Anger"],"picked":"Shrug It Off","floor":12.0},{"not_picked":["Thunderclap","Intimidate"],"picked":"Burning Pact","floor":14.0},{"not_picked":["Exhume","Demon Form"],"picked":"Offering","floor":16.0},{"not_picked":["Wild Strike","Combust"],"picked":"Warcry+1","floor":18.0},{"not_picked":["Dropkick","Anger+1","Flame Barrier"],"picked":"SKIP","floor":19.0},{"not_picked":["Sword Boomerang+1","Feel No Pain","True Grit+1"],"picked":"SKIP","floor":21.0},{"not_picked":["Hemokinesis+1","Inflame","Burning Pact+1"],"picked":"SKIP","floor":22.0},{"not_picked":["Hemokinesis+1","Inflame","Burning Pact+1"],"picked":"SKIP","floor":22.0},{"not_picked":["Heavy Blade","Iron Wave","Wild Strike"],"picked":"SKIP","floor":23.0},{"not_picked":["Sword Boomerang","Warcry","Anger+1"],"picked":"SKIP","floor":24.0},{"not_picked":["Warcry","Rampage"],"picked":"Dual Wield","floor":28.0},{"not_picked":["Rage","Rupture"],"picked":"Reaper","floor":30.0},{"not_picked":["Seeing Red","Whirlwind+1"],"picked":"Ghostly Armor","floor":35.0},{"not_picked":["Warcry+1","Clash","Havoc"],"picked":"SKIP","floor":37.0},{"not_picked":["Reaper","Shrug It Off+1","Headbutt"],"picked":"SKIP","floor":38.0},{"not_picked":["True Grit","Rampage","Sever Soul"],"picked":"SKIP","floor":42.0},{"not_picked":["Wild Strike","Whirlwind","Heavy Blade"],"picked":"SKIP","floor":45.0},{"not_picked":["Rampage+1","Brutality","Shrug It Off+1"],"picked":"SKIP","floor":46.0},{"not_picked":["Flame Barrier","Shrug It Off","Whirlwind+1"],"picked":"SKIP","floor":47.0},{"not_picked":["Reckless Charge","Seeing Red+1","Clash"],"picked":"SKIP","floor":48.0},{"not_picked":["Twin Strike","Heavy Blade"],"picked":"Disarm","floor":54.0},{"not_picked":["Iron Wave","Fiend Fire"],"picked":"Body Slam","floor":55.0}],"player_experience":264036,"relics_obtained":[{"floor":2.0,"key":"DoctorsRemote"},{"floor":7.0,"key":"War Paint"},{"floor":9.0,"key":"TheBible"},{"floor":10.0,"key":"Mummified Hand"},{"floor":23.0,"key":"Bag of Marbles"},{"floor":26.0,"key":"D6"},{"floor":28.0,"key":"Mercury Hourglass"},{"floor":31.0,"key":"Incense Burner"},{"floor":31.0,"key":"Bottled Lightning"},{"floor":35.0,"key":"Happy Flower"},{"floor":36.0,"key":"Calipers"},{"floor":36.0,"key":"Boot"},{"floor":37.0,"key":"YumHeart"},{"floor":37.0,"key":"PreservedInsect"},{"floor":38.0,"key":"CaptainsWheel"},{"floor":38.0,"key":"Omamori"},{"floor":42.0,"key":"Dream Catcher"},{"floor":42.0,"key":"Nunchaku"},{"floor":45.0,"key":"BookofShadows"},{"floor":46.0,"key":"Strawberry"},{"floor":46.0,"key":"Toy Ornithopter"},{"floor":47.0,"key":"Darkstone Periapt"},{"floor":47.0,"key":"Bag of Preparation"},{"floor":48.0,"key":"Potion Belt"},{"floor":48.0,"key":"Paper Frog"},{"floor":55.0,"key":"InkBottle"},{"floor":55.0,"key":"PillsDrop"}],"event_choices":[{"cards_removed":["Strike_R"],"damage_healed":0.0,"max_hp_gain":0.0,"max_hp_loss":0.0,"gold_gain":0.0,"event_name":"Purifier","player_choice":"Purged","floor":5.0,"gold_loss":0.0,"damage_taken":0.0},{"damage_healed":0.0,"max_hp_gain":0.0,"max_hp_loss":0.0,"gold_gain":75.0,"event_name":"World of Goop","player_choice":"Gather Gold","floor":13.0,"gold_loss":0.0,"damage_taken":11.0},{"cards_removed":["Perfected Strike"],"damage_healed":0.0,"max_hp_gain":0.0,"max_hp_loss":0.0,"gold_gain":0.0,"event_name":"Beggar","player_choice":"Gave Gold","floor":20.0,"gold_loss":75.0,"damage_taken":0.0},{"damage_healed":0.0,"max_hp_gain":0.0,"max_hp_loss":0.0,"gold_gain":0.0,"event_name":"Colosseum","player_choice":"Fight","floor":31.0,"gold_loss":0.0,"damage_taken":0.0},{"damage_healed":0.0,"max_hp_gain":0.0,"max_hp_loss":0.0,"gold_gain":0.0,"event_name":"Colosseum","player_choice":"Fought Nobs","floor":31.0,"gold_loss":0.0,"damage_taken":0.0},{"damage_healed":0.0,"max_hp_gain":0.0,"max_hp_loss":0.0,"gold_gain":0.0,"event_name":"MindBloom","player_choice":"Fight","floor":36.0,"gold_loss":0.0,"damage_taken":0.0}],"is_beta":false,"boss_relics":[{"not_picked":["Fusion Hammer","Runic Cube"],"picked":"Empty Cage"},{"not_picked":[]},{"not_picked":["Runic Dome","Sozu"],"picked":"ChampionBelt"},{"not_picked":[]}],"items_purged_floors":[3,17,39,54],"is_endless":false,"potions_floor_spawned":[4,10,12,19,22,28,31,33,35,45,46,47,48],"ascension_level":20}}