{"host":"bq4pt811tk9yrmjl","time":1613524061,"event":{"mods":["AchievementEnabler","BaseMod","Colored Map","Colored Powertips","Defuse TimeMaze Blight","Hermit","Minty Spire (QoL Compilation)","Smile Girya","StSLib","SuperFastMode"],"gold_per_floor":[114,114,289,289,301,301,329,329,354,354,372,403,403,420,420,522,522,533,533,533,552,216,216,247,247,247,247,247,265,300,315,315,411,411,423,49,64,64,64,90,90,121,121,121,152,167,15,25,25,25,25,25,25,54,54,54],"floor_reached":55,"language":"ENG","playtime":1319,"items_purged":["Doubt"],"score":943,"play_id":"4b65b68b-4f31-4080-8493-a572e31d8ed8","local_time":"20210216230741","is_ascension_mode":true,"campfire_choices":[{"data":"Neutralize","floor":6.0,"key":"SMITH"},{"data":"Noxious Fumes","floor":10.0,"key":"SMITH"},{"data":"Cloak And Dagger","floor":15.0,"key":"SMITH"},{"data":"Infinite Blades","floor":23,"key":"SMITH"},{"data":"Blade Dance","floor":27,"key":"SMITH"},{"data":"Adrenaline","floor":32,"key":"SMITH"},{"floor":41,"key":"REST"},{"floor":44,"key":"RECALL"},{"data":"Accuracy","floor":49,"key":"SMITH"},{"data":"Survivor","floor":52,"key":"SMITH"}],"circlet_count":0,"master_deck":["Strike_G+1","Strike_G+1","Strike_G+1","Strike_G+1","Strike_G+1","Defend_G+1","Defend_G+1","Defend_G+1","Defend_G+1","Defend_G+1","Survivor+1","Neutralize+1","Blade Dance+1","Noxious Fumes+1","Cloak And Dagger+1","Infinite Blades+1","Adrenaline+1","Bane+1","Bouncing Flask+1","Bullet Time+1","Malaise+1","Die Die Die+1","Catalyst+1","Accuracy+1","Dodge and Roll+1","Cloak And Dagger+1"],"relics":["Ring of the Snake","NeowsBlessing","Shuriken","Oddly Smooth Stone","Tiny Chest","Blood Vial","Question Card","Thread and Needle","HoveringKite","MutagenicStrength","Eternal Feather","StoneCalendar","Bottled Lightning","Singing Bowl","Astrolabe","TungstenRod","Incense Burner","Frozen Egg 2","Juzu Bracelet","Blue Candle","Bag of Preparation","Boot","War Paint"],"acts_visited":["Exordium","TheCity","TheBeyond","TheEnding"],"potions_floor_usage":[16,18,30,40,46,50,54],"damage_taken":[{"damage":0.0,"enemies":"Cultist","floor":1.0,"turns":1.0},{"damage":0.0,"enemies":"Small Slimes","floor":5.0,"turns":1.0},{"damage":0.0,"enemies":"Gremlin Nob","floor":7.0,"turns":1.0},{"damage":0.0,"enemies":"2 Louse","floor":11.0,"turns":3.0},{"damage":12.0,"enemies":"3 Sentries","floor":12.0,"turns":7.0},{"damage":0.0,"enemies":"Gremlin Gang","floor":14.0,"turns":6.0},{"damage":0,"enemies":"Hexaghost","floor":16,"turns":7},{"damage":11,"enemies":"Spheric Guardian","floor":18,"turns":5},{"damage":0,"enemies":"Chosen","floor":21,"turns":3},{"damage":15,"enemies":"Book of Stabbing","floor":24,"turns":4},{"damage":0,"enemies":"Snecko","floor":29,"turns":4},{"damage":6,"enemies":"Slavers","floor":30,"turns":7},{"damage":0,"enemies":"3 Cultists","floor":31,"turns":5},{"damage":0,"enemies":"Champ","floor":33,"turns":7},{"damage":0,"enemies":"Orb Walker","floor":35,"turns":3},{"damage":0,"enemies":"3 Darklings","floor":37,"turns":4},{"damage":37,"enemies":"Reptomancer","floor":40,"turns":6},{"damage":18,"enemies":"Giant Head","floor":42,"turns":8},{"damage":4,"enemies":"Nemesis","floor":45,"turns":5},{"damage":0,"enemies":"Jaw Worm Horde","floor":46,"turns":3},{"damage":17,"enemies":"Maw","floor":48,"turns":7},{"damage":30,"enemies":"Time Eater","floor":50,"turns":12},{"damage":19,"enemies":"Shield and Spear","floor":54,"turns":6},{"damage":104,"enemies":"The Heart","floor":55,"turns":8}],"seed_played":"3708773041812951902","potions_obtained":[{"floor":7.0,"key":"Swift Potion"},{"floor":12.0,"key":"ColorlessPotion"},{"floor":21,"key":"SteroidPotion"},{"floor":30,"key":"GamblersBrew"},{"floor":33,"key":"LiquidBronze"},{"floor":40,"key":"Explosive Potion"},{"floor":46,"key":"Fire Potion"},{"floor":54,"key":"FairyPotion"}],"is_trial":false,"path_per_floor":["M","?","?","?","M","R","E","?","T","R","M","E","T","M","R","B",null,"M","?","?","M","$","R","E","T","T","R","?","M","E","M","R","B",null,"M","$","M","$","T","E","R","E","T","R","E","M","$","M","R","B",null,"R","$","E","B"],"character_chosen":"THE_SILENT","items_purchased":["Eternal Feather","Accuracy","TungstenRod","Boot"],"campfire_rested":1,"item_purchase_floors":[22,36,36,47],"current_hp_per_floor":[70,56,56,56,56,56,56,53,53,53,55,45,45,47,47,49,70,59,59,46,48,48,60,47,47,47,59,59,61,59,63,75,79,81,81,81,81,81,81,46,83,67,67,82,82,84,84,71,86,58,89,89,89,72,0,0],"gold":54,"neow_bonus":"THREE_ENEMY_KILL","is_daily":false,"chose_seed":false,"campfire_upgraded":8,"win_rate":0.0,"timestamp":1613524061,"path_taken":["M","?","?","?","?","R","E","?","T","R","M","E","?","M","R","BOSS","M","?","?","M","$","R","E","?","T","R","?","?","E","M","R","BOSS","M","$","M","?","?","E","R","E","T","R","E","M","$","M","R","BOSS","R","$","E","BOSS"],"items_purchased_type":["Relic","Card","Relic","Relic"],"build_version":"2020-12-22","purchased_purges":1,"victory":false,"max_hp_per_floor":[70,70,70,70,70,70,70,70,70,70,70,70,70,70,70,70,70,70,70,75,75,75,75,75,75,75,75,75,75,77,79,79,81,81,81,81,81,81,81,83,83,85,85,85,87,87,87,89,89,89,89,89,89,91,91,91],"card_choices":[{"not_picked":["PiercingWail","Eviscerate"],"picked":"Caltrops","floor":1.0},{"not_picked":["Bane","Leg Sweep"],"picked":"Blade Dance","floor":5.0},{"not_picked":["Night Terror","Acrobatics"],"picked":"Noxious Fumes","floor":7.0},{"not_picked":["Underhanded Strike","Skewer"],"picked":"Cloak And Dagger","floor":11.0},{"not_picked":["Reflex","PiercingWail"],"picked":"Infinite Blades","floor":12.0},{"not_picked":["Backflip","Bane","Dagger Throw"],"picked":"Concentrate","floor":14.0},{"not_picked":["Storm of Steel","Phantasmal Killer","Unload"],"picked":"Adrenaline","floor":16},{"not_picked":["Flying Knee","Tactician","Infinite Blades"],"picked":"Slice","floor":18},{"not_picked":["Acrobatics","Dodge and Roll","Heel Hook"],"picked":"Bane+1","floor":21},{"not_picked":["Terror","Sucker Punch","Deflect"],"picked":"Bouncing Flask+1","floor":24},{"not_picked":["Poisoned Stab+1","Underhanded Strike","Leg Sweep"],"picked":"Footwork+1","floor":29},{"not_picked":["A Thousand Cuts","Sucker Punch","Quick Slash","Dash"],"picked":"Singing Bowl","floor":30},{"not_picked":["Underhanded Strike+1","Bane","Poisoned Stab+1","Crippling Poison"],"picked":"Singing Bowl","floor":31},{"not_picked":["Phantasmal Killer","Tools of the Trade","Unload","Burst"],"picked":"Singing Bowl","floor":33},{"not_picked":["Prepared+1","Quick Slash","Cloak And Dagger"],"picked":"Catalyst+1","floor":35},{"not_picked":["PiercingWail","Caltrops+1","Dagger Throw"],"picked":"Dodge and Roll+1","floor":37},{"not_picked":["All Out Attack+1","Deflect","Noxious Fumes+1","Dagger Throw"],"picked":"Singing Bowl","floor":40},{"not_picked":["Flying Knee+1","Crippling Poison","Prepared","Deadly Poison+1"],"picked":"Singing Bowl","floor":42},{"not_picked":["Night Terror","Dash+1","Bouncing Flask+1","Tactician"],"picked":"Singing Bowl","floor":45},{"not_picked":["Dodge and Roll+1","All Out Attack+1","Sucker Punch"],"picked":"Cloak And Dagger+1","floor":46},{"not_picked":["Acrobatics+1","Skewer+1","Deflect","Calculated Gamble+1"],"picked":"Singing Bowl","floor":48},{"not_picked":["Masterful Stab","Eviscerate+1","Underhanded Strike+1","Deadly Poison+1"],"picked":"Singing Bowl","floor":54}],"player_experience":316759,"relics_obtained":[{"floor":7.0,"key":"Oddly Smooth Stone"},{"floor":9.0,"key":"Blood Vial"},{"floor":12.0,"key":"Question Card"},{"floor":13.0,"key":"Thread and Needle"},{"floor":24,"key":"StoneCalendar"},{"floor":26,"key":"Bottled Lightning"},{"floor":30,"key":"Singing Bowl"},{"floor":39,"key":"Incense Burner"},{"floor":40,"key":"Frozen Egg 2"},{"floor":42,"key":"Juzu Bracelet"},{"floor":43,"key":"Blue Candle"},{"floor":45,"key":"Bag of Preparation"},{"floor":54,"key":"War Paint"}],"event_choices":[{"damage_healed":0.0,"max_hp_gain":0.0,"max_hp_loss":0.0,"gold_gain":0.0,"event_name":"Shining Light","player_choice":"Entered Light","floor":2.0,"gold_loss":0.0,"damage_taken":14.0,"cards_upgraded":["Strike_G","Strike_G"]},{"damage_healed":0.0,"max_hp_gain":0.0,"max_hp_loss":0.0,"gold_gain":175.0,"event_name":"Liars Game","player_choice":"AGREE","floor":3.0,"gold_loss":0.0,"damage_taken":0.0,"cards_obtained":["Doubt"]},{"cards_removed":["Caltrops"],"damage_healed":0.0,"max_hp_gain":0.0,"max_hp_loss":0.0,"gold_gain":0.0,"event_name":"WeMeetAgain","player_choice":"Gave Card","floor":4.0,"gold_loss":0.0,"damage_taken":0.0,"relics_obtained":["Shuriken"]},{"damage_healed":0.0,"max_hp_gain":0.0,"max_hp_loss":0.0,"gold_gain":0.0,"event_name":"Scrap Ooze","player_choice":"Success","floor":8.0,"gold_loss":0.0,"damage_taken":3.0,"relics_obtained":["Tiny Chest"]},{"damage_healed":0,"gold_gain":0,"player_choice":"Inject Mutagens","damage_taken":0,"relics_obtained":["MutagenicStrength"],"max_hp_gain":0,"max_hp_loss":0,"event_name":"Drug Dealer","floor":19,"gold_loss":0},{"damage_healed":0,"gold_gain":0,"player_choice":"Shed Blood","damage_taken":18,"max_hp_gain":5,"max_hp_loss":0,"event_name":"Forgotten Altar","floor":20,"gold_loss":0},{"damage_healed":0,"gold_gain":0,"player_choice":"Simplicity","damage_taken":0,"max_hp_gain":0,"max_hp_loss":0,"event_name":"Back to Basics","floor":28,"gold_loss":0,"cards_upgraded":["Strike_G","Strike_G","Strike_G","Defend_G","Defend_G","Defend_G","Defend_G","Defend_G"]}],"is_beta":false,"boss_relics":[{"not_picked":["Cursed Key","SlaversCollar"],"picked":"HoveringKite"},{"not_picked":["Empty Cage","Pandora\u0027s Box"],"picked":"Astrolabe"}],"items_purged_floors":[22],"is_endless":false,"potions_floor_spawned":[7,12,21,30,33,40,46,54],"killed_by":"The Heart","ascension_level":1}}