{"host":"njb27ds59h4j3ikk","time":1613579972,"event":{"mods":["AchievementEnabler","BaseMod","Better Altar","Better Match","Better Note","Better Sensory Stone","Better Skull","Better Third Choice","BetterRewards","Downfall","Hermit","Hubris","Minty Spire (QoL Compilation)","Permanent Neow","Quarter Circle Forward PUNCH!","Quick Restart","Rare Cards Sparkle","Replay The Spire","Shop Mod","StSLib","Trackpad","Transform Curses"],"gold_per_floor":[113,113,134,154,154,154,429,429,455,489,502,502,541,561,561,685,685,700,700,716,735,735,774,774,809,809,828,828,866,884,195,195,315,315,328,396,396,396,409,450,450,450,450,493,516,516,6,6,6,6,6,6,6,37,37],"floor_reached":56,"language":"ENG","playtime":2505,"items_purged":[],"score":2164,"play_id":"9110fc65-4029-4118-b8f1-624e8cb87382","local_time":"20210217113932","is_ascension_mode":true,"campfire_choices":[{"data":"hermit:FromBeyond","floor":6.0,"key":"SMITH"},{"data":"Replay:BasicMightCard","floor":8.0,"key":"SMITH"},{"floor":15.0,"key":"REST"},{"floor":28.0,"key":"REST"},{"floor":32,"key":"REST"},{"floor":42,"key":"RECALL"},{"data":"hermit:Determination","floor":46,"key":"SMITH"},{"data":"hermit:Grudge","floor":49,"key":"SMITH"},{"data":"hermit:ShadowCloak","floor":52,"key":"SMITH"}],"circlet_count":0,"master_deck":["hermit:Strike_Hermit","hermit:Strike_Hermit","hermit:Strike_Hermit","hermit:Strike_Hermit","hermit:Defend_Hermit","hermit:Defend_Hermit","hermit:Defend_Hermit","hermit:Defend_Hermit","hermit:Snapshot","hermit:Covet","hermit:Quickdraw+1","hermit:Horror","Injury","hermit:Glare","hermit:Ricochet","hermit:FromBeyond+1","Replay:BasicMightCard+1","hermit:ShadowCloak+1","Regret","hermit:Enervate","hermit:Brawl","hermit:Dive","hermit:HeroicBravado+1","hermit:Purgatory","hermit:Snipe","hermit:DeadMansHand+1","hermit:Shortfuse+1","hermit:TrackingShot+1","hermit:Determination+1","hermit:Maintenance+1","hermit:FlashPowder+1","hermit:BodyArmor+1","hermit:Coalescence+1","hermit:Snipe+1","Deep Breath+1","hermit:Dissolve+1","Shame","Injury","CurseOfTheBell","hermit:Glare+1","hermit:Gestalt+1","hermit:Purgatory+1","Bandage Up+1","hermit:FromBeyond+1","Panacea+1","hermit:EyeOfTheStorm+1","Writhe","hermit:Feint+1","hermit:Grudge+1","hermit:HeroicBravado+1","hermit:HoleUp+1"],"relics":["hermit:Momento","trackpad:FieryHotPepper","Golden Idol","Bronze Scales","hubris:Potato","FaceOfCleric","Blue Candle","Honey Jar","hubris:Towel","Golden Egg","Akabeko","Replay:Mystery Machine","Toxic Egg 2","Unceasing Top","hubris:MedicalManual","Pondfish Scales","Replay:Ancient Bell","qcfpunch:Wrestler\u0027s_Cloak","ReplayTheSpireMod:Ninjato","Ginger","qcfpunch:Duffel_Bag","Ornamental Fan","Vajra","The Courier","trackpad:CultistFigurine","Replay:WaspNest","Shuriken","DollysMirror","Garlic","trackpad:IceCube"],"acts_visited":["Exordium","TheCity","TheBeyond","TheEnding"],"potions_floor_usage":[30,33,33,55,55,55,55],"damage_taken":[{"damage":0.0,"enemies":"2 Louse","floor":1.0,"turns":1.0},{"damage":4.0,"enemies":"Jaw Worm","floor":3.0,"turns":2.0},{"damage":0.0,"enemies":"Cultist","floor":4.0,"turns":2.0},{"damage":13.0,"enemies":"Gremlin Nob","floor":10.0,"turns":4.0},{"damage":4.0,"enemies":"2 Fungi Beasts","floor":11.0,"turns":3.0},{"damage":25.0,"enemies":"Lagavulin","floor":13.0,"turns":5.0},{"damage":11.0,"enemies":"Lots of Slimes","floor":14.0,"turns":2.0},{"damage":20.0,"enemies":"Slime Boss","floor":16.0,"turns":8.0},{"damage":1.0,"enemies":"Spheric Guardian","floor":18.0,"turns":3.0},{"damage":0.0,"enemies":"2 Thieves","floor":20.0,"turns":1.0},{"damage":7.0,"enemies":"Snake Plant","floor":21.0,"turns":2.0},{"damage":30.0,"enemies":"Book of Stabbing","floor":23.0,"turns":4.0},{"damage":21.0,"enemies":"Gremlin Leader","floor":25.0,"turns":4.0},{"damage":1.0,"enemies":"3 Cultists","floor":27.0,"turns":3.0},{"damage":32.0,"enemies":"Book of Stabbing","floor":29.0,"turns":5.0},{"damage":0,"enemies":"Snecko","floor":30,"turns":1},{"damage":19,"enemies":"hubris:MusketHawk","floor":33,"turns":7},{"damage":0,"enemies":"3 Shapes","floor":35,"turns":2},{"damage":29,"enemies":"2 Orb Walkers","floor":36,"turns":4},{"damage":0,"enemies":"Orb Walker","floor":39,"turns":2},{"damage":0,"enemies":"R_Hoarder","floor":40,"turns":6},{"damage":0,"enemies":"Nemesis","floor":44,"turns":5},{"damage":10,"enemies":"Jaw Worm Horde","floor":45,"turns":4},{"damage":28,"enemies":"hubris:GrandSnecko","floor":50,"turns":11},{"damage":0,"enemies":"Shield and Spear","floor":54,"turns":3},{"damage":4,"enemies":"The Heart","floor":55,"turns":8}],"seed_played":"3335012081933971593","potions_obtained":[{"floor":3.0,"key":"Adrenaline Potion"},{"floor":13.0,"key":"Energy Potion"},{"floor":16.0,"key":"SmokeBomb"},{"floor":18.0,"key":"Ancient Potion"},{"floor":20.0,"key":"Dexterity Potion"},{"floor":29.0,"key":"AttackPotion"},{"floor":30,"key":"Doom Potion"},{"floor":33,"key":"Block Potion"},{"floor":36,"key":"champ:CounterPotion"},{"floor":40,"key":"Weak Potion"}],"is_trial":false,"path_per_floor":["M","?","M","M","?","R","?","R","T","E","M","?","E","M","R","B",null,"M","?","M","M","?","E","T","E","T","M","R","E","M","$","R","B",null,"M","?","?","?","M","E","?","R","T","E","M","R","$","T","R","B",null,"R","$","E","B",null],"character_chosen":"HERMIT","items_purchased":["hermit:Quickdraw+1","trackpad:FieryHotPepper","hubris:MedicalManual","hermit:Snipe+1","Pondfish Scales","Deep Breath+1","Replay:WaspNest","Shuriken","DollysMirror"],"campfire_rested":3,"item_purchase_floors":[0,0,31,31,31,31,47,47,47],"current_hp_per_floor":[75,75,71,71,71,71,71,71,71,58,54,54,30,20,43,24,65,65,65,66,60,60,31,31,11,11,11,36,5,6,6,31,13,69,70,42,42,42,43,50,73,73,73,74,65,65,65,65,65,44,82,82,82,89,92],"gold":37,"neow_bonus":"","is_daily":false,"chose_seed":false,"campfire_upgraded":5,"win_rate":0.0,"timestamp":1613579972,"path_taken":["M","?","M","M","?","R","?","R","T","E","?","?","E","?","R","BOSS","M","?","M","M","?","E","?","E","T","M","R","E","M","$","R","BOSS","M","?","?","?","?","E","?","R","T","E","M","R","$","?","R","BOSS","R","$","E","BOSS"],"items_purchased_type":["Card","Relic","Relic","Card","Relic","Card","Relic","Relic","Relic"],"build_version":"2020-12-22","purchased_purges":0,"victory":true,"max_hp_per_floor":[75,75,75,75,75,75,75,75,75,75,75,75,76,77,77,78,78,79,79,80,81,81,82,82,83,83,84,84,85,86,86,86,87,87,88,89,89,89,90,91,91,91,91,92,93,93,93,93,93,94,94,94,94,95,96],"card_choices":[{"not_picked":["hermit:NoHoldsBarred","hermit:CalledShot"],"picked":"hermit:Horror","floor":1.0},{"not_picked":["hermit:Manifest","hermit:ShadowCloak"],"picked":"hermit:Glare","floor":3.0},{"not_picked":["hermit:Manifest","hermit:Midnight"],"picked":"hermit:Ricochet","floor":4.0},{"not_picked":["hermit:OverwhelmingPower","hermit:Adapt"],"picked":"hermit:FromBeyond","floor":5.0},{"not_picked":["PanicButton","Forethought"],"picked":"Replay:BasicMightCard","floor":5.0},{"not_picked":["hermit:LoneWolf","hermit:Spite"],"picked":"hermit:ShadowCloak","floor":5.0},{"not_picked":["hermit:Feint","hermit:Ricochet"],"picked":"hermit:Enervate","floor":10.0},{"not_picked":["hermit:Feint","hermit:Combo"],"picked":"hermit:Brawl","floor":11.0},{"not_picked":["hermit:Glare","hermit:Combo"],"picked":"hermit:Dive","floor":13.0},{"not_picked":["hermit:BodyArmor","hermit:Coalescence"],"picked":"hermit:HeroicBravado","floor":14.0},{"not_picked":["hermit:HeroicBravado","hermit:FinalCanter"],"picked":"hermit:Purgatory","floor":16.0},{"not_picked":["hermit:Quickdraw","hermit:CalledShot","hermit:ItchyTrigger"],"picked":"hermit:Snipe","floor":18.0},{"not_picked":["hermit:Gestalt","hermit:Dive","hermit:NoHoldsBarred"],"picked":"hermit:Shortfuse+1","floor":20.0},{"not_picked":["hermit:Ricochet","hermit:Malice","hermit:TakeCover+1"],"picked":"hermit:TrackingShot+1","floor":21.0},{"not_picked":["hermit:WideOpen","hermit:CalledShot+1","hermit:Showdown"],"picked":"hermit:Determination","floor":23.0},{"not_picked":["hermit:CursedWeapon+1","hermit:Gambit","hermit:Misfire"],"picked":"hermit:Maintenance+1","floor":25.0},{"not_picked":["hermit:Ricochet","hermit:ItchyTrigger","hermit:Manifest+1"],"picked":"hermit:FlashPowder+1","floor":27.0},{"not_picked":["hermit:Manifest+1","hermit:Vantage+1","hermit:GhostlyPresence+1"],"picked":"hermit:BodyArmor+1","floor":29.0},{"not_picked":["hermit:Vantage+1","hermit:ItchyTrigger","hermit:BigShot"],"picked":"hermit:Coalescence+1","floor":30},{"not_picked":["hermit:EternalForm","hermit:FromBeyond+1","hermit:OverwhelmingPower"],"picked":"hermit:Dissolve+1","floor":33},{"not_picked":["Overencumbered","downfall:Bewildered","downfall:Haunted"],"picked":"Shame","floor":34},{"not_picked":["hubris:Disease","Looming Evil","downfall:Icky"],"picked":"Injury","floor":34},{"not_picked":["Voices","ReplayTheSpireMod:Doomed","hubris:Compulsion"],"picked":"CurseOfTheBell","floor":34},{"not_picked":["hermit:TakeAim","hermit:TakeCover+1","hermit:WideOpen"],"picked":"hermit:Glare+1","floor":35},{"not_picked":["hermit:Dive+1","hermit:Coalescence+1","hermit:Cheat+1"],"picked":"hermit:Gestalt+1","floor":36},{"not_picked":[],"picked":"Bandage Up","floor":39},{"not_picked":["hermit:DeadMansHand+1","hermit:LowProfile+1","hermit:Coalescence+1"],"picked":"hermit:FromBeyond+1","floor":39},{"not_picked":[],"picked":"Panacea","floor":40},{"not_picked":["hermit:LoneWolf+1","hermit:Desperado","hermit:CursedWeapon"],"picked":"hermit:EyeOfTheStorm+1","floor":40},{"not_picked":["hermit:Snipe+1","hermit:Shortfuse+1","hermit:Adapt"],"picked":"hermit:Feint+1","floor":44},{"not_picked":["hermit:Shortfuse+1","hermit:Combo","hermit:BigShot+1"],"picked":"hermit:Grudge","floor":45},{"not_picked":["hermit:Dive+1","hermit:Glare+1","hermit:Desperado+1"],"picked":"hermit:HoleUp+1","floor":54}],"player_experience":1369389,"relics_obtained":[{"floor":9.0,"key":"Bronze Scales"},{"floor":10.0,"key":"hubris:Potato"},{"floor":13.0,"key":"Blue Candle"},{"floor":23.0,"key":"Golden Egg"},{"floor":24.0,"key":"Akabeko"},{"floor":25.0,"key":"Replay:Mystery Machine"},{"floor":26.0,"key":"Toxic Egg 2"},{"floor":29.0,"key":"Unceasing Top"},{"floor":36,"key":"qcfpunch:Duffel_Bag"},{"floor":40,"key":"Ornamental Fan"},{"floor":44,"key":"Vajra"},{"floor":44,"key":"The Courier"},{"floor":45,"key":"trackpad:CultistFigurine"},{"floor":48,"key":"Garlic"},{"floor":54,"key":"trackpad:IceCube"}],"event_choices":[{"damage_healed":0.0,"max_hp_gain":0.0,"max_hp_loss":0.0,"gold_gain":0.0,"event_name":"Golden Idol","player_choice":"Take Wound","floor":2.0,"gold_loss":0.0,"damage_taken":0.0,"relics_obtained":["Golden Idol"],"cards_obtained":["Injury"]},{"damage_healed":0.0,"max_hp_gain":0.0,"max_hp_loss":0.0,"gold_gain":0.0,"event_name":"betterMatch:BetterMatch","player_choice":"1","floor":5.0,"gold_loss":0.0,"damage_taken":0.0,"cards_obtained":["betterMatch:RareCard","betterMatch:ColorlessUncommonCard","betterMatch:UncommonCard"]},{"damage_healed":0.0,"max_hp_gain":0.0,"max_hp_loss":0.0,"gold_gain":275.0,"event_name":"Golden Shrine","player_choice":"Desecrate","floor":7.0,"gold_loss":0.0,"damage_taken":0.0,"cards_obtained":["Regret"]},{"damage_healed":0.0,"max_hp_gain":0.0,"max_hp_loss":0.0,"gold_gain":0.0,"event_name":"FaceTrader","player_choice":"Trade","floor":12.0,"gold_loss":0.0,"damage_taken":0.0,"relics_obtained":["FaceOfCleric"]},{"cards_removed":["hermit:FromBeyond"],"damage_healed":0.0,"max_hp_gain":0.0,"max_hp_loss":0.0,"gold_gain":0.0,"event_name":"betterNote:BetterNote","player_choice":"Take \u0026 Give","floor":19.0,"gold_loss":0.0,"damage_taken":0.0,"cards_obtained":["hermit:DeadMansHand"]},{"damage_healed":0,"gold_gain":0,"player_choice":"Fight","damage_taken":0,"max_hp_gain":0,"max_hp_loss":0,"event_name":"Mysterious Sphere","floor":36,"gold_loss":0},{"damage_healed":0,"gold_gain":0,"player_choice":"Copied","damage_taken":0,"max_hp_gain":0,"max_hp_loss":0,"event_name":"Duplicator","floor":38,"gold_loss":0,"cards_obtained":["hermit:Purgatory"]},{"damage_healed":23,"gold_gain":0,"player_choice":"Writhe","damage_taken":0,"max_hp_gain":0,"max_hp_loss":0,"event_name":"Winding Halls","floor":41,"gold_loss":0,"cards_obtained":["Writhe"]}],"is_beta":false,"boss_relics":[{"not_picked":["Velvet Choker","ReplayTheSpireMod:DimensionalGlitch"],"picked":"Honey Jar"},{"not_picked":["Painkiller Herb","Sozu"],"picked":"Replay:Ancient Bell"},{"not_picked":["Simple Rune","qcfpunch:Red_Beret"],"picked":"qcfpunch:Wrestler\u0027s_Cloak"},{"not_picked":["Frozen Egg 2","trackpad:WondrousWand"],"picked":"ReplayTheSpireMod:Ninjato"},{"not_picked":["Du-Vu Doll","Counterbalance"],"picked":"Ginger"}],"items_purged_floors":[],"is_endless":false,"potions_floor_spawned":[3,13,16,18,20,29,30,33,36,40,45],"ascension_level":5}}