{"host":"0cm5wy4nhuju7tij","time":1613528755,"event":{"mods":["100% Spire Juice","2.2 Compatiblity","AchievementEnabler","Aspiration","BaseMod","Better Third Choice","BetterRewards","CCEM2","CapriCore","Colored Powertips","Curses Come First","Displayed Cursed Tome","Downfall","Energized Spire","Evolution","Filter the Spire","Fireblade Mod","Highlight Path","Jess\u0027s Bottle","Minty Spire (QoL Compilation)","Permanent Neow","Poor People Problems","Relic Filter Mod","Relic Stats","Shapeshifter Mod","Shop Mod","Spicy Shops","StSLib","The Cursed","The Servant 0.9.4","TheSurvivalist","TheVacant","Weighted Paths"],"gold_per_floor":[119,131,145,162,237,264,264,275,357,375,124,124,142,176,176,274,274,293,312,330,350,59,59,86,86,86,86,106,116,128,128,128,233,233,248,265,265,265,281,281,281],"floor_reached":40,"language":"ENG","playtime":3163,"items_purged":["StSShapeShifter:ShapeShifter_Strike","StSShapeShifter:ShapeShifter_Strike","StSShapeShifter:ShapeShifter_Strike"],"score":424,"play_id":"7602cb13-4fc4-4459-8e3b-dae5f253c427","local_time":"20210216212555","is_ascension_mode":false,"campfire_choices":[{"data":"StSShapeShifter:Garden","floor":7,"key":"SMITH"},{"floor":12,"key":"REST"},{"floor":15,"key":"REST"},{"data":"StSShapeShifter:ReplenishingNectar","floor":23,"key":"SMITH"},{"data":"StSShapeShifter:Mystical_Branch","floor":25,"key":"SMITH"},{"data":"StSShapeShifter:Evolution","floor":27,"key":"SMITH"},{"floor":32,"key":"REST"}],"circlet_count":0,"master_deck":["StSShapeShifter:SunflowerShuriken","StSShapeShifter:ShapeShifter_Strike","StSShapeShifter:ShapeShifter_Defend","StSShapeShifter:ShapeShifter_Defend","StSShapeShifter:ShapeShifter_Defend","StSShapeShifter:ShapeShifter_Defend","StSShapeShifter:Tortoise_Form","StSShapeShifter:Lynx_Form","StSShapeShifter:ReplenishingNectar+1","StSShapeShifter:Mystical_Branch+1","StSShapeShifter:PoisonIvy","StSShapeShifter:Garden+1","StSShapeShifter:Rabid","StSShapeShifter:MonkeyForm","StSShapeShifter:Evolution+1","StSShapeShifter:PoisonIvy","StSShapeShifter:PorcupineForm","StSShapeShifter:GoldenBerries","StSShapeShifter:RhinoCalfForm","StSShapeShifter:BurstingSpore","StSShapeShifter:VineHandcuffs","StSShapeShifter:DeepWound","StSShapeShifter:Rest","StSShapeShifter:BarkSkin","StSShapeShifter:Hunt","StSShapeShifter:OpportuneSwoop+1","StSShapeShifter:BarkSkin","StSShapeShifter:Flood","StSShapeShifter:TopazSkin+1","StSShapeShifter:OakBlade+1","CurseOfTheBell","CurseOfTheBell"],"relics":["StSShapeShifter:AnimalHeart","StSShapeShifter:TheShapeShiftersMagnolia","EVO:Axolotl","aspiration:Nostalgia","FireBladeMod:DuelistLocket","Pen Nib","CCEMRelics:GlassOfMilk","Torii","StSShapeShifter:LemurHeaddress","Membership Card","Blood Vial","Sundial","aspiration:PoetsPen_weak","downfall:ExtraCursedBell","MealTicket","Pantograph","CCEMRelics:ImbuedSpirit"],"acts_visited":["Exordium","TheCity","TheBeyond"],"potions_floor_usage":[10,24,29,29],"damage_taken":[{"damage":0,"enemies":"Small Slimes","floor":1,"turns":2},{"damage":0,"enemies":"2 Louse","floor":2,"turns":3},{"damage":6,"enemies":"Jaw Worm","floor":3,"turns":2},{"damage":10,"enemies":"Looter","floor":4,"turns":4},{"damage":38,"enemies":"Lagavulin","floor":6,"turns":7},{"damage":13,"enemies":"Blue Slaver","floor":8,"turns":5},{"damage":13,"enemies":"Exordium Wildlife","floor":10,"turns":6},{"damage":3,"enemies":"2 Fungi Beasts","floor":13,"turns":3},{"damage":46,"enemies":"3 Sentries","floor":14,"turns":7},{"damage":18,"enemies":"The Guardian","floor":16,"turns":10},{"damage":24,"enemies":"Shell Parasite","floor":18,"turns":7},{"damage":14,"enemies":"Spheric Guardian","floor":19,"turns":7},{"damage":16,"enemies":"Snake Plant","floor":20,"turns":4},{"damage":16,"enemies":"Snecko","floor":21,"turns":6},{"damage":32,"enemies":"Book of Stabbing","floor":24,"turns":7},{"damage":52,"enemies":"Sentry and Sphere","floor":28,"turns":7},{"damage":19,"enemies":"Snake Plant","floor":29,"turns":3},{"damage":6,"enemies":"Chosen and Byrds","floor":30,"turns":6},{"damage":57,"enemies":"Automaton","floor":33,"turns":14},{"damage":35,"enemies":"3 Darklings","floor":35,"turns":7},{"damage":4,"enemies":"3 Shapes","floor":36,"turns":6},{"damage":32,"enemies":"3 Darklings","floor":39,"turns":6},{"damage":85,"enemies":"Nemesis","floor":40,"turns":7}],"seed_played":"3286243266934046117","potions_obtained":[{"floor":2,"key":"LiquidBronze"},{"floor":3,"key":"SmokeBomb"},{"floor":4,"key":"LiquidBronze"},{"floor":6,"key":"Regen Potion"},{"floor":14,"key":"Block Potion"},{"floor":18,"key":"SneckoOil"},{"floor":29,"key":"DistilledChaos"},{"floor":36,"key":"PowerPotion"}],"is_trial":false,"path_per_floor":["M","M","M","M","?","E","R","M","T","M","$","R","M","E","R","B",null,"M","M","M","M","$","R","E","R","T","R","M","M","M","?","R","B",null,"M","M","?","?","M","E"],"character_chosen":"SHAPESHIFTER","items_purchased":["StSShapeShifter:Evolution","StSShapeShifter:PoisonIvy","Membership Card","StSShapeShifter:Rest"],"campfire_rested":3,"item_purchase_floors":[11,11,22,22],"current_hp_per_floor":[78,78,74,67,56,22,22,16,16,23,23,46,50,12,35,34,78,70,69,59,55,55,55,42,42,42,42,13,3,22,22,45,15,78,68,71,71,71,59,0,0],"gold":281,"neow_bonus":"NOSTALGIA","is_daily":false,"chose_seed":false,"campfire_upgraded":4,"win_rate":0.0,"timestamp":1613528755,"path_taken":["M","M","M","M","?","E","R","M","T","M","$","R","M","E","R","BOSS","M","M","M","M","$","R","E","R","T","R","M","M","M","?","R","BOSS","M","M","?","?","M","E"],"items_purchased_type":["Card","Card","Relic","Card"],"build_version":"2020-12-22","purchased_purges":3,"victory":false,"max_hp_per_floor":[78,78,78,78,78,78,78,78,78,78,78,78,78,78,78,78,78,78,78,78,78,78,78,78,78,78,78,78,78,78,78,78,78,78,78,78,78,78,78,78,78],"relic_stats":{"Blood Vial":14,"Torii":64,"counters":[23,133],"Sundial":[4],"Pantograph":0,"MealTicket":0,"Pen Nib":[9],"obtain_stats":[{"StSShapeShifter:TheShapeShiftersMagnolia":0,"StSShapeShifter:AnimalHeart":0,"Torii":14,"CCEMRelics:ImbuedSpirit":37,"aspiration:Nostalgia":0,"FireBladeMod:DuelistLocket":0,"Pen Nib":6,"aspiration:PoetsPen_weak":34,"EVO:Axolotl":0,"Blood Vial":24,"CCEMRelics:GlassOfMilk":9,"StSShapeShifter:LemurHeaddress":17,"Sundial":26,"Pantograph":37,"MealTicket":37,"Membership Card":22,"downfall:ExtraCursedBell":37},{"StSShapeShifter:TheShapeShiftersMagnolia":0,"StSShapeShifter:AnimalHeart":0,"Torii":9,"CCEMRelics:ImbuedSpirit":21,"aspiration:Nostalgia":0,"FireBladeMod:DuelistLocket":0,"Pen Nib":5,"aspiration:PoetsPen_weak":19,"EVO:Axolotl":0,"Blood Vial":15,"CCEMRelics:GlassOfMilk":6,"StSShapeShifter:LemurHeaddress":10,"Sundial":15,"Pantograph":21,"MealTicket":21,"Membership Card":14,"downfall:ExtraCursedBell":21},{"StSShapeShifter:TheShapeShiftersMagnolia":0,"StSShapeShifter:AnimalHeart":0,"Torii":38,"CCEMRelics:ImbuedSpirit":121,"aspiration:Nostalgia":0,"FireBladeMod:DuelistLocket":0,"Pen Nib":18,"aspiration:PoetsPen_weak":109,"EVO:Axolotl":0,"Blood Vial":79,"CCEMRelics:GlassOfMilk":23,"StSShapeShifter:LemurHeaddress":48,"Sundial":79,"Pantograph":121,"MealTicket":121,"Membership Card":72,"downfall:ExtraCursedBell":121}]},"card_choices":[{"not_picked":["StSShapeShifter:Roar","StSShapeShifter:Guard"],"picked":"StSShapeShifter:ReplenishingNectar","floor":1},{"not_picked":["StSShapeShifter:Rabid","StSShapeShifter:Wildfire2"],"picked":"StSShapeShifter:Mystical_Branch","floor":2},{"not_picked":["StSShapeShifter:Maul","StSShapeShifter:MultiSpiritedStrike","StSShapeShifter:RatForm"],"picked":"SKIP","floor":3},{"not_picked":["StSShapeShifter:AdaptiveStrikes","StSShapeShifter:OwlForm"],"picked":"StSShapeShifter:PoisonIvy","floor":4},{"not_picked":["StSShapeShifter:Autumn","StSShapeShifter:FoxForm"],"picked":"StSShapeShifter:Garden","floor":6},{"not_picked":["StSShapeShifter:BladeOfGrass","StSShapeShifter:EntForm"],"picked":"StSShapeShifter:Rabid","floor":8},{"not_picked":["StSShapeShifter:FallingLeaves","StSShapeShifter:ThornToss"],"picked":"StSShapeShifter:MonkeyForm","floor":10},{"not_picked":["StSShapeShifter:PoisonIvy","StSShapeShifter:SunflowerShuriken"],"picked":"StSShapeShifter:PorcupineForm","floor":13},{"not_picked":["StSShapeShifter:ThornToss","StSShapeShifter:Guard"],"picked":"StSShapeShifter:GoldenBerries","floor":14},{"not_picked":["StSShapeShifter:MammothForm","StSShapeShifter:Tornado"],"picked":"StSShapeShifter:RhinoCalfForm","floor":16},{"not_picked":["StSShapeShifter:FesteringBite","StSShapeShifter:ThornToss"],"picked":"StSShapeShifter:BurstingSpore","floor":18},{"not_picked":["StSShapeShifter:SquirrelForm","StSShapeShifter:ShiftingStrike","StSShapeShifter:OakBlade"],"picked":"SKIP","floor":19},{"not_picked":["StSShapeShifter:BulwarkOfDiscovery","StSShapeShifter:BaskInBloom"],"picked":"StSShapeShifter:VineHandcuffs","floor":20},{"not_picked":["StSShapeShifter:Maul","StSShapeShifter:Flourish"],"picked":"StSShapeShifter:DeepWound","floor":21},{"not_picked":["StSShapeShifter:BladeOfGrass","StSShapeShifter:ShiftingStrike"],"picked":"StSShapeShifter:BarkSkin","floor":24},{"not_picked":["StSShapeShifter:Rest","StSShapeShifter:RockSlide"],"picked":"StSShapeShifter:Hunt","floor":28},{"not_picked":["StSShapeShifter:BarkSkin","StSShapeShifter:BloomingSlash"],"picked":"StSShapeShifter:OpportuneSwoop+1","floor":29},{"not_picked":["StSShapeShifter:RockSlide","StSShapeShifter:OwlForm+1"],"picked":"StSShapeShifter:BarkSkin","floor":30},{"not_picked":["StSShapeShifter:BurstOfLifeEscapeDeath","StSShapeShifter:RitualOfTheElders"],"picked":"StSShapeShifter:Flood","floor":33},{"not_picked":["StSShapeShifter:Flourish","StSShapeShifter:ShiftingStrike"],"picked":"StSShapeShifter:TopazSkin+1","floor":35},{"not_picked":["StSShapeShifter:WaspSwarmForm+1","StSShapeShifter:RaptorForm"],"picked":"StSShapeShifter:OakBlade+1","floor":36},{"not_picked":["StSShapeShifter:WiltingWrath+1","StSShapeShifter:MonkeyForm","StSShapeShifter:RockSlide"],"picked":"SKIP","floor":39}],"player_experience":435727,"relics_obtained":[{"floor":6,"key":"Pen Nib"},{"floor":9,"key":"CCEMRelics:GlassOfMilk"},{"floor":14,"key":"Torii"},{"floor":24,"key":"Blood Vial"},{"floor":26,"key":"Sundial"},{"floor":37,"key":"MealTicket"},{"floor":37,"key":"Pantograph"},{"floor":37,"key":"CCEMRelics:ImbuedSpirit"}],"event_choices":[{"damage_healed":0,"gold_gain":75,"player_choice":"Gold","damage_taken":11,"max_hp_gain":0,"max_hp_loss":0,"event_name":"betterThird:BetterGoop","floor":5,"gold_loss":0},{"cards_removed":["StSShapeShifter:ShapeShifter_Defend"],"damage_healed":0,"gold_gain":0,"player_choice":"Elegance","damage_taken":0,"max_hp_gain":0,"max_hp_loss":0,"event_name":"betterThird:BetterWriting","floor":31,"gold_loss":0},{"damage_healed":0,"gold_gain":0,"player_choice":"Ignored","damage_taken":0,"max_hp_gain":0,"max_hp_loss":0,"event_name":"Tomb of Lord Red Mask","floor":38,"gold_loss":0}],"is_beta":false,"boss_relics":[{"not_picked":["aspiration:RunicSpoon","Calling Bell"],"picked":"StSShapeShifter:LemurHeaddress"},{"not_picked":["CCEMRelics:GreenEgg","energizedSpire:RedRose"],"picked":"aspiration:PoetsPen_weak"}],"items_purged_floors":[11,22,22],"is_endless":false,"potions_floor_spawned":[2,3,4,6,14,18,20,29,36],"killed_by":"Nemesis","ascension_level":0}}