{"host":"r6imckuat4ex26lb","time":1613546229,"event":{"mods":["BaseMod","Downfall","Minty Spire (QoL Compilation)","Shop Mod","StSLib","Waifu the Spire","[IsaacMod]ÒÔÈö¼âËþ"],"gold_per_floor":[99,119,138,188,201,101,152,162,162,162,162,178,76,109,126,226,226,126,146,146,159,159,243,270,102,87,87,87,101,113,131,141,141,141,141],"floor_reached":33,"language":"ZHS","playtime":1634,"items_purged":[],"score":274,"play_id":"fae48be8-c2dc-4649-afd5-834e42d6bcb5","local_time":"20210217151709","is_ascension_mode":false,"campfire_choices":[{"floor":1,"key":"RECALL"},{"floor":6,"key":"REST"},{"floor":9,"key":"REST"},{"data":"champ:EnragedBash","floor":11,"key":"SMITH"},{"data":"champ:Improvising","floor":18,"key":"SMITH"},{"data":"champ:UltimateStance","floor":28,"key":"SMITH"}],"circlet_count":0,"master_deck":["champ:Strike","champ:Strike","champ:Strike","champ:Strike","champ:Defend","champ:Defend","champ:Defend","champ:Defend","champ:Execute","champ:Taunt","champ:FalseCounter","champ:AdrenalArmor","champ:IronFortress","champ:StanceDance","champ:EnragedBash+1","champ:HeavySlash","expansioncontent:PolyBeam","champ:Improvising+1","Ghostly","Ghostly","Ghostly","Ghostly","Ghostly","champ:DefensiveShout","champ:UltimateStance+1","champ:ArenaPreparation+1","champ:FanOfKnives","champ:HoldFirm","champ:BringItOn"],"relics":["champ:ChampionCrown","HushsDoor","D6","Mummified Hand","PreservedInsect","downfall:HeartBlessingRed","champ:DefensiveTrainingManual","Pear","MagicMushroom","downfall:HeartBlessingGreen","Ancient Tea Set","Sling","champ:FightingForDummies"],"acts_visited":["Exordium","TheCity"],"potions_floor_usage":[16],"damage_taken":[{"damage":18,"enemies":"Jaw Worm","floor":2,"turns":3},{"damage":7,"enemies":"Cultist","floor":3,"turns":5},{"damage":84,"enemies":"Hiden Room Battle","floor":4,"turns":8},{"damage":19,"enemies":"2 Louse","floor":5,"turns":4},{"damage":41,"enemies":"Large Slime","floor":8,"turns":8},{"damage":8,"enemies":"Red Slaver","floor":12,"turns":4},{"damage":30,"enemies":"downfall:FleeingMerchant","floor":13,"turns":4},{"damage":26,"enemies":"Gremlin Nob","floor":14,"turns":4},{"damage":2,"enemies":"Blue Slaver","floor":15,"turns":3},{"damage":92,"enemies":"SI_SHIV_ARCHETYPE","floor":16,"turns":9},{"damage":10,"enemies":"Chosen","floor":19,"turns":4},{"damage":49,"enemies":"3 Byrds","floor":21,"turns":5},{"damage":13,"enemies":"downfall:FleeingMerchant","floor":25,"turns":4},{"damage":10,"enemies":"downfall:FleeingMerchant","floor":26,"turns":4},{"damage":20,"enemies":"Snake Plant","floor":29,"turns":4},{"damage":25,"enemies":"Chosen and Byrds","floor":30,"turns":5},{"damage":40,"enemies":"Shelled Parasite and Fungi","floor":31,"turns":5},{"damage":45,"enemies":"Cultist and Chosen","floor":32,"turns":7},{"damage":69,"enemies":"DF_ARCHETYPE_CLAW","floor":33,"turns":7}],"seed_played":"1030999183471707871","potions_obtained":[{"floor":4,"key":"Strength Potion"},{"floor":12,"key":"Fruit Juice"},{"floor":14,"key":"Explosive Potion"},{"floor":16,"key":"Fire Potion"}],"is_trial":false,"path_per_floor":["R","M","M","?","M","R","T","M","R","?","R","M","$","E","M","B",null,"R","M","?","M","?","?","T","$","$","?","R","M","M","M","M","B"],"character_chosen":"THE_CHAMP","items_purchased":["expansioncontent:PolyBeam","Sling"],"campfire_rested":2,"item_purchase_floors":[13,25],"current_hp_per_floor":[99,91,84,25,16,45,45,24,53,99,99,99,89,78,76,49,121,121,121,121,112,60,45,45,43,44,44,44,45,46,60,46,0,0,0],"gold":141,"neow_bonus":"TEN_PERCENT_HP_BONUS","is_daily":false,"chose_seed":false,"campfire_upgraded":3,"win_rate":0.0,"timestamp":1613546229,"path_taken":["R","M","M","?","M","R","T","M","R","?","R","M","$","E","M","BOSS","R","M","?","?","?","?","T","?","$","?","R","M","?","M","M","BOSS"],"items_purchased_type":["Card","Relic"],"build_version":"2020-12-22","purchased_purges":0,"victory":false,"max_hp_per_floor":[99,99,99,99,99,99,99,99,99,99,99,99,99,109,109,114,121,121,121,121,121,60,60,60,60,60,60,60,60,60,60,60,60,60,60],"card_choices":[{"not_picked":["champ:PreciseThrust","champ:RapidStrikes"],"picked":"champ:FalseCounter","floor":2},{"not_picked":["champ:PreciseThrust","champ:PerfectedStrike"],"picked":"champ:AdrenalArmor","floor":3},{"not_picked":["champ:CalledShot","champ:FlashCut"],"picked":"champ:IronFortress","floor":4},{"not_picked":["champ:ShieldSlam","champ:FanOfKnives"],"picked":"champ:StanceDance","floor":5},{"not_picked":["champ:PerfectedStrike","champ:FancyFootwork"],"picked":"champ:EnragedBash","floor":8},{"not_picked":["champ:Haymaker","champ:Circumvent"],"picked":"champ:HeavySlash","floor":12},{"not_picked":["champ:FalseCounter","champ:AdrenalArmor","champ:GutPunch"],"picked":"SKIP","floor":13},{"not_picked":["champ:PerfectedStrike","champ:Circumvent","champ:RapidStrikes"],"picked":"SKIP","floor":14},{"not_picked":["champ:AdrenalArmor","champ:FlashCut","champ:BerserkersShout"],"picked":"SKIP","floor":15},{"not_picked":["champ:HeavySlash","champ:SwordThrow"],"picked":"champ:Improvising","floor":16},{"not_picked":["champ:FocusedDefense+1","champ:PreemptiveStrike+1","champ:Endure"],"picked":"SKIP","floor":19},{"not_picked":["champ:Duel","champ:IronFortress+1","champ:PreemptiveStrike"],"picked":"SKIP","floor":21},{"not_picked":["champ:EnragedBash","champ:Circumvent"],"picked":"champ:DefensiveShout","floor":25},{"not_picked":["champ:AdrenalArmor","champ:BringItOn"],"picked":"champ:UltimateStance","floor":26},{"not_picked":["champ:Circumvent","champ:CrownThrow"],"picked":"champ:ArenaPreparation+1","floor":29},{"not_picked":["champ:EnGarde+1","champ:GutPunch"],"picked":"champ:FanOfKnives","floor":30},{"not_picked":["champ:Encircle","champ:Shatter"],"picked":"champ:HoldFirm","floor":31},{"not_picked":["champ:EnGarde","champ:PreciseThrust+1"],"picked":"champ:BringItOn","floor":32}],"player_experience":243018,"relics_obtained":[{"floor":4,"key":"Mummified Hand"},{"floor":4,"key":"PreservedInsect"},{"floor":7,"key":"champ:DefensiveTrainingManual"},{"floor":14,"key":"Pear"},{"floor":24,"key":"Ancient Tea Set"}],"event_choices":[{"damage_healed":0,"gold_gain":0,"player_choice":"Fight","damage_taken":0,"max_hp_gain":0,"max_hp_loss":0,"event_name":"HidenRoomEvent","floor":4,"gold_loss":0},{"damage_healed":46,"gold_gain":0,"player_choice":"Full Heal","damage_taken":0,"max_hp_gain":0,"max_hp_loss":0,"event_name":"Wheel of Change","floor":10,"gold_loss":0},{"damage_healed":0,"gold_gain":0,"player_choice":"Became a Ghost","damage_taken":0,"max_hp_gain":0,"max_hp_loss":61,"event_name":"Ghosts","floor":22,"gold_loss":0,"cards_obtained":["Ghostly","Ghostly","Ghostly","Ghostly","Ghostly"]}],"is_beta":false,"boss_relics":[{"not_picked":["ChampionBelt","Black Star"],"picked":"MagicMushroom"},{"not_picked":[]}],"items_purged_floors":[],"is_endless":false,"potions_floor_spawned":[4,12,14,16,19,21,30],"killed_by":"DF_ARCHETYPE_CLAW","ascension_level":0}}