{"host":"kvo7eymyd21g9abd","time":1613585991,"event":{"mods":["AchievementEnabler","BaseMod","Bestiary","Colored Map","Minty Spire (QoL Compilation)","StSLib"],"gold_per_floor":[114,126,126,142,220,220,246,246,246,246,246],"floor_reached":10,"language":"ENG","playtime":184,"items_purged":[],"score":70,"play_id":"1b7a6a1a-329e-4a4d-b373-bc2539fbf0ae","local_time":"20210217131951","is_ascension_mode":true,"campfire_choices":[{"floor":6,"key":"RECALL"},{"floor":8,"key":"REST"}],"circlet_count":0,"master_deck":["Strike_G","Strike_G","Strike_G","Strike_G","Defend_G","Defend_G","Defend_G","Defend_G","Defend_G","Survivor","Neutralize","Dagger Spray","Underhanded Strike","Dagger Spray","Reflex"],"relics":["Ring of the Snake","NeowsBlessing","Odd Mushroom","Tough Bandages"],"acts_visited":["Exordium"],"potions_floor_usage":[],"damage_taken":[{"damage":0,"enemies":"2 Louse","floor":1,"turns":1},{"damage":0,"enemies":"Cultist","floor":2,"turns":1},{"damage":0,"enemies":"Jaw Worm","floor":4,"turns":1},{"damage":34,"enemies":"The Mushroom Lair","floor":7,"turns":4},{"damage":75,"enemies":"Lagavulin","floor":10,"turns":9}],"seed_played":"-1549288185601104263","potions_obtained":[],"is_trial":false,"path_per_floor":["M","M","?","M","?","R","?","R","T","E"],"character_chosen":"THE_SILENT","items_purchased":[],"campfire_rested":1,"item_purchase_floors":[],"current_hp_per_floor":[70,70,70,70,70,70,36,57,57,0,0],"gold":246,"neow_bonus":"THREE_ENEMY_KILL","is_daily":false,"chose_seed":false,"campfire_upgraded":0,"win_rate":0.0,"timestamp":1613585991,"path_taken":["M","M","?","?","?","R","?","R","T","E"],"items_purchased_type":[],"build_version":"2020-12-22","purchased_purges":0,"victory":false,"max_hp_per_floor":[70,70,70,70,70,70,70,70,70,70,70],"card_choices":[{"not_picked":["Backflip","Bane"],"picked":"Dagger Spray","floor":1},{"not_picked":["Flying Knee","Expertise"],"picked":"Underhanded Strike","floor":2},{"not_picked":["Blur","Sucker Punch"],"picked":"Dagger Spray","floor":4},{"not_picked":["Backstab","Deflect"],"picked":"Reflex","floor":7}],"player_experience":464940,"relics_obtained":[{"floor":7,"key":"Odd Mushroom"},{"floor":9,"key":"Tough Bandages"}],"event_choices":[{"cards_removed":["Strike_G"],"damage_healed":0,"gold_gain":0,"player_choice":"Purged","damage_taken":0,"max_hp_gain":0,"max_hp_loss":0,"event_name":"Purifier","floor":3,"gold_loss":0},{"damage_healed":0,"gold_gain":78,"player_choice":"Gained Gold","damage_taken":0,"max_hp_gain":0,"max_hp_loss":0,"event_name":"Golden Wing","floor":5,"gold_loss":0},{"damage_healed":0,"gold_gain":0,"player_choice":"Fought Mushrooms","damage_taken":0,"max_hp_gain":0,"max_hp_loss":0,"event_name":"Mushrooms","floor":7,"gold_loss":0}],"is_beta":false,"boss_relics":[],"items_purged_floors":[],"is_endless":false,"potions_floor_spawned":[],"killed_by":"Lagavulin","ascension_level":5}}