{"host":"0kk91h4bq4kgfj0u","time":1613587684,"event":{"mods":["BaseMod","Bestiary","Block Reminder","Colored Map","Colored Powertips","Curses Come First","Highlight Path","Minty Spire (QoL Compilation)","Relic Stats","StSLib"],"gold_per_floor":[118,118,118,129,12,12,44,44,44,74,74,74,85,152,152,252,252,262,277,277,277],"floor_reached":20,"language":"ENG","playtime":656,"items_purged":[],"score":209,"play_id":"d3a92b62-02dd-4389-be90-0d55d463c9c8","local_time":"20210217134804","is_ascension_mode":true,"campfire_choices":[{"data":"MentalFortress","floor":6,"key":"SMITH"},{"floor":11,"key":"REST"},{"floor":15,"key":"REST"}],"circlet_count":0,"master_deck":["Strike_P","Strike_P","Strike_P","Strike_P","Defend_P","Defend_P","Defend_P","Defend_P","Eruption+1","Vigilance","ThirdEye","FearNoEvil","Consecrate","MentalFortress+1","Devotion","FollowUp","LikeWater","Wallop","Alpha","Weave+1","JustLucky"],"relics":["PureWater","Potion Belt","Omamori","Shuriken","Eternal Feather","SsserpentHead","VioletLotus"],"acts_visited":["Exordium","TheCity"],"potions_floor_usage":[10,20],"damage_taken":[{"damage":0,"enemies":"Small Slimes","floor":1,"turns":2},{"damage":6,"enemies":"Jaw Worm","floor":4,"turns":2},{"damage":44,"enemies":"Gremlin Nob","floor":7,"turns":6},{"damage":20,"enemies":"Lagavulin","floor":10,"turns":5},{"damage":0,"enemies":"Cultist","floor":13,"turns":3},{"damage":0,"enemies":"3 Louse","floor":14,"turns":1},{"damage":55,"enemies":"Slime Boss","floor":16,"turns":7},{"damage":23,"enemies":"Chosen","floor":18,"turns":6},{"damage":29,"enemies":"Spheric Guardian","floor":19,"turns":6},{"damage":28,"enemies":"Snecko","floor":20,"turns":4}],"seed_played":"3906447588261614918","potions_obtained":[{"floor":1,"key":"LiquidBronze"},{"floor":7,"key":"StancePotion"},{"floor":19,"key":"Weak Potion"}],"is_trial":false,"path_per_floor":["M","?","?","M","$","R","E","?","T","E","R","?","M","M","R","B",null,"M","M","M"],"character_chosen":"WATCHER","items_purchased":["Consecrate","MentalFortress"],"campfire_rested":2,"item_purchase_floors":[5,5],"current_hp_per_floor":[79,79,79,73,73,73,29,22,22,2,34,34,34,34,66,11,79,56,27,0,0],"gold":277,"neow_bonus":"TEN_PERCENT_HP_BONUS","is_daily":false,"chose_seed":false,"campfire_upgraded":1,"win_rate":0.0,"timestamp":1613587684,"path_taken":["M","?","?","M","$","R","E","?","T","E","R","?","M","?","R","BOSS","M","M","M"],"items_purchased_type":["Card","Card"],"build_version":"2020-12-22","purchased_purges":0,"victory":false,"max_hp_per_floor":[79,79,79,79,79,79,79,79,79,79,79,79,79,79,79,79,79,79,79,79,79],"relic_stats":{"SsserpentHead":50,"counters":[10,42],"Shuriken":[8],"Eternal Feather":18,"VioletLotus":[0],"obtain_stats":[{"Potion Belt":7,"SsserpentHead":12,"Shuriken":9,"Eternal Feather":10,"VioletLotus":17,"Omamori":8,"PureWater":0},{"Potion Belt":3,"SsserpentHead":4,"Shuriken":3,"Eternal Feather":4,"VioletLotus":7,"Omamori":3,"PureWater":0},{"Potion Belt":10,"SsserpentHead":15,"Shuriken":10,"Eternal Feather":15,"VioletLotus":26,"Omamori":10,"PureWater":0}]},"card_choices":[{"not_picked":["TalkToTheHand","CutThroughFate"],"picked":"ThirdEye","floor":1},{"not_picked":["DeceiveReality","Protect"],"picked":"FearNoEvil","floor":4},{"not_picked":["BowlingBash","WaveOfTheHand"],"picked":"Devotion","floor":7},{"not_picked":["JustLucky","WindmillStrike"],"picked":"FollowUp","floor":10},{"not_picked":["ClearTheMind","EmptyFist"],"picked":"LikeWater","floor":13},{"not_picked":["Halt","WindmillStrike"],"picked":"Wallop","floor":14},{"not_picked":["Ragnarok","Scrawl"],"picked":"Alpha","floor":16},{"not_picked":["LikeWater","CrushJoints"],"picked":"Weave+1","floor":18},{"not_picked":["Adaptation","BowlingBash"],"picked":"JustLucky","floor":19}],"player_experience":882869,"relics_obtained":[{"floor":7,"key":"Potion Belt"},{"floor":9,"key":"Shuriken"},{"floor":10,"key":"Eternal Feather"}],"event_choices":[{"damage_healed":0,"gold_gain":0,"player_choice":"Leave","damage_taken":0,"max_hp_gain":0,"max_hp_loss":0,"event_name":"The Cleric","floor":2,"gold_loss":0},{"damage_healed":0,"gold_gain":0,"player_choice":"Grow","damage_taken":0,"max_hp_gain":0,"max_hp_loss":0,"event_name":"Living Wall","floor":3,"gold_loss":0,"cards_upgraded":["Eruption"]},{"damage_healed":0,"gold_gain":0,"player_choice":"Success","damage_taken":7,"relics_obtained":["Omamori"],"max_hp_gain":0,"max_hp_loss":0,"event_name":"Scrap Ooze","floor":8,"gold_loss":0},{"damage_healed":0,"gold_gain":0,"player_choice":"Trade","damage_taken":0,"relics_obtained":["SsserpentHead"],"max_hp_gain":0,"max_hp_loss":0,"event_name":"FaceTrader","floor":12,"gold_loss":0}],"is_beta":false,"boss_relics":[{"not_picked":["Ectoplasm","Astrolabe"],"picked":"VioletLotus"}],"items_purged_floors":[],"is_endless":false,"potions_floor_spawned":[1,7,19],"killed_by":"Snecko","ascension_level":3}}