{"host":"js2su9tbbk4rmjfl","time":1613570337,"event":{"mods":["AchievementEnabler","BaseMod","Block Reminder","Colored Map","Colored Powertips","Highlight Path","Minty Spire (QoL Compilation)","Relic Stats"],"gold_per_floor":[13,29,29,52,52,52,67,67,67,85,85,85,85,125,125,125,125],"floor_reached":16,"language":"ENG","playtime":734,"items_purged":[],"score":190,"play_id":"1d20270b-9f05-4d7c-bbe6-f226158d3d53","local_time":"20210217145857","is_ascension_mode":true,"campfire_choices":[{"data":"True Grit","floor":6,"key":"SMITH"},{"data":"Sword Boomerang","floor":11,"key":"SMITH"},{"data":"Bash","floor":13,"key":"SMITH"},{"data":"Iron Wave","floor":15,"key":"SMITH"}],"circlet_count":0,"master_deck":["AscendersBane","Strike_R","Strike_R","Strike_R","Strike_R","Strike_R","Defend_R","Defend_R","Bash+1","Havoc","True Grit+1","Sword Boomerang+1","Iron Wave+1"],"relics":["Burning Blood","Golden Idol","FossilizedHelix","Ornamental Fan","Oddly Smooth Stone"],"acts_visited":["Exordium"],"potions_floor_usage":[7,14,14],"damage_taken":[{"damage":7,"enemies":"Jaw Worm","floor":1,"turns":6},{"damage":1,"enemies":"Small Slimes","floor":2,"turns":3},{"damage":0,"enemies":"2 Louse","floor":4,"turns":3},{"damage":27,"enemies":"Large Slime","floor":7,"turns":7},{"damage":4,"enemies":"Blue Slaver","floor":10,"turns":4},{"damage":21,"enemies":"Lagavulin","floor":14,"turns":6},{"damage":19,"enemies":"Slime Boss","floor":16,"turns":5}],"seed_played":"-2319022497160197552","potions_obtained":[{"floor":2,"key":"SneckoOil"},{"floor":7,"key":"EssenceOfSteel"},{"floor":10,"key":"DistilledChaos"}],"is_trial":false,"path_per_floor":["M","M","?","M","?","R","M","?","T","M","R","?","R","E","R","B"],"character_chosen":"IRONCLAD","items_purchased":[],"campfire_rested":0,"item_purchase_floors":[],"current_hp_per_floor":[67,72,46,52,52,52,31,31,31,33,33,33,33,18,18,0,0],"gold":125,"neow_bonus":"TRANSFORM_TWO_CARDS","is_daily":false,"chose_seed":false,"campfire_upgraded":4,"win_rate":0.0,"timestamp":1613570337,"path_taken":["M","M","?","M","?","R","M","?","T","M","R","?","R","E","R","BOSS"],"items_purchased_type":[],"build_version":"2020-12-22","purchased_purges":0,"victory":false,"max_hp_per_floor":[75,75,75,75,75,75,75,75,75,75,75,75,75,75,75,75,75],"relic_stats":{"counters":[7,34],"Golden Idol":20,"Ornamental Fan":[24],"obtain_stats":[{"Golden Idol":3,"Ornamental Fan":9,"Oddly Smooth Stone":14,"Burning Blood":0,"FossilizedHelix":8},{"Golden Idol":2,"Ornamental Fan":4,"Oddly Smooth Stone":6,"Burning Blood":0,"FossilizedHelix":4},{"Golden Idol":9,"Ornamental Fan":19,"Oddly Smooth Stone":29,"Burning Blood":0,"FossilizedHelix":19}],"Burning Blood":36},"card_choices":[{"not_picked":["Wild Strike","Flex","True Grit"],"picked":"SKIP","floor":1},{"not_picked":["True Grit","Shockwave","Entrench"],"picked":"SKIP","floor":2},{"not_picked":["Reckless Charge","Headbutt"],"picked":"Sword Boomerang","floor":4},{"not_picked":["Shrug It Off","Uppercut","Body Slam"],"picked":"SKIP","floor":7},{"not_picked":["Headbutt","Evolve","Sword Boomerang"],"picked":"SKIP","floor":10},{"not_picked":["Headbutt","Sever Soul"],"picked":"Iron Wave","floor":14}],"player_experience":809441,"relics_obtained":[{"floor":9,"key":"Ornamental Fan"},{"floor":14,"key":"Oddly Smooth Stone"}],"event_choices":[{"damage_healed":0,"gold_gain":0,"player_choice":"Take Damage","damage_taken":26,"relics_obtained":["Golden Idol"],"max_hp_gain":0,"max_hp_loss":0,"event_name":"Golden Idol","floor":3,"gold_loss":0},{"damage_healed":0,"gold_gain":0,"player_choice":"Ignored","damage_taken":0,"max_hp_gain":0,"max_hp_loss":0,"event_name":"Liars Game","floor":5,"gold_loss":0},{"damage_healed":0,"gold_gain":0,"player_choice":"Searched \u00271\u0027 times","damage_taken":0,"relics_obtained":["FossilizedHelix"],"max_hp_gain":0,"max_hp_loss":0,"event_name":"Dead Adventurer","floor":8,"gold_loss":0},{"damage_healed":0,"gold_gain":0,"player_choice":"Fled","damage_taken":0,"max_hp_gain":0,"max_hp_loss":0,"event_name":"Scrap Ooze","floor":12,"gold_loss":0}],"is_beta":false,"boss_relics":[],"items_purged_floors":[],"is_endless":false,"potions_floor_spawned":[2,7,10],"killed_by":"Slime Boss","ascension_level":18}}