{"host":"sav7uxregyirlf69","time":1613574096,"event":{"mods":["AchievementEnabler","BaseMod","Colored Map","DeckTracker","Keyboard Shortcuts","Minty Spire (QoL Compilation)","READ ME - Guardian Mod","StSLib","SuperFastMode"],"gold_per_floor":[114,127,27,47,47,47,57,57,83,120,148,185,197,224,236,324,336,361,393,422,434,446,490,502,528,617,629,641,272,297,308,308,382,382,397,63,83,108,132,161,161,11,64,64,99,99,115,149,149,149,149,149,149,63,90,90],"floor_reached":57,"language":"KOR","playtime":1651,"items_purged":["Strike_G","Strike_G","Tools of the Trade+1","Deflect"],"score":2951,"play_id":"e229af70-ff24-4f79-a7b5-a1ce305ad1fe","local_time":"20210218000136","is_ascension_mode":true,"campfire_choices":[{"data":"Crippling Poison","floor":6.0,"key":"SMITH"},{"floor":15.0,"key":"REST"},{"data":"Bouncing Flask","floor":24.0,"key":"SMITH"},{"data":"Catalyst","floor":27.0,"key":"SMITH"},{"data":"Adrenaline","floor":32.0,"key":"SMITH"},{"data":"Acrobatics","floor":44.0,"key":"SMITH"},{"data":"Footwork","floor":46,"key":"SMITH"},{"floor":49,"key":"RECALL"},{"data":"Survivor","floor":53,"key":"SMITH"}],"circlet_count":0,"master_deck":["AscendersBane","Defend_G","Defend_G","Defend_G","Survivor+1","Neutralize","Crippling Poison+1","Acrobatics+1","Bouncing Flask+1","After Image","Noxious Fumes","PiercingWail","Adrenaline+1","Footwork+1","Escape Plan+1","Catalyst+1","Backflip+1","Grand Finale","Concentrate+1","PiercingWail+1","Tactician+1","Malaise+1","Doppelganger+1","Acrobatics+1"],"relics":["Ring of the Snake","MawBank","Omamori","Ninja Scroll","Runic Pyramid","Blood Vial","Bottled Lightning","Toxic Egg 2","Meat on the Bone","HornCleat","Astrolabe","Snake Skull","Prayer Wheel","Akabeko","MealTicket","Bronze Scales","Happy Flower","The Specimen"],"acts_visited":["Exordium","TheCity","TheBeyond","TheEnding"],"potions_floor_usage":[56,56],"damage_taken":[{"damage":12.0,"enemies":"Cultist","floor":1.0,"turns":5.0},{"damage":5.0,"enemies":"2 Louse","floor":2.0,"turns":3.0},{"damage":9.0,"enemies":"Small Slimes","floor":4.0,"turns":6.0},{"damage":5.0,"enemies":"Blue Slaver","floor":7.0,"turns":3.0},{"damage":24.0,"enemies":"3 Sentries","floor":10.0,"turns":8.0},{"damage":9.0,"enemies":"3 Louse","floor":11.0,"turns":3.0},{"damage":14.0,"enemies":"Lagavulin","floor":12.0,"turns":6.0},{"damage":0.0,"enemies":"Lots of Slimes","floor":14.0,"turns":4.0},{"damage":11.0,"enemies":"Hexaghost","floor":16.0,"turns":9.0},{"damage":0.0,"enemies":"3 Byrds","floor":18.0,"turns":3.0},{"damage":0.0,"enemies":"Spheric Guardian","floor":19.0,"turns":4.0},{"damage":5.0,"enemies":"Centurion and Healer","floor":20.0,"turns":8.0},{"damage":11.0,"enemies":"Book of Stabbing","floor":23.0,"turns":7.0},{"damage":0.0,"enemies":"Snake Plant","floor":25.0,"turns":4.0},{"damage":22.0,"enemies":"Slavers","floor":30.0,"turns":8.0},{"damage":1.0,"enemies":"Cultist and Chosen","floor":31.0,"turns":5.0},{"damage":36.0,"enemies":"Automaton","floor":33.0,"turns":12.0},{"damage":0.0,"enemies":"3 Shapes","floor":35.0,"turns":4.0},{"damage":0.0,"enemies":"Orb Walker","floor":37.0,"turns":3.0},{"damage":0.0,"enemies":"Mind Bloom Boss Battle","floor":38.0,"turns":7.0},{"damage":0.0,"enemies":"Giant Head","floor":40.0,"turns":5.0},{"damage":0,"enemies":"Reptomancer","floor":45,"turns":4},{"damage":0,"enemies":"Jaw Worm Horde","floor":47,"turns":2},{"damage":0,"enemies":"Giant Head","floor":48,"turns":5},{"damage":3,"enemies":"Time Eater","floor":50,"turns":7},{"damage":10,"enemies":"Donu and Deca","floor":51,"turns":9},{"damage":34,"enemies":"Shield and Spear","floor":55,"turns":6},{"damage":16,"enemies":"The Heart","floor":56,"turns":9}],"seed_played":"6313584483649911602","potions_obtained":[{"floor":2.0,"key":"Poison Potion"},{"floor":7.0,"key":"Ancient Potion"},{"floor":11.0,"key":"Energy Potion"},{"floor":18.0,"key":"BlessingOfTheForge"},{"floor":23.0,"key":"Poison Potion"},{"floor":31.0,"key":"PowerPotion"},{"floor":33.0,"key":"Dexterity Potion"}],"is_trial":false,"path_per_floor":["M","M","$","M","$","R","M","?","T","E","M","E","?","M","R","B",null,"M","M","M","?","?","E","R","M","T","R","?","$","E","M","R","B",null,"M","$","M","?","T","E","?","$","T","R","E","R","M","E","R","B","B",null,"R","$","E","B",null],"character_chosen":"THE_SILENT","items_purchased":["Acrobatics","Meat on the Bone","Tactician+1","Snake Skull","Doppelganger+1"],"campfire_rested":1,"item_purchase_floors":[3,29,36,36,54],"current_hp_per_floor":[47,42,42,33,33,33,28,50,50,26,17,3,3,3,22,11,52,52,52,47,47,47,38,38,40,40,40,31,31,23,36,36,14,53,55,55,57,59,59,61,61,61,61,61,63,63,65,66,66,63,55,63,63,66,44,42],"gold":90,"neow_bonus":"REMOVE_CARD","is_daily":false,"chose_seed":false,"campfire_upgraded":7,"win_rate":0.0,"timestamp":1613574096,"path_taken":["M","?","?","?","?","R","M","?","T","E","M","E","?","M","R","BOSS","M","M","M","?","?","E","R","M","T","R","?","$","E","?","R","BOSS","M","$","M","?","?","E","?","$","T","R","E","R","M","E","R","BOSS","BOSS","R","$","E","BOSS"],"items_purchased_type":["Card","Relic","Card","Relic","Card"],"build_version":"2020-12-22","purchased_purges":4,"victory":true,"max_hp_per_floor":[66,66,66,66,66,66,66,66,66,66,66,66,66,66,66,66,66,66,66,66,66,66,66,66,66,66,66,66,66,66,66,66,66,66,66,66,66,66,66,66,66,66,66,66,66,66,66,66,66,66,66,66,66,66,66,66],"card_choices":[{"not_picked":["Dagger Spray","Blade Dance"],"picked":"Crippling Poison","floor":1.0},{"not_picked":["Concentrate","Dodge and Roll","Sucker Punch"],"picked":"SKIP","floor":2.0},{"not_picked":["Bane","Quick Slash"],"picked":"Bouncing Flask","floor":4.0},{"not_picked":["Slice","Backflip"],"picked":"After Image","floor":7.0},{"not_picked":["Crippling Poison","Deflect","Distraction"],"picked":"SKIP","floor":10.0},{"not_picked":["Dash","Cloak And Dagger"],"picked":"Noxious Fumes","floor":11.0},{"not_picked":["All Out Attack","Distraction"],"picked":"Deflect","floor":12.0},{"not_picked":["Dagger Throw","Escape Plan"],"picked":"PiercingWail","floor":14.0},{"not_picked":["Envenom","Die Die Die"],"picked":"Adrenaline","floor":16.0},{"not_picked":["Bane","Dodge and Roll","Quick Slash"],"picked":"SKIP","floor":18.0},{"not_picked":["Bouncing Flask","Outmaneuver"],"picked":"Footwork","floor":19.0},{"not_picked":["Flying Knee+1","Underhanded Strike"],"picked":"Escape Plan+1","floor":20.0},{"not_picked":["Distraction","Choke","Backstab"],"picked":"SKIP","floor":23.0},{"not_picked":["Outmaneuver","Deadly Poison"],"picked":"Catalyst","floor":25.0},{"not_picked":["Quick Slash","Poisoned Stab+1","Dash"],"picked":"SKIP","floor":30.0},{"not_picked":["Masterful Stab","Dagger Throw"],"picked":"Backflip+1","floor":31.0},{"not_picked":["Storm of Steel+1","Tools of the Trade"],"picked":"Grand Finale","floor":33.0},{"not_picked":["Dodge and Roll+1","Blade Dance+1"],"picked":"PiercingWail+1","floor":35.0},{"not_picked":["Noxious Fumes","Leg Sweep+1","Footwork"],"picked":"SKIP","floor":37.0},{"not_picked":["Deadly Poison+1","Concentrate+1","Expertise+1"],"picked":"SKIP","floor":40.0},{"not_picked":["PiercingWail+1","Infinite Blades","Dodge and Roll+1"],"picked":"SKIP","floor":45},{"not_picked":["Deflect+1","PiercingWail+1"],"picked":"Malaise+1","floor":47},{"not_picked":["Cloak And Dagger+1","Dagger Spray","Riddle With Holes"],"picked":"SKIP","floor":47},{"not_picked":["Distraction+1","Setup+1","Bane+1"],"picked":"SKIP","floor":48},{"not_picked":["Sucker Punch","Well Laid Plans+1"],"picked":"Acrobatics+1","floor":55}],"player_experience":1599699,"relics_obtained":[{"floor":9.0,"key":"MawBank"},{"floor":10.0,"key":"Omamori"},{"floor":12.0,"key":"Ninja Scroll"},{"floor":23.0,"key":"Bottled Lightning"},{"floor":26.0,"key":"Toxic Egg 2"},{"floor":30.0,"key":"HornCleat"},{"floor":38.0,"key":"Prayer Wheel"},{"floor":40.0,"key":"Akabeko"},{"floor":43.0,"key":"MealTicket"},{"floor":45,"key":"Bronze Scales"},{"floor":48,"key":"Happy Flower"},{"floor":55,"key":"The Specimen"}],"event_choices":[{"damage_healed":22.0,"max_hp_gain":0.0,"max_hp_loss":0.0,"gold_gain":0.0,"event_name":"Big Fish","player_choice":"Banana","floor":8.0,"gold_loss":0.0,"damage_taken":0.0},{"damage_healed":0.0,"max_hp_gain":0.0,"max_hp_loss":0.0,"gold_gain":0.0,"event_name":"Scrap Ooze","player_choice":"Fled","floor":13.0,"gold_loss":0.0,"damage_taken":0.0},{"damage_healed":0.0,"max_hp_gain":0.0,"max_hp_loss":0.0,"gold_gain":0.0,"event_name":"Addict","player_choice":"Stole Relic","floor":21.0,"gold_loss":0.0,"damage_taken":0.0,"relics_obtained":["Blood Vial"],"cards_obtained":["Shame"]},{"cards_removed":["Strike_G"],"damage_healed":0.0,"max_hp_gain":0.0,"max_hp_loss":0.0,"gold_gain":0.0,"event_name":"Back to Basics","player_choice":"Elegance","floor":22.0,"gold_loss":0.0,"damage_taken":0.0},{"damage_healed":0.0,"max_hp_gain":0.0,"max_hp_loss":0.0,"gold_gain":0.0,"event_name":"Wheel of Change","player_choice":"Damaged","floor":28.0,"gold_loss":0.0,"damage_taken":9.0},{"damage_healed":0.0,"max_hp_gain":0.0,"max_hp_loss":0.0,"gold_gain":0.0,"event_name":"MindBloom","player_choice":"Fight","floor":38.0,"gold_loss":0.0,"damage_taken":0.0},{"cards_removed":["Die Die Die"],"damage_healed":0.0,"max_hp_gain":0.0,"max_hp_loss":0.0,"gold_gain":0.0,"event_name":"Falling","player_choice":"Removed Attack","floor":41.0,"gold_loss":0.0,"damage_taken":0.0}],"is_beta":false,"boss_relics":[{"not_picked":["Coffee Dripper","Runic Dome"],"picked":"Runic Pyramid"},{"not_picked":["Black Star","Velvet Choker"],"picked":"Astrolabe"}],"items_purged_floors":[3,29,36,42],"is_endless":false,"potions_floor_spawned":[2,7,11,18,20,23,31,33,45,47],"ascension_level":20}}