{"host":"x05n69rv5q9mps34","time":1613523796,"event":{"mods":["AchievementEnabler","BaseMod","Colored Map","Minty Spire (QoL Compilation)","SuperFastMode"],"gold_per_floor":[117,42,42,42,59,59,73,107,107,107,32,32,32,57,57,156,156,170,170,85,184,204,204,204],"floor_reached":23,"language":"ENG","playtime":1337,"items_purged":[],"score":312,"play_id":"462f021a-10bd-4166-bade-1d8296b47bee","local_time":"20210216230316","is_ascension_mode":true,"campfire_choices":[{"data":"Ball Lightning","floor":6,"key":"SMITH"},{"data":"Streamline","floor":10,"key":"SMITH"},{"data":"Glacier","floor":12,"key":"SMITH"},{"floor":15,"key":"REST"}],"circlet_count":0,"master_deck":["AscendersBane","Strike_B","Strike_B","Strike_B","Strike_B","Defend_B","Defend_B","Defend_B","Zap","Dualcast","Sweeping Beam","Ball Lightning+1","Leap","Redo","Leap","Streamline+1","Glacier+1","Coolheaded","Thunder Strike","Capacitor+1","Cold Snap+1"],"relics":["Snecko Eye","Frozen Egg 2","Singing Bowl","Meat on the Bone","Cursed Key","Du-Vu Doll","Sundial"],"acts_visited":["Exordium","TheCity"],"potions_floor_usage":[23,23],"damage_taken":[{"damage":0,"enemies":"2 Louse","floor":1,"turns":2},{"damage":4,"enemies":"Jaw Worm","floor":5,"turns":4},{"damage":0,"enemies":"Small Slimes","floor":7,"turns":1},{"damage":17,"enemies":"3 Sentries","floor":8,"turns":6},{"damage":11,"enemies":"Gremlin Nob","floor":14,"turns":4},{"damage":37,"enemies":"Hexaghost","floor":16,"turns":12},{"damage":0,"enemies":"Chosen","floor":18,"turns":4},{"damage":28,"enemies":"2 Thieves","floor":22,"turns":4},{"damage":53,"enemies":"Book of Stabbing","floor":23,"turns":8}],"seed_played":"1666947115702476712","potions_obtained":[{"floor":7,"key":"PotionOfCapacity"},{"floor":8,"key":"PotionOfCapacity"}],"is_trial":false,"path_per_floor":["M","$","?","?","M","R","M","E","T","R","$","R","$","E","R","B",null,"M","?","?","?","M","E"],"character_chosen":"DEFECT","items_purchased":["Ball Lightning","Leap","Glacier"],"campfire_rested":1,"item_purchase_floors":[2,2,11],"current_hp_per_floor":[68,68,68,61,57,57,57,40,40,40,40,40,40,29,51,26,63,63,63,63,63,47,0,0],"gold":204,"neow_bonus":"BOSS_RELIC","is_daily":false,"chose_seed":false,"campfire_upgraded":3,"win_rate":0.0,"timestamp":1613523796,"path_taken":["M","$","?","?","M","R","M","E","T","R","$","R","?","E","R","BOSS","M","?","?","?","M","E"],"items_purchased_type":["Card","Card","Card"],"build_version":"2020-12-22","purchased_purges":0,"victory":false,"max_hp_per_floor":[75,75,75,75,75,75,75,75,75,75,75,75,75,75,75,75,75,75,75,75,75,75,75,75],"card_choices":[{"not_picked":["Beam Cell","Cold Snap"],"picked":"Sweeping Beam","floor":1},{"not_picked":["Steam","FTL"],"picked":"Redo","floor":5},{"not_picked":["Steam Power","Go for the Eyes"],"picked":"Leap","floor":7},{"not_picked":["Turbo","Leap"],"picked":"Streamline","floor":8},{"not_picked":["Gash","Scrape"],"picked":"Coolheaded","floor":14},{"not_picked":["Amplify","Seek"],"picked":"Thunder Strike","floor":16},{"not_picked":["Redo","Streamline"],"picked":"Capacitor+1","floor":18},{"not_picked":["Compile Driver","Coolheaded+1"],"picked":"Cold Snap+1","floor":22}],"player_experience":1009262,"relics_obtained":[{"floor":8,"key":"Frozen Egg 2"},{"floor":9,"key":"Singing Bowl"},{"floor":14,"key":"Meat on the Bone"}],"event_choices":[{"damage_healed":0,"gold_gain":0,"player_choice":"Leave","damage_taken":0,"max_hp_gain":0,"max_hp_loss":0,"event_name":"The Cleric","floor":3,"gold_loss":0},{"cards_removed":["Defend_B"],"damage_healed":0,"gold_gain":0,"player_choice":"Card Removal","damage_taken":7,"max_hp_gain":0,"max_hp_loss":0,"event_name":"Golden Wing","floor":4,"gold_loss":0},{"damage_healed":0,"gold_gain":0,"player_choice":"Opened","damage_taken":0,"relics_obtained":["Du-Vu Doll"],"max_hp_gain":0,"max_hp_loss":0,"event_name":"The Mausoleum","floor":19,"gold_loss":0},{"damage_healed":0,"gold_gain":0,"player_choice":"Obtained Relic","damage_taken":0,"relics_obtained":["Sundial"],"max_hp_gain":0,"max_hp_loss":0,"event_name":"Addict","floor":20,"gold_loss":85},{"damage_healed":0,"gold_gain":99,"player_choice":"Stole From Cult","damage_taken":0,"max_hp_gain":0,"max_hp_loss":0,"event_name":"Nest","floor":21,"gold_loss":0}],"is_beta":false,"boss_relics":[{"not_picked":["Runic Pyramid","SacredBark"],"picked":"Cursed Key"}],"items_purged_floors":[],"is_endless":false,"potions_floor_spawned":[7,8,14],"killed_by":"Book of Stabbing","ascension_level":12}}