{"host":"91blwi3hgehj6ch9","time":1613572531,"event":{"mods":["2.2 Compatiblity","AchievementEnabler","BaseMod","Colored Map","DeckTracker","Keyboard Shortcuts","Minty Spire (QoL Compilation)","Permanent Neow","StSLib","SuperFastMode","everything is the same but u backflip on backflip"],"gold_per_floor":[114,132,144,160,5,5,5,5,85,85,110,30,42,53,53,53,53],"floor_reached":16,"language":"KOR","playtime":588,"items_purged":["Strike_R"],"score":163,"play_id":"a71062f5-8f6c-47af-b760-0e25ed283d96","local_time":"20210217233531","is_ascension_mode":true,"campfire_choices":[{"data":"Searing Blow","floor":6.0,"key":"SMITH"},{"data":"Searing Blow+1","floor":8.0,"key":"SMITH"},{"data":"Searing Blow+2","floor":10.0,"key":"SMITH"},{"data":"Searing Blow+3","floor":15.0,"key":"SMITH"}],"circlet_count":0,"master_deck":["AscendersBane","Strike_R","Strike_R","Strike_R","Defend_R","Defend_R","Defend_R","Defend_R","Bash","Pommel Strike","Corruption","Searing Blow+4","Second Wind","Dual Wield","Bandage Up","Seeing Red"],"relics":["Burning Blood","Membership Card","Self Forming Clay","Ancient Tea Set"],"acts_visited":["Exordium"],"potions_floor_usage":[16,16],"damage_taken":[{"damage":1.0,"enemies":"Cultist","floor":1.0,"turns":4.0},{"damage":0.0,"enemies":"Small Slimes","floor":2.0,"turns":3.0},{"damage":8.0,"enemies":"Jaw Worm","floor":3.0,"turns":4.0},{"damage":14.0,"enemies":"3 Louse","floor":4.0,"turns":4.0},{"damage":41.0,"enemies":"Gremlin Nob","floor":11.0,"turns":5.0},{"damage":14.0,"enemies":"2 Fungi Beasts","floor":13.0,"turns":4.0},{"damage":1.0,"enemies":"Looter","floor":14.0,"turns":3.0},{"damage":44,"enemies":"The Guardian","floor":16,"turns":14}],"seed_played":"7935577189889057732","potions_obtained":[{"floor":11.0,"key":"AttackPotion"},{"floor":14.0,"key":"Swift Potion"}],"is_trial":false,"path_per_floor":["M","M","M","M","$","R","$","R","T","R","E","$","M","M","R","B"],"character_chosen":"IRONCLAD","items_purchased":["Membership Card","Bandage Up"],"campfire_rested":0,"item_purchase_floors":[5,12],"current_hp_per_floor":[77,80,78,70,70,70,70,70,70,70,35,35,31,40,40,0,0],"gold":53,"neow_bonus":"REMOVE_CARD","is_daily":false,"chose_seed":false,"campfire_upgraded":4,"win_rate":0.0,"timestamp":1613572531,"path_taken":["M","M","M","M","$","R","?","R","T","R","E","$","M","M","R","BOSS"],"items_purchased_type":["Relic","Card"],"build_version":"2020-12-22","purchased_purges":1,"victory":false,"max_hp_per_floor":[80,80,80,80,80,80,80,80,80,80,80,80,80,80,80,80,80],"card_choices":[{"not_picked":["Headbutt","Armaments"],"picked":"Pommel Strike","floor":1.0},{"not_picked":["Flex","Cleave"],"picked":"Corruption","floor":2.0},{"not_picked":["Clothesline","Evolve"],"picked":"Searing Blow","floor":3.0},{"not_picked":["Bloodletting","Clothesline"],"picked":"Second Wind","floor":4.0},{"not_picked":["Sever Soul","Entrench"],"picked":"Dual Wield","floor":11.0},{"not_picked":["Headbutt","Sword Boomerang","Rage"],"picked":"SKIP","floor":13.0},{"not_picked":["Fire Breathing","Rage"],"picked":"Seeing Red","floor":14.0}],"player_experience":284905,"relics_obtained":[{"floor":9.0,"key":"Self Forming Clay"},{"floor":11.0,"key":"Ancient Tea Set"}],"event_choices":[],"is_beta":false,"boss_relics":[],"items_purged_floors":[12],"is_endless":false,"potions_floor_spawned":[11,14],"killed_by":"The Guardian","ascension_level":12}}