{"host":"aaist0epu260r53e","time":1613569380,"event":{"mods":["BaseMod","Colored Map","Colored Powertips","Minty Spire (QoL Compilation)","Quick Restart"],"gold_per_floor":[112,123,134,148,164,164,175,210,210,223,223,237,267,267,267,366,366,377,3,16,16,30,56,56,91,91,108,127,226,126,137,137,235,235,248,123,139,157,157,157,7,42,90,90,103,138,148,159,159,159],"floor_reached":51,"language":"ZHS","playtime":3397,"items_purged":["Defend_R","Strike_R","Defend_R","Defend_R"],"score":790,"play_id":"9555d9ba-3a2c-4825-bcb0-326f4de15595","local_time":"20210217214300","is_ascension_mode":false,"campfire_choices":[{"data":"Metallicize","floor":6.0,"key":"SMITH"},{"data":"Bloodletting","floor":11.0,"key":"SMITH"},{"data":"Pommel Strike","floor":15,"key":"SMITH"},{"data":"Limit Break","floor":24,"key":"SMITH"},{"data":"Demon Form","floor":32,"key":"SMITH"},{"data":"Intimidate","floor":40,"key":"SMITH"},{"floor":49,"key":"REST"}],"circlet_count":0,"master_deck":["Strike_R","Strike_R","Defend_R","Bash","Metallicize+1","Pommel Strike+1","Bloodletting+1","Intimidate+1","Demon Form+1","Limit Break+1","Whirlwind+1","Seeing Red","Pommel Strike+1","Pommel Strike+1","Sword Boomerang","Shrug It Off+1","Warcry+1"],"relics":["Burning Blood","Nunchaku","HornCleat","Prayer Wheel","Sozu","DollysMirror","Oddly Smooth Stone","Strawberry","Paper Frog","Mango","Black Star","Ornamental Fan","Regal Pillow","Ancient Tea Set","Anchor","CaptainsWheel"],"acts_visited":["Exordium","TheCity","TheBeyond"],"potions_floor_usage":[],"damage_taken":[{"damage":1.0,"enemies":"Cultist","floor":1.0,"turns":4.0},{"damage":1.0,"enemies":"Jaw Worm","floor":2.0,"turns":5.0},{"damage":1.0,"enemies":"2 Louse","floor":3.0,"turns":4.0},{"damage":12.0,"enemies":"Lots of Slimes","floor":4.0,"turns":8.0},{"damage":6.0,"enemies":"Exordium Wildlife","floor":5.0,"turns":4.0},{"damage":8.0,"enemies":"Exordium Thugs","floor":7.0,"turns":3.0},{"damage":9.0,"enemies":"3 Sentries","floor":8.0,"turns":12.0},{"damage":6.0,"enemies":"2 Fungi Beasts","floor":10.0,"turns":3.0},{"damage":5.0,"enemies":"Looter","floor":12.0,"turns":4.0},{"damage":19,"enemies":"Gremlin Nob","floor":13,"turns":5},{"damage":28,"enemies":"Slime Boss","floor":16,"turns":10},{"damage":10,"enemies":"Shell Parasite","floor":18,"turns":6},{"damage":11,"enemies":"Spheric Guardian","floor":20,"turns":4},{"damage":0,"enemies":"Snake Plant","floor":22,"turns":4},{"damage":20,"enemies":"Book of Stabbing","floor":23,"turns":4},{"damage":16,"enemies":"Gremlin Leader","floor":25,"turns":4},{"damage":4,"enemies":"Snecko","floor":27,"turns":3},{"damage":12,"enemies":"Shelled Parasite and Fungi","floor":28,"turns":4},{"damage":8,"enemies":"Centurion and Healer","floor":31,"turns":3},{"damage":30,"enemies":"Champ","floor":33,"turns":6},{"damage":24,"enemies":"3 Darklings","floor":35,"turns":3},{"damage":3,"enemies":"3 Shapes","floor":37,"turns":3},{"damage":17,"enemies":"Writhing Mass","floor":38,"turns":3},{"damage":24,"enemies":"Reptomancer","floor":42,"turns":4},{"damage":6,"enemies":"Maw","floor":45,"turns":4},{"damage":9,"enemies":"Giant Head","floor":46,"turns":5},{"damage":3,"enemies":"Jaw Worm Horde","floor":47,"turns":2},{"damage":28,"enemies":"4 Shapes","floor":48,"turns":4},{"damage":44,"enemies":"Time Eater","floor":50,"turns":5}],"seed_played":"-3445152356887549493","potions_obtained":[{"floor":1.0,"key":"ColorlessPotion"},{"floor":2.0,"key":"Weak Potion"},{"floor":7.0,"key":"AttackPotion"}],"is_trial":false,"path_per_floor":["M","M","M","M","M","R","M","E","T","M","R","M","E","?","R","B",null,"M","$","M","?","M","E","R","E","T","M","M","?","$","M","R","B",null,"M","$","M","M","?","R","$","E","T","$","M","E","M","M","R","B",null],"character_chosen":"IRONCLAD","items_purchased":["DollysMirror","Oddly Smooth Stone"],"campfire_rested":1,"item_purchase_floors":[19,19],"current_hp_per_floor":[88,88,88,82,82,82,80,77,77,77,77,78,65,58,58,36,88,84,84,79,79,85,78,78,68,82,84,78,78,78,76,76,52,109,91,91,94,83,83,83,83,65,65,65,65,62,65,43,89,51],"gold":159,"neow_bonus":"TEN_PERCENT_HP_BONUS","is_daily":false,"chose_seed":false,"campfire_upgraded":6,"win_rate":0.0,"timestamp":1613569380,"path_taken":["M","M","?","M","M","R","M","E","T","M","R","M","E","?","R","BOSS","M","$","M","?","?","E","R","E","T","M","M","?","?","M","R","BOSS","M","$","M","M","?","R","?","E","T","$","M","E","M","M","R","BOSS"],"items_purchased_type":["Relic","Relic"],"build_version":"2020-12-22","purchased_purges":4,"victory":true,"max_hp_per_floor":[88,88,88,88,88,88,88,88,88,88,88,88,88,88,88,88,88,88,88,88,88,88,95,95,95,109,109,109,109,109,109,109,109,109,109,109,109,109,106,106,106,106,106,106,106,106,106,106,106,106],"card_choices":[{"not_picked":["Sentinel","Ghostly Armor","Second Wind"],"picked":"SKIP","floor":1.0},{"not_picked":["Shrug It Off","Perfected Strike"],"picked":"Metallicize","floor":2.0},{"not_picked":["True Grit","Headbutt"],"picked":"Pommel Strike","floor":3.0},{"not_picked":["Clothesline","Body Slam"],"picked":"Bloodletting","floor":4.0},{"not_picked":["Flame Barrier","Dual Wield","Twin Strike"],"picked":"SKIP","floor":5.0},{"not_picked":["Twin Strike","Power Through","Warcry"],"picked":"SKIP","floor":7.0},{"not_picked":["Havoc","Reaper","Armaments"],"picked":"SKIP","floor":8.0},{"not_picked":["Perfected Strike","Headbutt","Flex"],"picked":"SKIP","floor":10.0},{"not_picked":["Iron Wave","Twin Strike"],"picked":"Intimidate","floor":12.0},{"not_picked":["Armaments","Immolate"],"picked":"Demon Form","floor":13},{"not_picked":["Barricade","Feed"],"picked":"Limit Break","floor":16},{"not_picked":["Shrug It Off+1","Flame Barrier"],"picked":"Whirlwind+1","floor":18},{"not_picked":["Clothesline","Bloodletting"],"picked":"Seeing Red","floor":18},{"not_picked":["Combust","Armaments","Entrench"],"picked":"SKIP","floor":20},{"not_picked":["Intimidate","Dropkick+1","Hemokinesis"],"picked":"SKIP","floor":20},{"not_picked":["Seeing Red+1","Feel No Pain"],"picked":"Pommel Strike+1","floor":22},{"not_picked":["Combust+1","Evolve","Pommel Strike"],"picked":"SKIP","floor":22},{"not_picked":["Seeing Red","Shockwave","Wild Strike"],"picked":"SKIP","floor":23},{"not_picked":["Twin Strike","Sever Soul","Armaments"],"picked":"SKIP","floor":25},{"not_picked":["Carnage","Ghostly Armor","Wild Strike"],"picked":"SKIP","floor":27},{"not_picked":["Barricade","Armaments","Carnage"],"picked":"SKIP","floor":27},{"not_picked":["True Grit","Pummel+1"],"picked":"Sword Boomerang","floor":28},{"not_picked":["Twin Strike","Searing Blow","Wild Strike"],"picked":"SKIP","floor":28},{"not_picked":["Iron Wave","Pommel Strike","Armaments"],"picked":"SKIP","floor":31},{"not_picked":["Carnage","Shockwave","Headbutt"],"picked":"SKIP","floor":31},{"not_picked":["Wild Strike+1","True Grit+1","Flame Barrier"],"picked":"SKIP","floor":35},{"not_picked":["Twin Strike","Wild Strike+1","Perfected Strike+1"],"picked":"SKIP","floor":35},{"not_picked":["True Grit+1","Thunderclap+1","Heavy Blade+1"],"picked":"SKIP","floor":37},{"not_picked":["Pommel Strike+1","Sentinel+1","Armaments"],"picked":"SKIP","floor":37},{"not_picked":["True Grit","Brutality","Iron Wave+1"],"picked":"SKIP","floor":38},{"not_picked":["Anger+1","Seeing Red","Headbutt+1"],"picked":"SKIP","floor":38},{"not_picked":["Perfected Strike","Reckless Charge+1"],"picked":"Shrug It Off+1","floor":42},{"not_picked":["Armaments","Perfected Strike","Thunderclap+1"],"picked":"SKIP","floor":45},{"not_picked":["Whirlwind+1","True Grit","Dual Wield"],"picked":"SKIP","floor":45},{"not_picked":["Disarm","Flame Barrier+1","Infernal Blade+1"],"picked":"SKIP","floor":46},{"not_picked":["Evolve","Whirlwind+1","Entrench+1"],"picked":"SKIP","floor":47},{"not_picked":["Flame Barrier+1","Clothesline","Cleave+1"],"picked":"SKIP","floor":47},{"not_picked":["Exhume","Pommel Strike"],"picked":"Warcry+1","floor":48},{"not_picked":["Armaments","Body Slam+1","True Grit"],"picked":"SKIP","floor":48}],"player_experience":73639,"relics_obtained":[{"floor":8.0,"key":"Nunchaku"},{"floor":9.0,"key":"HornCleat"},{"floor":13,"key":"Prayer Wheel"},{"floor":23,"key":"Strawberry"},{"floor":25,"key":"Paper Frog"},{"floor":26,"key":"Mango"},{"floor":42,"key":"Ornamental Fan"},{"floor":42,"key":"Regal Pillow"},{"floor":43,"key":"Ancient Tea Set"},{"floor":46,"key":"Anchor"},{"floor":46,"key":"CaptainsWheel"}],"event_choices":[{"cards_removed":["Strike_R"],"damage_healed":0,"gold_gain":0,"player_choice":"Card Removal","damage_taken":7,"max_hp_gain":0,"max_hp_loss":0,"event_name":"Golden Wing","floor":14,"gold_loss":0},{"cards_removed":["Strike_R"],"damage_healed":0,"gold_gain":0,"player_choice":"Purged","damage_taken":0,"max_hp_gain":0,"max_hp_loss":0,"event_name":"Purifier","floor":21,"gold_loss":0},{"damage_healed":0,"gold_gain":99,"player_choice":"Stole From Cult","damage_taken":0,"max_hp_gain":0,"max_hp_loss":0,"event_name":"Nest","floor":29,"gold_loss":0},{"cards_removed":["Parasite"],"damage_healed":0,"gold_gain":0,"player_choice":"Removed Curses","damage_taken":0,"max_hp_gain":0,"max_hp_loss":0,"event_name":"Fountain of Cleansing","floor":39,"gold_loss":0}],"is_beta":false,"boss_relics":[{"not_picked":["Astrolabe","Velvet Choker"],"picked":"Sozu"},{"not_picked":["SacredBark","Snecko Eye"],"picked":"Black Star"}],"items_purged_floors":[19,30,36,41],"is_endless":false,"potions_floor_spawned":[1,2,7,23,31,33,37,38,47],"ascension_level":0}}