{"host":"zjnmjbs15rdpqnz9","time":1613529385,"event":{"mods":["BaseMod","Downfall","Minty Spire (QoL Compilation)","StSLib"],"gold_per_floor":[99,109,125,141,161,161,236,250,277,277,277,290,304,304,322,424,424,424,31,31,31,131,146,146,179,230,230,240,260,289,137,155,252,252,152,164,177,16,16,45,45,45,45,45,63,63,98,98,108,108],"floor_reached":51,"language":"ENG","playtime":2945,"items_purged":["bronze:Strike","bronze:Strike","bronze:Strike"],"score":833,"play_id":"f07c76a6-f2c3-4aec-b399-560bb4b501cd","local_time":"20210216193625","is_ascension_mode":true,"campfire_choices":[{"data":"bronze:Replicate","floor":1,"key":"SMITH"},{"data":"bronze:FineTuning","floor":6,"key":"SMITH"},{"data":"bronze:Deprecate","floor":11,"key":"SMITH"},{"data":"bronze:Goto","floor":18,"key":"SMITH"},{"floor":35,"key":"RECALL"},{"data":"bronze:InfiniteLoop","floor":43,"key":"SMITH"},{"data":"bronze:Iterate","floor":46,"key":"SMITH"},{"data":"bronze:DecaBeam","floor":48,"key":"SMITH"}],"circlet_count":0,"master_deck":["bronze:Defend","bronze:Defend","bronze:Defend","bronze:Replicate+1","bronze:Goto+1","bronze:Deprecate+1","bronze:DelayedSlice","bronze:BronzeOrb","bronze:FineTuning+1","bronze:Assembly","bronze:FollowUp","bronze:InfiniteBeams","bronze:Overheat","bronze:OilSpill","bronze:InfiniteLoop+1","bronze:Turbo","bronze:DecaBeam+1","bronze:Branch","bronze:Iterate+1","bronze:MaxOutput+1","bronze:BronzeOrb+1","bronze:ChosenStrike","bronze:FineTuning","bronze:Repulsor","bronze:ItsAFeature","bronze:Iterate+1","bronze:MaxOutput+1","bronze:Verify","bronze:ItsAFeature","bronze:FineTuning","bronze:ItsAFeature+1"],"relics":["bronze:BronzeCore","Tiny Chest","Bottled Lightning","Bag of Preparation","bronze:MakeshiftBattery","TungstenRod","Mango","bronze:BottledCode","Bottled Flame","Prayer Wheel","Pantograph","Darkstone Periapt","ClockworkSouvenir","MealTicket","Coffee Dripper","downfall:HeartBlessingBlue","Bottled Tornado","Singing Bowl","Mummified Hand","Torii"],"acts_visited":["Exordium","TheCity","TheBeyond"],"potions_floor_usage":[33,33,33,33,40],"damage_taken":[{"damage":2,"enemies":"Small Slimes","floor":2,"turns":5},{"damage":0,"enemies":"Cultist","floor":3,"turns":4},{"damage":6,"enemies":"Jaw Worm","floor":4,"turns":3},{"damage":0,"enemies":"2 Fungi Beasts","floor":5,"turns":3},{"damage":0,"enemies":"downfall:LooterAlt","floor":8,"turns":3},{"damage":19,"enemies":"3 Sentries","floor":9,"turns":9},{"damage":1,"enemies":"Red Slaver","floor":12,"turns":3},{"damage":0,"enemies":"Large Slime","floor":13,"turns":6},{"damage":2,"enemies":"Blue Slaver","floor":15,"turns":3},{"damage":21,"enemies":"IC_STATUS_ARCHETYPE","floor":16,"turns":7},{"damage":1,"enemies":"downfall:FleeingMerchant","floor":19,"turns":4},{"damage":3,"enemies":"downfall:FleeingMerchant","floor":22,"turns":5},{"damage":0,"enemies":"Chosen","floor":23,"turns":2},{"damage":0,"enemies":"Gremlin Leader","floor":25,"turns":4},{"damage":0,"enemies":"Spheric Guardian","floor":28,"turns":1},{"damage":1,"enemies":"3 Cultists","floor":29,"turns":5},{"damage":16,"enemies":"Book of Stabbing","floor":30,"turns":5},{"damage":1,"enemies":"downfall:FleeingMerchant","floor":31,"turns":4},{"damage":0,"enemies":"Shelled Parasite and Fungi","floor":32,"turns":4},{"damage":75,"enemies":"DF_ARCHETYPE_CLAW","floor":33,"turns":10},{"damage":0,"enemies":"Orb Walker","floor":36,"turns":2},{"damage":10,"enemies":"3 Shapes","floor":37,"turns":5},{"damage":17,"enemies":"Reptomancer","floor":40,"turns":5},{"damage":0,"enemies":"3 Darklings","floor":45,"turns":4},{"damage":18,"enemies":"Nemesis","floor":47,"turns":3},{"damage":0,"enemies":"Transient","floor":49,"turns":5},{"damage":5,"enemies":"WA_ARCHETYPE_DIVINITY","floor":50,"turns":7}],"seed_played":"-4318100934635847701","potions_obtained":[{"floor":3,"key":"PowerPotion"},{"floor":5,"key":"Regen Potion"},{"floor":10,"key":"EntropicBrew"},{"floor":30,"key":"DistilledChaos"},{"floor":37,"key":"SteroidPotion"},{"floor":40,"key":"ColorlessPotion"}],"is_trial":false,"path_per_floor":["R","M","M","M","M","R","T","M","E","?","R","M","M","?","M","B",null,"R","$","T","?","?","M","T","E","T","T","M","M","E","$","M","B",null,"R","M","M","$","?","E","T","?","R","T","M","R","E","R","M","B",null],"character_chosen":"THE_AUTOMATON","items_purchased":["TungstenRod","bronze:Repulsor","ClockworkSouvenir","MealTicket","bronze:ItsAFeature"],"campfire_rested":0,"item_purchase_floors":[19,31,31,31,38],"current_hp_per_floor":[70,68,68,62,62,62,62,62,43,43,43,42,42,42,40,19,70,70,69,83,74,71,71,71,71,71,71,71,70,54,53,53,4,74,84,84,74,84,84,67,67,67,67,67,67,67,51,51,55,75],"gold":108,"neow_bonus":"RANDOM_COMMON_RELIC","is_daily":false,"chose_seed":false,"campfire_upgraded":7,"win_rate":0.0,"timestamp":1613529385,"path_taken":["R","M","M","M","M","R","T","M","E","?","R","M","?","?","M","BOSS","R","$","?","?","?","M","T","E","?","?","M","M","E","?","M","BOSS","R","M","M","$","?","E","T","?","R","?","M","R","E","R","M","BOSS"],"items_purchased_type":["Relic","Card","Relic","Relic","Card"],"build_version":"2020-12-22","purchased_purges":3,"victory":true,"max_hp_per_floor":[70,70,70,70,70,70,70,70,70,70,70,70,70,70,70,70,70,70,70,84,74,74,74,74,74,74,74,74,74,74,74,74,74,74,84,84,84,84,84,84,84,84,84,84,84,84,86,86,90,90],"card_choices":[{"not_picked":["bronze:Constructor","bronze:Shield"],"picked":"bronze:Deprecate","floor":2},{"not_picked":["bronze:DelayedGuard","bronze:Frontload"],"picked":"bronze:DelayedSlice","floor":3},{"not_picked":["bronze:Philosophize","bronze:DarkDash"],"picked":"bronze:BronzeOrb","floor":4},{"not_picked":["bronze:Shield","bronze:Separator"],"picked":"bronze:FineTuning","floor":5},{"not_picked":["bronze:ForceShield","bronze:BuggyMess"],"picked":"bronze:Assembly","floor":8},{"not_picked":["bronze:WildBeam","bronze:Separator"],"picked":"bronze:FollowUp","floor":9},{"not_picked":["bronze:BitShift","bronze:Branch"],"picked":"bronze:InfiniteBeams","floor":12},{"not_picked":["bronze:Flail","bronze:BronzeArmor"],"picked":"bronze:Overheat","floor":13},{"not_picked":["bronze:BugBarrage","bronze:Terminator"],"picked":"bronze:OilSpill","floor":15},{"not_picked":["bronze:ThunderWave","bronze:CleanCode"],"picked":"bronze:InfiniteLoop","floor":16},{"not_picked":["bronze:Flail","bronze:DelayedGuard+1"],"picked":"bronze:Turbo","floor":19},{"not_picked":[],"picked":"bronze:DecaBeam","floor":22},{"not_picked":["bronze:Invalidate","bronze:WildBeam+1"],"picked":"bronze:Branch","floor":22},{"not_picked":["bronze:NullPointer","bronze:BitShift"],"picked":"bronze:Iterate","floor":23},{"not_picked":["bronze:Deprecate","bronze:ClassDefault+1"],"picked":"bronze:MaxOutput+1","floor":25},{"not_picked":["bronze:ChildClass","bronze:Invalidate","bronze:Separator"],"picked":"SKIP","floor":28},{"not_picked":["bronze:WildBeam","bronze:WhirlingStrike","bronze:Deprecate+1"],"picked":"SKIP","floor":28},{"not_picked":["bronze:DarkDash","bronze:Optimize"],"picked":"bronze:BronzeOrb+1","floor":29},{"not_picked":["bronze:FollowUp","bronze:Frontload"],"picked":"bronze:ChosenStrike","floor":29},{"not_picked":["bronze:OilSpill","bronze:BugBarrage"],"picked":"bronze:FineTuning","floor":30},{"not_picked":["bronze:HyperBeam","bronze:Frontload","bronze:FollowUp"],"picked":"SKIP","floor":31},{"not_picked":["bronze:Shell","bronze:Constructor+1"],"picked":"bronze:ItsAFeature","floor":32},{"not_picked":["bronze:GetLatest","bronze:ForLoop","bronze:WhirlingStrike"],"picked":"SKIP","floor":32},{"not_picked":["bronze:WildBeam+1","bronze:BuggyMess"],"picked":"bronze:Iterate+1","floor":36},{"not_picked":["bronze:WildBeam","bronze:DelayedGuard+1"],"picked":"bronze:MaxOutput+1","floor":36},{"not_picked":["bronze:Optimize","bronze:WhirlingStrike+1"],"picked":"bronze:Verify","floor":37},{"not_picked":["bronze:WhirlingStrike+1","bronze:WildBeam","bronze:Backtrace"],"picked":"SKIP","floor":37},{"not_picked":["bronze:ForLoop","bronze:Overheat","bronze:DelayedGuard"],"picked":"SKIP","floor":40},{"not_picked":["bronze:GetLatest+1","bronze:Branch+1"],"picked":"bronze:FineTuning","floor":45},{"not_picked":["bronze:BuggyMess","bronze:BugBarrage+1"],"picked":"bronze:ItsAFeature+1","floor":45},{"not_picked":["bronze:ForceShield+1","bronze:Assembly","bronze:Overheat"],"picked":"Singing Bowl","floor":47},{"not_picked":["bronze:ChosenStrike+1","bronze:DelayedGuard","bronze:Frontload+1"],"picked":"Singing Bowl","floor":49},{"not_picked":["bronze:WildBeam+1","bronze:Shield","bronze:FollowUp+1"],"picked":"Singing Bowl","floor":49}],"player_experience":929448,"relics_obtained":[{"floor":7,"key":"Bottled Lightning"},{"floor":9,"key":"Bag of Preparation"},{"floor":20,"key":"Mango"},{"floor":24,"key":"Bottled Flame"},{"floor":25,"key":"Prayer Wheel"},{"floor":27,"key":"Pantograph"},{"floor":30,"key":"Darkstone Periapt"},{"floor":40,"key":"Bottled Tornado"},{"floor":41,"key":"Singing Bowl"},{"floor":44,"key":"Mummified Hand"},{"floor":47,"key":"Torii"}],"event_choices":[{"damage_healed":0,"gold_gain":0,"player_choice":"Got Potions","damage_taken":0,"max_hp_gain":0,"max_hp_loss":0,"event_name":"Lab","floor":10,"gold_loss":0},{"cards_removed":["bronze:Defend"],"damage_healed":0,"gold_gain":0,"player_choice":"Removed Skill","damage_taken":0,"max_hp_gain":0,"max_hp_loss":0,"event_name":"Falling","floor":39,"gold_loss":0}],"is_beta":false,"boss_relics":[{"not_picked":["Runic Dome","Snecko Eye"],"picked":"bronze:MakeshiftBattery"},{"not_picked":["Empty Cage","Tiny House"],"picked":"Coffee Dripper"}],"items_purged_floors":[19,31,38],"is_endless":false,"potions_floor_spawned":[3,5,12,15,22,25,30,32,37,40,49],"ascension_level":1}}