{"host":"ufhw4cf0hh51lveu","time":1613548150,"event":{"mods":["BaseMod","DeckTracker","Minty Spire (QoL Compilation)","SuperFastMode"],"gold_per_floor":[109,184,184,359,105,105,123,153,207,93,148,148,98,133,133,228,228,242,261,186,204,56,56,4,16,84,133,133,145,145,145,145,145,145],"floor_reached":33,"language":"KOR","playtime":796,"items_purged":["Doubt","Strike_R"],"score":274,"play_id":"fa3cb25b-369f-4b70-8c43-0198e855c33f","local_time":"20210217164910","is_ascension_mode":false,"campfire_choices":[{"data":"Inflame","floor":6,"key":"SMITH"},{"data":"Flex","floor":12,"key":"SMITH"},{"data":"Flex","floor":15,"key":"SMITH"},{"floor":23,"key":"REST"},{"floor":30,"key":"REST"},{"floor":32,"key":"REST"}],"circlet_count":0,"master_deck":["Strike_R+1","Strike_R","Defend_R","Defend_R","Defend_R","Defend_R","Bash","Ghostly Armor","Inflame+1","Twin Strike","Cleave","Flex+1","Dropkick+1","Flex+1","Inflame","Armaments+1","Thunderclap","Twin Strike","Twin Strike","Flex","Necronomicurse"],"relics":["Burning Blood","NeowsBlessing","Juzu Bracelet","Strawberry","Whetstone","Kunai","Red Skull","Nloth\u0027s Gift","Necronomicon"],"acts_visited":["Exordium","TheCity"],"potions_floor_usage":[11,16,21,25,33],"damage_taken":[{"damage":0,"enemies":"Small Slimes","floor":1,"turns":1},{"damage":0,"enemies":"Jaw Worm","floor":7,"turns":1},{"damage":0,"enemies":"Lagavulin","floor":8,"turns":1},{"damage":19,"enemies":"Gremlin Nob","floor":11,"turns":4},{"damage":18,"enemies":"3 Sentries","floor":14,"turns":6},{"damage":30,"enemies":"Hexaghost","floor":16,"turns":9},{"damage":20,"enemies":"2 Thieves","floor":18,"turns":4},{"damage":19,"enemies":"Chosen","floor":19,"turns":7},{"damage":36,"enemies":"Shelled Parasite and Fungi","floor":21,"turns":5},{"damage":29,"enemies":"Chosen and Byrds","floor":25,"turns":6},{"damage":5,"enemies":"Sentry and Sphere","floor":29,"turns":3},{"damage":75,"enemies":"Collector","floor":33,"turns":8}],"seed_played":"-6369474700833215848","potions_obtained":[{"floor":1,"key":"HeartOfIron"},{"floor":14,"key":"SkillPotion"},{"floor":16,"key":"Ancient Potion"},{"floor":19,"key":"Explosive Potion"},{"floor":29,"key":"Weak Potion"}],"is_trial":false,"path_per_floor":["M","?","?","?","$","R","M","E","T","$","?","R","?","E","R","B",null,"M","M","?","M","$","R","$","M","T","T","?","M","R","?","R","B"],"character_chosen":"IRONCLAD","items_purchased":["Inflame","Twin Strike","Cleave","Flex","Inflame","Twin Strike","Flex"],"campfire_rested":3,"item_purchase_floors":[5,5,5,10,10,22,24],"current_hp_per_floor":[80,69,69,69,69,69,75,80,87,87,74,74,74,62,62,38,87,73,60,60,30,30,56,56,33,33,33,33,34,60,44,70,0,0],"gold":145,"neow_bonus":"THREE_ENEMY_KILL","is_daily":false,"chose_seed":false,"campfire_upgraded":3,"win_rate":0.0,"timestamp":1613548150,"path_taken":["M","?","?","?","?","R","?","E","T","$","?","R","?","E","R","BOSS","M","M","?","M","$","R","$","M","T","?","?","M","R","?","R","BOSS"],"items_purchased_type":["Card","Card","Card","Card","Card","Card","Card"],"build_version":"2020-12-22","purchased_purges":2,"victory":false,"max_hp_per_floor":[80,80,80,80,80,80,80,80,87,87,87,87,87,87,87,87,87,87,87,87,87,87,87,87,87,87,87,87,87,87,87,87,87,87],"card_choices":[{"not_picked":["Bloodletting","Armaments"],"picked":"Ghostly Armor","floor":1},{"not_picked":["Clothesline","Anger"],"picked":"Flex","floor":7},{"not_picked":["Wild Strike","Headbutt"],"picked":"Dropkick","floor":8},{"not_picked":["Entrench","Body Slam","Burning Pact"],"picked":"SKIP","floor":14},{"not_picked":["Body Slam","Entrench"],"picked":"Armaments+1","floor":18},{"not_picked":["Rupture","Hemokinesis+1"],"picked":"Thunderclap","floor":19},{"not_picked":["Flame Barrier","Evolve"],"picked":"Twin Strike","floor":21},{"not_picked":["Rupture","Second Wind","Fiend Fire"],"picked":"SKIP","floor":25},{"not_picked":["Warcry+1","Combust","True Grit+1"],"picked":"SKIP","floor":29}],"player_experience":26574,"relics_obtained":[{"floor":8,"key":"Juzu Bracelet"},{"floor":9,"key":"Strawberry"},{"floor":11,"key":"Whetstone"},{"floor":14,"key":"Bottled Tornado"},{"floor":26,"key":"Kunai"},{"floor":27,"key":"Red Skull"},{"floor":31,"key":"Necronomicon"}],"event_choices":[{"damage_healed":0,"gold_gain":75,"player_choice":"Gather Gold","damage_taken":11,"max_hp_gain":0,"max_hp_loss":0,"event_name":"World of Goop","floor":2,"gold_loss":0},{"damage_healed":0,"gold_gain":0,"player_choice":"Fled","damage_taken":0,"max_hp_gain":0,"max_hp_loss":0,"event_name":"Scrap Ooze","floor":3,"gold_loss":0},{"damage_healed":0,"gold_gain":175,"player_choice":"AGREE","damage_taken":0,"max_hp_gain":0,"max_hp_loss":0,"event_name":"Liars Game","floor":4,"gold_loss":0,"cards_obtained":["Doubt"]},{"damage_healed":0,"gold_gain":0,"player_choice":"Searched \u00272\u0027 times","damage_taken":0,"max_hp_gain":0,"max_hp_loss":0,"event_name":"Dead Adventurer","floor":11,"gold_loss":0},{"cards_removed":["Strike_R"],"damage_healed":0,"gold_gain":0,"player_choice":"Card Removal","damage_taken":0,"max_hp_gain":0,"max_hp_loss":0,"event_name":"The Cleric","floor":13,"gold_loss":50},{"cards_removed":["Strike_R"],"damage_healed":0,"gold_gain":0,"player_choice":"Gave Gold","damage_taken":0,"max_hp_gain":0,"max_hp_loss":0,"event_name":"Beggar","floor":20,"gold_loss":75},{"damage_healed":0,"gold_gain":0,"player_choice":"Traded Relic","damage_taken":0,"relics_obtained":["Nloth\u0027s Gift"],"max_hp_gain":0,"max_hp_loss":0,"event_name":"N\u0027loth","floor":28,"relics_lost":["Bottled Tornado"],"gold_loss":0},{"damage_healed":0,"gold_gain":0,"player_choice":"Obtained Book","damage_taken":16,"max_hp_gain":0,"max_hp_loss":0,"event_name":"Cursed Tome","floor":31,"gold_loss":0}],"is_beta":false,"boss_relics":[{"not_picked":[]}],"items_purged_floors":[5,22],"is_endless":false,"potions_floor_spawned":[1,14,16,19,29],"killed_by":"Collector","ascension_level":0}}