{"host":"Squid","time":1613583768,"event":{"mods":["BaseMod","Minty Spire (QoL Compilation)","StSLib"],"gold_per_floor":[116,133,83,103,114,142,142,31,99,118,152,177,177,212,212,287,287,305,305,56,56,67,67,67],"floor_reached":23,"language":"ENG","playtime":1067,"items_purged":[],"score":370,"play_id":"21f23109-0e36-49ab-bc81-48438fab84bd","local_time":"20210217124248","is_ascension_mode":true,"campfire_choices":[{"data":"Blade Dance","floor":7.0,"key":"SMITH"},{"data":"Calculated Gamble","floor":13.0,"key":"SMITH"},{"data":"Bouncing Flask","floor":15,"key":"SMITH"}],"circlet_count":0,"master_deck":["AscendersBane","Strike_G","Strike_G","Strike_G","Strike_G","Defend_G","Defend_G","Defend_G","Defend_G","Defend_G","Survivor","Neutralize","Die Die Die","Blade Dance+1","Bouncing Flask+1","Adrenaline","PiercingWail","Finisher","Calculated Gamble+1","Masterful Stab","Envenom","Blur","Ghostly","Ghostly","Ghostly","Ghostly","Ghostly","Footwork","Deflect","RitualDagger","Tactician+1"],"relics":["Ring of the Snake","CaptainsWheel","Pantograph","Bronze Scales","Odd Mushroom","Regal Pillow","Runic Pyramid","PreservedInsect"],"acts_visited":["Exordium","TheCity"],"potions_floor_usage":[14,23],"damage_taken":[{"damage":10.0,"enemies":"Jaw Worm","floor":1.0,"turns":8.0},{"damage":0.0,"enemies":"Small Slimes","floor":2.0,"turns":2.0},{"damage":0.0,"enemies":"2 Louse","floor":4.0,"turns":3.0},{"damage":0.0,"enemies":"Exordium Thugs","floor":5.0,"turns":4.0},{"damage":10.0,"enemies":"3 Sentries","floor":6.0,"turns":4.0},{"damage":0.0,"enemies":"Large Slime","floor":10.0,"turns":4.0},{"damage":11.0,"enemies":"Lagavulin","floor":11.0,"turns":6.0},{"damage":0.0,"enemies":"The Mushroom Lair","floor":12.0,"turns":2.0},{"damage":4,"enemies":"3 Sentries","floor":14,"turns":4},{"damage":16,"enemies":"The Guardian","floor":16,"turns":10},{"damage":0,"enemies":"Spheric Guardian","floor":18,"turns":1},{"damage":4,"enemies":"2 Thieves","floor":22,"turns":4},{"damage":5,"enemies":"Gremlin Leader","floor":23,"turns":7}],"seed_played":"5908727877805317514","potions_obtained":[{"floor":2.0,"key":"DuplicationPotion"},{"floor":5.0,"key":"DuplicationPotion"},{"floor":10.0,"key":"LiquidBronze"},{"floor":12.0,"key":"Explosive Potion"},{"floor":14,"key":"Swift Potion"},{"floor":22,"key":"Weak Potion"}],"is_trial":false,"path_per_floor":["M","M","?","M","M","E","R","$","T","M","E","?","R","E","R","B",null,"M","?","$","?","M","E"],"character_chosen":"THE_SILENT","items_purchased":["Calculated Gamble","Masterful Stab","PreservedInsect","Footwork","Deflect"],"campfire_rested":0,"item_purchase_floors":[8,8,20,20,20],"current_hp_per_floor":[53,53,53,53,53,43,43,43,43,43,32,32,32,28,28,37,57,57,31,31,25,21,16,16],"gold":67,"neow_bonus":"THREE_RARE_CARDS","is_daily":false,"chose_seed":false,"campfire_upgraded":3,"win_rate":0.0,"timestamp":1613583768,"path_taken":["M","M","?","M","M","E","R","$","T","M","E","?","R","E","R","BOSS","M","?","$","?","?","E"],"items_purchased_type":["Card","Card","Relic","Card","Card"],"build_version":"2020-12-18","purchased_purges":0,"victory":false,"max_hp_per_floor":[63,63,63,63,63,63,63,63,63,63,63,63,63,63,63,63,63,63,31,31,31,31,31,31],"card_choices":[{"not_picked":["Night Terror","Doppelganger"],"picked":"Die Die Die","floor":0.0},{"not_picked":["Poisoned Stab","Dodge and Roll"],"picked":"Blade Dance","floor":1.0},{"not_picked":["Prepared","Quick Slash"],"picked":"Bouncing Flask","floor":2.0},{"not_picked":["Concentrate","Tactician"],"picked":"Adrenaline","floor":4.0},{"not_picked":["Dagger Spray","Quick Slash"],"picked":"PiercingWail","floor":5.0},{"not_picked":["Poisoned Stab","Underhanded Strike"],"picked":"Finisher","floor":6.0},{"not_picked":["Underhanded Strike","Slice","Prepared"],"picked":"SKIP","floor":10.0},{"not_picked":["Grand Finale","Sucker Punch","Concentrate"],"picked":"SKIP","floor":11.0},{"not_picked":["Catalyst","Distraction","Quick Slash"],"picked":"SKIP","floor":14},{"not_picked":["Adrenaline","Burst"],"picked":"Envenom","floor":16},{"not_picked":["Dash","Reflex"],"picked":"Blur","floor":18},{"not_picked":["Dagger Spray","Deflect"],"picked":"Tactician+1","floor":22}],"player_experience":852151,"relics_obtained":[{"floor":6.0,"key":"CaptainsWheel"},{"floor":9.0,"key":"Pantograph"},{"floor":11.0,"key":"Bronze Scales"},{"floor":12.0,"key":"Odd Mushroom"},{"floor":14,"key":"Regal Pillow"}],"event_choices":[{"cards_removed":["Strike_G"],"damage_healed":0.0,"max_hp_gain":0.0,"max_hp_loss":0.0,"gold_gain":0.0,"event_name":"The Cleric","player_choice":"Card Removal","floor":3.0,"gold_loss":50.0,"damage_taken":0.0},{"damage_healed":0.0,"max_hp_gain":0.0,"max_hp_loss":0.0,"gold_gain":0.0,"event_name":"Mushrooms","player_choice":"Fought Mushrooms","floor":12.0,"gold_loss":0.0,"damage_taken":0.0},{"damage_healed":0,"gold_gain":0,"player_choice":"Became a Ghost","damage_taken":0,"max_hp_gain":0,"max_hp_loss":32,"event_name":"Ghosts","floor":19,"gold_loss":0,"cards_obtained":["Ghostly","Ghostly","Ghostly","Ghostly","Ghostly"]},{"damage_healed":0,"gold_gain":0,"player_choice":"Joined the Cult","damage_taken":6,"max_hp_gain":0,"max_hp_loss":0,"event_name":"Nest","floor":21,"gold_loss":0,"cards_obtained":["RitualDagger"]}],"is_beta":true,"boss_relics":[{"not_picked":["Fusion Hammer","HoveringKite"],"picked":"Runic Pyramid"}],"items_purged_floors":[],"is_endless":false,"potions_floor_spawned":[2,5,10,12,14,16,22],"killed_by":"Gremlin Leader","ascension_level":13}}