{"host":"8ztb9kwpjc2zof9s","time":1613541416,"event":{"mods":["BaseMod","Block Reminder","Curses Come First","Minty Spire (QoL Compilation)","Relic Stats","StSLib"],"gold_per_floor":[116,129,129,129,149,174,185,198,198,213,113,133,133,208,208,283,283,297,297,314,21,21,21,38,38,62,62,80,80,90,103,103,103,103],"floor_reached":33,"language":"ENG","playtime":1178,"items_purged":["Strike_G"],"score":414,"play_id":"87b203cd-f5c7-424e-bf0c-adde7e2fa3e3","local_time":"20210216215656","is_ascension_mode":true,"campfire_choices":[{"data":"Noxious Fumes","floor":13,"key":"SMITH"},{"floor":15,"key":"REST"},{"data":"Dash","floor":23,"key":"SMITH"},{"data":"Dash","floor":25,"key":"SMITH"},{"data":"Defend_G","floor":29,"key":"SMITH"},{"floor":32,"key":"REST"}],"circlet_count":0,"master_deck":["AscendersBane","Strike_G","Strike_G","Strike_G","Strike_G","Defend_G","Defend_G","Defend_G+1","Defend_G","Defend_G+1","Survivor+1","Neutralize+1","Dash+1","Blur+1","Dash+1","Noxious Fumes+1","Backflip+1","Venomology+1","Corpse Explosion+1","Prepared+1","Cloak And Dagger+1","Injury","Blade Dance+1","Catalyst+1"],"relics":["Ring of the Snake","NeowsBlessing","FossilizedHelix","Toxic Egg 2","Cursed Key","War Paint","Bird Faced Urn","Art of War"],"acts_visited":["Exordium","TheCity"],"potions_floor_usage":[6,7,11,16,18,20,28,28,28,28,31,31,33],"damage_taken":[{"damage":0,"enemies":"Cultist","floor":1,"turns":1},{"damage":0,"enemies":"2 Louse","floor":2,"turns":1},{"damage":0,"enemies":"Jaw Worm","floor":5,"turns":1},{"damage":22,"enemies":"Lagavulin","floor":6,"turns":10},{"damage":0,"enemies":"3 Louse","floor":7,"turns":6},{"damage":3,"enemies":"Exordium Thugs","floor":8,"turns":6},{"damage":0,"enemies":"Looter","floor":10,"turns":4},{"damage":0,"enemies":"Blue Slaver","floor":12,"turns":5},{"damage":6,"enemies":"Hexaghost","floor":16,"turns":14},{"damage":0,"enemies":"Chosen","floor":18,"turns":4},{"damage":3,"enemies":"2 Thieves","floor":20,"turns":3},{"damage":2,"enemies":"Sentry and Sphere","floor":24,"turns":5},{"damage":0,"enemies":"Shelled Parasite and Fungi","floor":28,"turns":8},{"damage":0,"enemies":"Centurion and Healer","floor":30,"turns":6},{"damage":16,"enemies":"Snake Plant","floor":31,"turns":5},{"damage":77,"enemies":"Automaton","floor":33,"turns":8}],"seed_played":"2904960019232383061","potions_obtained":[{"floor":2,"key":"AttackPotion"},{"floor":6,"key":"LiquidMemories"},{"floor":10,"key":"Fruit Juice"},{"floor":12,"key":"BlessingOfTheForge"},{"floor":24,"key":"EntropicBrew"},{"floor":30,"key":"ColorlessPotion"}],"is_trial":false,"path_per_floor":["M","M","?","?","M","E","M","M","T","M","$","M","R","?","R","B",null,"M","?","M","$","?","R","M","R","T","?","M","R","M","M","R","B"],"character_chosen":"THE_SILENT","items_purchased":["Backflip+1","Bird Faced Urn"],"campfire_rested":2,"item_purchase_floors":[11,21],"current_hp_per_floor":[63,63,63,63,63,41,41,38,38,38,43,43,43,32,54,48,68,68,68,65,65,65,65,65,65,65,65,69,69,71,59,75,0,0],"gold":103,"neow_bonus":"THREE_ENEMY_KILL","is_daily":false,"chose_seed":false,"campfire_upgraded":4,"win_rate":0.0,"timestamp":1613541416,"path_taken":["M","M","?","?","?","E","M","M","T","M","$","M","R","?","R","BOSS","M","?","?","$","?","R","M","R","T","?","M","R","M","?","R","BOSS"],"items_purchased_type":["Card","Relic"],"build_version":"2020-12-22","purchased_purges":1,"victory":false,"max_hp_per_floor":[70,70,70,70,70,70,70,70,70,70,75,75,75,75,75,75,75,75,75,75,75,75,75,75,75,75,75,75,75,75,75,75,75,75],"relic_stats":{"counters":[16,87],"Bird Faced Urn":[12],"Art of War":[0],"War Paint":["Defend_G","Survivor"],"Cursed Key":1,"obtain_stats":[{"NeowsBlessing":0,"Bird Faced Urn":21,"Art of War":26,"Toxic Egg 2":9,"War Paint":19,"Cursed Key":17,"FossilizedHelix":6,"Ring of the Snake":0},{"NeowsBlessing":0,"Bird Faced Urn":11,"Art of War":12,"Toxic Egg 2":6,"War Paint":10,"Cursed Key":9,"FossilizedHelix":4,"Ring of the Snake":0},{"NeowsBlessing":0,"Bird Faced Urn":55,"Art of War":60,"Toxic Egg 2":25,"War Paint":52,"Cursed Key":48,"FossilizedHelix":13,"Ring of the Snake":0}],"Ring of the Snake":[32]},"card_choices":[{"not_picked":["Slice","Concentrate"],"picked":"Dash","floor":1},{"not_picked":["Acrobatics","Expertise"],"picked":"Blur","floor":2},{"not_picked":["Dagger Throw","Prepared"],"picked":"Dash","floor":5},{"not_picked":["Poisoned Stab","Riddle With Holes","Setup"],"picked":"SKIP","floor":6},{"not_picked":["Flechettes","Outmaneuver","Reflex"],"picked":"SKIP","floor":7},{"not_picked":["Accuracy","Quick Slash"],"picked":"Noxious Fumes","floor":8},{"not_picked":["Slice","Sucker Punch","Dagger Throw"],"picked":"SKIP","floor":10},{"not_picked":["Dagger Spray","Concentrate+1"],"picked":"Venomology+1","floor":12},{"not_picked":["Night Terror+1","Doppelganger+1"],"picked":"Corpse Explosion+1","floor":16},{"not_picked":["Sucker Punch","Cloak And Dagger+1","Dagger Spray"],"picked":"SKIP","floor":18},{"not_picked":["Dagger Spray","Dodge and Roll+1"],"picked":"Prepared+1","floor":20},{"not_picked":["Dagger Spray","Accuracy"],"picked":"Cloak And Dagger+1","floor":24},{"not_picked":["Quick Slash","Deflect+1"],"picked":"Blade Dance+1","floor":28},{"not_picked":["Riddle With Holes","Underhanded Strike","Dagger Spray"],"picked":"SKIP","floor":30},{"not_picked":["Underhanded Strike","Predator"],"picked":"Catalyst+1","floor":31}],"player_experience":352667,"relics_obtained":[{"floor":6,"key":"FossilizedHelix"},{"floor":9,"key":"Toxic Egg 2"},{"floor":26,"key":"Art of War"}],"event_choices":[{"damage_healed":0,"gold_gain":0,"player_choice":"Grow","damage_taken":0,"max_hp_gain":0,"max_hp_loss":0,"event_name":"Living Wall","floor":3,"gold_loss":0,"cards_upgraded":["Neutralize"]},{"damage_healed":0,"gold_gain":0,"player_choice":"Upgraded","damage_taken":0,"max_hp_gain":0,"max_hp_loss":0,"event_name":"Upgrade Shrine","floor":4,"gold_loss":0,"cards_upgraded":["Blur"]},{"damage_healed":0,"gold_gain":75,"player_choice":"Gather Gold","damage_taken":11,"max_hp_gain":0,"max_hp_loss":0,"event_name":"World of Goop","floor":14,"gold_loss":0},{"damage_healed":0,"gold_gain":0,"player_choice":"Gave Potion","damage_taken":0,"relics_obtained":["War Paint"],"max_hp_gain":0,"max_hp_loss":0,"event_name":"WeMeetAgain","floor":19,"gold_loss":0},{"damage_healed":0,"gold_gain":0,"player_choice":"Ignored","damage_taken":0,"max_hp_gain":0,"max_hp_loss":0,"event_name":"Ghosts","floor":22,"gold_loss":0},{"damage_healed":0,"gold_gain":0,"player_choice":"Ignored","damage_taken":0,"max_hp_gain":0,"max_hp_loss":0,"event_name":"Transmorgrifier","floor":27,"gold_loss":0}],"is_beta":false,"boss_relics":[{"not_picked":["Philosopher\u0027s Stone","Tiny House"],"picked":"Cursed Key"}],"items_purged_floors":[11],"is_endless":false,"potions_floor_spawned":[2,6,10,12,24,30],"killed_by":"Automaton","ascension_level":13}}