{"host":"ppqll9nf92xyjrj9","time":1613524609,"event":{"mods":["BaseMod","Bestiary","Better Third Choice","Bossed Relics","Curses Come First","Evolution","Hermit","Jorbs\u0027s Wanderer Trilogy","Keyboard Shortcuts","Marked Mod","Minty Spire (QoL Compilation)","Relic Stats","Shapeshifter Mod","StS++","StSLib","The Marked","The Runesmith"],"gold_per_floor":[110,110,122,122,142,174,185,185,185,219,234,249,249,275,275,373,373,387,387,297,281,299,324,340,368,395,41,59,59,59,85,85,190,190,209,134,153,6,19,48,48,75,75,105,105,131,186,204,204,204],"floor_reached":51,"language":"ENG","playtime":2904,"items_purged":[],"score":964,"play_id":"db36042c-1f73-4a3c-9e3b-21e15b0fffae","local_time":"20210216171649","is_ascension_mode":true,"campfire_choices":[{"data":"Armaments","floor":8,"key":"SMITH"},{"data":"StSpp:Jab","floor":13,"key":"SMITH"},{"data":"Bash","floor":15,"key":"SMITH"},{"floor":32,"key":"REST"},{"data":"Bloodletting","floor":41,"key":"SMITH"},{"data":"Immolate","floor":45,"key":"SMITH"},{"data":"Bloodletting","floor":49,"key":"SMITH"}],"circlet_count":0,"master_deck":["Strike_R","Strike_R+1","Strike_R","Strike_R","Defend_R","Defend_R","Defend_R","Defend_R","Bash+1","Dramatic Entrance+1","Clothesline","Armaments+1","Fire Breathing","Burning Pact","Rupture+1","StSpp:Jab+1","StSpp:Jab","Cleave","Reaper","Flex+1","Feed","Headbutt","Bloodletting+1","StSpp:Succumb+1","Immolate+1","Hemokinesis","Twin Strike+1","Bloodletting+1","StSpp:Succumb","Dropkick","Warcry+1","Infernal Blade+1","Flex+1","StSpp:Succumb+1"],"relics":["Burning Blood","EVO:Axolotl","StSpp:SailorCap","Torii","TungstenRod","StSpp:TwinEgg","Astrolabe","Anchor","Bottled Tornado","Ice Cream","MawBank","Unceasing Top","Blood Vial","StSpp:Balance","Sling","StSpp:WoodenPendulum","Shuriken","Whetstone","Toxic Egg 2","Bottled Flame","StoneCalendar"],"acts_visited":["Exordium","TheCity","TheBeyond"],"potions_floor_usage":[12,16,16,25,25,29,31,39,42,44,47,48,50,50,50],"damage_taken":[{"damage":5,"enemies":"2 Louse","floor":1,"turns":3},{"damage":0,"enemies":"Small Slimes","floor":3,"turns":2},{"damage":6,"enemies":"Cultist","floor":5,"turns":3},{"damage":42,"enemies":"Lagavulin","floor":6,"turns":8},{"damage":6,"enemies":"Blue Slaver","floor":7,"turns":5},{"damage":2,"enemies":"3 Sentries","floor":10,"turns":5},{"damage":0,"enemies":"Lots of Slimes","floor":11,"turns":2},{"damage":9,"enemies":"Exordium Thugs","floor":12,"turns":4},{"damage":22,"enemies":"Gremlin Nob","floor":14,"turns":5},{"damage":5,"enemies":"Hexaghost","floor":16,"turns":12},{"damage":10,"enemies":"Shell Parasite","floor":18,"turns":8},{"damage":0,"enemies":"2 Thieves","floor":21,"turns":4},{"damage":23,"enemies":"Centurion and Healer","floor":22,"turns":11},{"damage":19,"enemies":"Book of Stabbing","floor":23,"turns":6},{"damage":6,"enemies":"Chosen and Byrds","floor":24,"turns":5},{"damage":23,"enemies":"Gremlin Leader","floor":25,"turns":6},{"damage":49,"enemies":"Snecko","floor":28,"turns":8},{"damage":12,"enemies":"Book of Stabbing","floor":31,"turns":4},{"damage":20,"enemies":"Champ","floor":33,"turns":10},{"damage":8,"enemies":"3 Shapes","floor":35,"turns":5},{"damage":16,"enemies":"Orb Walker","floor":37,"turns":4},{"damage":2,"enemies":"Jaw Worm Horde","floor":39,"turns":2},{"damage":34,"enemies":"Nemesis","floor":40,"turns":5},{"damage":11,"enemies":"Reptomancer","floor":42,"turns":3},{"damage":35,"enemies":"Nemesis","floor":44,"turns":5},{"damage":6,"enemies":"Reptomancer","floor":46,"turns":1},{"damage":4,"enemies":"2 Orb Walkers","floor":47,"turns":2},{"damage":10,"enemies":"4 Shapes","floor":48,"turns":4},{"damage":57,"enemies":"Donu and Deca","floor":50,"turns":5}],"seed_played":"-686394031447657775","potions_obtained":[{"floor":1,"key":"SkillPotion"},{"floor":10,"key":"Fire Potion"},{"floor":12,"key":"EssenceOfSteel"},{"floor":14,"key":"Ancient Potion"},{"floor":21,"key":"Block Potion"},{"floor":22,"key":"Swift Potion"},{"floor":25,"key":"CultistPotion"},{"floor":29,"key":"Fruit Juice"},{"floor":29,"key":"ElixirPotion"},{"floor":29,"key":"SteroidPotion"},{"floor":35,"key":"AttackPotion"},{"floor":37,"key":"Energy Potion"},{"floor":40,"key":"StSpp:ScatteredPotion"},{"floor":42,"key":"ColorlessPotion"},{"floor":44,"key":"StSpp:ScatteredWeakPotion"},{"floor":47,"key":"Regen Potion"}],"is_trial":false,"path_per_floor":["M","?","M","?","M","E","M","R","T","E","M","M","R","E","R","B",null,"M","?","?","M","M","E","M","E","T","$","M","?","$","E","R","B",null,"M","$","M","$","M","E","R","E","T","E","R","E","?","M","R","B",null],"character_chosen":"IRONCLAD","items_purchased":["Unceasing Top","Bloodletting","Hemokinesis","Sling"],"campfire_rested":1,"item_purchase_floors":[27,27,36,38],"current_hp_per_floor":[80,80,80,80,80,44,44,44,44,48,54,51,51,35,35,36,80,80,80,80,80,68,55,58,49,49,49,21,26,26,31,60,53,97,98,98,90,90,99,73,73,70,70,52,52,57,61,71,71,48],"gold":204,"neow_bonus":"RANDOM_COLORLESS","is_daily":false,"chose_seed":false,"campfire_upgraded":6,"win_rate":0.0,"timestamp":1613524609,"path_taken":["M","?","M","?","M","E","M","R","T","E","M","M","R","E","R","BOSS","M","?","?","M","M","E","M","E","T","$","?","?","?","E","R","BOSS","M","$","M","$","?","E","R","E","T","E","R","E","?","M","R","BOSS"],"items_purchased_type":["Relic","Card","Card","Relic"],"build_version":"2020-12-22","purchased_purges":0,"victory":true,"max_hp_per_floor":[80,80,80,80,80,80,80,80,80,80,80,80,80,80,80,80,80,80,80,80,80,80,80,83,86,86,86,89,94,94,97,97,97,97,100,100,100,100,103,103,103,103,103,103,103,106,106,106,106,106],"relic_stats":{"Blood Vial":20,"Torii":79,"counters":[29,147],"Shuriken":[10],"Astrolabe":[],"StoneCalendar":[0],"Whetstone":["Dramatic Entrance","Strike_R"],"MawBank":12,"obtain_stats":[{"Ice Cream":25,"StSpp:SailorCap":6,"StSpp:Balance":34,"Torii":9,"Astrolabe":17,"StSpp:WoodenPendulum":40,"StoneCalendar":47,"EVO:Axolotl":0,"Whetstone":43,"Bottled Tornado":23,"MawBank":26,"Sling":38,"Burning Blood":0,"Blood Vial":31,"Anchor":19,"Bottled Flame":46,"Shuriken":42,"StSpp:TwinEgg":14,"Toxic Egg 2":44,"TungstenRod":10,"Unceasing Top":27},{"Ice Cream":16,"StSpp:SailorCap":4,"StSpp:Balance":19,"Torii":5,"Astrolabe":10,"StSpp:WoodenPendulum":23,"StoneCalendar":27,"EVO:Axolotl":0,"Whetstone":24,"Bottled Tornado":14,"MawBank":16,"Sling":21,"Burning Blood":0,"Blood Vial":18,"Anchor":11,"Bottled Flame":26,"Shuriken":24,"StSpp:TwinEgg":9,"Toxic Egg 2":25,"TungstenRod":6,"Unceasing Top":16},{"Ice Cream":89,"StSpp:SailorCap":16,"StSpp:Balance":111,"Torii":21,"Astrolabe":49,"StSpp:WoodenPendulum":127,"StoneCalendar":138,"EVO:Axolotl":0,"Whetstone":130,"Bottled Tornado":78,"MawBank":89,"Sling":120,"Burning Blood":0,"Blood Vial":101,"Anchor":57,"Bottled Flame":136,"Shuriken":130,"StSpp:TwinEgg":37,"Toxic Egg 2":135,"TungstenRod":26,"Unceasing Top":89}],"Burning Blood":160,"TungstenRod":105,"Unceasing Top":[15]},"card_choices":[{"not_picked":["StSpp:Unbreakable","Swift Strike"],"picked":"Dramatic Entrance","floor":0},{"not_picked":["Warcry","Armaments"],"picked":"Clothesline","floor":1},{"not_picked":["True Grit","StSpp:Sprint"],"picked":"Armaments","floor":3},{"not_picked":["Burning Pact","Combust","Infernal Blade"],"picked":"SKIP","floor":5},{"not_picked":["Searing Blow","Dark Embrace"],"picked":"Burning Pact","floor":6},{"not_picked":["Perfected Strike","Warcry","Armaments"],"picked":"SKIP","floor":7},{"not_picked":["Clash","Anger"],"picked":"Rupture","floor":10},{"not_picked":["Heavy Blade","Entrench"],"picked":"StSpp:Jab","floor":11},{"not_picked":["Rupture","Fiend Fire"],"picked":"StSpp:Jab","floor":12},{"not_picked":["Anger","Rupture"],"picked":"Cleave","floor":14},{"not_picked":["StSpp:BladeOfBlood","StSpp:Turnabout"],"picked":"Reaper","floor":16},{"not_picked":["StSpp:Sprint+1","Heavy Blade","Shrug It Off+1"],"picked":"SKIP","floor":18},{"not_picked":["Shrug It Off","Dropkick","Warcry"],"picked":"SKIP","floor":21},{"not_picked":["Blood for Blood","Anger"],"picked":"Flex+1","floor":22},{"not_picked":["Blood for Blood","Thunderclap"],"picked":"Feed","floor":23},{"not_picked":["Sever Soul","Anger","Second Wind"],"picked":"SKIP","floor":24},{"not_picked":["StSpp:Jab","Shrug It Off+1"],"picked":"Headbutt","floor":25},{"not_picked":["Rupture","Twin Strike+1","Cleave+1"],"picked":"SKIP","floor":28},{"not_picked":["Reckless Charge+1","Heavy Blade+1"],"picked":"StSpp:Succumb+1","floor":31},{"not_picked":["Berserk","Bludgeon"],"picked":"Immolate","floor":33},{"not_picked":["Body Slam+1","Disarm","Headbutt+1"],"picked":"SKIP","floor":35},{"not_picked":["Body Slam+1","Clothesline"],"picked":"Twin Strike+1","floor":37},{"not_picked":["Headbutt+1","Armaments+1"],"picked":"Bloodletting","floor":39},{"not_picked":["Disarm+1","Perfected Strike+1"],"picked":"StSpp:Succumb","floor":40},{"not_picked":["Clash","StSpp:Turnabout","StSpp:Vengeance","Twin Strike+1"],"picked":"Dropkick","floor":42},{"not_picked":["Reckless Charge","StSpp:IntoTheAbyss+1","Rampage+1","Thunderclap"],"picked":"Warcry+1","floor":44},{"not_picked":["StSpp:Turnabout+1","Pommel Strike","Wild Strike+1","Perfected Strike"],"picked":"Infernal Blade+1","floor":46},{"not_picked":["Wild Strike","Carnage+1","StSpp:Sprint+1","StSpp:Vengeance+1"],"picked":"Flex+1","floor":47},{"not_picked":["Anger","True Grit+1","Fire Breathing+1","Warcry+1"],"picked":"StSpp:Succumb+1","floor":48}],"player_experience":69088,"relics_obtained":[{"floor":6,"key":"StSpp:SailorCap"},{"floor":9,"key":"Torii"},{"floor":10,"key":"TungstenRod"},{"floor":14,"key":"StSpp:TwinEgg"},{"floor":23,"key":"Bottled Tornado"},{"floor":25,"key":"Ice Cream"},{"floor":26,"key":"MawBank"},{"floor":31,"key":"Blood Vial"},{"floor":40,"key":"StSpp:WoodenPendulum"},{"floor":42,"key":"Shuriken"},{"floor":43,"key":"Whetstone"},{"floor":44,"key":"Toxic Egg 2"},{"floor":46,"key":"Bottled Flame"},{"floor":47,"key":"StoneCalendar"}],"event_choices":[{"damage_healed":0,"gold_gain":0,"cards_transformed":["Strike_R"],"player_choice":"Transformed","damage_taken":0,"max_hp_gain":0,"max_hp_loss":0,"event_name":"Transmorgrifier","floor":4,"gold_loss":0,"cards_obtained":["Fire Breathing"]},{"damage_healed":0,"gold_gain":0,"player_choice":"Opened","damage_taken":0,"relics_obtained":["Anchor"],"max_hp_gain":0,"max_hp_loss":0,"event_name":"The Mausoleum","floor":19,"gold_loss":0,"cards_obtained":["Writhe"]},{"cards_removed":["Writhe"],"damage_healed":0,"gold_gain":0,"player_choice":"Upgrade and Remove","damage_taken":0,"max_hp_gain":0,"max_hp_loss":0,"event_name":"Designer","floor":20,"gold_loss":90,"cards_upgraded":["Rupture"]},{"damage_healed":0,"gold_gain":0,"player_choice":"Got Potions","damage_taken":0,"max_hp_gain":0,"max_hp_loss":0,"event_name":"Lab","floor":29,"gold_loss":0},{"damage_healed":0,"gold_gain":0,"player_choice":"Fight","damage_taken":0,"max_hp_gain":0,"max_hp_loss":0,"event_name":"Mysterious Sphere","floor":47,"gold_loss":0}],"is_beta":false,"boss_relics":[{"not_picked":["Empty Cage","Ectoplasm"],"picked":"Astrolabe"},{"not_picked":["StSpp:FireArrow","Tiny House"],"picked":"StSpp:Balance"}],"items_purged_floors":[],"is_endless":false,"potions_floor_spawned":[1,10,12,14,21,22,23,25,35,37,40,42,44,47],"ascension_level":1}}