{"host":"n5x0e04y88v3omrc","time":1613572862,"event":{"mods":["Aspiration","BaseMod","Colored Powertips","Downfall","Minty Spire (QoL Compilation)","Reimu£®≤©¿ˆ¡È√Œ£©","Remilia£®¿Ÿ√◊¿Ú—«£©","Replay The Spire","Shop Mod","StSLib"],"gold_per_floor":[116,132,57,69,69,97,97,45,45,58,69,81,81,26,26,130,130,141,341,101,118,68,68,68,103,158,33,44,64,76,76,76,171,171,188,203,253,74,86,113,113,128,151,151,151,151,201,201,216,229,229,229],"floor_reached":53,"language":"ZHS","playtime":4451,"items_purged":["Defend_Lin:ReiMu","Strike_Lin:ReiMu","Defend_Lin:ReiMu"],"score":909,"play_id":"1bb20896-90bd-4916-b96c-76a7d857887a","local_time":"20210217224102","is_ascension_mode":false,"campfire_choices":[{"data":"NB:ReiMu","floor":13,"key":"SMITH"},{"data":"HakureiPhantom:ReiMu","floor":15,"key":"SMITH"},{"data":"ForcedLanding:ReiMu","floor":23,"key":"SMITH"},{"data":"MikOfLucky:ReiMu","floor":32,"key":"SMITH"},{"floor":41,"key":"RECALL"},{"data":"Gathering:ReiMu","floor":51,"key":"SMITH"}],"circlet_count":0,"master_deck":["Strike_Lin:ReiMu","Defend_Lin:ReiMu","NB:ReiMu+1","Stagnation:ReiMu+1","SpringWay:ReiMu","RainPray2:ReiMu","SubAcupoint:ReiMu","HakureiPhantom:ReiMu+1","Amulet:ReiMu","RainPray2:ReiMu","Meditation:ReiMu+1","Amulet:ReiMu+1","Inflame+1","PrayRite:ReiMu","AbeCurse","ForcedLanding:ReiMu+1","ShadowOfCrow2:ReiMu","ShadowOfCrow2:ReiMu","Dramatic Entrance","TightArray:ReiMu","Mountainwind:ReiMu","MikOfLucky:ReiMu+1","EmergencyTakeOff:ReiMu","FoulBorder2:ReiMu","Gathering:ReiMu+1","Determination:ReiMu","SpiritualOutbreak2:ReiMu+1","Meditation:ReiMu+1","CareerPray:ReiMu+1","CareerPray:ReiMu+1","PassingAway:ReiMu+1","CareerPray:ReiMu+1","Trip","OctopathSalyBorderN:ReiMu"],"relics":["FlyPower:ReiMu","aspiration:Nostalgia","m_GuardianBlood","Chameleon Ring","Mercury Hourglass","Abe\u0027s Treasure","Tiny Chest","Gremlin Food","Salt:ReiMu","aspiration:SecretTechniqueScroll","War Paint","CaptainsWheel","Lantern","Ice Cream","Regal Pillow"],"acts_visited":["Exordium","TheCity","TheBeyond"],"potions_floor_usage":[6,16,16,33,52,52,52],"damage_taken":[{"damage":1,"enemies":"Jaw Worm","floor":1,"turns":8},{"damage":3,"enemies":"Small Slimes","floor":2,"turns":4},{"damage":3,"enemies":"Cultist","floor":4,"turns":4},{"damage":33,"enemies":"3 Sentries","floor":6,"turns":10},{"damage":2,"enemies":"Exordium Thugs","floor":10,"turns":3},{"damage":0,"enemies":"Large Slime","floor":11,"turns":5},{"damage":1,"enemies":"Looter","floor":12,"turns":4},{"damage":17,"enemies":"Fading Forest","floor":16,"turns":11},{"damage":11,"enemies":"3 Byrds","floor":18,"turns":4},{"damage":2,"enemies":"2 Thieves","floor":21,"turns":3},{"damage":23,"enemies":"Slavers","floor":25,"turns":5},{"damage":9,"enemies":"Snake Plant","floor":28,"turns":3},{"damage":4,"enemies":"Chosen and Byrds","floor":29,"turns":4},{"damage":10,"enemies":"Sentry and Sphere","floor":30,"turns":4},{"damage":16,"enemies":"Pondfish","floor":33,"turns":8},{"damage":13,"enemies":"3 Shapes","floor":35,"turns":3},{"damage":1,"enemies":"Orb Walker","floor":36,"turns":3},{"damage":5,"enemies":"Transient","floor":39,"turns":5},{"damage":16,"enemies":"Nemesis","floor":40,"turns":5},{"damage":7,"enemies":"Jaw Worm Horde","floor":42,"turns":2},{"damage":0,"enemies":"Mind Bloom Boss Battle","floor":47,"turns":5},{"damage":5,"enemies":"3 Darklings","floor":49,"turns":2},{"damage":12,"enemies":"4 Shapes","floor":50,"turns":2},{"damage":4,"enemies":"Time Eater","floor":52,"turns":6}],"seed_played":"7617048969508961106","potions_obtained":[{"floor":4,"key":"PinkPotion:ReiMu"},{"floor":10,"key":"PowerPotion"},{"floor":11,"key":"Toxic Potion"},{"floor":29,"key":"Doom Potion"},{"floor":36,"key":"SteroidPotion"},{"floor":47,"key":"Elixir"},{"floor":49,"key":"Block Potion"},{"floor":50,"key":"LiquidFlight:ReiMu"}],"is_trial":false,"path_per_floor":["M","M","$","M","?","E","?","$","T","M","M","M","R","$","R","B",null,"M","?","$","M","$","R","?","E","T","$","M","M","M","T","R","B",null,"M","M","T","$","M","E","R","M","T","?","PTL","PTL","?","T","M","M","R","B",null],"character_chosen":"REIMU","items_purchased":["Amulet:ReiMu","Inflame+1","ShadowOfCrow2:ReiMu","Dramatic Entrance","TightArray:ReiMu","CareerPray:ReiMu+1","War Paint"],"campfire_rested":0,"item_purchase_floors":[8,14,20,20,22,38,38],"current_hp_per_floor":[65,65,65,65,52,25,25,25,25,29,35,40,40,40,40,49,65,60,60,60,64,64,64,64,47,47,47,44,46,42,42,42,32,65,58,63,63,63,64,54,54,53,53,53,53,53,59,59,60,54,54,56],"gold":229,"neow_bonus":"NOSTALGIA","is_daily":false,"chose_seed":false,"campfire_upgraded":5,"win_rate":0.0,"timestamp":1613572862,"path_taken":["M","M","$","M","?","E","?","$","T","M","?","M","R","?","R","BOSS","M","?","$","M","?","R","?","E","T","?","M","?","M","?","R","BOSS","M","M","?","$","M","E","R","?","T","?","PTL","PTL","?","?","?","M","R","BOSS"],"items_purchased_type":["Card","Card","Card","Card","Card","Card","Relic"],"build_version":"2020-12-22","purchased_purges":3,"victory":true,"max_hp_per_floor":[65,65,65,65,65,65,65,65,65,65,65,65,65,65,65,65,65,65,65,65,65,65,65,65,65,65,65,65,65,65,65,65,65,65,65,65,65,65,65,65,65,65,65,65,65,65,65,65,65,65,65,65],"card_choices":[{"not_picked":["UniversalSpiritual:ReiMu","AlertArray:ReiMu"],"picked":"SpringWay:ReiMu","floor":1},{"not_picked":["Guardian:PolyBeam","Entrench"],"picked":"RainPray2:ReiMu","floor":2},{"not_picked":["FantasyBorder:ReiMu","YinYangSign:ReiMu"],"picked":"SubAcupoint:ReiMu","floor":4},{"not_picked":["Crusade:ReiMu","Massacre"],"picked":"HakureiPhantom:ReiMu","floor":6},{"not_picked":["Thunderclap","TightArray:ReiMu"],"picked":"RainPray2:ReiMu","floor":10},{"not_picked":["UpKicking:ReiMu","SealNeedle:ReiMu"],"picked":"Meditation:ReiMu","floor":11},{"not_picked":["Guardian:Gem_Red","Body Slam"],"picked":"Amulet:ReiMu","floor":12},{"not_picked":["CardOfSanctity:ReiMu","Double Tap"],"picked":"PrayRite:ReiMu","floor":16},{"not_picked":["OrbThrow:ReiMu","RainPray2:ReiMu"],"picked":"ForcedLanding:ReiMu","floor":18},{"not_picked":["UniversalSpiritual:ReiMu","Conquer:ReiMu","MikOfLucky:ReiMu"],"picked":"SKIP","floor":21},{"not_picked":["SpringWay:ReiMu","SpreadBorder2:ReiMu"],"picked":"EmergencyTakeOff:ReiMu","floor":25},{"not_picked":["DoubleButterfly:ReiMu","Determination:ReiMu"],"picked":"FoulBorder2:ReiMu","floor":28},{"not_picked":["Intuition:ReiMu","SubAcupoint:ReiMu","SubcavityInstant:ReiMu"],"picked":"SKIP","floor":29},{"not_picked":["RainPray2:ReiMu","Intuition:ReiMu"],"picked":"Gathering:ReiMu","floor":30},{"not_picked":["HakureiPhantom:ReiMu","Dreaming:ReiMu"],"picked":"Determination:ReiMu","floor":33},{"not_picked":["BarrageOfMoneybags:ReiMu","FantasyMoon:ReiMu+1"],"picked":"SpiritualOutbreak2:ReiMu+1","floor":35},{"not_picked":["MountainWay:ReiMu","SpringWay:ReiMu"],"picked":"Meditation:ReiMu+1","floor":36},{"not_picked":["SpreadBorder2:ReiMu+1","TakeOff:ReiMu+1"],"picked":"CareerPray:ReiMu+1","floor":39},{"not_picked":["SubcavityInstant:ReiMu","PhosphorusFlame:ReiMu+1"],"picked":"PassingAway:ReiMu+1","floor":40},{"not_picked":["SpreadBorder2:ReiMu","SealNeedle:ReiMu"],"picked":"CareerPray:ReiMu+1","floor":42},{"not_picked":["Purity","Madness"],"picked":"Trip","floor":44},{"not_picked":["FineLineFantasy:ReiMu","EmergencyTakeOff:ReiMu+1"],"picked":"OctopathSalyBorderN:ReiMu","floor":49},{"not_picked":["SafetyPray:ReiMu+1","AirManeuver:ReiMu","Enchanting:ReiMu"],"picked":"SKIP","floor":50}],"player_experience":84225,"relics_obtained":[{"floor":6,"key":"Chameleon Ring"},{"floor":9,"key":"Mercury Hourglass"},{"floor":25,"key":"Tiny Chest"},{"floor":26,"key":"Gremlin Food"},{"floor":31,"key":"Salt:ReiMu"},{"floor":40,"key":"CaptainsWheel"},{"floor":43,"key":"Lantern"},{"floor":47,"key":"Ice Cream"},{"floor":48,"key":"Regal Pillow"}],"event_choices":[{"damage_healed":0,"gold_gain":0,"player_choice":"Entered Light","damage_taken":13,"max_hp_gain":0,"max_hp_loss":0,"event_name":"Shining Light","floor":5,"gold_loss":0,"cards_upgraded":["Stagnation:ReiMu","Strike_Lin:ReiMu"]},{"cards_removed":["Defend_Lin:ReiMu"],"damage_healed":0,"gold_gain":0,"player_choice":"Offered Basic","damage_taken":0,"max_hp_gain":0,"max_hp_loss":0,"event_name":"Bonfire Elementals","floor":7,"gold_loss":0},{"damage_healed":0,"gold_gain":200,"player_choice":"Gold","damage_taken":0,"max_hp_gain":0,"max_hp_loss":0,"event_name":"Wheel of Change","floor":19,"gold_loss":0},{"damage_healed":0,"gold_gain":0,"cards_transformed":["Strike_Lin:ReiMu","Strike_Lin:ReiMu"],"player_choice":"Became Test Subject","damage_taken":0,"max_hp_gain":0,"max_hp_loss":0,"event_name":"Drug Dealer","floor":24,"gold_loss":0,"cards_obtained":["Mountainwind:ReiMu","MikOfLucky:ReiMu"]},{"damage_healed":0,"gold_gain":0,"player_choice":"Memory 1","damage_taken":0,"max_hp_gain":0,"max_hp_loss":0,"event_name":"SensoryStone","floor":44,"gold_loss":0},{"damage_healed":0,"gold_gain":0,"player_choice":"Fight","damage_taken":0,"max_hp_gain":0,"max_hp_loss":0,"event_name":"MindBloom","floor":47,"gold_loss":0}],"is_beta":false,"boss_relics":[{"not_picked":["aspiration:PoetsPen_weak","Calling Bell"],"picked":"Abe\u0027s Treasure"},{"not_picked":["ReplayTheSpireMod:DimensionalGlitch","Sozu"],"picked":"aspiration:SecretTechniqueScroll"}],"items_purged_floors":[3,20,27],"is_endless":false,"potions_floor_spawned":[4,10,11,29,36,47,49,50],"ascension_level":0}}