{"host":"i9n1mqtt8ldiczit","time":1613581488,"event":{"mods":["BaseMod","Colored Map","Custom Start","Hermit","Minty Spire (QoL Compilation)","StSLib","SuperFastMode","The Cursed","The Gatherer","The Hierophant","The Mystic","The Runesmith"],"gold_per_floor":[364,334,349,22,38,38,58,58,103,114,114,131,165,165,165,265,265,283,295,308,326,326,326],"floor_reached":22,"language":"KOR","playtime":4306,"items_purged":["TheCursedMod:Defend_TheCursed"],"score":190,"play_id":"cb4b912e-0ffb-46d7-9b32-8dd0f4aa32b9","local_time":"20210218020448","is_ascension_mode":false,"campfire_choices":[{"data":"TheCursedMod:CleanUpWorkshop","floor":6.0,"key":"SMITH"},{"data":"TheCursedMod:CursedSpellbook","floor":11.0,"key":"SMITH"},{"data":"TheCursedMod:PrepareRite","floor":15.0,"key":"SMITH"}],"circlet_count":0,"master_deck":["TheCursedMod:Strike_TheCursed","TheCursedMod:Strike_TheCursed","TheCursedMod:Strike_TheCursed","TheCursedMod:Strike_TheCursed","TheCursedMod:Defend_TheCursed","TheCursedMod:Defend_TheCursed","TheCursedMod:Defend_TheCursed","TheCursedMod:CursedWand","TheCursedMod:CleanUpWorkshop+1","TheCursedMod:Dregs","TheCursedMod:WearCloak","TheCursedMod:SpitefulStrike","TheCursedMod:AshesToAshes","TheCursedMod:PrepareRite+1","TheCursedMod:CursedSpellbook+1","TheCursedMod:WearCloak","TheCursedMod:SpitefulStrike","Pain","TheCursedMod:ManaCirculation","TheCursedMod:StunningStrike"],"relics":["TheCursedMod:BlackMagic101","Matryoshka","Smiling Mask","Tiny Chest","Regal Pillow","WarpedTongs","SlaversCollar"],"acts_visited":["Exordium","TheCity"],"potions_floor_usage":[16,16,20,21,21],"damage_taken":[{"damage":3.0,"enemies":"Small Slimes","floor":1.0,"turns":3.0},{"damage":1.0,"enemies":"Cultist","floor":3.0,"turns":4.0},{"damage":3.0,"enemies":"Jaw Worm","floor":5.0,"turns":2.0},{"damage":0.0,"enemies":"Gremlin Gang","floor":7.0,"turns":5.0},{"damage":1.0,"enemies":"Large Slime","floor":10.0,"turns":7.0},{"damage":3.0,"enemies":"Exordium Wildlife","floor":12.0,"turns":3.0},{"damage":7.0,"enemies":"3 Sentries","floor":13.0,"turns":8.0},{"damage":23,"enemies":"Slime Boss","floor":16,"turns":8},{"damage":15,"enemies":"Spheric Guardian","floor":18,"turns":4},{"damage":4,"enemies":"3 Byrds","floor":19,"turns":5},{"damage":19,"enemies":"Snecko","floor":20,"turns":6},{"damage":24,"enemies":"Snake Plant","floor":21,"turns":7},{"damage":17,"enemies":"Shelled Parasite and Fungi","floor":22,"turns":3}],"seed_played":"-8987295529314982811","potions_obtained":[{"floor":2.0,"key":"Ancient Potion"},{"floor":2.0,"key":"Weak Potion"},{"floor":3.0,"key":"SpeedPotion"},{"floor":13.0,"key":"GamblersBrew"},{"floor":16,"key":"SpeedPotion"},{"floor":19,"key":"DuplicationPotion"}],"is_trial":false,"path_per_floor":["M","?","M","$","M","R","M","$","T","M","R","M","E","?","R","B",null,"M","M","M","M","M"],"character_chosen":"THE_CURSED","items_purchased":["Matryoshka"],"campfire_rested":0,"item_purchase_floors":[4],"current_hp_per_floor":[51,51,50,50,47,47,47,47,47,46,46,43,36,36,36,13,75,60,56,37,13,0,0],"gold":326,"neow_bonus":"TWO_FIFTY_GOLD","is_daily":false,"chose_seed":false,"campfire_upgraded":3,"win_rate":0.0,"timestamp":1613581488,"path_taken":["M","?","M","$","M","R","M","?","T","M","R","?","E","?","R","BOSS","M","?","M","M","M"],"items_purchased_type":["Relic"],"build_version":"2020-12-22","purchased_purges":1,"victory":false,"max_hp_per_floor":[75,75,75,75,75,75,75,75,75,75,75,75,75,75,75,75,75,75,75,75,75,75,75],"card_choices":[{"not_picked":["TheCursedMod:CursedSpellbook","TheCursedMod:FleshFromBone"],"picked":"TheCursedMod:WearCloak","floor":1.0},{"not_picked":["TheCursedMod:AshesToAshes","TheCursedMod:CursedSpellbook"],"picked":"TheCursedMod:SpitefulStrike","floor":3.0},{"not_picked":["TheCursedMod:SpitefulStrike","TheCursedMod:CursedBoomerang"],"picked":"TheCursedMod:AshesToAshes","floor":5.0},{"not_picked":["TheCursedMod:AshesToAshes","TheCursedMod:EmpowerCircles"],"picked":"TheCursedMod:PrepareRite","floor":7.0},{"not_picked":["TheCursedMod:TacticalStrike","TheCursedMod:CursedShiv"],"picked":"TheCursedMod:CursedSpellbook","floor":10.0},{"not_picked":["TheCursedMod:AshesToAshes","TheCursedMod:TacticalStrike"],"picked":"TheCursedMod:WearCloak","floor":12.0},{"not_picked":["TheCursedMod:CursedStaff","TheCursedMod:CircleOfBlood"],"picked":"TheCursedMod:SpitefulStrike","floor":13.0},{"not_picked":["TheCursedMod:ForbiddenAlchemy","TheCursedMod:CircleOfAbyss"],"picked":"TheCursedMod:ManaCirculation","floor":16},{"not_picked":["TheCursedMod:CursedAmulet","TheCursedMod:CircleOfCorruption","TheCursedMod:TacticalStrike"],"picked":"SKIP","floor":18},{"not_picked":["TheCursedMod:CursedBlade","TheCursedMod:TroublousMinions","TheCursedMod:CursedAmulet"],"picked":"SKIP","floor":19},{"not_picked":["TheCursedMod:Grudge","TheCursedMod:TroublousMinions","TheCursedMod:Torture"],"picked":"SKIP","floor":20},{"not_picked":["TheCursedMod:CursedAmulet+1","TheCursedMod:FleshFromBone"],"picked":"TheCursedMod:StunningStrike","floor":21}],"player_experience":826352,"relics_obtained":[{"floor":9.0,"key":"Smiling Mask"},{"floor":9.0,"key":"Tiny Chest"},{"floor":13.0,"key":"Regal Pillow"}],"event_choices":[{"damage_healed":0.0,"max_hp_gain":0.0,"max_hp_loss":0.0,"gold_gain":0.0,"event_name":"The Woman in Blue","player_choice":"Bought 2 Potions","floor":2.0,"gold_loss":0.0,"damage_taken":0.0},{"damage_healed":0.0,"max_hp_gain":0.0,"max_hp_loss":0.0,"gold_gain":0.0,"event_name":"Accursed Blacksmith","player_choice":"Rummage","floor":14.0,"gold_loss":0.0,"damage_taken":0.0,"relics_obtained":["WarpedTongs"],"cards_obtained":["Pain"]}],"is_beta":false,"boss_relics":[{"not_picked":["Runic Dome","Velvet Choker"],"picked":"SlaversCollar"}],"items_purged_floors":[4],"is_endless":false,"potions_floor_spawned":[3,5,13,16,19],"killed_by":"Shelled Parasite and Fungi","ascension_level":0}}