{"host":"5hsgormuu0lj4iiq","time":1613532558,"event":{"mods":["AchievementEnabler","BaseMod","Colored Map","Colored Powertips","Minty Spire (QoL Compilation)","Quick Restart","Relic Stats","SuperFastMode","everything is the same but u backflip on backflip","slay the spire mod where everything is the same but ironclad has a cowboy hat"],"gold_per_floor":[118,118,118,132,132,163,163,188,188,188,219,74,74,104,104,178,228,239,256,272,194,194,194,194],"floor_reached":23,"language":"ENG","playtime":447,"items_purged":[],"score":504,"play_id":"bfba9f14-b729-4cb8-ad95-bd60236f7435","local_time":"20210216222918","is_ascension_mode":true,"campfire_choices":[{"data":"Buffer","floor":7,"key":"SMITH"},{"data":"Rip and Tear","floor":10,"key":"SMITH"},{"data":"Capacitor","floor":13,"key":"SMITH"},{"data":"Melter","floor":15,"key":"SMITH"}],"circlet_count":0,"master_deck":["AscendersBane","Strike_B","Strike_B+1","Strike_B","Strike_B","Defend_B","Defend_B+1","Defend_B+1","Defend_B","Zap","Dualcast","Capacitor+1","Leap","Buffer+1","Rip and Tear+1","Melter+1","Conserve Battery+1","Seek+1","Chaos+1","Coolheaded+1","Consume+1","Turbo+1","Loop","Pain"],"relics":["Cracked Core","NeowsBlessing","Toxic Egg 2","Blood Vial","Pen Nib","Oddly Smooth Stone","ClockworkSouvenir","Bottled Tornado","Tiny House","WarpedTongs"],"acts_visited":["Exordium","TheCity"],"potions_floor_usage":[8,8,11,17,18,23,23],"damage_taken":[{"damage":0,"enemies":"Jaw Worm","floor":1,"turns":1},{"damage":0,"enemies":"Small Slimes","floor":4,"turns":1},{"damage":0,"enemies":"3 Sentries","floor":6,"turns":1},{"damage":0,"enemies":"Gremlin Nob","floor":8,"turns":4},{"damage":0,"enemies":"Lagavulin","floor":11,"turns":7},{"damage":16,"enemies":"Gremlin Nob","floor":14,"turns":4},{"damage":30,"enemies":"Hexaghost","floor":16,"turns":13},{"damage":38,"enemies":"3 Byrds","floor":18,"turns":5},{"damage":0,"enemies":"Spheric Guardian","floor":19,"turns":2},{"damage":0,"enemies":"Chosen and Byrds","floor":20,"turns":5},{"damage":45,"enemies":"Book of Stabbing","floor":23,"turns":5}],"seed_played":"-3237222791863723304","potions_obtained":[{"floor":1,"key":"Explosive Potion"},{"floor":6,"key":"Explosive Potion"},{"floor":8,"key":"Regen Potion"},{"floor":14,"key":"SmokeBomb"},{"floor":16,"key":"Explosive Potion"},{"floor":17,"key":"Fruit Juice"},{"floor":18,"key":"CultistPotion"},{"floor":20,"key":"Fire Potion"}],"is_trial":false,"path_per_floor":["M","?","?","M","?","E","R","E","T","R","E","$","R","E","R","B",null,"M","M","M","$","?","E"],"character_chosen":"DEFECT","items_purchased":["ClockworkSouvenir","Loop"],"campfire_rested":0,"item_purchase_floors":[12,21],"current_hp_per_floor":[68,73,57,57,49,49,49,49,49,49,63,63,63,49,49,21,75,39,41,43,43,43,0,0],"gold":194,"neow_bonus":"THREE_ENEMY_KILL","is_daily":false,"chose_seed":false,"campfire_upgraded":4,"win_rate":0.0,"timestamp":1613532558,"path_taken":["M","?","?","M","?","E","R","E","T","R","E","$","R","E","R","BOSS","M","?","M","?","?","E"],"items_purchased_type":["Relic","Card"],"build_version":"2020-12-22","purchased_purges":0,"victory":false,"max_hp_per_floor":[75,80,80,80,80,80,80,80,80,80,80,80,80,80,80,80,90,90,90,90,90,90,90,90],"relic_stats":{"Blood Vial":14,"counters":[11,48],"Pen Nib":[3],"obtain_stats":[{"Blood Vial":8,"Tiny House":17,"NeowsBlessing":0,"Oddly Smooth Stone":11,"Pen Nib":9,"Toxic Egg 2":6,"Bottled Tornado":14,"Cracked Core":0,"ClockworkSouvenir":12,"WarpedTongs":22},{"Blood Vial":4,"Tiny House":7,"NeowsBlessing":0,"Oddly Smooth Stone":5,"Pen Nib":4,"Toxic Egg 2":3,"Bottled Tornado":6,"Cracked Core":0,"ClockworkSouvenir":5,"WarpedTongs":10},{"Blood Vial":7,"Tiny House":31,"NeowsBlessing":0,"Oddly Smooth Stone":14,"Pen Nib":7,"Toxic Egg 2":3,"Bottled Tornado":18,"Cracked Core":0,"ClockworkSouvenir":14,"WarpedTongs":43}],"WarpedTongs":[4]},"card_choices":[{"not_picked":["BootSequence","Turbo"],"picked":"Capacitor","floor":1},{"not_picked":["Blizzard","Hologram"],"picked":"Leap","floor":4},{"not_picked":["Consume+1","Gash"],"picked":"Buffer","floor":6},{"not_picked":["Compile Driver","Gash"],"picked":"Rip and Tear","floor":8},{"not_picked":["Sweeping Beam","Multi-Cast+1"],"picked":"Melter","floor":11},{"not_picked":["Stack+1","Melter"],"picked":"Conserve Battery+1","floor":14},{"not_picked":["Reboot+1","Fission+1"],"picked":"Seek+1","floor":16},{"not_picked":["Aggregate+1","Hello World"],"picked":"Chaos+1","floor":17},{"not_picked":["Sunder","Conserve Battery+1"],"picked":"Coolheaded+1","floor":18},{"not_picked":["Tempest+1","Streamline"],"picked":"Consume+1","floor":19},{"not_picked":["Go for the Eyes","Rebound"],"picked":"Turbo+1","floor":20}],"player_experience":744616,"relics_obtained":[{"floor":6,"key":"Toxic Egg 2"},{"floor":8,"key":"Blood Vial"},{"floor":9,"key":"Pen Nib"},{"floor":11,"key":"Oddly Smooth Stone"},{"floor":14,"key":"Bottled Tornado"}],"event_choices":[{"damage_healed":0,"gold_gain":0,"player_choice":"Donut","damage_taken":0,"max_hp_gain":5,"max_hp_loss":0,"event_name":"Big Fish","floor":2,"gold_loss":0},{"damage_healed":0,"gold_gain":0,"player_choice":"Entered Light","damage_taken":16,"max_hp_gain":0,"max_hp_loss":0,"event_name":"Shining Light","floor":3,"gold_loss":0,"cards_upgraded":["Defend_B","Strike_B"]},{"damage_healed":0,"gold_gain":0,"player_choice":"Damaged","damage_taken":8,"max_hp_gain":0,"max_hp_loss":0,"event_name":"Wheel of Change","floor":5,"gold_loss":0},{"damage_healed":0,"gold_gain":0,"player_choice":"Rummage","damage_taken":0,"relics_obtained":["WarpedTongs"],"max_hp_gain":0,"max_hp_loss":0,"event_name":"Accursed Blacksmith","floor":22,"gold_loss":0,"cards_obtained":["Pain"]}],"is_beta":false,"boss_relics":[{"not_picked":["Empty Cage","Inserter"],"picked":"Tiny House"}],"items_purged_floors":[],"is_endless":false,"potions_floor_spawned":[1,6,8,14,16,18,20],"killed_by":"Book of Stabbing","ascension_level":13}}