{"host":"x05n69rv5q9mps34","time":1613586254,"event":{"mods":["AchievementEnabler","BaseMod","Colored Map","Minty Spire (QoL Compilation)","SuperFastMode"],"gold_per_floor":[112,123,123,134,134,134,146,146,170,61,78,113,63,63,63,173,182,219,12,12,32,60,60,80,114,141,167,201,201,201,101,101,212,212,239,267,318,318,327,327,327,327],"floor_reached":41,"language":"ENG","playtime":2820,"items_purged":["Defend_P","Strike_P"],"score":532,"play_id":"b7b63e0c-0e57-4ca7-a6e5-87d63de49e4d","local_time":"20210217162414","is_ascension_mode":true,"campfire_choices":[{"data":"CutThroughFate","floor":6,"key":"SMITH"},{"data":"BowlingBash","floor":8,"key":"SMITH"},{"data":"Prostrate","floor":15,"key":"SMITH"},{"data":"Nirvana","floor":23,"key":"SMITH"},{"floor":30,"key":"REST"},{"floor":32,"key":"REST"},{"floor":40,"key":"RECALL"}],"circlet_count":0,"master_deck":["Strike_P+1","Strike_P","Defend_P","Defend_P","Eruption+1","Vigilance","EmptyMind","EmptyBody","CutThroughFate+1","BowlingBash+1","Wallop","BattleHymn","Prostrate+1","WaveOfTheHand","DeusExMachina","CurseOfTheBell","Weave","FearNoEvil+1","ThirdEye","Swift Strike","Nirvana+1","CutThroughFate","JustLucky","Protect+1","Evaluate+1","Omniscience","FlurryOfBlows","Pray","Decay"],"relics":["PureWater","Blood Vial","CeramicFish","Singing Bowl","Calling Bell","Strawberry","Shuriken","Prayer Wheel","MealTicket","Toy Ornithopter","SacredBark"],"acts_visited":["Exordium","TheCity","TheBeyond"],"potions_floor_usage":[22,25,25,27,28,33,33,38],"damage_taken":[{"damage":1,"enemies":"2 Louse","floor":1,"turns":3},{"damage":3,"enemies":"Cultist","floor":2,"turns":4},{"damage":0,"enemies":"Jaw Worm","floor":4,"turns":5},{"damage":7,"enemies":"Large Slime","floor":7,"turns":9},{"damage":0,"enemies":"Looter","floor":11,"turns":1},{"damage":0,"enemies":"3 Sentries","floor":12,"turns":7},{"damage":25,"enemies":"The Guardian","floor":16,"turns":13},{"damage":0,"enemies":"Chosen","floor":18,"turns":4},{"damage":0,"enemies":"2 Thieves","floor":21,"turns":3},{"damage":32,"enemies":"Snecko","floor":22,"turns":5},{"damage":30,"enemies":"Snake Plant","floor":24,"turns":5},{"damage":20,"enemies":"Shelled Parasite and Fungi","floor":25,"turns":6},{"damage":4,"enemies":"3 Cultists","floor":27,"turns":6},{"damage":21,"enemies":"Slavers","floor":28,"turns":6},{"damage":44,"enemies":"Collector","floor":33,"turns":11},{"damage":3,"enemies":"Orb Walker","floor":35,"turns":5},{"damage":8,"enemies":"3 Shapes","floor":36,"turns":5},{"damage":0,"enemies":"Writhing Mass","floor":38,"turns":1},{"damage":112,"enemies":"Reptomancer","floor":41,"turns":5}],"seed_played":"3803570097207307100","potions_obtained":[{"floor":1,"key":"LiquidMemories"},{"floor":2,"key":"Regen Potion"},{"floor":3,"key":"AttackPotion"},{"floor":27,"key":"EntropicBrew"},{"floor":28,"key":"Energy Potion"}],"is_trial":false,"path_per_floor":["M","M","?","M","?","R","M","R","T","$","M","E","?","T","R","B",null,"M","$","?","M","M","R","M","M","T","M","E","?","R","$","R","B",null,"M","M","T","M","?","R","E"],"character_chosen":"WATCHER","items_purchased":["Wallop","BattleHymn","ThirdEye","Swift Strike"],"campfire_rested":2,"item_purchase_floors":[10,10,19,19],"current_hp_per_floor":[78,75,75,75,59,59,52,52,52,52,54,56,56,56,56,33,86,86,86,86,88,58,58,34,31,31,31,14,14,43,58,87,55,98,97,93,93,100,100,100,0,0],"gold":327,"neow_bonus":"TEN_PERCENT_HP_BONUS","is_daily":false,"chose_seed":false,"campfire_upgraded":4,"win_rate":0.0,"timestamp":1613586254,"path_taken":["M","M","?","?","?","R","M","R","T","?","M","E","?","?","R","BOSS","M","$","?","M","M","R","M","M","T","M","E","?","R","?","R","BOSS","M","M","?","M","?","R","E"],"items_purchased_type":["Card","Card","Card","Card"],"build_version":"2020-12-22","purchased_purges":2,"victory":false,"max_hp_per_floor":[79,79,79,79,79,79,79,79,79,79,79,79,79,79,79,79,86,86,86,86,88,90,90,94,94,94,96,98,98,98,98,98,98,98,100,102,102,102,102,102,102,102],"card_choices":[{"not_picked":["SashWhip","Conclude"],"picked":"EmptyMind","floor":1},{"not_picked":["Consecrate","Crescendo"],"picked":"EmptyBody","floor":2},{"not_picked":["EmptyFist","Pray"],"picked":"CutThroughFate","floor":4},{"not_picked":["SpiritShield","JustLucky"],"picked":"BowlingBash","floor":7},{"not_picked":["WindmillStrike","SashWhip"],"picked":"Prostrate","floor":11},{"not_picked":["EmptyFist","Establishment"],"picked":"WaveOfTheHand","floor":12},{"not_picked":["Ragnarok","Blasphemy"],"picked":"DeusExMachina","floor":16},{"not_picked":["EmptyFist","Protect"],"picked":"Weave","floor":18},{"not_picked":["ClearTheMind+1","SignatureMove"],"picked":"FearNoEvil+1","floor":18},{"not_picked":["BowlingBash","Vengeance","Consecrate"],"picked":"Singing Bowl","floor":21},{"not_picked":["Weave+1","MentalFortress"],"picked":"Nirvana","floor":21},{"not_picked":["Protect","SashWhip+1","Ragnarok"],"picked":"Singing Bowl","floor":22},{"not_picked":["Worship+1","PathToVictory"],"picked":"CutThroughFate","floor":22},{"not_picked":["CrushJoints","ThirdEye+1","SashWhip"],"picked":"Singing Bowl","floor":24},{"not_picked":["CutThroughFate","Halt","BowlingBash"],"picked":"Singing Bowl","floor":24},{"not_picked":["Evaluate","ThirdEye"],"picked":"JustLucky","floor":25},{"not_picked":["Tantrum","LessonLearned"],"picked":"Protect+1","floor":25},{"not_picked":["Swivel","ClearTheMind","CarveReality"],"picked":"Singing Bowl","floor":27},{"not_picked":["WindmillStrike","CarveReality"],"picked":"Evaluate+1","floor":27},{"not_picked":["Evaluate","BowlingBash","ConjureBlade"],"picked":"Singing Bowl","floor":28},{"not_picked":["Vault","SpiritShield"],"picked":"Omniscience","floor":33},{"not_picked":["Protect+1","CrushJoints+1"],"picked":"FlurryOfBlows","floor":35},{"not_picked":["FlyingSleeves+1","SashWhip","BowlingBash"],"picked":"Singing Bowl","floor":35},{"not_picked":["PathToVictory+1","EmptyBody+1","Halt+1"],"picked":"Singing Bowl","floor":36},{"not_picked":["Halt","Evaluate"],"picked":"Pray","floor":36}],"player_experience":1015911,"relics_obtained":[{"floor":9,"key":"Blood Vial"},{"floor":12,"key":"CeramicFish"},{"floor":14,"key":"Singing Bowl"},{"floor":17,"key":"Strawberry"},{"floor":17,"key":"Shuriken"},{"floor":17,"key":"Prayer Wheel"},{"floor":26,"key":"MealTicket"},{"floor":28,"key":"Toy Ornithopter"}],"event_choices":[{"damage_healed":0,"gold_gain":0,"player_choice":"Got Potions","damage_taken":0,"max_hp_gain":0,"max_hp_loss":0,"event_name":"Lab","floor":3,"gold_loss":0},{"damage_healed":0,"gold_gain":0,"player_choice":"Entered Light","damage_taken":16,"max_hp_gain":0,"max_hp_loss":0,"event_name":"Shining Light","floor":5,"gold_loss":0,"cards_upgraded":["Strike_P","Eruption"]},{"cards_removed":["Strike_P"],"damage_healed":0,"gold_gain":0,"player_choice":"Card Removal","damage_taken":0,"max_hp_gain":0,"max_hp_loss":0,"event_name":"The Cleric","floor":13,"gold_loss":50},{"cards_removed":["Defend_P"],"damage_healed":0,"gold_gain":0,"player_choice":"Elegance","damage_taken":0,"max_hp_gain":0,"max_hp_loss":0,"event_name":"Back to Basics","floor":20,"gold_loss":0},{"damage_healed":0,"gold_gain":0,"player_choice":"Ignored","damage_taken":0,"max_hp_gain":0,"max_hp_loss":0,"event_name":"Ghosts","floor":29,"gold_loss":0},{"damage_healed":0,"gold_gain":0,"player_choice":"Cursed","damage_taken":0,"max_hp_gain":0,"max_hp_loss":0,"event_name":"Wheel of Change","floor":39,"gold_loss":0,"cards_obtained":["Decay"]}],"is_beta":false,"boss_relics":[{"not_picked":["Cursed Key","Astrolabe"],"picked":"Calling Bell"},{"not_picked":["Velvet Choker","VioletLotus"],"picked":"SacredBark"}],"items_purged_floors":[19,31],"is_endless":false,"potions_floor_spawned":[1,2,12,21,27,28,38],"killed_by":"Reptomancer","ascension_level":2}}