{"host":"f5gffvlv6a66yqkd","time":1613536217,"event":{"mods":["2.2 Compatiblity","BaseMod","Colored Map","Custom Start","DeckTracker","Keyboard Shortcuts","Minty Spire (QoL Compilation)","Permanent Neow","Quick Restart","Relic Stats","StSLib","SuperFastMode"],"gold_per_floor":[116,132,149,149,25,25,55,55,79,108,135,135,135,153,153,250,250,260,270,270,290,307,307,67,67,67,67,85,175,191,221,221,321,371,384,429,304,304,107,107,119,146,169,169,188,213,213,238,238,238,238,238,58,90,90],"floor_reached":56,"language":"KOR","playtime":1768,"items_purged":["Defend_P","SignatureMove","Defend_P","Strike_P"],"score":1809,"play_id":"b758a255-ada6-4c60-9e31-2c99deaf9ea0","local_time":"20210217133017","is_ascension_mode":true,"campfire_choices":[{"data":"Adaptation","floor":6.0,"key":"SMITH"},{"data":"FlurryOfBlows","floor":8.0,"key":"SMITH"},{"data":"ReachHeaven","floor":12.0,"key":"SMITH"},{"floor":15.0,"key":"RECALL"},{"floor":23.0,"key":"REST"},{"data":"Brilliance","floor":25.0,"key":"SMITH"},{"data":"Vigilance","floor":27.0,"key":"SMITH"},{"floor":32.0,"key":"REST"},{"data":"EmptyFist","floor":40.0,"key":"SMITH"},{"data":"Finesse","floor":49.0,"key":"SMITH"},{"data":"Purity","floor":52.0,"key":"SMITH"}],"circlet_count":0,"master_deck":["Strike_P","Defend_P+1","Defend_P","Eruption+1","Vigilance+1","FearNoEvil","Adaptation+1","FlurryOfBlows+1","Brilliance+1","TalkToTheHand+1","Prostrate+1","Study+1","Finesse+1","Purity+1","EmptyFist+1","Pray+1","TalkToTheHand","MasterReality"],"relics":["PureWater","MealTicket","Akabeko","Odd Mushroom","Runic Pyramid","Nloth\u0027s Gift","Letter Opener","InkBottle","Tiny House","Pocketwatch","Oddly Smooth Stone","Bronze Scales","Lantern","OrangePellets","Boot"],"acts_visited":["Exordium","TheCity","TheBeyond","TheEnding"],"potions_floor_usage":[55,55],"damage_taken":[{"damage":0.0,"enemies":"Jaw Worm","floor":1.0,"turns":3.0},{"damage":0.0,"enemies":"Cultist","floor":2.0,"turns":2.0},{"damage":0.0,"enemies":"Small Slimes","floor":3.0,"turns":4.0},{"damage":25.0,"enemies":"Lagavulin","floor":7.0,"turns":4.0},{"damage":10.0,"enemies":"3 Sentries","floor":10.0,"turns":6.0},{"damage":9.0,"enemies":"The Mushroom Lair","floor":11.0,"turns":2.0},{"damage":3.0,"enemies":"Looter","floor":14.0,"turns":2.0},{"damage":0.0,"enemies":"Slime Boss","floor":16.0,"turns":3.0},{"damage":7.0,"enemies":"3 Byrds","floor":18.0,"turns":4.0},{"damage":1.0,"enemies":"Spheric Guardian","floor":19.0,"turns":3.0},{"damage":15.0,"enemies":"Snake Plant","floor":21.0,"turns":3.0},{"damage":5.0,"enemies":"Snecko","floor":22.0,"turns":3.0},{"damage":9.0,"enemies":"Centurion and Healer","floor":28.0,"turns":3.0},{"damage":16.0,"enemies":"Snake Plant","floor":30.0,"turns":2.0},{"damage":52.0,"enemies":"Slavers","floor":31.0,"turns":4.0},{"damage":4.0,"enemies":"Automaton","floor":33.0,"turns":5.0},{"damage":16.0,"enemies":"Orb Walker","floor":35.0,"turns":4.0},{"damage":59.0,"enemies":"2 Orb Walkers","floor":36.0,"turns":5.0},{"damage":3.0,"enemies":"3 Shapes","floor":41.0,"turns":6.0},{"damage":10.0,"enemies":"Nemesis","floor":42.0,"turns":5.0},{"damage":5.0,"enemies":"Writhing Mass","floor":45.0,"turns":4.0},{"damage":26.0,"enemies":"Reptomancer","floor":48.0,"turns":4.0},{"damage":55.0,"enemies":"Donu and Deca","floor":50.0,"turns":6.0},{"damage":52.0,"enemies":"Shield and Spear","floor":54.0,"turns":4.0},{"damage":36,"enemies":"The Heart","floor":55,"turns":6}],"seed_played":"5077121177820278404","potions_obtained":[{"floor":1.0,"key":"BlessingOfTheForge"},{"floor":2.0,"key":"FearPotion"},{"floor":4.0,"key":"FairyPotion"},{"floor":10.0,"key":"EssenceOfSteel"},{"floor":16.0,"key":"LiquidMemories"},{"floor":21.0,"key":"Ancient Potion"},{"floor":31.0,"key":"PowerPotion"},{"floor":33.0,"key":"Swift Potion"},{"floor":34.0,"key":"Fruit Juice"},{"floor":41.0,"key":"DistilledChaos"},{"floor":48.0,"key":"CultistPotion"}],"is_trial":false,"path_per_floor":["M","M","M","?","$","R","E","R","T","E","?","R","?","M","R","B",null,"M","M","?","M","M","R","$","R","T","R","M","?","M","E","R","B",null,"M","?","$","?","$","R","M","E","T","?","M","T","?","E","R","B",null,"R","$","E","B",null],"character_chosen":"WATCHER","items_purchased":["FlurryOfBlows","Brilliance","EmptyFist","TalkToTheHand","OrangePellets"],"campfire_rested":2,"item_purchase_floors":[5,24,39,53,53],"current_hp_per_floor":[65,65,65,65,65,65,47,47,47,37,28,28,28,25,25,25,66,59,58,58,43,38,61,76,76,76,76,67,49,33,23,46,42,80,64,5,20,10,25,25,22,12,12,12,7,7,89,63,63,8,69,69,84,32,22],"gold":90,"neow_bonus":"UPGRADE_CARD","is_daily":false,"chose_seed":false,"campfire_upgraded":8,"win_rate":0.0,"timestamp":1613536217,"path_taken":["M","M","M","?","?","R","E","R","T","E","?","R","?","M","R","BOSS","M","?","?","M","M","R","?","R","T","R","?","?","?","E","R","BOSS","M","?","$","?","$","R","M","E","T","?","M","?","?","E","R","BOSS","R","$","E","BOSS"],"items_purchased_type":["Card","Card","Card","Card","Relic"],"build_version":"2020-12-22","purchased_purges":4,"victory":true,"max_hp_per_floor":[72,72,72,72,72,72,79,79,79,79,79,79,79,79,79,79,79,79,79,79,79,79,79,79,79,79,79,79,79,79,79,79,79,89,89,89,89,89,89,89,89,89,89,89,89,89,89,89,89,89,89,89,89,89,89],"relic_stats":{"OrangePellets":[3],"counters":[25,97],"Bronze Scales":[126],"MealTicket":60,"Nloth\u0027s Gift":4,"Letter Opener":[255],"Boot":[1],"obtain_stats":[{"Lantern":48,"Tiny House":34,"Oddly Smooth Stone":42,"Letter Opener":26,"Odd Mushroom":11,"Boot":54,"Akabeko":10,"OrangePellets":53,"Strawberry":7,"Bronze Scales":46,"MealTicket":9,"Nloth\u0027s Gift":20,"PureWater":0,"InkBottle":31,"Runic Pyramid":17,"Pocketwatch":36},{"Lantern":22,"Tiny House":16,"Oddly Smooth Stone":20,"Letter Opener":12,"Odd Mushroom":6,"Boot":24,"Akabeko":5,"OrangePellets":23,"Strawberry":4,"Bronze Scales":21,"MealTicket":4,"Nloth\u0027s Gift":10,"PureWater":0,"InkBottle":15,"Runic Pyramid":8,"Pocketwatch":18},{"Lantern":81,"Tiny House":53,"Oddly Smooth Stone":73,"Letter Opener":39,"Odd Mushroom":21,"Boot":91,"Akabeko":19,"OrangePellets":87,"Strawberry":13,"Bronze Scales":77,"MealTicket":13,"Nloth\u0027s Gift":33,"PureWater":0,"InkBottle":48,"Runic Pyramid":26,"Pocketwatch":62}],"InkBottle":[35],"Pocketwatch":[5]},"card_choices":[{"not_picked":["InnerPeace","Study"],"picked":"FearNoEvil","floor":1.0},{"not_picked":["LikeWater","EmptyBody"],"picked":"Adaptation","floor":2.0},{"not_picked":["WreathOfFlame","Protect","ReachHeaven"],"picked":"SKIP","floor":3.0},{"not_picked":["Evaluate","Establishment","Devotion"],"picked":"SKIP","floor":7.0},{"not_picked":["Fasting2","JustLucky"],"picked":"ReachHeaven","floor":10.0},{"not_picked":["ClearTheMind","Crescendo","Prostrate"],"picked":"SKIP","floor":14.0},{"not_picked":["Pray","ThirdEye","WreathOfFlame+1"],"picked":"SKIP","floor":18.0},{"not_picked":["Vengeance","WaveOfTheHand","CrushJoints+1"],"picked":"SKIP","floor":19.0},{"not_picked":["ThirdEye+1","FollowUp","FlyingSleeves+1"],"picked":"SKIP","floor":21.0},{"not_picked":["Indignation","ClearTheMind","ReachHeaven"],"picked":"SKIP","floor":22.0},{"not_picked":["ClearTheMind+1","ConjureBlade"],"picked":"TalkToTheHand+1","floor":28.0},{"not_picked":["SandsOfTime","CrushJoints","SignatureMove"],"picked":"SKIP","floor":30.0},{"not_picked":["Protect+1","LessonLearned"],"picked":"Prostrate+1","floor":31.0},{"not_picked":["EmptyFist+1","ForeignInfluence+1"],"picked":"Study+1","floor":35.0},{"not_picked":["Good Instincts","PanicButton"],"picked":"Finesse","floor":38.0},{"not_picked":["Sadistic Nature","PanicButton"],"picked":"Purity","floor":38.0},{"not_picked":["ClearTheMind","EmptyBody+1","Worship+1"],"picked":"SKIP","floor":41.0},{"not_picked":["DeceiveReality+1","Sanctity+1","Crescendo+1"],"picked":"SKIP","floor":42.0},{"not_picked":["Omniscience","Collect"],"picked":"Pray+1","floor":45.0},{"not_picked":["FlurryOfBlows+1","CrushJoints","Consecrate"],"picked":"SKIP","floor":48.0},{"not_picked":["JustLucky","Study+1"],"picked":"MasterReality","floor":54.0}],"player_experience":1476444,"relics_obtained":[{"floor":7.0,"key":"Strawberry"},{"floor":9.0,"key":"MealTicket"},{"floor":10.0,"key":"Akabeko"},{"floor":11.0,"key":"Odd Mushroom"},{"floor":26.0,"key":"Letter Opener"},{"floor":31.0,"key":"InkBottle"},{"floor":36.0,"key":"Pocketwatch"},{"floor":42.0,"key":"Oddly Smooth Stone"},{"floor":46.0,"key":"Bronze Scales"},{"floor":48.0,"key":"Lantern"},{"floor":54.0,"key":"Boot"}],"event_choices":[{"damage_healed":0.0,"max_hp_gain":0.0,"max_hp_loss":0.0,"gold_gain":0.0,"event_name":"Lab","player_choice":"Got Potions","floor":4.0,"gold_loss":0.0,"damage_taken":0.0},{"damage_healed":0.0,"max_hp_gain":0.0,"max_hp_loss":0.0,"gold_gain":0.0,"event_name":"Mushrooms","player_choice":"Fought Mushrooms","floor":11.0,"gold_loss":0.0,"damage_taken":0.0},{"damage_healed":0.0,"max_hp_gain":0.0,"max_hp_loss":0.0,"gold_gain":0.0,"cards_transformed":["Strike_P"],"event_name":"Transmorgrifier","player_choice":"Transformed","floor":13.0,"gold_loss":0.0,"damage_taken":0.0,"cards_obtained":["SignatureMove"]},{"damage_healed":0.0,"max_hp_gain":0.0,"max_hp_loss":0.0,"gold_gain":0.0,"event_name":"N\u0027loth","player_choice":"Traded Relic","floor":20.0,"relics_lost":["Strawberry"],"gold_loss":0.0,"damage_taken":0.0,"relics_obtained":["Nloth\u0027s Gift"]},{"damage_healed":0.0,"max_hp_gain":0.0,"max_hp_loss":0.0,"gold_gain":90.0,"event_name":"Knowing Skull","player_choice":"GOLD POTION ","floor":29.0,"potions_obtained":["FairyPotion"],"gold_loss":0.0,"damage_taken":18.0,"cards_obtained":[]},{"damage_healed":0.0,"max_hp_gain":0.0,"max_hp_loss":0.0,"gold_gain":0.0,"event_name":"Mysterious Sphere","player_choice":"Fight","floor":36.0,"gold_loss":0.0,"damage_taken":0.0},{"damage_healed":0.0,"max_hp_gain":0.0,"max_hp_loss":0.0,"gold_gain":0.0,"event_name":"SensoryStone","player_choice":"Memory 3","floor":38.0,"gold_loss":0.0,"damage_taken":10.0},{"cards_removed":["Strike_P"],"damage_healed":0.0,"max_hp_gain":0.0,"max_hp_loss":0.0,"gold_gain":0.0,"event_name":"Falling","player_choice":"Removed Attack","floor":44.0,"gold_loss":0.0,"damage_taken":0.0},{"cards_removed":["ReachHeaven"],"damage_healed":82.0,"max_hp_gain":0.0,"max_hp_loss":0.0,"gold_gain":0.0,"event_name":"Bonfire Elementals","player_choice":"Offered Uncommon","floor":47.0,"gold_loss":0.0,"damage_taken":0.0}],"is_beta":false,"boss_relics":[{"not_picked":["SacredBark","Ectoplasm"],"picked":"Runic Pyramid"},{"not_picked":["Calling Bell","Velvet Choker"],"picked":"Tiny House"}],"items_purged_floors":[5,24,37,39],"is_endless":false,"potions_floor_spawned":[1,2,10,16,21,31,33,41,48],"ascension_level":9}}