{"host":"nia1zwr35jsu5y7h","time":1613528838,"event":{"mods":["2.2 Compatiblity","Abigail Mod","Bard","BaseMod","Colored Map","Conspire","Downfall","Friendly Minions","Hermit","Highlight Path","Hubris","Infinite Spire","Kiyohime????","Koishi","Marisa????????","Minty Spire (QoL Compilation)","Quick Restart","Replay The Spire","Shade Mod","Shop Mod","StSLib","The Animator","The Construct","The Cursed","The Disciple","The Mystic","The Necromancer","The Servant 0.9.4"],"gold_per_floor":[114,2,2,21,21,54,54,85,112,144,157,157,157,169,169,240,240,258,275,288,299,299,299],"floor_reached":22,"language":"ENG","playtime":793,"items_purged":["mysticmod:Strike_Mystic"],"score":487,"play_id":"214199e8-00f6-4cfd-8fb0-f40ea918c0c6","local_time":"20210216182717","is_ascension_mode":true,"campfire_choices":[{"data":"mysticmod:ShockingGrasp","floor":7.0,"key":"SMITH"},{"data":"mysticmod:EnchantedMoulinet","floor":12.0,"key":"SMITH"},{"data":"mysticmod:MagicMissile","floor":15.0,"key":"SMITH"}],"circlet_count":0,"master_deck":["AscendersBane","conspire:GhostlyStrike","conspire:GhostlyStrike","conspire:GhostlyStrike","conspire:GhostlyDefend","conspire:GhostlyDefend","conspire:GhostlyDefend","conspire:GhostlyDefend","mysticmod:ArcaneDodge","mysticmod:ShockingGrasp+1","mysticmod:SpellCombat","mysticmod:FiveFootStep+1","mysticmod:Fly","mysticmod:KeenEdge","mysticmod:EnchantedMoulinet+1","mysticmod:BladedDash","mysticmod:MagicMissile+1","mysticmod:Doublecast","mysticmod:MagicMissile","mysticmod:PunishingArmor","mysticmod:EarthenWall","mysticmod:Flurry"],"relics":["mysticmod:SpellBook","NeowsBlessing","hubris:GlazedTorus","Toy Ornithopter","Bag of Preparation","Bottled Flame","Coffee Dripper"],"acts_visited":["Exordium","TheCity"],"potions_floor_usage":[],"damage_taken":[{"damage":0.0,"enemies":"2 Louse","floor":1.0,"turns":1.0},{"damage":0.0,"enemies":"Cultist","floor":4.0,"turns":1.0},{"damage":0.0,"enemies":"Lagavulin","floor":6.0,"turns":1.0},{"damage":22.0,"enemies":"Gremlin Nob","floor":8.0,"turns":4.0},{"damage":14.0,"enemies":"Lagavulin","floor":10.0,"turns":4.0},{"damage":0.0,"enemies":"conspire:RoseBush","floor":11.0,"turns":2.0},{"damage":0.0,"enemies":"Looter","floor":14.0,"turns":2.0},{"damage":28.0,"enemies":"The Guardian","floor":16.0,"turns":8.0},{"damage":0.0,"enemies":"conspire:FuzzyDice","floor":18.0,"turns":5.0},{"damage":7.0,"enemies":"2 Thieves","floor":19.0,"turns":3.0},{"damage":27.0,"enemies":"Snecko","floor":20.0,"turns":5.0},{"damage":5.0,"enemies":"Snake Plant","floor":21.0,"turns":4.0},{"damage":0,"enemies":"Cultist and Chosen","floor":22,"turns":3}],"seed_played":"-5385653234631169305","potions_obtained":[{"floor":8.0,"key":"sneckomod:MuddlingPotion"},{"floor":11.0,"key":"hexamod:SoulburnPotion"}],"is_trial":false,"path_per_floor":["M","$","?","M","?","E","R","E","T","E","M","R","$","M","R","B",null,"M","M","M","M","M"],"character_chosen":"MYSTIC_CLASS","items_purchased":["mysticmod:FiveFootStep"],"campfire_rested":0,"item_purchase_floors":[2],"current_hp_per_floor":[65,65,65,65,65,65,65,43,43,29,29,29,29,29,29,1,54,54,47,25,20,20,20],"gold":299,"neow_bonus":"THREE_ENEMY_KILL","is_daily":false,"chose_seed":false,"campfire_upgraded":3,"win_rate":0.0,"timestamp":1613528837,"path_taken":["M","$","?","M","?","E","R","E","T","E","M","R","$","M","R","BOSS","M","?","M","M","?"],"items_purchased_type":["Card"],"build_version":"2020-12-22","purchased_purges":1,"victory":false,"max_hp_per_floor":[72,72,72,72,72,72,72,72,72,72,72,72,72,72,72,72,72,72,72,72,72,72,72],"card_choices":[{"not_picked":["mysticmod:Riposte","mysticmod:EbbAndFlow"],"picked":"mysticmod:SpellCombat","floor":1.0},{"not_picked":["mysticmod:HeavyStrike","mysticmod:Snowball","mysticmod:IllusionOfCalm"],"picked":"SKIP","floor":4.0},{"not_picked":["mysticmod:PureInstinct","mysticmod:Fireball"],"picked":"mysticmod:Fly","floor":6.0},{"not_picked":["mysticmod:TomeOfSpells","mysticmod:ComponentsPouch"],"picked":"mysticmod:KeenEdge","floor":8.0},{"not_picked":["mysticmod:Stoneskin","mysticmod:Grapple"],"picked":"mysticmod:EnchantedMoulinet","floor":10.0},{"not_picked":["mysticmod:CorrosiveTouch","mysticmod:Alacrity"],"picked":"mysticmod:BladedDash","floor":11.0},{"not_picked":["mysticmod:PowerSlash","mysticmod:HunkerDown"],"picked":"mysticmod:MagicMissile","floor":14.0},{"not_picked":["mysticmod:Spellstrike","mysticmod:MirrorEntity"],"picked":"mysticmod:Doublecast","floor":16.0},{"not_picked":["mysticmod:BulkUp","mysticmod:KeenEdge"],"picked":"mysticmod:MagicMissile","floor":18.0},{"not_picked":["mysticmod:Fireball","mysticmod:PowerSlash"],"picked":"mysticmod:PunishingArmor","floor":19.0},{"not_picked":["mysticmod:PureInstinct","mysticmod:Fly"],"picked":"mysticmod:EarthenWall","floor":20.0},{"not_picked":["mysticmod:TomeOfSpells","mysticmod:Snowball"],"picked":"mysticmod:Flurry","floor":21.0}],"player_experience":2201236,"relics_obtained":[{"floor":6.0,"key":"hubris:GlazedTorus"},{"floor":8.0,"key":"Toy Ornithopter"},{"floor":9.0,"key":"Bag of Preparation"},{"floor":10.0,"key":"Bottled Flame"}],"event_choices":[{"damage_healed":0.0,"max_hp_gain":0.0,"max_hp_loss":0.0,"gold_gain":0.0,"event_name":"conspire:LoneGhost","player_choice":"Agree","floor":3.0,"gold_loss":0.0,"damage_taken":0.0},{"damage_healed":0.0,"max_hp_gain":0.0,"max_hp_loss":0.0,"gold_gain":0.0,"event_name":"Accursed Blacksmith","player_choice":"Forge","floor":5.0,"gold_loss":0.0,"damage_taken":0.0,"cards_upgraded":["mysticmod:FiveFootStep"]}],"is_beta":false,"boss_relics":[{"not_picked":["Replay:Wanted Poster","Philosopher\u0027s Stone"],"picked":"Coffee Dripper"}],"items_purged_floors":[2],"is_endless":false,"potions_floor_spawned":[8,11,14,19],"killed_by":"Cultist and Chosen","ascension_level":20}}