{"host":"h0xw20cia6ppa69g","time":1613540828,"event":{"mods":["AchievementEnabler","BaseMod","Colored Map","Filter the Spire","Googly Eyes","Minty Spire (QoL Compilation)","Relic Stats","StSLib","The Awakened One except there are too many feathers","everything is the same but u backflip on backflip"],"gold_per_floor":[109,109,122,141,241,270,270,298,298,311,340,351,206,232,232,332,332,345,357,357,457,473,501,514,540,540,567,35,35,46,80,80,175,175,191,191,206,251,251,251,265,265,265,292,47,97,125,137,137,137,137],"floor_reached":50,"language":"ENG","playtime":3170,"items_purged":["Masterful Stab"],"score":821,"play_id":"1513eb60-7412-44fa-a7a5-2776e0cb86bc","local_time":"20210216234708","is_ascension_mode":true,"campfire_choices":[{"data":"Predator","floor":7.0,"key":"SMITH"},{"data":"Phantasmal Killer","floor":15.0,"key":"SMITH"},{"data":"Wraith Form v2","floor":29.0,"key":"SMITH"},{"data":"Setup","floor":32.0,"key":"SMITH"},{"floor":40,"key":"RECALL"},{"data":"Burst","floor":49,"key":"SMITH"}],"circlet_count":0,"master_deck":["Survivor","Neutralize","Well Laid Plans","Dagger Throw","Dodge and Roll","Poisoned Stab","Backstab","Burst+1","Deflect","Predator+1","Dagger Spray","Blade Dance","Corpse Explosion","Leg Sweep","Footwork","Phantasmal Killer+1","Concentrate","Malaise","Setup+1","Envenom","Wraith Form v2+1","Riddle With Holes","Noxious Fumes","Blur+1","Backflip","Reflex+1","Footwork+1","Wraith Form v2","Night Terror","Dodge and Roll+1","Setup","Good Instincts","Panacea","Acrobatics+1","Well Laid Plans","Cloak And Dagger+1","Outmaneuver+1","Accuracy"],"relics":["Pandora\u0027s Box","Boot","Eternal Feather","MealTicket","Orrery","Pear","SlaversCollar","Nilry\u0027s Codex","HornCleat","Gremlin Horn","Ornamental Fan","Bronze Scales","Ice Cream","ClockworkSouvenir","Juzu Bracelet","HoveringKite","Calipers","Shuriken","Molten Egg 2","Mummified Hand","StoneCalendar","Toy Ornithopter"],"acts_visited":["Exordium","TheCity","TheBeyond"],"potions_floor_usage":[38,38,50],"damage_taken":[{"damage":0.0,"enemies":"2 Louse","floor":1.0,"turns":2.0},{"damage":0.0,"enemies":"Jaw Worm","floor":3.0,"turns":2.0},{"damage":0.0,"enemies":"Cultist","floor":4.0,"turns":3.0},{"damage":9.0,"enemies":"3 Sentries","floor":6.0,"turns":9.0},{"damage":6.0,"enemies":"Lagavulin","floor":8.0,"turns":4.0},{"damage":9.0,"enemies":"Exordium Thugs","floor":10.0,"turns":4.0},{"damage":10.0,"enemies":"Gremlin Nob","floor":11.0,"turns":3.0},{"damage":0.0,"enemies":"3 Louse","floor":12.0,"turns":3.0},{"damage":18.0,"enemies":"3 Sentries","floor":14.0,"turns":3.0},{"damage":0.0,"enemies":"Slime Boss","floor":16.0,"turns":5.0},{"damage":9.0,"enemies":"Shell Parasite","floor":18.0,"turns":4.0},{"damage":1.0,"enemies":"Chosen","floor":19.0,"turns":4.0},{"damage":0.0,"enemies":"Snecko","floor":22.0,"turns":3.0},{"damage":2.0,"enemies":"Slavers","floor":23.0,"turns":2.0},{"damage":8.0,"enemies":"Snake Plant","floor":24.0,"turns":6.0},{"damage":11.0,"enemies":"Book of Stabbing","floor":25.0,"turns":8.0},{"damage":8.0,"enemies":"Slavers","floor":27.0,"turns":3.0},{"damage":6.0,"enemies":"Cultist and Chosen","floor":30.0,"turns":5.0},{"damage":18.0,"enemies":"Gremlin Leader","floor":31.0,"turns":5.0},{"damage":0.0,"enemies":"Automaton","floor":33.0,"turns":7.0},{"damage":0.0,"enemies":"Orb Walker","floor":35.0,"turns":3.0},{"damage":2.0,"enemies":"3 Darklings","floor":37.0,"turns":3.0},{"damage":34,"enemies":"2 Orb Walkers","floor":38,"turns":9},{"damage":0,"enemies":"Maw","floor":41,"turns":9},{"damage":22,"enemies":"Nemesis","floor":44,"turns":10},{"damage":0,"enemies":"Mind Bloom Boss Battle","floor":46,"turns":6},{"damage":0,"enemies":"Giant Head","floor":47,"turns":6},{"damage":0,"enemies":"Sphere and 2 Shapes","floor":48,"turns":6},{"damage":116,"enemies":"Time Eater","floor":50,"turns":18}],"seed_played":"5027812632096331336","potions_obtained":[{"floor":3.0,"key":"ColorlessPotion"},{"floor":6.0,"key":"CunningPotion"},{"floor":8.0,"key":"PowerPotion"},{"floor":12.0,"key":"Fruit Juice"},{"floor":18.0,"key":"AttackPotion"},{"floor":22.0,"key":"SkillPotion"},{"floor":23.0,"key":"Poison Potion"},{"floor":24.0,"key":"CunningPotion"},{"floor":37.0,"key":"Poison Potion"},{"floor":38,"key":"FairyPotion"},{"floor":47,"key":"Dexterity Potion"},{"floor":48,"key":"Swift Potion"}],"is_trial":false,"path_per_floor":["M","?","M","M","?","E","R","E","T","M","E","M","$","E","R","B",null,"M","M","?","?","M","E","M","E","T","E","$","R","M","E","R","B",null,"M","?","M","?","?","R","M","?","T","E","$","?","E","M","R","B"],"character_chosen":"THE_SILENT","items_purchased":["Orrery","Ice Cream","ClockworkSouvenir","Mummified Hand"],"campfire_rested":0,"item_purchase_floors":[13,28,28,45],"current_hp_per_floor":[70,63,63,63,63,54,54,48,48,39,29,29,44,36,48,48,80,71,70,54,54,54,52,49,38,38,30,45,60,54,36,51,51,85,85,85,83,49,39,57,57,57,57,35,50,50,50,50,71,0,0],"gold":137,"neow_bonus":"BOSS_RELIC","is_daily":false,"chose_seed":false,"campfire_upgraded":5,"win_rate":0.0,"timestamp":1613540828,"path_taken":["M","?","M","M","?","E","R","E","T","M","E","?","?","E","R","BOSS","M","M","?","?","M","E","M","E","T","E","$","R","M","E","R","BOSS","M","?","M","?","?","R","M","?","T","E","$","?","E","M","R","BOSS"],"items_purchased_type":["Relic","Relic","Relic","Relic"],"build_version":"2020-12-22","purchased_purges":1,"victory":false,"max_hp_per_floor":[70,70,70,70,70,70,70,70,70,70,70,70,70,80,80,80,80,80,80,80,80,80,80,85,85,85,85,85,85,85,85,85,85,85,85,85,85,85,85,85,85,81,81,81,81,81,81,81,81,81,81],"relic_stats":{"Gremlin Horn":[15,15],"counters":[29,155],"HoveringKite":[25],"Eternal Feather":81,"StoneCalendar":[43],"Juzu Bracelet":1,"Boot":[283],"Ornamental Fan":[124],"Shuriken":[15],"Mummified Hand":[45],"Bronze Scales":[247],"Pandora\u0027s Box":["Masterful Stab","Well Laid Plans","Slice","Heel Hook","Dagger Throw","Dodge and Roll","Poisoned Stab","Backstab","Burst","Deflect"],"MealTicket":45,"obtain_stats":[{"Ice Cream":28,"Pear":14,"Calipers":38,"Gremlin Horn":25,"Nilry\u0027s Codex":20,"HoveringKite":34,"Eternal Feather":8,"StoneCalendar":46,"Juzu Bracelet":31,"Boot":6,"ClockworkSouvenir":28,"SlaversCollar":17,"HornCleat":23,"Ornamental Fan":26,"Shuriken":43,"Mummified Hand":45,"Bronze Scales":27,"Orrery":13,"Pandora\u0027s Box":0,"MealTicket":11,"Molten Egg 2":44,"Toy Ornithopter":47,"Ring of the Snake":0},{"Ice Cream":17,"Pear":9,"Calipers":23,"Gremlin Horn":16,"Nilry\u0027s Codex":12,"HoveringKite":20,"Eternal Feather":5,"StoneCalendar":26,"Juzu Bracelet":19,"Boot":4,"ClockworkSouvenir":17,"SlaversCollar":10,"HornCleat":14,"Ornamental Fan":16,"Shuriken":24,"Mummified Hand":25,"Bronze Scales":17,"Orrery":8,"Pandora\u0027s Box":0,"MealTicket":7,"Molten Egg 2":25,"Toy Ornithopter":27,"Ring of the Snake":0},{"Ice Cream":68,"Pear":33,"Calipers":100,"Gremlin Horn":65,"Nilry\u0027s Codex":46,"HoveringKite":85,"Eternal Feather":20,"StoneCalendar":125,"Juzu Bracelet":78,"Boot":16,"ClockworkSouvenir":68,"SlaversCollar":38,"HornCleat":51,"Ornamental Fan":65,"Shuriken":109,"Mummified Hand":119,"Bronze Scales":68,"Orrery":30,"Pandora\u0027s Box":0,"MealTicket":27,"Molten Egg 2":119,"Toy Ornithopter":131,"Ring of the Snake":0}],"Toy Ornithopter":5},"card_choices":[{"not_picked":["Underhanded Strike","Outmaneuver","Poisoned Stab"],"picked":"SKIP","floor":1.0},{"not_picked":["Outmaneuver","PiercingWail","Tactician"],"picked":"SKIP","floor":3.0},{"not_picked":["Calculated Gamble","Acrobatics","Expertise"],"picked":"SKIP","floor":4.0},{"not_picked":["Acrobatics","Underhanded Strike"],"picked":"Predator","floor":6.0},{"not_picked":["Reflex","All Out Attack"],"picked":"Dagger Spray","floor":8.0},{"not_picked":["Poisoned Stab","Escape Plan"],"picked":"Blade Dance","floor":10.0},{"not_picked":["Masterful Stab","Well Laid Plans"],"picked":"Corpse Explosion","floor":11.0},{"not_picked":["Slice","Deadly Poison"],"picked":"Leg Sweep","floor":12.0},{"not_picked":["Underhanded Strike","Dodge and Roll"],"picked":"Footwork","floor":13.0},{"not_picked":["Finisher","Reflex"],"picked":"Phantasmal Killer","floor":13.0},{"not_picked":["Dagger Throw","Predator"],"picked":"Concentrate","floor":13.0},{"not_picked":["Bane","Backflip"],"picked":"Malaise","floor":13.0},{"not_picked":["Underhanded Strike","Crippling Poison"],"picked":"Setup","floor":13.0},{"not_picked":["Slice","Deflect"],"picked":"Envenom","floor":14.0},{"not_picked":["Glass Knife","Malaise"],"picked":"Wraith Form v2","floor":16.0},{"not_picked":["Dagger Throw","Underhanded Strike"],"picked":"Riddle With Holes","floor":18.0},{"not_picked":["Infinite Blades","Escape Plan"],"picked":"Noxious Fumes","floor":19.0},{"not_picked":["Blade Dance+1","Poisoned Stab"],"picked":"Blur+1","floor":22.0},{"not_picked":["Riddle With Holes","Blade Dance+1"],"picked":"Backflip","floor":23.0},{"not_picked":["PiercingWail","Dagger Throw"],"picked":"Reflex+1","floor":24.0},{"not_picked":["Dagger Throw","Dagger Spray+1","Escape Plan"],"picked":"SKIP","floor":25.0},{"not_picked":["Underhanded Strike","Eviscerate+1","Noxious Fumes"],"picked":"SKIP","floor":27.0},{"not_picked":["Prepared","Catalyst"],"picked":"Footwork+1","floor":30.0},{"not_picked":["Backstab","Skewer"],"picked":"Wraith Form v2","floor":31.0},{"not_picked":["Envenom","Burst"],"picked":"Night Terror","floor":33.0},{"not_picked":["PiercingWail","Escape Plan"],"picked":"Dodge and Roll+1","floor":35.0},{"not_picked":["Deflect","Caltrops+1"],"picked":"Setup","floor":37.0},{"not_picked":["HandOfGreed","Flash of Steel"],"picked":"Good Instincts","floor":39},{"not_picked":["Good Instincts","Thinking Ahead"],"picked":"Panacea","floor":39},{"not_picked":["Quick Slash+1","Cloak And Dagger+1"],"picked":"Acrobatics+1","floor":41},{"not_picked":["Bane+1","Expertise+1"],"picked":"Well Laid Plans","floor":44},{"not_picked":["Deflect+1","Bouncing Flask+1"],"picked":"Cloak And Dagger+1","floor":46},{"not_picked":["Corpse Explosion","Backflip"],"picked":"Outmaneuver+1","floor":47},{"not_picked":["Underhanded Strike+1","Dagger Spray+1"],"picked":"Accuracy","floor":48}],"player_experience":3877878,"relics_obtained":[{"floor":6.0,"key":"Boot"},{"floor":8.0,"key":"Eternal Feather"},{"floor":11.0,"key":"MealTicket"},{"floor":14.0,"key":"Pear"},{"floor":20.0,"key":"Nilry\u0027s Codex"},{"floor":23.0,"key":"HornCleat"},{"floor":25.0,"key":"Gremlin Horn"},{"floor":26.0,"key":"Ornamental Fan"},{"floor":27.0,"key":"Bronze Scales"},{"floor":31.0,"key":"Juzu Bracelet"},{"floor":38,"key":"Calipers"},{"floor":43,"key":"Shuriken"},{"floor":44,"key":"Molten Egg 2"},{"floor":46,"key":"StoneCalendar"},{"floor":47,"key":"Toy Ornithopter"}],"event_choices":[{"cards_removed":["Slice"],"damage_healed":0.0,"max_hp_gain":0.0,"max_hp_loss":0.0,"gold_gain":0.0,"event_name":"Golden Wing","player_choice":"Card Removal","floor":2.0,"gold_loss":0.0,"damage_taken":7.0},{"damage_healed":0.0,"max_hp_gain":0.0,"max_hp_loss":0.0,"gold_gain":100.0,"event_name":"Golden Shrine","player_choice":"Pray","floor":5.0,"gold_loss":0.0,"damage_taken":0.0},{"damage_healed":0.0,"max_hp_gain":0.0,"max_hp_loss":0.0,"gold_gain":0.0,"event_name":"Cursed Tome","player_choice":"Obtained Book","floor":20.0,"gold_loss":0.0,"damage_taken":16.0},{"damage_healed":0.0,"max_hp_gain":0.0,"max_hp_loss":0.0,"gold_gain":100.0,"event_name":"Golden Shrine","player_choice":"Pray","floor":21.0,"gold_loss":0.0,"damage_taken":0.0},{"cards_removed":["Heel Hook"],"damage_healed":0.0,"max_hp_gain":0.0,"max_hp_loss":0.0,"gold_gain":0.0,"event_name":"Falling","player_choice":"Removed Attack","floor":36.0,"gold_loss":0.0,"damage_taken":0.0},{"damage_healed":0,"gold_gain":0,"player_choice":"Fight","damage_taken":0,"max_hp_gain":0,"max_hp_loss":0,"event_name":"Mysterious Sphere","floor":38,"gold_loss":0},{"damage_healed":0,"gold_gain":0,"player_choice":"Memory 3","damage_taken":10,"max_hp_gain":0,"max_hp_loss":0,"event_name":"SensoryStone","floor":39,"gold_loss":0},{"damage_healed":0,"gold_gain":0,"player_choice":"Max HP","damage_taken":0,"max_hp_gain":0,"max_hp_loss":4,"event_name":"Winding Halls","floor":42,"gold_loss":0},{"damage_healed":0,"gold_gain":0,"player_choice":"Fight","damage_taken":0,"max_hp_gain":0,"max_hp_loss":0,"event_name":"MindBloom","floor":46,"gold_loss":0}],"is_beta":false,"boss_relics":[{"not_picked":["Runic Dome","Velvet Choker"],"picked":"SlaversCollar"},{"not_picked":["Sozu","Snecko Eye"],"picked":"HoveringKite"}],"items_purged_floors":[28],"is_endless":false,"potions_floor_spawned":[3,6,8,12,18,22,23,24,37,38,47,48],"killed_by":"Time Eater","ascension_level":1}}