{"host":"s41rn2jhghpwfrvz","time":1613596020,"event":{"mods":["BaseMod","Minty Spire (QoL Compilation)","Quick Restart","Relic Stats","SuperFastMode"],"gold_per_floor":[111,186,27,43,43,43,75,75,75,107,120,130,130,156,156,228,228,248,268,268,268,286,316,316,343,343,343,53,72,82,111,111,183,183,193,193,193,224,265,303,211,240,267,295,210,239,257,289,289,289,289,289,289,131,165,165],"floor_reached":57,"language":"ENG","playtime":1845,"items_purged":["Sweeping Beam","Evaluate","PiercingWail"],"score":3914,"play_id":"4cecf9c3-6a79-40c5-baeb-54e0e12d2cbb","local_time":"20210217230700","daily_mods":["SealedDeck","Diverse","DeadlyEvents"],"is_ascension_mode":true,"campfire_choices":[{"data":"Dark Embrace","floor":6,"key":"SMITH"},{"data":"Turbo","floor":8,"key":"SMITH"},{"data":"Blur","floor":15,"key":"SMITH"},{"data":"PathToVictory","floor":24,"key":"SMITH"},{"data":"Vault","floor":27,"key":"SMITH"},{"data":"Acrobatics","floor":32,"key":"SMITH"},{"floor":49,"key":"RECALL"},{"floor":53,"key":"REST"}],"circlet_count":0,"master_deck":["AscendersBane","PathToVictory","PathToVictory+1","True Grit","Blur+1","Turbo+1","Dark Embrace+1","Evolve","Vault+1","Escape Plan","Acrobatics+1","Finesse","Body Slam+1"],"relics":["Burning Blood","Blue Candle","Art of War","Lantern","Omamori","Busted Crown","Toy Ornithopter","Eternal Feather","Smiling Mask","Membership Card","Sundial","Frozen Egg 2","Fusion Hammer","WarpedTongs","MawBank","Bag of Preparation","Pear","MealTicket","Bottled Lightning","OrangePellets","Ancient Tea Set","Centennial Puzzle","Orichalcum","Nunchaku"],"acts_visited":["Exordium","TheCity","TheBeyond","TheEnding"],"potions_floor_usage":[25,44,51,56,56],"damage_taken":[{"damage":1,"enemies":"Jaw Worm","floor":1,"turns":3},{"damage":0,"enemies":"2 Louse","floor":4,"turns":3},{"damage":8,"enemies":"Lagavulin","floor":7,"turns":4},{"damage":48,"enemies":"Gremlin Nob","floor":10,"turns":4},{"damage":0,"enemies":"Cultist","floor":11,"turns":3},{"damage":11,"enemies":"Large Slime","floor":12,"turns":3},{"damage":0,"enemies":"Lagavulin","floor":14,"turns":4},{"damage":21,"enemies":"The Guardian","floor":16,"turns":5},{"damage":0,"enemies":"3 Byrds","floor":18,"turns":3},{"damage":0,"enemies":"2 Thieves","floor":19,"turns":4},{"damage":0,"enemies":"Snake Plant","floor":22,"turns":3},{"damage":10,"enemies":"Gremlin Leader","floor":23,"turns":5},{"damage":18,"enemies":"Slavers","floor":25,"turns":4},{"damage":0,"enemies":"3 Cultists","floor":29,"turns":4},{"damage":0,"enemies":"Centurion and Healer","floor":30,"turns":4},{"damage":7,"enemies":"Book of Stabbing","floor":31,"turns":3},{"damage":0,"enemies":"Automaton","floor":33,"turns":5},{"damage":0,"enemies":"Orb Walker","floor":35,"turns":2},{"damage":0,"enemies":"Nemesis","floor":38,"turns":3},{"damage":11,"enemies":"Reptomancer","floor":39,"turns":4},{"damage":0,"enemies":"Giant Head","floor":40,"turns":3},{"damage":0,"enemies":"Reptomancer","floor":42,"turns":3},{"damage":0,"enemies":"Nemesis","floor":44,"turns":4},{"damage":0,"enemies":"Reptomancer","floor":46,"turns":3},{"damage":0,"enemies":"3 Shapes","floor":47,"turns":4},{"damage":0,"enemies":"Giant Head","floor":48,"turns":2},{"damage":0,"enemies":"Awakened One","floor":50,"turns":7},{"damage":14,"enemies":"Time Eater","floor":51,"turns":4},{"damage":0,"enemies":"Shield and Spear","floor":55,"turns":3},{"damage":0,"enemies":"The Heart","floor":56,"turns":5}],"seed_played":"-7468989307635123068","potions_obtained":[{"floor":4,"key":"Weak Potion"},{"floor":10,"key":"ColorlessPotion"},{"floor":11,"key":"Dexterity Potion"},{"floor":16,"key":"Ancient Potion"},{"floor":30,"key":"Regen Potion"},{"floor":39,"key":"BloodPotion"},{"floor":44,"key":"PowerPotion"}],"is_trial":true,"path_per_floor":["M","?","$","M","?","R","E","R","T","E","M","M","$","E","R","B",null,"M","M","$","?","M","E","R","E","T","R","$","M","M","E","R","B",null,"M","?","?","E","E","E","$","E","T","E","$","E","M","E","R","B","B",null,"R","$","E","B",null],"character_chosen":"IRONCLAD","items_purchased":["Evolve","Membership Card","Sundial","Finesse","OrangePellets","Orichalcum","Swift Potion"],"campfire_rested":1,"item_purchase_floors":[3,28,28,41,45,54,54],"current_hp_per_floor":[73,62,62,68,61,61,59,59,59,17,23,18,18,24,24,9,59,65,71,71,67,73,69,69,62,62,68,68,74,75,74,75,75,75,75,75,75,75,70,85,85,85,85,85,85,85,85,85,85,85,77,83,85,85,85,85],"gold":165,"neow_bonus":"","is_daily":false,"chose_seed":false,"campfire_upgraded":6,"win_rate":0.0,"timestamp":1613596020,"path_taken":["M","?","$","M","?","R","E","R","T","E","?","M","?","?","R","BOSS","M","M","$","?","M","E","R","E","T","R","$","?","M","E","R","BOSS","M","?","?","?","?","E","$","E","T","?","?","E","M","E","R","BOSS","BOSS","R","$","E","BOSS"],"items_purchased_type":["Card","Relic","Relic","Card","Relic","Relic","Potion"],"build_version":"2020-12-22","purchased_purges":3,"victory":true,"max_hp_per_floor":[75,75,75,75,75,75,75,75,75,75,75,75,75,75,75,75,75,75,75,75,75,75,75,75,75,75,75,75,75,75,75,75,75,75,75,75,75,75,75,85,85,85,85,85,85,85,85,85,85,85,85,85,85,85,85,85],"relic_stats":{"counters":[30,111],"Blue Candle":[0],"Eternal Feather":9,"Bag of Preparation":[20],"Orichalcum":[6],"Smiling Mask":13,"MawBank":36,"Burning Blood":108,"WarpedTongs":[40],"OrangePellets":[0],"Centennial Puzzle":[3],"Nunchaku":[0],"Busted Crown":38,"Sundial":[162],"MealTicket":0,"Art of War":[62],"obtain_stats":[{"Lantern":10,"Pear":40,"Blue Candle":7,"Eternal Feather":25,"Omamori":14,"Bag of Preparation":39,"Frozen Egg 2":31,"Orichalcum":54,"Smiling Mask":26,"MawBank":38,"Ancient Tea Set":46,"Burning Blood":0,"WarpedTongs":37,"OrangePellets":45,"Centennial Puzzle":48,"Nunchaku":55,"Busted Crown":17,"Sundial":28,"MealTicket":42,"Fusion Hammer":34,"Art of War":9,"Membership Card":28,"Bottled Lightning":44,"Toy Ornithopter":23},{"Lantern":4,"Pear":21,"Blue Candle":3,"Eternal Feather":13,"Omamori":7,"Bag of Preparation":20,"Frozen Egg 2":16,"Orichalcum":28,"Smiling Mask":13,"MawBank":19,"Ancient Tea Set":24,"Burning Blood":0,"WarpedTongs":18,"OrangePellets":23,"Centennial Puzzle":26,"Nunchaku":29,"Busted Crown":8,"Sundial":13,"MealTicket":22,"Fusion Hammer":17,"Art of War":3,"Membership Card":13,"Bottled Lightning":23,"Toy Ornithopter":12},{"Lantern":14,"Pear":76,"Blue Candle":10,"Eternal Feather":48,"Omamori":24,"Bag of Preparation":73,"Frozen Egg 2":59,"Orichalcum":103,"Smiling Mask":48,"MawBank":69,"Ancient Tea Set":86,"Burning Blood":0,"WarpedTongs":66,"OrangePellets":83,"Centennial Puzzle":92,"Nunchaku":106,"Busted Crown":29,"Sundial":48,"MealTicket":79,"Fusion Hammer":64,"Art of War":10,"Membership Card":48,"Bottled Lightning":83,"Toy Ornithopter":44}],"Toy Ornithopter":5},"card_choices":[{"not_picked":["Flame Barrier","CutThroughFate","JustLucky"],"picked":"SKIP","floor":1},{"not_picked":["Study","Deflect","Predator"],"picked":"SKIP","floor":4},{"not_picked":["Wild Strike","Fission","Melter"],"picked":"SKIP","floor":7},{"not_picked":["Flying Knee","Well Laid Plans","Corpse Explosion"],"picked":"SKIP","floor":10},{"not_picked":["ThirdEye","Body Slam","Caltrops"],"picked":"SKIP","floor":11},{"not_picked":["InnerPeace","Twin Strike","Clash"],"picked":"SKIP","floor":12},{"not_picked":["Meteor Strike","Glass Knife","Streamline"],"picked":"SKIP","floor":14},{"not_picked":["Immolate","Venomology"],"picked":"Vault","floor":16},{"not_picked":["Prostrate"],"picked":"SKIP","floor":18},{"not_picked":["Finisher"],"picked":"SKIP","floor":19},{"not_picked":["PiercingWail"],"picked":"SKIP","floor":22},{"not_picked":[],"picked":"Escape Plan","floor":23},{"not_picked":["Underhanded Strike"],"picked":"SKIP","floor":25},{"not_picked":["Evolve"],"picked":"SKIP","floor":29},{"not_picked":[],"picked":"Acrobatics","floor":30},{"not_picked":["Amplify"],"picked":"SKIP","floor":31},{"not_picked":["ThirdEye"],"picked":"SKIP","floor":35},{"not_picked":["Auto Shields+1"],"picked":"SKIP","floor":38},{"not_picked":["Skim"],"picked":"SKIP","floor":39},{"not_picked":["Thunderclap"],"picked":"SKIP","floor":40},{"not_picked":["EmptyBody"],"picked":"SKIP","floor":42},{"not_picked":["Wish"],"picked":"SKIP","floor":44},{"not_picked":["Bloodletting"],"picked":"SKIP","floor":46},{"not_picked":["Gash"],"picked":"SKIP","floor":47},{"not_picked":[],"picked":"Body Slam+1","floor":48},{"not_picked":["Amplify"],"picked":"SKIP","floor":55}],"player_experience":1929323,"relics_obtained":[{"floor":7,"key":"Blue Candle"},{"floor":9,"key":"Art of War"},{"floor":10,"key":"Lantern"},{"floor":14,"key":"Omamori"},{"floor":23,"key":"Toy Ornithopter"},{"floor":25,"key":"Eternal Feather"},{"floor":26,"key":"Smiling Mask"},{"floor":31,"key":"Frozen Egg 2"},{"floor":38,"key":"MawBank"},{"floor":39,"key":"Bag of Preparation"},{"floor":40,"key":"Pear"},{"floor":42,"key":"MealTicket"},{"floor":44,"key":"Bottled Lightning"},{"floor":46,"key":"Ancient Tea Set"},{"floor":48,"key":"Centennial Puzzle"},{"floor":55,"key":"Nunchaku"}],"event_choices":[{"damage_healed":0,"gold_gain":75,"player_choice":"Gather Gold","damage_taken":11,"max_hp_gain":0,"max_hp_loss":0,"event_name":"World of Goop","floor":2,"gold_loss":0},{"cards_removed":["Anger"],"damage_healed":0,"gold_gain":0,"player_choice":"Card Removal","damage_taken":7,"max_hp_gain":0,"max_hp_loss":0,"event_name":"Golden Wing","floor":5,"gold_loss":0},{"damage_healed":0,"gold_gain":0,"player_choice":"Bought 0 Potions","damage_taken":0,"max_hp_gain":0,"max_hp_loss":0,"event_name":"The Woman in Blue","floor":21,"gold_loss":0},{"damage_healed":0,"gold_gain":0,"player_choice":"Ignored","damage_taken":0,"max_hp_gain":0,"max_hp_loss":0,"event_name":"Tomb of Lord Red Mask","floor":36,"gold_loss":0},{"damage_healed":0,"gold_gain":0,"player_choice":"Rummage","damage_taken":0,"relics_obtained":["WarpedTongs"],"max_hp_gain":0,"max_hp_loss":0,"event_name":"Accursed Blacksmith","floor":37,"gold_loss":0,"cards_obtained":["Pain"]}],"is_beta":false,"boss_relics":[{"not_picked":["Astrolabe","SlaversCollar"],"picked":"Busted Crown"},{"not_picked":["Mark of Pain","Velvet Choker"],"picked":"Fusion Hammer"}],"items_purged_floors":[3,41,54],"is_endless":false,"potions_floor_spawned":[4,10,11,16,18,19,30,39,40,44,48],"ascension_level":20}}