{"host":"07a2fkusd33ogvuu","time":1613572252,"event":{"mods":["BaseMod","Bestiary","Colored Powertips","Highlight Path","Minty Spire (QoL Compilation)","Relic Stats"],"gold_per_floor":[115,115,38,56,71,71,99,99,99,111,130,161,161,181,181,259,259,276,276,287,306,231,231,259,270,270,296,296,308,319,351,351,351,351],"floor_reached":33,"language":"ENG","playtime":3070,"items_purged":[],"score":663,"play_id":"8a0bac32-e27b-45fe-8bea-c58f29c7fc59","local_time":"20210217143052","is_ascension_mode":true,"campfire_choices":[{"data":"Beam Cell","floor":6.0,"key":"SMITH"},{"data":"Hologram","floor":8.0,"key":"SMITH"},{"floor":13.0,"key":"REST"},{"data":"Defragment","floor":15.0,"key":"SMITH"},{"data":"Go for the Eyes","floor":23.0,"key":"SMITH"},{"data":"Multi-Cast","floor":28.0,"key":"SMITH"},{"floor":32.0,"key":"REST"}],"circlet_count":0,"master_deck":["AscendersBane","Defend_B","Defend_B","Defend_B","Defend_B","Zap+1","Dualcast","Steam","Self Repair","Hologram+1","Beam Cell+1","Steam Power","Leap","Defragment+1","Electrodynamics","Go for the Eyes+1","Echo Form","Chill+1","Bite","Bite","Bite","Bite","Blizzard","Skim","Undo","Multi-Cast+1","Streamline"],"relics":["Cracked Core","Torii","Mercury Hourglass","PreservedInsect","Busted Crown","Frozen Egg 2","Smiling Mask","WingedGreaves","White Beast Statue"],"acts_visited":["Exordium","TheCity"],"potions_floor_usage":[33,33],"damage_taken":[{"damage":14.0,"enemies":"Small Slimes","floor":1.0,"turns":4.0},{"damage":9.0,"enemies":"2 Louse","floor":4.0,"turns":3.0},{"damage":0.0,"enemies":"Cultist","floor":5.0,"turns":2.0},{"damage":8.0,"enemies":"3 Sentries","floor":7.0,"turns":7.0},{"damage":8.0,"enemies":"Exordium Thugs","floor":10.0,"turns":3.0},{"damage":2.0,"enemies":"Lots of Slimes","floor":11.0,"turns":3.0},{"damage":42.0,"enemies":"Gremlin Nob","floor":12.0,"turns":4.0},{"damage":1.0,"enemies":"Looter","floor":14.0,"turns":3.0},{"damage":44.0,"enemies":"Hexaghost","floor":16.0,"turns":10.0},{"damage":18.0,"enemies":"2 Thieves","floor":18.0,"turns":3.0},{"damage":0.0,"enemies":"3 Byrds","floor":20.0,"turns":4.0},{"damage":16.0,"enemies":"Centurion and Healer","floor":21.0,"turns":6.0},{"damage":23.0,"enemies":"Gremlin Leader","floor":24.0,"turns":4.0},{"damage":7.0,"enemies":"Snake Plant","floor":25.0,"turns":5.0},{"damage":9.0,"enemies":"Slavers","floor":27.0,"turns":3.0},{"damage":7.0,"enemies":"Chosen and Byrds","floor":29.0,"turns":7.0},{"damage":17.0,"enemies":"Snecko","floor":30.0,"turns":8.0},{"damage":47.0,"enemies":"Gremlin Leader","floor":31.0,"turns":6.0},{"damage":49,"enemies":"Collector","floor":33,"turns":6}],"seed_played":"3416767721942782857","potions_obtained":[{"floor":1.0,"key":"PowerPotion"},{"floor":4.0,"key":"SkillPotion"},{"floor":7.0,"key":"Fruit Juice"},{"floor":10.0,"key":"ColorlessPotion"},{"floor":12.0,"key":"Strength Potion"},{"floor":20.0,"key":"FearPotion"},{"floor":24.0,"key":"SpeedPotion"},{"floor":27.0,"key":"Block Potion"},{"floor":30.0,"key":"LiquidBronze"}],"is_trial":false,"path_per_floor":["M","?","$","M","M","R","E","R","T","M","M","E","R","M","R","B",null,"M","?","M","M","?","R","E","M","T","E","R","M","M","E","R","B"],"character_chosen":"DEFECT","items_purchased":["Self Repair"],"campfire_rested":2,"item_purchase_floors":[3],"current_hp_per_floor":[57,57,57,55,62,62,61,61,61,60,58,23,46,45,45,13,66,48,48,58,58,58,58,48,58,58,56,56,58,51,19,36,0,0],"gold":351,"neow_bonus":"TEN_PERCENT_HP_BONUS","is_daily":false,"chose_seed":false,"campfire_upgraded":5,"win_rate":0.0,"timestamp":1613572252,"path_taken":["M","?","$","M","M","R","E","R","T","M","M","E","R","M","R","BOSS","M","?","M","M","?","R","E","M","T","E","R","M","M","E","R","BOSS"],"items_purchased_type":["Card"],"build_version":"2020-12-22","purchased_purges":0,"victory":false,"max_hp_per_floor":[78,78,78,78,78,78,78,78,78,78,78,78,78,78,78,83,83,83,58,58,58,58,58,58,58,58,58,58,58,58,58,58,58,58],"relic_stats":{"Busted Crown":18,"Torii":38,"counters":[19,90],"PreservedInsect":139,"Smiling Mask":0,"obtain_stats":[{"Busted Crown":17,"Torii":7,"PreservedInsect":12,"WingedGreaves":27,"Frozen Egg 2":24,"Cracked Core":0,"Smiling Mask":26,"White Beast Statue":31,"Mercury Hourglass":9},{"Busted Crown":9,"Torii":4,"PreservedInsect":7,"WingedGreaves":15,"Frozen Egg 2":13,"Cracked Core":0,"Smiling Mask":14,"White Beast Statue":18,"Mercury Hourglass":4},{"Busted Crown":39,"Torii":16,"PreservedInsect":26,"WingedGreaves":63,"Frozen Egg 2":55,"Cracked Core":0,"Smiling Mask":60,"White Beast Statue":84,"Mercury Hourglass":16}],"Mercury Hourglass":[360]},"card_choices":[{"not_picked":["Double Energy","Lockon"],"picked":"Steam","floor":1.0},{"not_picked":["Coolheaded","Rebound"],"picked":"Hologram","floor":4.0},{"not_picked":["Hologram","Fusion"],"picked":"Beam Cell","floor":5.0},{"not_picked":["Steam","Heatsinks"],"picked":"Steam Power","floor":7.0},{"not_picked":["Aggregate","Blizzard"],"picked":"Leap","floor":10.0},{"not_picked":["Force Field","Steam"],"picked":"Defragment","floor":11.0},{"not_picked":["Barrage","Compile Driver"],"picked":"Electrodynamics","floor":12.0},{"not_picked":["Beam Cell","Redo"],"picked":"Go for the Eyes","floor":14.0},{"not_picked":["Electrodynamics","Amplify"],"picked":"Echo Form","floor":16.0},{"not_picked":[],"picked":"Chill+1","floor":18.0},{"not_picked":[],"picked":"Blizzard","floor":20.0},{"not_picked":[],"picked":"Skim","floor":21.0},{"not_picked":[],"picked":"Undo","floor":24.0},{"not_picked":["Rebound"],"picked":"SKIP","floor":25.0},{"not_picked":["Rebound"],"picked":"SKIP","floor":25.0},{"not_picked":[],"picked":"Multi-Cast","floor":27.0},{"not_picked":[],"picked":"Streamline","floor":29.0},{"not_picked":["Sunder"],"picked":"SKIP","floor":30.0},{"not_picked":["Sunder"],"picked":"SKIP","floor":30.0},{"not_picked":["Barrage"],"picked":"SKIP","floor":31.0}],"player_experience":1257674,"relics_obtained":[{"floor":7.0,"key":"Torii"},{"floor":9.0,"key":"Mercury Hourglass"},{"floor":12.0,"key":"PreservedInsect"},{"floor":24.0,"key":"Frozen Egg 2"},{"floor":26.0,"key":"Smiling Mask"},{"floor":27.0,"key":"WingedGreaves"},{"floor":31.0,"key":"White Beast Statue"}],"event_choices":[{"damage_healed":0.0,"max_hp_gain":0.0,"max_hp_loss":0.0,"gold_gain":0.0,"event_name":"Living Wall","player_choice":"Grow","floor":2.0,"gold_loss":0.0,"damage_taken":0.0,"cards_upgraded":["Zap"]},{"damage_healed":0.0,"max_hp_gain":0.0,"max_hp_loss":25.0,"gold_gain":0.0,"event_name":"Vampires","player_choice":"Became a vampire","floor":19.0,"gold_loss":0.0,"damage_taken":0.0,"cards_obtained":["Bite","Bite","Bite","Bite","Bite"]},{"cards_removed":["Bite"],"damage_healed":0.0,"max_hp_gain":0.0,"max_hp_loss":0.0,"gold_gain":0.0,"event_name":"Beggar","player_choice":"Gave Gold","floor":22.0,"gold_loss":75.0,"damage_taken":0.0}],"is_beta":false,"boss_relics":[{"not_picked":["FrozenCore","Coffee Dripper"],"picked":"Busted Crown"}],"items_purged_floors":[],"is_endless":false,"potions_floor_spawned":[1,4,7,10,12,20,24,27,30],"killed_by":"Collector","ascension_level":20}}