{"host":"7oiwk103j2prpym5","time":1613572531,"event":{"mods":["BaseMod","BetterRewards","Colored Map","Colored Powertips","GifTheSpireLib","Infinite Spire","Minty Spire (QoL Compilation)","Permanent Neow","Relic Filter Mod","Reliquary","Remove Card Discount Mod","Replay The Spire","StSLib","Stuff the Spire","Weighted Paths"],"gold_per_floor":[110,128,128,139,139,172,172,190,190,200,215,229,255,330,330,330,330],"floor_reached":16,"language":"ENG","playtime":1921,"items_purged":[],"score":125,"play_id":"ec4662ac-1699-425c-a2dc-b9517679cc7c","local_time":"20210217083531","is_ascension_mode":true,"campfire_choices":[{"floor":7,"key":"REST"},{"floor":15,"key":"REST"}],"circlet_count":0,"master_deck":["Strike_G","Strike_G","Strike_G","Strike_G","Strike_G","Defend_G","Defend_G","Defend_G","Defend_G","Defend_G","Survivor","Neutralize","StuffTheSpire:DoubleShiv","Dagger Spray","Clumsy","Doubt","infinitespire:Gouge","Quick Slash","Replay:Poison Smokescreen","Blade Dance","Dagger Throw","Backflip","Deadly Poison","Dash"],"relics":["Ring of the Snake","Potion Belt","Eternal Feather","reliquary:KillPill","Ginger"],"acts_visited":["Exordium"],"potions_floor_usage":[6],"damage_taken":[{"damage":3,"enemies":"2 Louse","floor":1,"turns":3},{"damage":0,"enemies":"Jaw Worm","floor":2,"turns":5},{"damage":0,"enemies":"Small Slimes","floor":4,"turns":2},{"damage":28,"enemies":"Gremlin Nob","floor":6,"turns":5},{"damage":17,"enemies":"3 Louse","floor":8,"turns":3},{"damage":0,"enemies":"Looter","floor":10,"turns":3},{"damage":16,"enemies":"Exordium Wildlife","floor":11,"turns":4},{"damage":5,"enemies":"Blue Slaver","floor":12,"turns":3},{"damage":15,"enemies":"Lagavulin","floor":13,"turns":5},{"damage":44,"enemies":"Slime Boss","floor":16,"turns":7}],"seed_played":"-7907658860180639090","potions_obtained":[{"floor":4,"key":"SkillPotion"},{"floor":10,"key":"GamblersBrew"},{"floor":12,"key":"Swift Potion"}],"is_trial":false,"path_per_floor":["M","M","?","M","?","E","R","M","T","M","M","M","E","?","R","B"],"character_chosen":"THE_SILENT","items_purchased":[],"campfire_rested":2,"item_purchase_floors":[],"current_hp_per_floor":[67,67,67,67,67,39,69,52,52,52,36,31,16,5,38,0,0],"gold":330,"neow_bonus":"RANDOM_COMMON_RELIC","is_daily":false,"chose_seed":false,"campfire_upgraded":0,"win_rate":0.0,"timestamp":1613572531,"path_taken":["M","M","?","M","?","E","R","M","T","M","M","M","E","?","R","BOSS"],"items_purchased_type":[],"build_version":"2020-12-22","purchased_purges":0,"victory":false,"max_hp_per_floor":[70,70,70,70,70,70,70,70,70,70,70,70,70,70,70,70,70],"card_choices":[{"not_picked":["Toxin Wave","ReplayTheSpireMod:Shiv Toss"],"picked":"StuffTheSpire:DoubleShiv","floor":1},{"not_picked":["Dagger Throw","PiercingWail"],"picked":"Dagger Spray","floor":2},{"not_picked":["infinitespire:Starlight","infinitespire:Oblivion"],"picked":"infinitespire:Gouge","floor":3},{"not_picked":["StuffTheSpire:Fury","Calculated Gamble"],"picked":"Quick Slash","floor":4},{"not_picked":["Riddle With Holes","Heel Hook"],"picked":"Replay:Poison Smokescreen","floor":6},{"not_picked":["PiercingWail","Underhanded Strike"],"picked":"Blade Dance","floor":8},{"not_picked":["StuffTheSpire:MirrorStance","ReplayTheSpireMod:Scrap Shanks"],"picked":"Dagger Throw","floor":10},{"not_picked":["Flechettes","Underhanded Strike"],"picked":"Backflip","floor":11},{"not_picked":["StuffTheSpire:BumpUp","Caltrops"],"picked":"Deadly Poison","floor":12},{"not_picked":["Tools of the Trade","StuffTheSpire:Injection"],"picked":"Dash","floor":13}],"player_experience":882182,"relics_obtained":[{"floor":6,"key":"Eternal Feather"},{"floor":9,"key":"reliquary:KillPill"},{"floor":13,"key":"Ginger"}],"event_choices":[{"damage_healed":0,"gold_gain":0,"player_choice":"Ignored","damage_taken":0,"max_hp_gain":0,"max_hp_loss":0,"event_name":"Shining Light","floor":5,"gold_loss":0},{"damage_healed":0,"gold_gain":75,"player_choice":"Gather Gold","damage_taken":11,"max_hp_gain":0,"max_hp_loss":0,"event_name":"World of Goop","floor":14,"gold_loss":0}],"is_beta":false,"boss_relics":[],"items_purged_floors":[],"is_endless":false,"potions_floor_spawned":[4,10,12],"killed_by":"Slime Boss","ascension_level":2}}