{"host":"0a4nlh1ehg6g254n","time":1613605005,"event":{"mods":["Aspiration","BaseMod","Colored Map","Colored Powertips","Downfall","Friendly Minions","Hermit","Infinite Spire","Jorbs\u0027s Wanderer Trilogy","Marisa????????","Minty Spire (QoL Compilation)","Quick Restart","Replay The Spire","Shop Mod","StSLib","The Animator","The Construct","The Cursed","The Disciple","The Hierophant","The Necromancer","The Servant 0.9.4"],"gold_per_floor":[99,118,136,136,150,50,50,66,98,122,122,181,81,99,110,215,215,215,232,245,245,261,279,360,460,460,460,472,482,482,135,146,251,251,251,348,363,378,392,421,444,444,458,458,478,478,505,405,418,513,513,513,532,632,652,672,672,672,688,704,717,736,736,764,776,795,892,892,892,910,929,929,939,957,957,957,957],"floor_reached":75,"language":"ENG","playtime":4706,"items_purged":[],"score":1244,"play_id":"4ea7bd83-3d0a-4795-8288-9456bd0b5674","local_time":"20210217203645","is_ascension_mode":false,"campfire_choices":[{"floor":1.0,"key":"RECALL"},{"data":"bronze:BronzeOrb","floor":6.0,"key":"SMITH"},{"floor":13.0,"key":"REST"},{"floor":18.0,"key":"DIG"},{"floor":30.0,"key":"REST"},{"data":"bronze:CutThrough","floor":42.0,"key":"SMITH"},{"data":"bronze:DarkDash","floor":46.0,"key":"SMITH"},{"floor":48.0,"key":"REST"},{"data":"Dramatic Entrance","floor":69,"key":"SMITH"}],"circlet_count":0,"master_deck":["bronze:Strike+1","bronze:Strike","bronze:Strike","bronze:Strike","bronze:Defend","bronze:Defend+1","bronze:Defend","bronze:Replicate","bronze:Goto+1","bronze:BronzeOrb+1","bronze:Frontload+1","bronze:Break+1","bronze:WildBeam+1","bronze:HyperBeam+1","bronze:FineTuning","bronze:Fortify+1","bronze:Branch","bronze:Assembly+1","bronze:Shell","bronze:DelayedSlice+1","Defend_G","bronze:BitShift","bronze:DelayedSlice+1","bronze:WhirlingStrike","bronze:Overheat+1","bronze:BitShift+1","bronze:OilSpill+1","bronze:Repulsor+1","bronze:Iterate+1","bronze:ChildClass+1","bronze:DarkDash+1","bronze:BurnOut+1","bronze:BuggyMess+1","bronze:OilSpill+1","bronze:BuggyMess","bronze:CleanCode+1","bronze:Shield+1","bronze:BugBarrage+1","bronze:CutThrough+1","bronze:ForceShield+1","bronze:ChosenStrike+1","bronze:Overheat","bronze:BronzeOrb","bronze:AlphaBuild+1","bronze:Flail","bronze:Frontload","bronze:CloningBeam","bronze:Invalidate","bronze:Boost","bronze:ForLoop","bronze:BugBarrage","bronze:Invalidate","bronze:Safeguard","bronze:Philosophize","bronze:ThunderWave+1","stsjorbsmod:Procrastination","hierophant:Punish","bronze:HardenedForm+1","Dramatic Entrance+1","ReplayTheSpireMod:??????????????????????","bronze:Overload","bronze:Boost","bronze:Flail+1","bronze:RecursiveStrike+1"],"relics":["bronze:PlatinumCore","downfall:HeartBlessingRed","Happy Flower","aspiration:Lifesprig","aspiration:BabyByrd","Potion Belt","downfall:HeartBlessingBlue","aspiration:SecretTechniqueScroll","aspiration:AnachronicSnailShell","Golden Egg","infinitespire:Golems Mask","HornCleat","Guide Book","Guide Book","Whetstone","Blood Vial","War Paint","construct:WeddingRing","Mango","downfall:HeartBlessingGreen","Painkiller Herb","Mirror","ReplayTheSpireMod:SealedPack","Blue Doll"],"acts_visited":["Exordium","TheCity","TheBeyond","Exordium","TheCity"],"potions_floor_usage":[75,75,75,75],"damage_taken":[{"damage":10.0,"enemies":"Jaw Worm","floor":2.0,"turns":6.0},{"damage":0.0,"enemies":"Cultist","floor":3.0,"turns":5.0},{"damage":0.0,"enemies":"Small Slimes","floor":5.0,"turns":3.0},{"damage":1.0,"enemies":"2 Fungi Beasts","floor":8.0,"turns":3.0},{"damage":0.0,"enemies":"Gremlin Nob","floor":9.0,"turns":3.0},{"damage":0.0,"enemies":"Gremlin Nob","floor":12.0,"turns":3.0},{"damage":0.0,"enemies":"3 Louse","floor":14.0,"turns":1.0},{"damage":5.0,"enemies":"Exordium Thugs","floor":15.0,"turns":4.0},{"damage":7.0,"enemies":"SI_SHIV_ARCHETYPE","floor":16.0,"turns":6.0},{"damage":1.0,"enemies":"Shell Parasite","floor":19.0,"turns":3.0},{"damage":0.0,"enemies":"downfall:LooterAlt2","floor":20.0,"turns":4.0},{"damage":10.0,"enemies":"Centurion and Healer","floor":22.0,"turns":3.0},{"damage":29.0,"enemies":"Shelled Parasite and Fungi","floor":23.0,"turns":6.0},{"damage":3.0,"enemies":"IC_STATUS_ARCHETYPE","floor":25.0,"turns":4.0},{"damage":0.0,"enemies":"Snake Plant","floor":28.0,"turns":3.0},{"damage":0.0,"enemies":"Centurion and Healer","floor":29.0,"turns":2.0},{"damage":0.0,"enemies":"downfall:FleeingMerchant","floor":31.0,"turns":4.0},{"damage":0.0,"enemies":"Sentry and Sphere","floor":32.0,"turns":3.0},{"damage":39.0,"enemies":"DF_ARCHETYPE_CLAW","floor":33.0,"turns":7.0},{"damage":9.0,"enemies":"3 Darklings","floor":37.0,"turns":2.0},{"damage":0.0,"enemies":"Orb Walker","floor":38.0,"turns":3.0},{"damage":8.0,"enemies":"Writhing Mass","floor":39.0,"turns":4.0},{"damage":0.0,"enemies":"R_Hoarder","floor":40.0,"turns":5.0},{"damage":0.0,"enemies":"Transient","floor":43.0,"turns":5.0},{"damage":1.0,"enemies":"3 Darklings","floor":45.0,"turns":3.0},{"damage":50.0,"enemies":"Nightmare","floor":47.0,"turns":8.0},{"damage":16.0,"enemies":"Sphere and 2 Shapes","floor":49.0,"turns":3.0},{"damage":16.0,"enemies":"IC_BLOCK_ARCHETYPE","floor":50.0,"turns":7.0},{"damage":26.0,"enemies":"infinitespire:Voidling","floor":53.0,"turns":3.0},{"damage":0.0,"enemies":"Cultist","floor":55.0,"turns":1.0},{"damage":0.0,"enemies":"Jaw Worm","floor":56.0,"turns":1.0},{"damage":0.0,"enemies":"Exordium Thugs","floor":59.0,"turns":1.0},{"damage":10.0,"enemies":"downfall:LooterAlt","floor":60.0,"turns":2.0},{"damage":0.0,"enemies":"Large Slime","floor":61.0,"turns":3.0},{"damage":0.0,"enemies":"Exordium Thugs","floor":62.0,"turns":1.0},{"damage":0,"enemies":"Lagavulin","floor":64,"turns":2},{"damage":0,"enemies":"3 Louse","floor":65,"turns":2},{"damage":0,"enemies":"Gremlin Gang","floor":66,"turns":2},{"damage":7,"enemies":"Slime Boss","floor":67,"turns":4},{"damage":0,"enemies":"Shell Parasite","floor":70,"turns":2},{"damage":0,"enemies":"3 Byrds","floor":71,"turns":3},{"damage":0,"enemies":"Snecko","floor":73,"turns":2},{"damage":0,"enemies":"Cultist and Chosen","floor":74,"turns":2},{"damage":103,"enemies":"Nightmare","floor":75,"turns":7}],"seed_played":"-7981853897613260371","potions_obtained":[{"floor":2.0,"key":"Block Potion"},{"floor":3.0,"key":"LiquidBronze"},{"floor":8.0,"key":"Dexterity Potion"},{"floor":15.0,"key":"Elixir"},{"floor":16.0,"key":"Elixir"},{"floor":19.0,"key":"AttackPotion"},{"floor":23.0,"key":"Swift Potion"},{"floor":25.0,"key":"bronze:BuildAFunctionPotion"},{"floor":28.0,"key":"LiquidBronze"},{"floor":33.0,"key":"Doom Potion"},{"floor":39.0,"key":"hexamod:SoulburnPotion"},{"floor":45.0,"key":"champ:CounterPotion"},{"floor":47.0,"key":"Elixir"},{"floor":50.0,"key":"Elixir"},{"floor":53.0,"key":"Block Potion"},{"floor":62.0,"key":"EssenceOfSteel"},{"floor":64,"key":"Block Potion"},{"floor":65,"key":"Energy Potion"},{"floor":70,"key":"Toxic Potion"}],"is_trial":false,"path_per_floor":["R_BF","M","M","?","M","R","T","M","E","T","?","?","R","M","M","B",null,"R_BF","M","M","?","M","M","T","?","?","AVR","M","M","R","$","M","B",null,"R_BF","?","M","M","M","E","T","R","M","AVR","M","R","NM","R","M","B",null,"T","?","?","?","?","?","T","?","?","?","?","?","E","?","?","B",null,"T","?","?","?","?","?","NM"],"character_chosen":"THE_AUTOMATON","items_purchased":["bronze:Repulsor","bronze:Iterate","bronze:ChildClass","Guide Book"],"campfire_rested":3,"item_purchase_floors":[31,31,31,31],"current_hp_per_floor":[77,67,67,67,67,67,67,66,66,66,66,66,87,87,82,75,87,87,86,86,86,76,47,47,44,44,44,44,44,70,70,70,31,87,87,87,78,78,70,70,70,70,72,72,73,73,39,69,55,41,101,101,75,75,77,79,79,79,81,73,75,77,101,101,101,101,94,101,101,101,101,101,101,101,0,0,0],"gold":957,"neow_bonus":"TEN_PERCENT_HP_BONUS","is_daily":false,"chose_seed":false,"campfire_upgraded":4,"win_rate":0.0,"timestamp":1613605005,"path_taken":["R_BF","M","M","?","M","R","T","M","E","?","?","?","R","M","M","BOSS","R_BF","M","M","?","?","M","T","?","?","AVR","M","M","R","?","M","BOSS","R_BF","?","M","?","M","E","T","R","M","AVR","M","R","NM","R","M","BOSS","T","?","?","?","?","?","T","?","?","?","?","?","NM","?","?","BOSS","T","?","?","?","?","?","NM"],"items_purchased_type":["Card","Card","Card","Relic"],"build_version":"2020-12-22","purchased_purges":0,"victory":false,"max_hp_per_floor":[77,77,77,77,77,77,77,77,77,77,77,77,87,87,87,87,87,87,87,87,87,87,87,87,87,87,87,87,87,87,87,87,87,87,87,87,87,87,87,87,87,87,87,87,87,87,101,101,101,101,101,101,101,101,101,101,101,101,101,101,101,101,101,101,101,101,101,101,101,101,101,101,101,101,101,101,101],"card_choices":[{"not_picked":["bronze:WildBeam","bronze:Turbo"],"picked":"bronze:BronzeOrb","floor":2.0},{"not_picked":["bronze:Iterate","bronze:Turbo"],"picked":"bronze:Frontload","floor":3.0},{"not_picked":["bronze:Philosophize","bronze:Allocate"],"picked":"bronze:Break","floor":5.0},{"not_picked":["bronze:BitShift","bronze:BronzeOrb"],"picked":"bronze:WildBeam","floor":8.0},{"not_picked":["bronze:Invalidate","bronze:Branch"],"picked":"bronze:HyperBeam","floor":9.0},{"not_picked":["bronze:Turbo","bronze:Deprecate"],"picked":"bronze:FineTuning","floor":12.0},{"not_picked":["bronze:ChildClass","bronze:Overheat"],"picked":"bronze:Fortify","floor":14.0},{"not_picked":["bronze:Shield","bronze:Fortify"],"picked":"bronze:Branch","floor":15.0},{"not_picked":["bronze:FindAndReplace","bronze:CleanCode"],"picked":"bronze:Assembly","floor":16.0},{"not_picked":["bronze:Flail","bronze:OilSpill"],"picked":"bronze:Shell","floor":19.0},{"not_picked":["bronze:CloningBeam","bronze:Deprecate"],"picked":"bronze:DelayedSlice","floor":20.0},{"not_picked":["bronze:DelayedSlice","bronze:DelayedGuard"],"picked":"bronze:BitShift","floor":22.0},{"not_picked":["bronze:Branch+1","bronze:BronzeArmor"],"picked":"bronze:DelayedSlice+1","floor":23.0},{"not_picked":["bronze:Return","bronze:DelayedGuard"],"picked":"bronze:WhirlingStrike","floor":25.0},{"not_picked":["bronze:Iterate","bronze:Mutator"],"picked":"bronze:Overheat+1","floor":28.0},{"not_picked":["bronze:WildBeam","bronze:BronzeOrb"],"picked":"bronze:BitShift+1","floor":29.0},{"not_picked":["bronze:Frontload","bronze:CutThrough"],"picked":"bronze:OilSpill","floor":31.0},{"not_picked":["bronze:WildBeam","bronze:Safeguard"],"picked":"bronze:DarkDash","floor":32.0},{"not_picked":["bronze:CleanCode","bronze:Break"],"picked":"bronze:BurnOut","floor":33.0},{"not_picked":["bronze:Philosophize","bronze:Branch"],"picked":"bronze:BuggyMess+1","floor":36.0},{"not_picked":["bronze:Turbo","bronze:DelayedSlice+1"],"picked":"bronze:OilSpill+1","floor":36.0},{"not_picked":["bronze:Invalidate+1","bronze:BitShift"],"picked":"bronze:BuggyMess","floor":36.0},{"not_picked":["bronze:ClassDefault","bronze:FineTuning+1"],"picked":"bronze:CleanCode","floor":37.0},{"not_picked":["bronze:BronzeArmor+1","bronze:Turbo"],"picked":"bronze:Shield+1","floor":38.0},{"not_picked":["bronze:Allocate+1","bronze:DelayedGuard"],"picked":"bronze:BugBarrage+1","floor":39.0},{"not_picked":["bronze:Deprecate+1","bronze:ShipIt"],"picked":"bronze:CutThrough","floor":40.0},{"not_picked":["bronze:CutThrough","bronze:Turbo"],"picked":"bronze:ForceShield+1","floor":43.0},{"not_picked":["bronze:Frontload","bronze:Iterate"],"picked":"bronze:ChosenStrike","floor":45.0},{"not_picked":["bronze:ClassDefault","bronze:WildBeam"],"picked":"bronze:Overheat","floor":47.0},{"not_picked":["bronze:GetLatest+1","bronze:Iterate+1"],"picked":"bronze:BronzeOrb","floor":49.0},{"not_picked":["bronze:Verify","bronze:RecursiveStrike"],"picked":"bronze:AlphaBuild","floor":50.0},{"not_picked":["bronze:Iterate","bronze:BugBarrage"],"picked":"bronze:Flail","floor":53.0},{"not_picked":["bronze:Turbo","bronze:Iterate"],"picked":"bronze:Frontload","floor":55.0},{"not_picked":["bronze:CutThrough","bronze:Iterate"],"picked":"bronze:CloningBeam","floor":56.0},{"not_picked":["bronze:Repulsor","bronze:Iterate"],"picked":"bronze:Invalidate","floor":59.0},{"not_picked":["bronze:Shield","bronze:FineTuning"],"picked":"bronze:Boost","floor":60.0},{"not_picked":["bronze:Format","bronze:Turbo"],"picked":"bronze:ForLoop","floor":61.0},{"not_picked":["bronze:Philosophize","bronze:ForLoop"],"picked":"bronze:BugBarrage","floor":62.0},{"not_picked":["bronze:WildBeam","bronze:BugBarrage"],"picked":"bronze:Invalidate","floor":64},{"not_picked":["bronze:FineTuning","bronze:Iterate"],"picked":"bronze:Safeguard","floor":65},{"not_picked":["bronze:CutThrough","bronze:Invalidate"],"picked":"bronze:Philosophize","floor":66},{"not_picked":["bronze:HardenedForm","bronze:CleanCode"],"picked":"bronze:ThunderWave","floor":67},{"not_picked":["stsjorbsmod:SpiritShield_Cull","sneckomod:SnekBite"],"picked":"hierophant:Punish","floor":68},{"not_picked":["bronze:ThunderWave","bronze:CleanCode"],"picked":"bronze:HardenedForm","floor":68},{"not_picked":["Trip","Panacea"],"picked":"Dramatic Entrance","floor":68},{"not_picked":["infinitespire:Menacing","infinitespire:Oblivion"],"picked":"ReplayTheSpireMod:??????????????????????","floor":68},{"not_picked":["bronze:Frontload+1","bronze:FollowUp"],"picked":"bronze:Overload","floor":70},{"not_picked":["bronze:DelayedSlice","bronze:Deprecate+1"],"picked":"bronze:Boost","floor":71},{"not_picked":["bronze:FollowUp","bronze:Boost"],"picked":"bronze:Flail+1","floor":73},{"not_picked":["bronze:Iterate","bronze:Overheat+1"],"picked":"bronze:RecursiveStrike","floor":74}],"player_experience":43928,"relics_obtained":[{"floor":9.0,"key":"Happy Flower"},{"floor":10.0,"key":"aspiration:Lifesprig"},{"floor":12.0,"key":"Potion Belt"},{"floor":18.0,"key":"aspiration:AnachronicSnailShell"},{"floor":24.0,"key":"Golden Egg"},{"floor":25.0,"key":"infinitespire:Golems Mask"},{"floor":25.0,"key":"HornCleat"},{"floor":40.0,"key":"Whetstone"},{"floor":41.0,"key":"Blood Vial"},{"floor":47.0,"key":"Mango"},{"floor":58.0,"key":"Mirror"}],"event_choices":[{"cards_removed":["bronze:Defend"],"damage_healed":0.0,"max_hp_gain":0.0,"max_hp_loss":0.0,"gold_gain":0.0,"event_name":"NoteForYourself","player_choice":"Took Card","floor":21.0,"gold_loss":0.0,"damage_taken":0.0,"cards_obtained":["Defend_G"]},{"damage_healed":33.0,"max_hp_gain":0.0,"max_hp_loss":0.0,"gold_gain":0.0,"event_name":"Big Fish","player_choice":"Banana","floor":63.0,"gold_loss":0.0,"damage_taken":0.0}],"is_beta":false,"boss_relics":[{"not_picked":["Runic Dome","Velvet Choker"],"picked":"aspiration:SecretTechniqueScroll"},{"not_picked":["Fusion Hammer","Tiny House"],"picked":"bronze:PlatinumCore"},{"not_picked":["Replay:Drink Me","Replay:Grab Bag"],"picked":"Painkiller Herb"},{"not_picked":["aspiration:PoetsPen_weak","bronze:MakeshiftBattery"],"picked":"ReplayTheSpireMod:SealedPack"}],"items_purged_floors":[],"is_endless":true,"potions_floor_spawned":[2,3,8,15,16,19,23,25,28,33,39,45,47,50,53,62,64,65,67,70],"killed_by":"Nightmare","ascension_level":0}}