{"host":"pf9sh7nh6rpu9sau","time":1613537979,"event":{"mods":["2.2 Compatiblity","BaseMod","BetterRewards","Clockwork Mod","Downfall","Hermit","Mad Scientist","Minty Spire (QoL Compilation)","Permanent Neow","Quick Restart","Somnambulant","StSLib","The Clintock","The Cursed","The Disciple","The Hierophant","The Necromancer","The Runesmith"],"gold_per_floor":[99,99,99,99,99,99,124,140,140,140,290,320,220,239,253,355,355,355,371,371,387,398,398,398,398],"floor_reached":23,"language":"ENG","playtime":1649,"items_purged":[],"score":212,"play_id":"4500fa29-468f-45b7-8c3c-fc1ff2182844","local_time":"20210216235939","is_ascension_mode":false,"campfire_choices":[{"data":"sneckomod:TailWhip","floor":6,"key":"SMITH"},{"data":"hermit:Roughhouse","floor":9,"key":"SMITH"},{"data":"sneckomod:Nope","floor":13,"key":"SMITH"}],"circlet_count":0,"master_deck":["sneckomod:Strike","sneckomod:Strike","sneckomod:Strike","sneckomod:Defend","sneckomod:Defend","sneckomod:Defend","sneckomod:TailWhip+1","sneckomod:SnekBite","sneckomod:Unknown","hermit:Roughhouse+1","sneckomod:CheapStock","sneckomod:Nope+1","sneckomod:UnknownDraw","sneckomod:QuickBite","downfall:Icky","sneckomod:SlitherStrike","sneckomod:Mudshield","sneckomod:UnknownRarePower","sneckomod:UnknownClassGUARDIAN","sneckomod:UnknownClassGUARDIAN","sneckomod:UnknownClassGUARDIAN","sneckomod:UnknownClassGUARDIAN","sneckomod:UnknownClassGUARDIAN","Guardian:DonusPower","Guardian:Repulse","sneckomod:QuickMove+1","sneckomod:UnknownRareSkill","sneckomod:WideSting","sneckomod:PureSnecko"],"relics":["sneckomod:SneckoSoul","downfall:HeartsMalice","Vajra","Dead Branch","downfall:HeartBlessingGreen","sneckomod:SneckoBoss"],"acts_visited":["Exordium","TheCity"],"potions_floor_usage":[12,14,16,16],"damage_taken":[{"damage":0,"enemies":"Cultist","floor":2,"turns":1},{"damage":0,"enemies":"Jaw Worm","floor":3,"turns":1},{"damage":0,"enemies":"2 Louse","floor":4,"turns":1},{"damage":16,"enemies":"Exordium Wildlife","floor":8,"turns":4},{"damage":25,"enemies":"Lagavulin","floor":12,"turns":5},{"damage":0,"enemies":"3 Louse","floor":14,"turns":1},{"damage":10,"enemies":"Exordium Thugs","floor":15,"turns":3},{"damage":11,"enemies":"DF_ARCHETYPE_STREAMLINE","floor":16,"turns":6},{"damage":6,"enemies":"Shell Parasite","floor":19,"turns":6},{"damage":0,"enemies":"Chosen","floor":21,"turns":3},{"damage":0,"enemies":"Sentry and Sphere","floor":22,"turns":5},{"damage":22,"enemies":"Book of Stabbing","floor":23,"turns":3}],"seed_played":"-347262631275802333","potions_obtained":[{"floor":8,"key":"champ:CounterPotion"},{"floor":12,"key":"DistilledChaos"},{"floor":14,"key":"Dexterity Potion"},{"floor":15,"key":"champ:CounterPotion"},{"floor":22,"key":"bronze:BurnAndBuffPotion"}],"is_trial":false,"path_per_floor":["R","M","M","M","?","R","T","M","R","?","?","E","R","M","M","B",null,"R","M","?","M","M","E"],"character_chosen":"THE_SNECKO","items_purchased":[],"campfire_rested":0,"item_purchase_floors":[],"current_hp_per_floor":[90,90,90,90,90,90,90,74,74,79,79,54,54,54,44,33,95,95,89,89,89,89,67,67,67],"gold":398,"neow_bonus":"THREE_ENEMY_KILL","is_daily":false,"chose_seed":false,"campfire_upgraded":3,"win_rate":0.0,"timestamp":1613537979,"path_taken":["R","M","?","M","?","R","T","M","R","?","?","E","R","?","M","BOSS","R","M","?","M","M","E"],"items_purchased_type":[],"build_version":"2020-12-22","purchased_purges":0,"victory":false,"max_hp_per_floor":[90,90,90,90,90,90,90,90,90,95,95,95,95,95,95,95,95,95,95,95,95,95,95,95,95],"card_choices":[{"not_picked":["sneckomod:WideSting","sneckomod:RainOfDice"],"picked":"sneckomod:CheapStock","floor":2},{"not_picked":["sneckomod:DiceCrush","sneckomod:SnekBeam"],"picked":"sneckomod:Nope","floor":3},{"not_picked":["sneckomod:DiceBlock","sneckomod:UnknownExhaust"],"picked":"sneckomod:UnknownDraw","floor":4},{"not_picked":["sneckomod:DiceBlock","sneckomod:SoulDraw"],"picked":"sneckomod:QuickBite","floor":8},{"not_picked":["sneckomod:QuickBite","sneckomod:DiceBlock"],"picked":"sneckomod:SlitherStrike","floor":12},{"not_picked":["sneckomod:QuickBite","sneckomod:RainOfDice"],"picked":"sneckomod:Mudshield","floor":14},{"not_picked":["sneckomod:RainOfDice","sneckomod:UnknownBlock"],"picked":"sneckomod:UnknownExhaust","floor":15},{"not_picked":["sneckomod:UnknownBoss","sneckomod:UnlimitedRolls"],"picked":"sneckomod:UnknownRarePower","floor":16},{"not_picked":["Guardian:PiercingHide","Guardian:Gem_Orange"],"picked":"Guardian:Repulse","floor":19},{"not_picked":["sneckomod:UnknownCommonAttack","sneckomod:UnknownVulnerable+1"],"picked":"sneckomod:QuickMove+1","floor":19},{"not_picked":["sneckomod:UnknownWeak","sneckomod:UnknownColorless"],"picked":"sneckomod:WideSting","floor":21},{"not_picked":["sneckomod:UnknownColorless","sneckomod:RainOfDice+1"],"picked":"sneckomod:PureSnecko","floor":22}],"player_experience":844848,"relics_obtained":[{"floor":7,"key":"Vajra"},{"floor":12,"key":"Dead Branch"}],"event_choices":[{"damage_healed":0,"gold_gain":0,"player_choice":"Donut","damage_taken":0,"max_hp_gain":5,"max_hp_loss":0,"event_name":"Big Fish","floor":10,"gold_loss":0}],"is_beta":false,"boss_relics":[{"not_picked":["Tiny House","bronze:MakeshiftBattery"],"picked":"sneckomod:SneckoBoss"}],"items_purged_floors":[],"is_endless":false,"potions_floor_spawned":[8,12,14,15,22],"killed_by":"Book of Stabbing","ascension_level":0}}