{"host":"ox77rn1xcurm2t5a","time":1613604988,"event":{"mods":["2.2 Compatiblity","AchievementEnabler","Act Like it!","Aspiration","BaseMod","Best Route Mod","Better Match","Better Note","Better Sensory Stone","Block Reminder","Colored Map","Colored Powertips","Conjunction","Conspire","Custom Start","Energized Spire","GifTheSpireLib","Gold Saver","Gremlin Skip","Halation","Highlight Path","Hubris","Infinite Spire","Minty Spire (QoL Compilation)","Pale of the Ancients","Quick Restart","Replay The Spire","Reworked Bosses","ShortenTheSpire","Spire Exporter","StSLib","Stuff the Spire","Wandering Minibosses"],"gold_per_floor":[756,768,768,768,293,319,329,329,329,629,641,653,680,816,828,937,949,977,1007,969,996,1058,1202,1214,1226,1292,1304,1316,1448,1460,1492,1504,1613,1625,1757,1902,1914,1926,2080,2092,2345,2357,2446,2742,2945,3160,3172,3527,3539,3551,3563,3575,44,187,187],"floor_reached":56,"language":"ENG","playtime":1688,"items_purged":["Strike_R","Defend_R"],"score":2123,"play_id":"e40543b7-8ddc-4f8d-a259-e1316cf0cd83","local_time":"20210218013628","is_ascension_mode":true,"campfire_choices":[{"floor":8.0,"key":"RECALL"},{"data":"Berserk","floor":11.0,"key":"SMITH"},{"data":"Reaper","floor":15.0,"key":"SMITH"},{"data":"Berserk","floor":24.0,"key":"SMITH"},{"data":"Bash","floor":27.0,"key":"SMITH"},{"data":"Pommel Strike","floor":30.0,"key":"SMITH"},{"data":"Sword Boomerang","floor":32.0,"key":"SMITH"},{"data":"Strike_R+1","floor":49.0,"key":"SMITH"},{"data":"Strike_R+2","floor":52,"key":"SMITH"}],"circlet_count":0,"master_deck":["Strike_R+3","Strike_R+1","Strike_R+2","Strike_R+1","Defend_R+1","Defend_R+1","Defend_R+2","Bash+1","Sword Boomerang+1","Inflame+1","Pommel Strike+1","Anger+1","Reaper+1","Inflame+1","Thunderclap+1","Berserk+1","Twin Strike+1","Sword Boomerang+1","Berserk+1","Perfected Strike+1","Perfected Strike+1","Sword Boomerang+1","infinitespire:Gouge+1","Feed+1","Perfected Strike+1","Uppercut+1","Anger+1","Disarm+1","Anger+1","Cleave+1"],"relics":["Burning Blood","aspiration:FrozenJewel","Matryoshka","Happy Flower","Molten Egg 2","War Paint","DollysMirror","Bag of Preparation","hubris:ChampionShield","Eternal Feather","StuffTheSpire:GrapeVine","StuffTheSpire:Experiment12","hubris:MysteriousPyramids","infinitespire:BottledMercury","Replay:Bottled Eggs","The Courier","MealTicket","hubris:GlazedTorus","Simple Rune","Orrery","Potion Belt","aspiration:Lifesprig","Bronze Scales","StuffTheSpire:SapphireSignet","ReplayFunnel","Tiny Chest","Singing Bowl","MawBank","aspiration:HatOfInfinitePower","Old Coin","Omamori","StuffTheSpire:TintedRock","infinitespire:Magic Flask","halation:KoshaPiece","Replay:PocketPolymizer","Letter Opener","Pocketwatch","infinitespire:Lucky Rock","Replay:WaspNest","Gremlin Food","aspiration:TomeofQuesting","Tiny House","hubris:TinFlute","Toxic Egg 2","halation:PrussianBluePaint","Nunchaku","Boot","Calling Bell","aspiration:ArtOfWarUpgrade","StuffTheSpire:EmeraldSignet","conspire:GlowingRock","infinitespire:EvilPickle","Replay:Bottled Steam","halation:VictoryRuler","Blue Doll","ReplayTheSpireMod:Ninjato","Lantern","StoneCalendar","Vajra","StuffTheSpire:PointBlank","Blood Vial","ReplayTheSpireMod:CursedCoin","StuffTheSpire:OldFever","Replay:Wax Seal","Oddly Smooth Stone","halation:LettersToHer","ReplayTheSpireMod:TigerMarble","Pen Nib","halation:SelfBoilingWater","Replay:Towering Pillar of Hats","Ice Cream","Bag of Marbles","aspiration:StickyExplosives_weak","infinitespire:Lychee Nut","Paper Frog","halation:AfternoonTea","Replay:Rubber Ducky","halation:BlackBeret","Replay:Mystery Machine","halation:Toothbrush","Strawberry","Toy Ornithopter","StuffTheSpire:Tea","aspiration:ChemicalBlood"],"acts_visited":[],"potions_floor_usage":[],"damage_taken":[{"damage":3.0,"enemies":"2 Louse","floor":1.0,"turns":3.0},{"damage":9.0,"enemies":"Jaw Worm","floor":2.0,"turns":4.0},{"damage":10.0,"enemies":"Gremlin Nob","floor":6.0,"turns":3.0},{"damage":4.0,"enemies":"Cultist","floor":7.0,"turns":3.0},{"damage":2.0,"enemies":"Large Slime","floor":13.0,"turns":3.0},{"damage":13.0,"enemies":"3 Sentries","floor":14.0,"turns":2.0},{"damage":24.0,"enemies":"Hexaghost","floor":16.0,"turns":4.0},{"damage":0.0,"enemies":"Chosen","floor":18.0,"turns":3.0},{"damage":3.0,"enemies":"3 Byrds","floor":19.0,"turns":3.0},{"damage":0.0,"enemies":"3 Cultists","floor":21.0,"turns":3.0},{"damage":17.0,"enemies":"Book of Stabbing","floor":23.0,"turns":2.0},{"damage":0.0,"enemies":"Centurion and Healer","floor":28.0,"turns":1.0},{"damage":10.0,"enemies":"Gremlin Leader","floor":29.0,"turns":3.0},{"damage":8.0,"enemies":"Snake Plant","floor":31.0,"turns":2.0},{"damage":1.0,"enemies":"Pondfish","floor":33.0,"turns":6.0},{"damage":0.0,"enemies":"3 Shapes","floor":35.0,"turns":2.0},{"damage":16.0,"enemies":"3 Darklings","floor":36.0,"turns":3.0},{"damage":0.0,"enemies":"Transient","floor":39.0,"turns":5.0},{"damage":10.0,"enemies":"R_Hoarder","floor":41.0,"turns":4.0},{"damage":0.0,"enemies":"Giant Head","floor":44.0,"turns":4.0},{"damage":5.0,"enemies":"Maw","floor":45.0,"turns":3.0},{"damage":0.0,"enemies":"Jaw Worm Horde","floor":46.0,"turns":2.0},{"damage":18.0,"enemies":"Reptomancer","floor":48.0,"turns":4.0},{"damage":12.0,"enemies":"bossMod:newAwakened","floor":50.0,"turns":5.0},{"damage":6,"enemies":"Shield and Spear","floor":54,"turns":2},{"damage":42,"enemies":"The Heart","floor":55,"turns":3}],"seed_played":"4635836042934343275","potions_obtained":[{"floor":0.0,"key":"Weak Potion"},{"floor":0.0,"key":"AttackPotion"},{"floor":0.0,"key":"Venom Potion"},{"floor":6.0,"key":"Languid Potion"},{"floor":13.0,"key":"AttackPotion"},{"floor":14.0,"key":"HeartOfIron"},{"floor":16.0,"key":"LiquidMemories"},{"floor":22.0,"key":"SmokeBomb"},{"floor":23.0,"key":"LiquidBronze"},{"floor":29.0,"key":"Fire Potion"},{"floor":31.0,"key":"PowerPotion"},{"floor":33.0,"key":"LiquidBronze"},{"floor":35.0,"key":"EssenceOfSteel"},{"floor":44.0,"key":"ElixirPotion"},{"floor":45.0,"key":"LiquidMemories"}],"is_trial":false,"path_per_floor":["M","M","?","?","$","E","M","R","T","$","R","?","M","E","R","B",null,"M","M","?","M","AVR","E","R","T","T","R","M","E","R","M","R","B",null,"M","M","?","AVR","M","R","E","R","T","E","M","M","?","E","R","B",null,"R","$","E","B",null],"character_chosen":"IRONCLAD","items_purchased":["Inflame+1","Pommel Strike","aspiration:FrozenJewel","Anger","War Paint","DollysMirror","Bag of Preparation","hubris:ChampionShield","Eternal Feather","StuffTheSpire:GrapeVine","StuffTheSpire:Experiment12","hubris:MysteriousPyramids","infinitespire:BottledMercury","Replay:Bottled Eggs","The Courier","MealTicket","hubris:GlazedTorus","Simple Rune","Orrery","Potion Belt","aspiration:Lifesprig","Bronze Scales","StuffTheSpire:SapphireSignet","ReplayFunnel","Tiny Chest","Singing Bowl","MawBank","aspiration:HatOfInfinitePower","Old Coin","Omamori","StuffTheSpire:TintedRock","infinitespire:Magic Flask","halation:KoshaPiece","Replay:PocketPolymizer","Letter Opener","Pocketwatch","infinitespire:Lucky Rock","Replay:WaspNest","Gremlin Food","Vajra","StuffTheSpire:PointBlank","Blood Vial","ReplayTheSpireMod:CursedCoin","StuffTheSpire:OldFever","Replay:Wax Seal","Oddly Smooth Stone","halation:LettersToHer","ReplayTheSpireMod:TigerMarble","Pen Nib","halation:SelfBoilingWater","Replay:Towering Pillar of Hats","Ice Cream","Bag of Marbles","aspiration:StickyExplosives_weak","infinitespire:Lychee Nut","Paper Frog","halation:AfternoonTea","Replay:Rubber Ducky","halation:BlackBeret","Replay:Mystery Machine","halation:Toothbrush","Strawberry","Toy Ornithopter","StuffTheSpire:Tea"],"campfire_rested":0,"item_purchase_floors":[5,5,5,5,10,10,10,10,10,10,10,10,10,10,10,10,10,10,10,10,10,10,10,10,10,10,10,10,10,10,10,10,10,10,10,10,10,10,10,53,53,53,53,53,53,53,53,53,53,53,53,53,53,53,53,53,53,53,53,53,53,53,53,53],"current_hp_per_floor":[75,72,72,72,72,68,70,70,70,82,80,80,82,75,82,64,78,84,84,84,84,89,80,91,91,91,91,91,89,93,93,95,95,95,95,87,87,87,99,99,95,99,99,99,99,99,99,87,99,93,98,99,81,83,49],"gold":187,"neow_bonus":"THREE_SMALL_POTIONS","is_daily":false,"chose_seed":false,"campfire_upgraded":8,"win_rate":0.0,"timestamp":1613604988,"path_taken":["M","M","?","?","$","E","M","R","T","?","R","?","?","E","R","BOSS","M","M","?","M","AVR","E","R","?","T","R","M","E","R","M","R","BOSS","M","M","?","AVR","M","R","E","R","T","E","M","?","?","E","R","BOSS","R","$","E","BOSS"],"items_purchased_type":["Card","Card","Relic","Card","Relic","Relic","Relic","Relic","Relic","Relic","Relic","Relic","Relic","Relic","Relic","Relic","Relic","Relic","Relic","Relic","Relic","Relic","Relic","Relic","Relic","Relic","Relic","Relic","Relic","Relic","Relic","Relic","Relic","Relic","Relic","Relic","Relic","Relic","Relic","Relic","Relic","Relic","Relic","Relic","Relic","Relic","Relic","Relic","Relic","Relic","Relic","Relic","Relic","Relic","Relic","Relic","Relic","Relic","Relic","Relic","Relic","Relic","Relic","Relic"],"build_version":"2020-12-22","purchased_purges":2,"victory":true,"max_hp_per_floor":[80,80,80,80,80,80,80,80,80,80,80,80,82,82,82,82,82,84,84,84,84,89,91,91,91,91,91,91,93,93,95,95,95,95,95,97,97,97,99,99,99,99,99,99,99,99,99,99,99,99,99,99,81,83,83],"card_choices":[{"not_picked":["Havoc","hubris:ReadiedAction"],"picked":"Sword Boomerang","floor":1.0},{"not_picked":["StuffTheSpire:Resist","StuffTheSpire:Slingshot","Ghostly Armor"],"picked":"SKIP","floor":2.0},{"not_picked":["Shockwave","Run Through","Shrug It Off"],"picked":"SKIP","floor":6.0},{"not_picked":["conspire:ExplosiveBarrier","Armaments"],"picked":"Reaper","floor":7.0},{"not_picked":["Perfected Strike+1","Inflame"],"picked":"Thunderclap+1","floor":10.0},{"not_picked":["Run Through+1","conspire:Purge"],"picked":"Berserk","floor":10.0},{"not_picked":["Pummel+1","Intimidate"],"picked":"Twin Strike+1","floor":10.0},{"not_picked":["Body Slam+1","StuffTheSpire:Slingshot+1","Flex"],"picked":"Singing Bowl","floor":13.0},{"not_picked":["StuffTheSpire:Incineration+1","Heavy Blade+1"],"picked":"Sword Boomerang+1","floor":14.0},{"not_picked":["Immolate+1","Eclipse"],"picked":"Berserk","floor":16.0},{"not_picked":["Blood for Blood+1","Dual Wield","Battle Trance"],"picked":"Singing Bowl","floor":18.0},{"not_picked":["StuffTheSpire:RockThrow+1","StuffTheSpire:Slingshot+1"],"picked":"Perfected Strike+1","floor":19.0},{"not_picked":["Berserk","Shrug It Off"],"picked":"Perfected Strike+1","floor":21.0},{"not_picked":["Armaments+1","Infernal Blade"],"picked":"Sword Boomerang+1","floor":22.0},{"not_picked":["Blood for Blood+1","Replay:Undeath\u0027s Touch+1","Ghostly Armor+1"],"picked":"Singing Bowl","floor":23.0},{"not_picked":["StuffTheSpire:TitanForm","Power Through+1","Ghostly Armor+1"],"picked":"Singing Bowl","floor":29.0},{"not_picked":["StuffTheSpire:Resist","Bloodletting+1","Blood for Blood+1"],"picked":"Singing Bowl","floor":31.0},{"not_picked":["StuffTheSpire:TitanForm","Demonic Infusion+1"],"picked":"Feed+1","floor":33.0},{"not_picked":["Heavy Blade+1","Twin Strike+1"],"picked":"Perfected Strike+1","floor":35.0},{"not_picked":["Warcry+1","Defy Death+1","Sever Soul+1"],"picked":"Singing Bowl","floor":36.0},{"not_picked":["Rage+1","Combust+1","Shrug It Off+1"],"picked":"Singing Bowl","floor":39.0},{"not_picked":["Whirlwind+1","Havoc+1"],"picked":"Uppercut+1","floor":41.0},{"not_picked":["Feel No Pain+1","Impervious+1"],"picked":"Anger+1","floor":44.0},{"not_picked":["Body Slam+1","Headbutt+1"],"picked":"Disarm+1","floor":45.0},{"not_picked":["Clothesline+1","Spot Weakness+1"],"picked":"Anger+1","floor":46.0},{"not_picked":["StuffTheSpire:Slingshot+1","Anger+1"],"picked":"Cleave+1","floor":48.0},{"not_picked":["conspire:HitWhereItHurts+1","Flex+1","Entrench+1"],"picked":"Singing Bowl","floor":54}],"player_experience":3147849,"relics_obtained":[{"floor":6.0,"key":"Matryoshka"},{"floor":9.0,"key":"Happy Flower"},{"floor":9.0,"key":"Molten Egg 2"},{"floor":14.0,"key":"aspiration:TomeofQuesting"},{"floor":23.0,"key":"Toxic Egg 2"},{"floor":25.0,"key":"halation:PrussianBluePaint"},{"floor":26.0,"key":"Nunchaku"},{"floor":29.0,"key":"Boot"},{"floor":34.0,"key":"Art of War"},{"floor":34.0,"key":"StuffTheSpire:EmeraldSignet"},{"floor":34.0,"key":"conspire:GlowingRock"},{"floor":37.0,"key":"Replay:Bottled Steam"},{"floor":41.0,"key":"Blue Doll"},{"floor":43.0,"key":"ReplayTheSpireMod:Ninjato"},{"floor":44.0,"key":"Lantern"},{"floor":48.0,"key":"StoneCalendar"},{"floor":54,"key":"aspiration:ChemicalBlood"}],"event_choices":[{"damage_healed":0.0,"max_hp_gain":0.0,"max_hp_loss":0.0,"gold_gain":0.0,"event_name":"The Cleric","player_choice":"Leave","floor":4.0,"gold_loss":0.0,"damage_taken":0.0},{"damage_healed":0.0,"max_hp_gain":0.0,"max_hp_loss":0.0,"gold_gain":0.0,"event_name":"Accursed Blacksmith","player_choice":"Forge","floor":12.0,"gold_loss":0.0,"damage_taken":0.0,"cards_upgraded":["Anger"]},{"damage_healed":0.0,"max_hp_gain":0.0,"max_hp_loss":0.0,"gold_gain":0.0,"event_name":"The Joust","player_choice":"Bet on Murderer","floor":20.0,"gold_loss":50.0,"damage_taken":0.0},{"damage_healed":0.0,"max_hp_gain":0.0,"max_hp_loss":0.0,"gold_gain":0.0,"event_name":"Wheel of Change","player_choice":"Relic","floor":37.0,"gold_loss":0.0,"damage_taken":0.0}],"is_beta":false,"boss_relics":[{"not_picked":["Snecko Eye","Runic Cube","halation:PlatinumPhoenix"]},{"not_picked":["aspiration:SecretTechniqueScroll","aspiration:WatcherSkillbook"],"picked":"Calling Bell"}],"items_purged_floors":[5,22],"is_endless":false,"potions_floor_spawned":[6,13,14,16,23,28,29,31,33,35,44,45],"ascension_level":7}}