{"host":"r0ye8pdzuq6zwfvs","time":1613553528,"event":{"mods":["AchievementEnabler","Act Like it!","Arknights","BaseMod","BetterRewards","CapriCore","Card Forge","Colored Map","Colored Powertips","Custom Start","DeckTracker","Luminous","Minty Spire (QoL Compilation)","Permanent Neow","Prisma Mod","Quick Restart","Relic Stats","Shop Mod","StSLib","SuperFastMode","Swap Starting Deck Mod","The Alterego","The Immortal","Uncapped","Weighted Paths"],"gold_per_floor":[112,124,143,143,157,192,192,221,257,294,306,332,344,384,396,506,518,549,561,585,629,659,671,716,728,767,779,823,835,552,587,587,682,682,698,717,771,771,787,819,819,829,882,916,932,949,949,980,980,980,980,980,275,309,309],"floor_reached":56,"language":"ENG","playtime":1073,"items_purged":[],"score":2514,"play_id":"687e5934-c821-41e1-9278-d7a815d98111","local_time":"20210217021848","is_ascension_mode":true,"campfire_choices":[{"floor":7,"key":"RECALL"},{"floor":11,"key":"REST"},{"floor":13,"key":"REST"},{"floor":15,"key":"REST"},{"floor":23,"key":"REST"},{"floor":25,"key":"REST"},{"floor":27,"key":"REST"},{"floor":29,"key":"REST"},{"floor":32,"key":"REST"},{"floor":47,"key":"REST"},{"floor":49,"key":"REST"},{"floor":52,"key":"REST"}],"circlet_count":0,"master_deck":["PrismaMod:ChloeUnlimitedBladeWorks+1","PrismaMod:ChloeAnyRareTrace+1"],"relics":["PrismaMod:PrismaTraceOn","Hammer of Thor","Seething Fire","Anvil of the Gods","FossilizedHelix","WingedGreaves","Molten Egg 2","TungstenRod","Blue Candle","MawBank","Strawberry","Art of War","SacredBark","MutagenicStrength","Red Mask","Prayer Wheel","Potion Belt","Smiling Mask","Cauldron","MerchantsRug","Meat on the Bone","Philosopher\u0027s Stone","Ice Cream","PreservedInsect","Juzu Bracelet","Ornamental Fan","InkBottle","OrangePellets","Pantograph","Du-Vu Doll","Bottled Lightning"],"acts_visited":["Exordium","TheCity","TheBeyond","TheEnding"],"potions_floor_usage":[],"damage_taken":[{"damage":0,"enemies":"Small Slimes","floor":1,"turns":1},{"damage":0,"enemies":"Jaw Worm","floor":2,"turns":8},{"damage":0,"enemies":"2 Louse","floor":3,"turns":1},{"damage":0,"enemies":"Looter","floor":5,"turns":1},{"damage":0,"enemies":"3 Sentries","floor":6,"turns":1},{"damage":0,"enemies":"Gremlin Nob","floor":8,"turns":1},{"damage":0,"enemies":"3 Sentries","floor":10,"turns":1},{"damage":0,"enemies":"Large Slime","floor":12,"turns":1},{"damage":0,"enemies":"Gremlin Nob","floor":14,"turns":1},{"damage":0,"enemies":"Hexaghost","floor":16,"turns":1},{"damage":0,"enemies":"3 Byrds","floor":18,"turns":1},{"damage":0,"enemies":"Spheric Guardian","floor":20,"turns":1},{"damage":0,"enemies":"Masked Bandits","floor":21,"turns":1},{"damage":0,"enemies":"Snecko","floor":22,"turns":1},{"damage":0,"enemies":"Slavers","floor":24,"turns":1},{"damage":0,"enemies":"Book of Stabbing","floor":28,"turns":1},{"damage":0,"enemies":"Gremlin Leader","floor":31,"turns":1},{"damage":0,"enemies":"Automaton","floor":33,"turns":1},{"damage":0,"enemies":"Orb Walker","floor":35,"turns":1},{"damage":0,"enemies":"3 Darklings","floor":36,"turns":1},{"damage":0,"enemies":"2 Orb Walkers","floor":37,"turns":1},{"damage":0,"enemies":"Maw","floor":39,"turns":1},{"damage":0,"enemies":"Nemesis","floor":40,"turns":1},{"damage":0,"enemies":"Transient","floor":42,"turns":1},{"damage":0,"enemies":"Reptomancer","floor":44,"turns":1},{"damage":0,"enemies":"3 Darklings","floor":45,"turns":1},{"damage":0,"enemies":"4 Shapes","floor":46,"turns":1},{"damage":0,"enemies":"Giant Head","floor":48,"turns":1},{"damage":0,"enemies":"Donu and Deca","floor":50,"turns":1},{"damage":0,"enemies":"Shield and Spear","floor":54,"turns":1},{"damage":0,"enemies":"The Heart","floor":55,"turns":3}],"seed_played":"-1810574508241973066","potions_obtained":[{"floor":2,"key":"Block Potion"},{"floor":8,"key":"SpeedPotion"},{"floor":10,"key":"Swift Potion"},{"floor":30,"key":"Fire Potion"},{"floor":30,"key":"Swift Potion"},{"floor":30,"key":"BlessingOfTheForge"},{"floor":30,"key":"Fire Potion"},{"floor":30,"key":"Fire Potion"},{"floor":54,"key":"FairyPotion"}],"is_trial":false,"path_per_floor":["M","M","M","$","M","E","R","E","T","E","R","M","R","E","R","B",null,"M","?","M","?","M","R","E","R","T","R","E","R","$","E","R","B",null,"M","M","?","?","M","E","$","M","T","E","M","M","R","E","R","B",null,"R","$","E","B",null],"character_chosen":"CHLOE","items_purchased":["Molten Egg 2","Cauldron","MerchantsRug","OrangePellets","Pantograph","Du-Vu Doll"],"campfire_rested":11,"item_purchase_floors":[0,30,30,53,53,53],"current_hp_per_floor":[75,75,75,75,75,75,75,75,75,82,82,82,82,82,82,82,82,82,82,82,82,82,82,82,82,82,82,82,82,82,82,82,82,82,82,82,82,82,82,82,82,82,82,82,82,82,82,82,82,82,82,82,82,82,82],"gold":309,"neow_bonus":"","is_daily":false,"chose_seed":false,"campfire_upgraded":0,"win_rate":0.0,"timestamp":1613553528,"path_taken":["M","M","M","$","M","E","R","E","T","E","R","M","R","E","R","BOSS","M","?","M","?","M","R","E","R","T","R","E","R","$","E","R","BOSS","M","M","?","?","M","E","$","M","T","E","M","M","R","E","R","BOSS","R","$","E","BOSS"],"items_purchased_type":["Relic","Relic","Relic","Relic","Relic","Relic"],"build_version":"2020-12-22","purchased_purges":0,"victory":true,"max_hp_per_floor":[75,75,75,75,75,75,75,75,75,82,82,82,82,82,82,82,82,82,82,82,82,82,82,82,82,82,82,82,82,82,82,82,82,82,82,82,82,82,82,82,82,82,82,82,82,82,82,82,82,82,82,82,82,82,82],"relic_stats":{"counters":[90,171],"Blue Candle":[0],"PreservedInsect":378,"Juzu Bracelet":0,"MawBank":264,"Smiling Mask":0,"OrangePellets":[0],"Ornamental Fan":[0],"Pantograph":0,"Prayer Wheel":11,"Art of War":[2],"obtain_stats":[{"Ice Cream":28,"Tiny House":34,"Nilry\u0027s Codex":22,"Vajra":4,"Hammer of Thor":0,"Boot":0,"PrismaMod:PrismaTraceOn":0,"Blood Vial":48,"HornCleat":26,"Strawberry":38,"Prayer Wheel":0,"Philosopher\u0027s Stone":34,"MerchantsRug":4,"Girya":42,"Pear":54,"Blue Candle":54,"Letter Opener":31,"Du-Vu Doll":0,"Runic Dome":0,"OrangePellets":53,"Anvil of the Gods":0,"Bird Faced Urn":39,"Bronze Scales":43,"MutagenicStrength":19,"Molten Egg 2":0,"Pocketwatch":0,"Meat on the Bone":30,"Singing Bowl":6,"SacredBark":17,"Juzu Bracelet":8,"alterego_mod:SomeoneToFightFor":30,"Ancient Tea Set":27,"Smiling Mask":28,"Nunchaku":10,"Mummified Hand":14,"Pantograph":53,"WingedGreaves":40,"Red Mask":21,"InkBottle":48,"Potion Belt":0,"Thread and Needle":7,"PreservedInsect":40,"Seething Fire":0,"Orichalcum":42,"MawBank":8,"White Beast Statue":34,"Mercury Hourglass":25,"Calling Bell":34,"Cauldron":30,"Anchor":23,"Ornamental Fan":44,"Orrery":0,"Ectoplasm":17,"Art of War":10,"Bag of Marbles":37,"Coffee Dripper":17,"Bottled Lightning":9,"FossilizedHelix":0,"TungstenRod":0},{"Ice Cream":46,"Tiny House":19,"Nilry\u0027s Codex":15,"Vajra":4,"Hammer of Thor":0,"Boot":30,"PrismaMod:PrismaTraceOn":0,"Blood Vial":27,"HornCleat":17,"Strawberry":51,"Prayer Wheel":30,"Philosopher\u0027s Stone":77,"MerchantsRug":4,"Girya":25,"Pear":29,"Blue Candle":58,"Letter Opener":18,"Du-Vu Doll":30,"Runic Dome":0,"OrangePellets":88,"Anvil of the Gods":0,"Bird Faced Urn":23,"Bronze Scales":25,"MutagenicStrength":70,"Molten Egg 2":59,"Pocketwatch":30,"Meat on the Bone":47,"Singing Bowl":5,"SacredBark":69,"Juzu Bracelet":6,"alterego_mod:SomeoneToFightFor":17,"Ancient Tea Set":17,"Smiling Mask":75,"Nunchaku":37,"Mummified Hand":39,"Pantograph":88,"WingedGreaves":24,"Red Mask":72,"InkBottle":87,"Potion Belt":30,"Thread and Needle":36,"PreservedInsect":53,"Seething Fire":0,"Orichalcum":53,"MawBank":65,"White Beast Statue":49,"Mercury Hourglass":17,"Calling Bell":49,"Cauldron":75,"Anchor":16,"Ornamental Fan":84,"Orrery":30,"Ectoplasm":11,"Art of War":7,"Bag of Marbles":21,"Coffee Dripper":40,"Bottled Lightning":36,"FossilizedHelix":30,"TungstenRod":59},{"Ice Cream":101,"Tiny House":31,"Nilry\u0027s Codex":27,"Vajra":16,"Hammer of Thor":0,"Boot":44,"PrismaMod:PrismaTraceOn":0,"Blood Vial":39,"HornCleat":29,"Strawberry":112,"Prayer Wheel":44,"Philosopher\u0027s Stone":156,"MerchantsRug":16,"Girya":37,"Pear":41,"Blue Candle":126,"Letter Opener":30,"Du-Vu Doll":44,"Runic Dome":0,"OrangePellets":167,"Anvil of the Gods":0,"Bird Faced Urn":35,"Bronze Scales":37,"MutagenicStrength":149,"Molten Egg 2":131,"Pocketwatch":44,"Meat on the Bone":104,"Singing Bowl":17,"SacredBark":148,"Juzu Bracelet":18,"alterego_mod:SomeoneToFightFor":29,"Ancient Tea Set":29,"Smiling Mask":154,"Nunchaku":72,"Mummified Hand":80,"Pantograph":167,"WingedGreaves":36,"Red Mask":151,"InkBottle":166,"Potion Belt":44,"Thread and Needle":67,"PreservedInsect":116,"Seething Fire":0,"Orichalcum":116,"MawBank":144,"White Beast Statue":110,"Mercury Hourglass":29,"Calling Bell":110,"Cauldron":154,"Anchor":28,"Ornamental Fan":163,"Orrery":44,"Ectoplasm":23,"Art of War":19,"Bag of Marbles":33,"Coffee Dripper":85,"Bottled Lightning":67,"FossilizedHelix":44,"TungstenRod":131}],"TungstenRod":1,"InkBottle":[3],"Meat on the Bone":48},"card_choices":[{"not_picked":["PrismaMod:ChloeDiscardRecovery","PrismaMod:ChloeCheapAttack+1","PrismaMod:ChloeCheapDefend"],"picked":"SKIP","floor":1},{"not_picked":["PrismaMod:ChloeCheapDefendTwo","PrismaMod:ChloeCheapAttackTwo+1","PrismaMod:ChloeCheapAttack+1"],"picked":"SKIP","floor":2},{"not_picked":["PrismaMod:ChloeGreatTracePools","PrismaMod:ChloeRhongomyniad+1","PrismaMod:ChloeUncommonAttack+1"],"picked":"SKIP","floor":3},{"not_picked":["PrismaMod:ChloeCheapAttackTwo+1","PrismaMod:ChloeUncommonAOEAttack+1","PrismaMod:ChloeUncommonDefend"],"picked":"SKIP","floor":5},{"not_picked":["PrismaMod:ChloeCheapAttack+1","PrismaMod:ChloeExhaustOne","PrismaMod:ChloeUncommonDefend"],"picked":"SKIP","floor":6},{"not_picked":["PrismaMod:ChloeDiscardRecovery","PrismaMod:ChloeDemonicTutor","PrismaMod:ChloeExhaustOne"],"picked":"SKIP","floor":8},{"not_picked":["PrismaMod:ChloeMaid","PrismaMod:ChloeUncommonAttack+1","PrismaMod:ChloeCheapDefend"],"picked":"SKIP","floor":10},{"not_picked":["PrismaMod:ChloeExhaustOne","PrismaMod:ChloeCheapDefend","PrismaMod:ChloeCheapAttack+1"],"picked":"SKIP","floor":12},{"not_picked":["PrismaMod:ChloeRhongomyniad+1","PrismaMod:ChloeBetterTracePools","PrismaMod:ChloeDemonicTutor"],"picked":"SKIP","floor":14},{"not_picked":["PrismaMod:ChloeExhaustTwo","PrismaMod:ChloeChristmas","PrismaMod:ChloeCommonAOEAttack+1"],"picked":"SKIP","floor":18},{"not_picked":["PrismaMod:ChloeRhongomyniad+1","PrismaMod:ChloeDemonicTutor","PrismaMod:ChloeDiscardRecovery+1"],"picked":"SKIP","floor":20},{"not_picked":["PrismaMod:ChloeBetterTracePools","PrismaMod:ChloeDiscardRecovery","PrismaMod:ChloeCheapDefend"],"picked":"SKIP","floor":22},{"not_picked":["PrismaMod:ChloeExcalibur+1","PrismaMod:ChloeDoubleRelicSpeed","PrismaMod:ChloeExhaustOne"],"picked":"SKIP","floor":24},{"not_picked":["PrismaMod:ChloeCommonAOEAttack+1","PrismaMod:ChloeDiscardRecovery","PrismaMod:ChloeCheapDefendTwo"],"picked":"SKIP","floor":28},{"not_picked":["PrismaMod:ChloeCheapDefend","PrismaMod:ChloeGaeBolg+1","PrismaMod:ChloeCheapDefendTwo"],"picked":"SKIP","floor":31},{"not_picked":["PrismaMod:ChloeCheapAttackTwo+1","PrismaMod:ChloeCommonAOEAttack+1","PrismaMod:ChloeCheapAttack+1"],"picked":"SKIP","floor":35},{"not_picked":["PrismaMod:ChloeDiscardRecovery+1","PrismaMod:ChloeCheapAttack+1","PrismaMod:ChloeGaeBolg+1"],"picked":"SKIP","floor":35},{"not_picked":["PrismaMod:ChloeExhaustOne+1","PrismaMod:ChloeCheapAttack+1","PrismaMod:ChloeGreatTracePools"],"picked":"SKIP","floor":36},{"not_picked":["PrismaMod:ChloeCommonAOEAttack+1","PrismaMod:ChloeDiscardRecovery","PrismaMod:ChloeUncommonDefend"],"picked":"SKIP","floor":36},{"not_picked":["PrismaMod:ChloeCommonAOEAttack+1","PrismaMod:ChloeMaid","PrismaMod:ChloeCaladbolg+1"],"picked":"SKIP","floor":39},{"not_picked":["PrismaMod:ChloeMordred","PrismaMod:ChloeCheapDefend","PrismaMod:ChloeCheapAttack+1"],"picked":"SKIP","floor":39},{"not_picked":["PrismaMod:ChloeRitsuka","PrismaMod:ChloeCommonAOEAttack+1","PrismaMod:ChloeExcalibur+1"],"picked":"SKIP","floor":40},{"not_picked":["PrismaMod:ChloeGaeBolg+1","PrismaMod:ChloeCheapDefend+1","PrismaMod:ChloeCarnivalAttack+1"],"picked":"SKIP","floor":42},{"not_picked":["PrismaMod:ChloeRhongomyniad+1","PrismaMod:ChloeChristmas+1","PrismaMod:ChloeGaeBolg+1"],"picked":"SKIP","floor":42},{"not_picked":["PrismaMod:ChloeCommonAOEAttack+1","PrismaMod:ChloeCheapAttack+1","PrismaMod:ChloeReshuffleDiscard"],"picked":"SKIP","floor":44},{"not_picked":["PrismaMod:ChloeBetterTracePools","PrismaMod:ChloeCommonAOEAttack+1","PrismaMod:ChloeDiscardRecovery+1"],"picked":"SKIP","floor":45},{"not_picked":["PrismaMod:ChloeCheapDefendTwo","PrismaMod:ChloeCommonAOEAttack+1","PrismaMod:ChloeUncommonDefend"],"picked":"SKIP","floor":45},{"not_picked":["PrismaMod:ChloeExhaustOne+1","PrismaMod:ChloeUncommonAttack+1","PrismaMod:ChloeDiscardRecovery+1"],"picked":"SKIP","floor":46},{"not_picked":["PrismaMod:ChloeDiscardRecovery+1","PrismaMod:ChloeExhaustOne+1","PrismaMod:ChloeDemonicTutor+1"],"picked":"SKIP","floor":46},{"not_picked":["PrismaMod:ChloeCheapDefend","PrismaMod:ChloeChristmas","PrismaMod:ChloeCheapAttack+1"],"picked":"SKIP","floor":48},{"not_picked":["PrismaMod:ChloeCheapDefendTwo","PrismaMod:ChloeAnySkillTrace","PrismaMod:ChloeExhaustOne+1"],"picked":"SKIP","floor":54}],"player_experience":242131,"relics_obtained":[{"floor":6,"key":"Blue Candle"},{"floor":8,"key":"MawBank"},{"floor":10,"key":"Strawberry"},{"floor":14,"key":"Art of War"},{"floor":21,"key":"Red Mask"},{"floor":24,"key":"Prayer Wheel"},{"floor":26,"key":"Potion Belt"},{"floor":28,"key":"Smiling Mask"},{"floor":31,"key":"Meat on the Bone"},{"floor":37,"key":"Ice Cream"},{"floor":40,"key":"PreservedInsect"},{"floor":43,"key":"Juzu Bracelet"},{"floor":44,"key":"Ornamental Fan"},{"floor":48,"key":"InkBottle"},{"floor":54,"key":"Bottled Lightning"}],"event_choices":[{"damage_healed":0,"gold_gain":0,"player_choice":"Inject Mutagens","damage_taken":0,"relics_obtained":["MutagenicStrength"],"max_hp_gain":0,"max_hp_loss":0,"event_name":"Drug Dealer","floor":19,"gold_loss":0},{"damage_healed":0,"gold_gain":0,"player_choice":"Fought Bandits","damage_taken":0,"max_hp_gain":0,"max_hp_loss":0,"event_name":"Masked Bandits","floor":21,"gold_loss":0},{"damage_healed":0,"gold_gain":0,"player_choice":"Fight","damage_taken":0,"max_hp_gain":0,"max_hp_loss":0,"event_name":"Mysterious Sphere","floor":37,"gold_loss":0},{"damage_healed":0,"gold_gain":0,"player_choice":"Memory 1","damage_taken":0,"max_hp_gain":0,"max_hp_loss":0,"event_name":"SensoryStone","floor":38,"gold_loss":0}],"is_beta":false,"boss_relics":[{"not_picked":["Pandora\u0027s Box","Astrolabe"],"picked":"SacredBark"},{"not_picked":["PrismaMod:PrismaTraceOnUpgrade","Calling Bell"],"picked":"Philosopher\u0027s Stone"}],"items_purged_floors":[],"is_endless":false,"potions_floor_spawned":[2,8,10,12,14,18,24,33,36,40,42,46,48,54],"ascension_level":3}}