{"host":"08yfhu6uhosdn245","time":1613595726,"event":{"mods":["2.2 Compatiblity","AchievementEnabler","BaseMod","Bestiary","Colored Map","Colored Powertips","Curses Come First","Highlight Path","Minty Spire (QoL Compilation)","Quick Restart","Relic Stats","StSLib"],"gold_per_floor":[118,136,149,165,185,215,215,247,247,247,247,247,247,258,258,355,355,369,369,369,369,379,406,87,118,118,118,118,193,153,169,169,272,272,290,300,107,157,174,174,206,225,225,251,263,263,263,263,263,263,263],"floor_reached":50,"language":"ENG","playtime":3110,"items_purged":[],"score":658,"play_id":"8c446014-1211-4840-a24b-c78eb3229ff2","local_time":"20210217160206","is_ascension_mode":true,"campfire_choices":[{"data":"Storm of Steel","floor":7.0,"key":"SMITH"},{"data":"Cloak And Dagger","floor":10.0,"key":"SMITH"},{"data":"Footwork","floor":12.0,"key":"SMITH"},{"floor":15.0,"key":"REST"},{"floor":27.0,"key":"REST"},{"floor":32.0,"key":"REST"},{"floor":40.0,"key":"REST"},{"floor":46.0,"key":"REST"},{"floor":49.0,"key":"RECALL"}],"circlet_count":0,"master_deck":["Survivor","Riddle With Holes","Night Terror","Backflip","Heel Hook","Doppelganger","Noxious Fumes","Malaise","Storm of Steel+1","Cloak And Dagger+1","Sucker Punch","Footwork+1","Terror","Crippling Poison","Accuracy","Tools of the Trade","Calculated Gamble","Burst","Expertise+1","Dodge and Roll","Infinite Blades","Blade Dance","Leg Sweep+1","Infinite Blades+1","Venomology+1","Tactician+1","Metamorphosis+1","Finisher","Well Laid Plans+1","Blade Dance+1","Footwork+1","Writhe"],"relics":["Pandora\u0027s Box","TungstenRod","PreservedInsect","Shuriken","Happy Flower","Fusion Hammer","Bronze Scales","The Specimen","Paper Crane","Juzu Bracelet","Toxic Egg 2","WristBlade","Unceasing Top","Gremlin Horn","The Courier"],"acts_visited":["Exordium","TheCity","TheBeyond"],"potions_floor_usage":[50,50,50,50],"damage_taken":[{"damage":1.0,"enemies":"Cultist","floor":1.0,"turns":4.0},{"damage":0.0,"enemies":"Small Slimes","floor":2.0,"turns":4.0},{"damage":3.0,"enemies":"2 Louse","floor":3.0,"turns":2.0},{"damage":6.0,"enemies":"Exordium Thugs","floor":4.0,"turns":5.0},{"damage":2.0,"enemies":"Red Slaver","floor":5.0,"turns":4.0},{"damage":6.0,"enemies":"Lagavulin","floor":6.0,"turns":8.0},{"damage":19.0,"enemies":"Gremlin Nob","floor":8.0,"turns":5.0},{"damage":3.0,"enemies":"Gremlin Gang","floor":14.0,"turns":2.0},{"damage":5.0,"enemies":"The Guardian","floor":16.0,"turns":6.0},{"damage":5.0,"enemies":"2 Thieves","floor":18.0,"turns":4.0},{"damage":6.0,"enemies":"Shell Parasite","floor":22.0,"turns":4.0},{"damage":6.0,"enemies":"Gremlin Leader","floor":23.0,"turns":5.0},{"damage":7.0,"enemies":"Slavers","floor":25.0,"turns":3.0},{"damage":0.0,"enemies":"Snake Plant","floor":31.0,"turns":4.0},{"damage":3.0,"enemies":"Champ","floor":33.0,"turns":6.0},{"damage":13.0,"enemies":"3 Shapes","floor":35.0,"turns":4.0},{"damage":4.0,"enemies":"Orb Walker","floor":36.0,"turns":3.0},{"damage":0.0,"enemies":"Mind Bloom Boss Battle","floor":38.0,"turns":6.0},{"damage":14.0,"enemies":"Spire Growth","floor":39.0,"turns":5.0},{"damage":8.0,"enemies":"Reptomancer","floor":41.0,"turns":5.0},{"damage":29.0,"enemies":"Sphere and 2 Shapes","floor":42.0,"turns":4.0},{"damage":5.0,"enemies":"Nemesis","floor":44.0,"turns":5.0},{"damage":0.0,"enemies":"Transient","floor":45.0,"turns":5.0},{"damage":62,"enemies":"Donu and Deca","floor":50,"turns":6}],"seed_played":"-3501624576547904824","potions_obtained":[{"floor":2.0,"key":"Explosive Potion"},{"floor":5.0,"key":"Dexterity Potion"},{"floor":8.0,"key":"GamblersBrew"},{"floor":14.0,"key":"Poison Potion"},{"floor":16.0,"key":"Regen Potion"},{"floor":22.0,"key":"Energy Potion"},{"floor":25.0,"key":"Block Potion"},{"floor":39.0,"key":"EssenceOfSteel"},{"floor":44.0,"key":"Fire Potion"},{"floor":45.0,"key":"ColorlessPotion"}],"is_trial":false,"path_per_floor":["M","M","M","M","M","E","R","E","T","R","T","R","$","M","R","B",null,"M","?","?","?","M","E","$","E","T","R","?","?","$","M","R","B",null,"M","M","$","?","M","R","E","M","T","E","M","R","?","?","R","B"],"character_chosen":"THE_SILENT","items_purchased":["Paper Crane","Infinite Blades","Leg Sweep+1","Metamorphosis+1"],"campfire_rested":5,"item_purchase_floors":[24,24,30,37],"current_hp_per_floor":[69,69,66,60,58,52,52,33,33,33,33,33,33,30,51,46,70,65,65,65,65,59,53,53,55,55,70,70,64,64,64,70,67,70,57,53,53,53,39,60,52,23,23,18,18,39,39,57,57,0,0],"gold":263,"neow_bonus":"BOSS_RELIC","is_daily":false,"chose_seed":false,"campfire_upgraded":3,"win_rate":0.0,"timestamp":1613595726,"path_taken":["M","M","M","M","M","E","R","E","T","R","?","R","$","?","R","BOSS","M","?","?","?","M","E","$","E","T","R","?","?","?","M","R","BOSS","M","M","$","?","M","R","E","M","T","E","M","R","?","?","R","BOSS"],"items_purchased_type":["Relic","Card","Card","Card"],"build_version":"2020-12-22","purchased_purges":0,"victory":false,"max_hp_per_floor":[70,70,70,70,70,70,70,70,70,70,70,70,70,70,70,70,70,70,70,70,70,70,70,70,70,70,70,70,70,70,70,70,70,70,70,70,70,70,70,70,70,70,70,70,70,70,70,70,70,70,70],"relic_stats":{"Happy Flower":[25],"Gremlin Horn":[3,3],"counters":[24,109],"Shuriken":[53],"Bronze Scales":[179],"Pandora\u0027s Box":["Riddle With Holes","Night Terror","Backflip","Backflip","Heel Hook","All Out Attack","Doppelganger","Noxious Fumes","Malaise","Storm of Steel"],"PreservedInsect":190,"Juzu Bracelet":2,"obtain_stats":[{"Happy Flower":11,"The Specimen":23,"Gremlin Horn":41,"PreservedInsect":8,"The Courier":44,"Juzu Bracelet":25,"Paper Crane":24,"WristBlade":34,"Shuriken":9,"Bronze Scales":21,"Pandora\u0027s Box":0,"Fusion Hammer":17,"Toxic Egg 2":26,"TungstenRod":6,"Unceasing Top":38,"Ring of the Snake":0},{"Happy Flower":7,"The Specimen":12,"Gremlin Horn":20,"PreservedInsect":7,"The Courier":22,"Juzu Bracelet":13,"Paper Crane":12,"WristBlade":15,"Shuriken":7,"Bronze Scales":10,"Pandora\u0027s Box":0,"Fusion Hammer":9,"Toxic Egg 2":13,"TungstenRod":6,"Unceasing Top":18,"Ring of the Snake":0},{"Happy Flower":32,"The Specimen":53,"Gremlin Horn":89,"PreservedInsect":32,"The Courier":98,"Juzu Bracelet":56,"Paper Crane":53,"WristBlade":66,"Shuriken":32,"Bronze Scales":44,"Pandora\u0027s Box":0,"Fusion Hammer":40,"Toxic Egg 2":56,"TungstenRod":27,"Unceasing Top":79,"Ring of the Snake":0}],"TungstenRod":37,"Unceasing Top":[13]},"card_choices":[{"not_picked":["Caltrops","Bane"],"picked":"Cloak And Dagger","floor":1.0},{"not_picked":["Concentrate","Deflect"],"picked":"Sucker Punch","floor":2.0},{"not_picked":["Setup","Dagger Throw"],"picked":"Footwork","floor":3.0},{"not_picked":["Poisoned Stab","Choke"],"picked":"Terror","floor":4.0},{"not_picked":["Noxious Fumes","Masterful Stab"],"picked":"Crippling Poison","floor":5.0},{"not_picked":["Poisoned Stab","Expertise"],"picked":"Accuracy","floor":6.0},{"not_picked":["Prepared","Reflex"],"picked":"Tools of the Trade","floor":8.0},{"not_picked":["Prepared","Terror"],"picked":"Calculated Gamble","floor":14.0},{"not_picked":["Grand Finale","Die Die Die"],"picked":"Burst","floor":16.0},{"not_picked":["Backstab","Eviscerate+1"],"picked":"Expertise+1","floor":18.0},{"not_picked":["Poisoned Stab","Flying Knee"],"picked":"Dodge and Roll","floor":22.0},{"not_picked":["Bane","Quick Slash","Skewer+1"],"picked":"SKIP","floor":23.0},{"not_picked":["Dodge and Roll","All Out Attack"],"picked":"Blade Dance","floor":25.0},{"not_picked":["Sucker Punch","Bane"],"picked":"Infinite Blades+1","floor":31.0},{"not_picked":["Storm of Steel+1","Malaise+1"],"picked":"Venomology+1","floor":33.0},{"not_picked":["Deflect+1","Dagger Throw","PiercingWail+1"],"picked":"SKIP","floor":35.0},{"not_picked":["Deadly Poison+1","Cloak And Dagger+1"],"picked":"Tactician+1","floor":36.0},{"not_picked":["Sucker Punch+1","Quick Slash+1"],"picked":"Finisher","floor":39.0},{"not_picked":["Tools of the Trade","Poisoned Stab","Underhanded Strike+1"],"picked":"SKIP","floor":41.0},{"not_picked":["Eviscerate","Quick Slash"],"picked":"Well Laid Plans+1","floor":42.0},{"not_picked":["Catalyst+1","Cloak And Dagger+1"],"picked":"Blade Dance+1","floor":44.0},{"not_picked":["Finisher+1","Riddle With Holes+1"],"picked":"Footwork+1","floor":45.0}],"player_experience":399168,"relics_obtained":[{"floor":6.0,"key":"TungstenRod"},{"floor":8.0,"key":"PreservedInsect"},{"floor":9.0,"key":"Shuriken"},{"floor":11.0,"key":"Happy Flower"},{"floor":23.0,"key":"The Specimen"},{"floor":25.0,"key":"Juzu Bracelet"},{"floor":26.0,"key":"Toxic Egg 2"},{"floor":38.0,"key":"Unceasing Top"},{"floor":41.0,"key":"Gremlin Horn"},{"floor":44.0,"key":"The Courier"}],"event_choices":[{"cards_removed":["Backflip"],"damage_healed":0.0,"max_hp_gain":0.0,"max_hp_loss":0.0,"gold_gain":0.0,"event_name":"Back to Basics","player_choice":"Elegance","floor":19.0,"gold_loss":0.0,"damage_taken":0.0},{"damage_healed":0.0,"max_hp_gain":0.0,"max_hp_loss":0.0,"gold_gain":0.0,"event_name":"Ghosts","player_choice":"Ignored","floor":20.0,"gold_loss":0.0,"damage_taken":0.0},{"damage_healed":0.0,"max_hp_gain":0.0,"max_hp_loss":0.0,"gold_gain":0.0,"event_name":"The Mausoleum","player_choice":"Opened","floor":21.0,"gold_loss":0.0,"damage_taken":0.0,"relics_obtained":["Bronze Scales"]},{"cards_removed":["Neutralize"],"damage_healed":0.0,"max_hp_gain":0.0,"max_hp_loss":0.0,"gold_gain":0.0,"event_name":"Purifier","player_choice":"Purged","floor":28.0,"gold_loss":0.0,"damage_taken":0.0},{"damage_healed":0.0,"max_hp_gain":0.0,"max_hp_loss":0.0,"gold_gain":75.0,"event_name":"FaceTrader","player_choice":"Touch","floor":29.0,"gold_loss":0.0,"damage_taken":7.0},{"damage_healed":0.0,"max_hp_gain":0.0,"max_hp_loss":0.0,"gold_gain":0.0,"event_name":"MindBloom","player_choice":"Fight","floor":38.0,"gold_loss":0.0,"damage_taken":0.0},{"cards_removed":["All Out Attack"],"damage_healed":0.0,"max_hp_gain":0.0,"max_hp_loss":0.0,"gold_gain":0.0,"event_name":"Falling","player_choice":"Removed Attack","floor":47.0,"gold_loss":0.0,"damage_taken":0.0},{"damage_healed":18.0,"max_hp_gain":0.0,"max_hp_loss":0.0,"gold_gain":0.0,"event_name":"Winding Halls","player_choice":"Writhe","floor":48.0,"gold_loss":0.0,"damage_taken":0.0,"cards_obtained":["Writhe"]}],"is_beta":false,"boss_relics":[{"not_picked":["Busted Crown","Velvet Choker"],"picked":"Fusion Hammer"},{"not_picked":["Snecko Eye","Cursed Key"],"picked":"WristBlade"}],"items_purged_floors":[],"is_endless":false,"potions_floor_spawned":[2,5,8,14,16,22,25,39,44,45],"killed_by":"Donu and Deca","ascension_level":4}}