{"host":"4lqqtboa3hvdze4c","time":1613577951,"event":{"mods":["AchievementEnabler","BaseMod","BetterRewards","Colored Map","DeckTracker","Minty Spire (QoL Compilation)","Permanent Neow","SuperFastMode"],"gold_per_floor":[116,127,127,139,139,169,201,229,229,229,254,283,313,347,380,380,481,481,491,491,491,95,123,153,153,178,178,211,211,241,270,298,298,395,395,411,117,117,132,155,155,187,513,513,513,541,346,346,373,373,373],"floor_reached":52,"language":"KOR","playtime":3525,"items_purged":["Regret","Stack","Thunder Strike"],"score":1735,"play_id":"88bb1655-83b8-4ecc-990f-7ec6460759ac","local_time":"20210218010551","daily_mods":["Draft","Heirloom","Flight","DeadlyEvents","Elite Swarm"],"is_ascension_mode":true,"campfire_choices":[{"data":"Seek","floor":16,"key":"SMITH"},{"data":"Seek","floor":25,"key":"SMITH"},{"data":"Buffer","floor":33,"key":"PURGE"},{"data":"Coolheaded","floor":41,"key":"PURGE"},{"data":"Sunder","floor":45,"key":"PURGE"},{"data":"Genetic Algorithm","floor":48,"key":"PURGE"},{"data":"Coolheaded","floor":50,"key":"PURGE"}],"circlet_count":0,"master_deck":["Gash","Turbo","Hologram","Beam Cell","Turbo","Hologram","Hologram","Scrape+1","Gash","Gash","Beam Cell","Gash","Compile Driver","All For One","All For One","Core Surge","Seek+1","Seek+1","Seek","All For One","Seek","Seek+1","Gash+1","Turbo","Buffer+1","Double Energy+1","All For One","BootSequence+1","All For One","Double Energy+1","All For One"],"relics":["Cracked Core","Incense Burner","Omamori","CaptainsWheel","Dead Branch","Matryoshka","Dream Catcher","Bird Faced Urn","Smiling Mask","Bottled Flame","Torii","Meat on the Bone","Bottled Lightning","Ice Cream","Pocketwatch","Calling Bell","Tiny Chest","Pear","Peace Pipe","InkBottle","Ginger","PreservedInsect","Mummified Hand","Frozen Egg 2","Oddly Smooth Stone","Thread and Needle","Prayer Wheel","Whetstone","Mango","Coffee Dripper","Shuriken","Happy Flower","Emotion Chip","Old Coin","DataDisk","Centennial Puzzle","DollysMirror","Symbiotic Virus"],"acts_visited":["Exordium","TheCity","TheBeyond"],"potions_floor_usage":[14,17,34,36],"damage_taken":[{"damage":0,"enemies":"Cultist","floor":1,"turns":3},{"damage":0,"enemies":"Jaw Worm","floor":2,"turns":2},{"damage":0,"enemies":"Small Slimes","floor":4,"turns":2},{"damage":9,"enemies":"Lagavulin","floor":6,"turns":4},{"damage":0,"enemies":"Gremlin Nob","floor":7,"turns":2},{"damage":10,"enemies":"3 Sentries","floor":8,"turns":2},{"damage":0,"enemies":"Gremlin Nob","floor":11,"turns":2},{"damage":0,"enemies":"Lagavulin","floor":12,"turns":2},{"damage":0,"enemies":"Gremlin Nob","floor":13,"turns":2},{"damage":0,"enemies":"Lagavulin","floor":14,"turns":2},{"damage":0,"enemies":"Gremlin Nob","floor":15,"turns":2},{"damage":33,"enemies":"The Guardian","floor":17,"turns":2},{"damage":1,"enemies":"2 Thieves","floor":19,"turns":2},{"damage":0,"enemies":"Slavers","floor":23,"turns":1},{"damage":0,"enemies":"Book of Stabbing","floor":24,"turns":1},{"damage":0,"enemies":"Slavers","floor":26,"turns":1},{"damage":0,"enemies":"Book of Stabbing","floor":28,"turns":1},{"damage":0,"enemies":"Gremlin Leader","floor":30,"turns":1},{"damage":0,"enemies":"Book of Stabbing","floor":31,"turns":1},{"damage":0,"enemies":"Slavers","floor":32,"turns":1},{"damage":0,"enemies":"Collector","floor":34,"turns":3},{"damage":0,"enemies":"3 Shapes","floor":36,"turns":1},{"damage":0,"enemies":"3 Darklings","floor":39,"turns":1},{"damage":0,"enemies":"Nemesis","floor":42,"turns":1},{"damage":0,"enemies":"Reptomancer","floor":43,"turns":1},{"damage":0,"enemies":"Nemesis","floor":46,"turns":2},{"damage":0,"enemies":"Reptomancer","floor":49,"turns":1},{"damage":0,"enemies":"Time Eater","floor":51,"turns":4}],"seed_played":"386395952933133623","potions_obtained":[{"floor":1,"key":"Energy Potion"},{"floor":8,"key":"Ancient Potion"},{"floor":14,"key":"Weak Potion"},{"floor":15,"key":"DistilledChaos"},{"floor":28,"key":"Strength Potion"},{"floor":34,"key":"SpeedPotion"},{"floor":36,"key":"Fruit Juice"},{"floor":42,"key":"PotionOfCapacity"}],"is_trial":true,"path_per_floor":["M","M","?","M","?","E","E","E","T","T","E","E","E","E","E","R","B",null,"M","?","?","$","E","E","R","E","T","E","T","E","E","E","R","B",null,"M","$","?","M","T","R","E","E","T","R","E","$","R","E","R","B",null],"character_chosen":"DEFECT","items_purchased":["Gash","InkBottle","Turbo","Shuriken","DollysMirror"],"campfire_rested":0,"item_purchase_floors":[22,22,22,37,47],"current_hp_per_floor":[75,75,75,75,75,66,66,56,56,56,56,58,58,60,64,64,43,85,84,84,84,84,84,84,84,85,85,85,85,85,85,99,99,99,99,104,104,104,104,104,104,104,104,104,104,104,104,104,104,104,104],"gold":373,"neow_bonus":"","is_daily":false,"chose_seed":false,"campfire_upgraded":2,"win_rate":0.0,"timestamp":1613577951,"path_taken":["M","?","?","?","?","E","E","E","T","T","E","E","E","E","?","R","BOSS","M","?","?","$","?","E","R","E","T","E","?","E","E","?","R","BOSS","M","$","?","?","?","R","E","E","T","R","E","$","R","E","R","BOSS"],"items_purchased_type":["Card","Relic","Card","Relic","Relic"],"build_version":"2020-12-22","purchased_purges":3,"victory":true,"max_hp_per_floor":[75,75,75,75,75,75,75,75,75,75,75,75,75,75,75,75,75,85,85,85,85,85,85,85,85,85,85,85,85,85,85,99,99,99,99,104,104,104,104,104,104,104,104,104,104,104,104,104,104,104,104],"card_choices":[{"not_picked":["Darkness","Loop"],"picked":"Stack","floor":0},{"not_picked":["Steam Power","Steam"],"picked":"Coolheaded","floor":0},{"not_picked":["Streamline","Conserve Battery"],"picked":"Gash","floor":0},{"not_picked":["Leap","Sweeping Beam"],"picked":"Turbo","floor":0},{"not_picked":["Cold Snap","Conserve Battery"],"picked":"Hologram","floor":0},{"not_picked":["Hologram","Genetic Algorithm"],"picked":"Beam Cell","floor":0},{"not_picked":["Steam","Capacitor"],"picked":"Turbo","floor":0},{"not_picked":["Redo","Streamline"],"picked":"Sunder","floor":0},{"not_picked":["Cold Snap","Force Field"],"picked":"Hologram","floor":0},{"not_picked":["Streamline","Melter"],"picked":"Hologram","floor":0},{"not_picked":["Streamline","Sweeping Beam"],"picked":"Genetic Algorithm","floor":0},{"not_picked":["Conserve Battery","Rebound"],"picked":"Scrape","floor":0},{"not_picked":["Streamline","Static Discharge"],"picked":"Coolheaded","floor":0},{"not_picked":["Hologram","Conserve Battery"],"picked":"Gash","floor":0},{"not_picked":["Rip and Tear","Streamline"],"picked":"Barrage","floor":0},{"not_picked":["Sweeping Beam","Steam"],"picked":"Gash","floor":1},{"not_picked":["Hologram","Leap"],"picked":"Beam Cell","floor":2},{"not_picked":["Steam","Ball Lightning"],"picked":"Compile Driver","floor":4},{"not_picked":["Seek","Reboot"],"picked":"All For One","floor":6},{"not_picked":["Core Surge","Creative AI"],"picked":"All For One","floor":7},{"not_picked":["Rainbow","Thunder Strike"],"picked":"Core Surge","floor":8},{"not_picked":["Multi-Cast","Thunder Strike"],"picked":"Seek","floor":11},{"not_picked":["Machine Learning","Multi-Cast"],"picked":"Seek","floor":12},{"not_picked":["Echo Form","Hyperbeam"],"picked":"Seek","floor":13},{"not_picked":["Hyperbeam","Thunder Strike","Multi-Cast"],"picked":"SKIP","floor":14},{"not_picked":["Fission","Machine Learning"],"picked":"All For One","floor":15},{"not_picked":["Creative AI","Hyperbeam"],"picked":"Seek","floor":17},{"not_picked":["Sweeping Beam+1","Steam+1","Heatsinks"],"picked":"SKIP","floor":19},{"not_picked":["Biased Cognition","Amplify","Rainbow"],"picked":"SKIP","floor":23},{"not_picked":["Meteor Strike","Echo Form","Multi-Cast"],"picked":"SKIP","floor":24},{"not_picked":["Seek","Creative AI"],"picked":"Buffer","floor":26},{"not_picked":["Seek","Rainbow","Multi-Cast"],"picked":"SKIP","floor":28},{"not_picked":["Biased Cognition+1","Fission"],"picked":"Buffer+1","floor":30},{"not_picked":["Amplify","Thunder Strike","Reboot"],"picked":"SKIP","floor":31},{"not_picked":["Amplify","Echo Form+1","Rainbow"],"picked":"SKIP","floor":32},{"not_picked":["Coolheaded","Cold Snap"],"picked":"Double Energy+1","floor":36},{"not_picked":["Barrage","Steam","Darkness+1"],"picked":"SKIP","floor":36},{"not_picked":["Conserve Battery","Redo"],"picked":"BootSequence+1","floor":39},{"not_picked":["Hologram+1","Barrage+1","Compile Driver+1"],"picked":"SKIP","floor":39},{"not_picked":["Seek","Rainbow"],"picked":"All For One","floor":42},{"not_picked":["Amplify","Buffer+1","Hyperbeam"],"picked":"SKIP","floor":43},{"not_picked":["Electrodynamics+1","Biased Cognition+1"],"picked":"Thunder Strike","floor":46},{"not_picked":["Creative AI+1","Biased Cognition+1"],"picked":"All For One","floor":49}],"player_experience":54024,"relics_obtained":[{"floor":6,"key":"CaptainsWheel"},{"floor":7,"key":"Dead Branch"},{"floor":8,"key":"Matryoshka"},{"floor":9,"key":"Dream Catcher"},{"floor":9,"key":"Bird Faced Urn"},{"floor":10,"key":"Smiling Mask"},{"floor":10,"key":"Bottled Flame"},{"floor":11,"key":"Torii"},{"floor":12,"key":"Meat on the Bone"},{"floor":13,"key":"Bottled Lightning"},{"floor":14,"key":"Ice Cream"},{"floor":15,"key":"Pocketwatch"},{"floor":18,"key":"Tiny Chest"},{"floor":18,"key":"Pear"},{"floor":18,"key":"Peace Pipe"},{"floor":23,"key":"Ginger"},{"floor":24,"key":"PreservedInsect"},{"floor":26,"key":"Mummified Hand"},{"floor":27,"key":"Frozen Egg 2"},{"floor":28,"key":"Oddly Smooth Stone"},{"floor":29,"key":"Thread and Needle"},{"floor":30,"key":"Prayer Wheel"},{"floor":31,"key":"Whetstone"},{"floor":32,"key":"Mango"},{"floor":40,"key":"Happy Flower"},{"floor":42,"key":"Emotion Chip"},{"floor":43,"key":"Old Coin"},{"floor":44,"key":"DataDisk"},{"floor":46,"key":"Centennial Puzzle"},{"floor":49,"key":"Symbiotic Virus"}],"event_choices":[{"damage_healed":0,"gold_gain":0,"cards_transformed":["Barrage"],"player_choice":"Transformed","damage_taken":0,"max_hp_gain":0,"max_hp_loss":0,"event_name":"Transmorgrifier","floor":3,"gold_loss":0,"cards_obtained":["Gash"]},{"damage_healed":0,"gold_gain":0,"player_choice":"Box","damage_taken":0,"relics_obtained":["Omamori"],"max_hp_gain":0,"max_hp_loss":0,"event_name":"Big Fish","floor":5,"gold_loss":0,"cards_obtained":["Regret"]},{"damage_healed":0,"gold_gain":0,"player_choice":"Ignored","damage_taken":0,"max_hp_gain":0,"max_hp_loss":0,"event_name":"Vampires","floor":20,"gold_loss":0},{"damage_healed":0,"gold_gain":0,"player_choice":"Copied","damage_taken":0,"max_hp_gain":0,"max_hp_loss":0,"event_name":"Duplicator","floor":21,"gold_loss":0,"cards_obtained":["Seek"]},{"damage_healed":0,"gold_gain":0,"player_choice":"1 cards matched","damage_taken":0,"max_hp_gain":0,"max_hp_loss":0,"event_name":"Match and Keep!","floor":38,"gold_loss":0,"cards_obtained":["All For One"]}],"is_beta":false,"boss_relics":[{"not_picked":["Velvet Choker","Runic Dome"],"picked":"Calling Bell"},{"not_picked":["Astrolabe","Inserter"],"picked":"Coffee Dripper"}],"items_purged_floors":[22,37,47],"is_endless":false,"potions_floor_spawned":[1,8,14,15,28,30,31,34,36,42,46,49],"ascension_level":1}}