{"host":"fd0wl3s6rfvq235o","time":1613596476,"event":{"mods":["2.2 Compatiblity","Act Like it!","Aspiration","BaseMod","BetterRewards","Clockwork Mod","Conspire","Defuse TimeMaze Blight","Downfall","Glutton Mod","Hermit","Hubris","Infinite Spire","Mad Scientist","Marisa????????","Minty Spire (QoL Compilation)","Relic Stats","Replay The Spire","StSLib","The Bladedancer","The Construct","The Disciple","The Exalted","The Mystic","The Runesmith","The Servant 0.9.4","Yuri Mod"],"gold_per_floor":[114,114,133,58,76,76,76,95,118,150,170,199,211,226,226,327,327,344,344,344,359,384,384,394,394,394],"floor_reached":25,"language":"DEU","playtime":1054,"items_purged":["yuri:yuriDefend"],"score":240,"play_id":"3915fac1-f2f4-44d4-92f4-2e4af58251c5","local_time":"20210217221436","is_ascension_mode":false,"campfire_choices":[{"data":"yuri:Oolong","floor":6,"key":"SMITH"},{"data":"yuri:Stare","floor":15,"key":"SMITH"},{"data":"yuri:RecklessStrike","floor":23,"key":"SMITH"}],"circlet_count":0,"master_deck":["yuri:yuriStrike","yuri:yuriStrike","yuri:yuriStrike","yuri:yuriStrike","yuri:yuriStrike","yuri:yuriDefend","yuri:yuriDefend","yuri:Oolong+1","yuri:yuriStab","yuri:ArmBrace","yuri:WickedSlash","yuri:Stare+1","yuri:DragonForm","yuri:RecklessStrike+1","yuri:BookGreen+1"],"relics":["yuri:yuriKnife","Lizard Tail","Tiny Chest","aspiration:FetidBarrel","Runesmith:Locket","Replay:Cursed D8","hubris:64BitClover","Replay:Wax Seal"],"acts_visited":["Exordium","TheCity"],"potions_floor_usage":[12,16,18],"damage_taken":[{"damage":1,"enemies":"Jaw Worm","floor":1,"turns":3},{"damage":2,"enemies":"Cultist","floor":3,"turns":3},{"damage":1,"enemies":"conspire:RoseBush","floor":5,"turns":2},{"damage":3,"enemies":"3 Louse","floor":8,"turns":4},{"damage":23,"enemies":"Replay:BlueRogue","floor":10,"turns":4},{"damage":7,"enemies":"Lots of Slimes","floor":11,"turns":3},{"damage":7,"enemies":"3 Sentries","floor":12,"turns":4},{"damage":2,"enemies":"Exordium Wildlife","floor":13,"turns":2},{"damage":3,"enemies":"3 Louse","floor":14,"turns":2},{"damage":34,"enemies":"Slime Boss","floor":16,"turns":6},{"damage":6,"enemies":"Spheric Guardian","floor":18,"turns":3},{"damage":5,"enemies":"Chosen","floor":21,"turns":3},{"damage":13,"enemies":"Shelled Parasite and Fungi","floor":24,"turns":3},{"damage":5,"enemies":"3 Cultists","floor":25,"turns":3}],"seed_played":"774965974422292320","potions_obtained":[{"floor":8,"key":"Block Potion"},{"floor":11,"key":"Strength Potion"},{"floor":12,"key":"AttackPotion"},{"floor":16,"key":"Weak Potion"},{"floor":18,"key":"AttackPotion"},{"floor":24,"key":"ColorlessPotion"}],"is_trial":false,"path_per_floor":["M","?","M","$","M","R","?","M","T","E","M","E","M","M","R","B",null,"M","?","?","M","T","R","M","M"],"character_chosen":"YURI","items_purchased":[],"campfire_rested":0,"item_purchase_floors":[],"current_hp_per_floor":[59,52,54,54,57,57,57,61,61,45,45,45,43,47,47,20,80,74,74,74,76,76,76,70,72,72],"gold":394,"neow_bonus":"ONE_RARE_RELIC","is_daily":false,"chose_seed":false,"campfire_upgraded":3,"win_rate":0.0,"timestamp":1613596476,"path_taken":["M","?","M","$","M","R","?","?","T","E","?","E","M","M","R","BOSS","M","?","?","M","?","R","?","M"],"items_purchased_type":[],"build_version":"2020-12-22","purchased_purges":1,"victory":false,"max_hp_per_floor":[80,80,80,80,80,80,80,80,80,80,80,80,80,80,80,80,80,80,80,80,80,80,80,80,80,80],"relic_stats":{"Lizard Tail":0,"counters":[14,45],"Tiny Chest":1,"obtain_stats":[{"Lizard Tail":0,"aspiration:FetidBarrel":10,"hubris:64BitClover":20,"yuri:yuriKnife":0,"Runesmith:Locket":12,"Replay:Cursed D8":17,"Tiny Chest":9,"Replay:Wax Seal":22},{"Lizard Tail":0,"aspiration:FetidBarrel":5,"hubris:64BitClover":11,"yuri:yuriKnife":0,"Runesmith:Locket":7,"Replay:Cursed D8":10,"Tiny Chest":4,"Replay:Wax Seal":12},{"Lizard Tail":0,"aspiration:FetidBarrel":16,"hubris:64BitClover":36,"yuri:yuriKnife":0,"Runesmith:Locket":23,"Replay:Cursed D8":33,"Tiny Chest":12,"Replay:Wax Seal":39}]},"card_choices":[{"not_picked":["yuri:ReloadGame","yuri:DebugCard","yuri:ChibiInvasion"],"picked":"SKIP","floor":1},{"not_picked":["yuri:MPose","yuri:ThornRemove","yuri:Spin"],"picked":"SKIP","floor":3},{"not_picked":["yuri:DeepBreathing","yuri:CorruptHitbox","yuri:MPose"],"picked":"SKIP","floor":5},{"not_picked":["yuri:AdaptiveAI","yuri:ThrowBook"],"picked":"yuri:WickedSlash","floor":8},{"not_picked":["yuri:TPose","yuri:CalmingAura"],"picked":"yuri:Stare","floor":10},{"not_picked":["yuri:SeeingDouble","yuri:ThrowingKnives","yuri:Stare"],"picked":"SKIP","floor":11},{"not_picked":["yuri:GlitchedStrike","yuri:CalmingAura","yuri:Stare"],"picked":"SKIP","floor":12},{"not_picked":["yuri:yuriHeavyStrike","yuri:WickedSlash","yuri:InduceGlitch"],"picked":"SKIP","floor":13},{"not_picked":["yuri:DebugCard","yuri:DisableStrike","yuri:CalmingAura"],"picked":"SKIP","floor":14},{"not_picked":["yuri:RelentlessStrikes","yuri:JumpScare"],"picked":"yuri:DragonForm","floor":16},{"not_picked":["yuri:ThornRemove","yuri:yuriHeavyStrike"],"picked":"yuri:RecklessStrike","floor":18},{"not_picked":["yuri:GrowingInsanity","yuri:GlitchedStrike"],"picked":"yuri:BookGreen+1","floor":21},{"not_picked":["yuri:Spin","yuri:yuriQuickStrike","yuri:CalmingAura"],"picked":"SKIP","floor":24}],"player_experience":759839,"relics_obtained":[{"floor":9,"key":"Tiny Chest"},{"floor":10,"key":"aspiration:FetidBarrel"},{"floor":12,"key":"Runesmith:Locket"},{"floor":22,"key":"Replay:Wax Seal"}],"event_choices":[{"cards_removed":["yuri:yuriDefend"],"damage_healed":0,"gold_gain":0,"player_choice":"Card Removal","damage_taken":7,"max_hp_gain":0,"max_hp_loss":0,"event_name":"Golden Wing","floor":2,"gold_loss":0},{"damage_healed":0,"gold_gain":0,"cards_transformed":["yuri:yuriDefend"],"player_choice":"Transformed","damage_taken":0,"max_hp_gain":0,"max_hp_loss":0,"event_name":"Transmorgrifier","floor":7,"gold_loss":0,"cards_obtained":["yuri:ArmBrace"]},{"damage_healed":0,"gold_gain":0,"player_choice":"Ignored","damage_taken":0,"max_hp_gain":0,"max_hp_loss":0,"event_name":"Ghosts","floor":19,"gold_loss":0},{"damage_healed":0,"gold_gain":0,"player_choice":"Gave Potion","damage_taken":0,"relics_obtained":["hubris:64BitClover"],"max_hp_gain":0,"max_hp_loss":0,"event_name":"WeMeetAgain","floor":20,"gold_loss":0}],"is_beta":false,"boss_relics":[{"not_picked":["SacredBark","construct:ClawGrip"],"picked":"Replay:Cursed D8"}],"items_purged_floors":[4],"is_endless":false,"potions_floor_spawned":[8,11,12,16,18,24],"killed_by":"3 Cultists","ascension_level":0}}