{"host":"6406jj8da6015sxr","time":1613565077,"event":{"mods":["AchievementEnabler","BaseMod","Colored Map","DeckTracker","Keyboard Shortcuts","Minty Spire (QoL Compilation)","Permanent Neow","Relic Stats","SuperFastMode","everything is the same but u backflip on backflip"],"gold_per_floor":[112,122,122,134,153,153,179,129,129,129,129,129,149,149,149,251,251,265,190,190,204,224,224,240,240,240,265,284,303,318,86,86,188,188,201,219,199,219,231,264,264,289,289,289,299,311,322,65,65,65],"floor_reached":51,"language":"KOR","playtime":2718,"items_purged":["Strike_G","Strike_G"],"score":1052,"play_id":"4cb61b86-bba5-4aa9-8604-ec57f7a4d158","local_time":"20210217213117","is_ascension_mode":true,"campfire_choices":[{"data":"Crippling Poison","floor":6.0,"key":"SMITH"},{"data":"Neutralize","floor":10.0,"key":"SMITH"},{"data":"Adrenaline","floor":12.0,"key":"SMITH"},{"floor":15.0,"key":"REST"},{"data":"Footwork","floor":23.0,"key":"SMITH"},{"data":"Crippling Poison","floor":25.0,"key":"SMITH"},{"data":"Adrenaline","floor":32.0,"key":"SMITH"},{"floor":41.0,"key":"REST"},{"floor":44,"key":"REST"},{"floor":49,"key":"REST"}],"circlet_count":0,"master_deck":["Strike_G","Defend_G","Defend_G","Defend_G","Defend_G","Defend_G","Survivor","Neutralize+1","Adrenaline+1","Poisoned Stab","Predator+1","Crippling Poison+1","Flying Knee","Predator","Blade Dance","Venomology","Footwork+1","Adrenaline+1","Crippling Poison+1","Setup+1","Dodge and Roll","Escape Plan","Dagger Spray+1","Adrenaline+1","Malaise+1","Skewer+1","Skewer+1","PiercingWail+1","Bane+1","PiercingWail","Parasite","Dodge and Roll+1"],"relics":["Ring of the Snake","Gremlin Horn","Paper Crane","Philosopher\u0027s Stone","Mummified Hand","Pantograph","Fusion Hammer","War Paint","Centennial Puzzle","Akabeko","Pen Nib"],"acts_visited":["Exordium","TheCity","TheBeyond"],"potions_floor_usage":[42,42,46,50,50],"damage_taken":[{"damage":0.0,"enemies":"Jaw Worm","floor":1.0,"turns":6.0},{"damage":1.0,"enemies":"Cultist","floor":2.0,"turns":4.0},{"damage":0.0,"enemies":"2 Louse","floor":4.0,"turns":2.0},{"damage":12.0,"enemies":"Gremlin Gang","floor":5.0,"turns":5.0},{"damage":15.0,"enemies":"3 Sentries","floor":7.0,"turns":7.0},{"damage":0.0,"enemies":"Exordium Wildlife","floor":13.0,"turns":3.0},{"damage":48.0,"enemies":"Slime Boss","floor":16.0,"turns":8.0},{"damage":0.0,"enemies":"Chosen","floor":18.0,"turns":4.0},{"damage":0.0,"enemies":"Shell Parasite","floor":21.0,"turns":4.0},{"damage":1.0,"enemies":"Centurion and Healer","floor":22.0,"turns":5.0},{"damage":0.0,"enemies":"Snecko","floor":24.0,"turns":5.0},{"damage":12.0,"enemies":"Book of Stabbing","floor":27.0,"turns":5.0},{"damage":12.0,"enemies":"Cultist and Chosen","floor":28.0,"turns":7.0},{"damage":1.0,"enemies":"Sentry and Sphere","floor":29.0,"turns":5.0},{"damage":0.0,"enemies":"3 Cultists","floor":30.0,"turns":4.0},{"damage":24.0,"enemies":"Automaton","floor":33.0,"turns":10.0},{"damage":3.0,"enemies":"3 Darklings","floor":35.0,"turns":4.0},{"damage":2.0,"enemies":"3 Shapes","floor":36.0,"turns":5.0},{"damage":12.0,"enemies":"Spire Growth","floor":38.0,"turns":5.0},{"damage":0.0,"enemies":"Jaw Worm Horde","floor":39.0,"turns":3.0},{"damage":20.0,"enemies":"Giant Head","floor":40.0,"turns":6.0},{"damage":0,"enemies":"Reptomancer","floor":42,"turns":6},{"damage":5,"enemies":"Writhing Mass","floor":45,"turns":6},{"damage":0,"enemies":"3 Darklings","floor":46,"turns":4},{"damage":16,"enemies":"Maw","floor":47,"turns":9},{"damage":35,"enemies":"Awakened One","floor":50,"turns":16}],"seed_played":"-3825260264030368747","potions_obtained":[{"floor":2.0,"key":"Swift Potion"},{"floor":7.0,"key":"ColorlessPotion"},{"floor":13.0,"key":"Regen Potion"},{"floor":16.0,"key":"Poison Potion"},{"floor":22.0,"key":"Energy Potion"},{"floor":24.0,"key":"Dexterity Potion"},{"floor":28.0,"key":"Strength Potion"},{"floor":29.0,"key":"Regen Potion"},{"floor":37.0,"key":"ColorlessPotion"},{"floor":38.0,"key":"SteroidPotion"},{"floor":40.0,"key":"ColorlessPotion"},{"floor":45,"key":"AttackPotion"}],"is_trial":false,"path_per_floor":["M","M","?","M","M","R","E","?","T","R","?","R","M","?","R","B",null,"M","?","?","M","M","R","M","R","T","E","M","M","M","$","R","B",null,"M","M","?","M","M","E","R","E","T","R","M","M","M","$","R","B",null],"character_chosen":"THE_SILENT","items_purchased":["Adrenaline","Pen Nib"],"campfire_rested":4,"item_purchase_floors":[31,48],"current_hp_per_floor":[63,62,62,62,50,50,35,35,35,35,35,35,35,35,53,18,52,52,52,52,52,51,51,51,51,51,39,27,26,26,26,26,42,58,55,53,53,41,41,21,39,39,39,57,52,52,36,36,54,28],"gold":65,"neow_bonus":"THREE_RARE_CARDS","is_daily":false,"chose_seed":false,"campfire_upgraded":6,"win_rate":0.0,"timestamp":1613565077,"path_taken":["M","M","?","M","?","R","E","?","T","R","?","R","M","?","R","BOSS","M","?","?","M","M","R","M","R","T","E","M","M","M","$","R","BOSS","M","?","?","M","M","E","R","E","T","R","?","?","M","$","R","BOSS"],"items_purchased_type":["Card","Relic"],"build_version":"2020-12-22","purchased_purges":2,"victory":true,"max_hp_per_floor":[63,63,63,63,63,63,63,63,63,63,63,63,63,63,63,63,63,63,63,63,63,63,63,63,63,63,63,63,63,63,63,63,63,63,63,63,63,63,63,63,63,63,63,63,63,63,63,63,63,63],"relic_stats":{"Centennial Puzzle":[9],"Gremlin Horn":[25,25],"counters":[26,148],"Mummified Hand":[15],"Pantograph":34,"Pen Nib":[4],"War Paint":["Setup","Malaise"],"obtain_stats":[{"Centennial Puzzle":42,"Gremlin Horn":7,"Mummified Hand":26,"Pantograph":27,"Philosopher\u0027s Stone":17,"Fusion Hammer":34,"Pen Nib":48,"Paper Crane":9,"War Paint":40,"Akabeko":43,"Ring of the Snake":0},{"Centennial Puzzle":22,"Gremlin Horn":5,"Mummified Hand":11,"Pantograph":12,"Philosopher\u0027s Stone":7,"Fusion Hammer":16,"Pen Nib":25,"Paper Crane":5,"War Paint":21,"Akabeko":22,"Ring of the Snake":0},{"Centennial Puzzle":113,"Gremlin Horn":24,"Mummified Hand":53,"Pantograph":58,"Philosopher\u0027s Stone":35,"Fusion Hammer":84,"Pen Nib":132,"Paper Crane":24,"War Paint":107,"Akabeko":113,"Ring of the Snake":0}],"Ring of the Snake":[52]},"card_choices":[{"not_picked":["Wraith Form v2","Bullet Time"],"picked":"Adrenaline","floor":0.0},{"not_picked":["Acrobatics","Underhanded Strike"],"picked":"Poisoned Stab","floor":1.0},{"not_picked":["Backflip","Dodge and Roll"],"picked":"Predator","floor":2.0},{"not_picked":["Infinite Blades","Escape Plan"],"picked":"Crippling Poison","floor":4.0},{"not_picked":["Caltrops","Dodge and Roll"],"picked":"Flying Knee","floor":5.0},{"not_picked":["Tactician","Deadly Poison"],"picked":"Predator","floor":7.0},{"not_picked":["A Thousand Cuts","Masterful Stab"],"picked":"Blade Dance","floor":13.0},{"not_picked":["Phantasmal Killer","Bullet Time"],"picked":"Venomology","floor":16.0},{"not_picked":["Dagger Spray","Dodge and Roll"],"picked":"Footwork","floor":18.0},{"not_picked":["Outmaneuver","Dodge and Roll"],"picked":"Crippling Poison","floor":21.0},{"not_picked":["Dagger Throw+1","Eviscerate","Skewer+1"],"picked":"SKIP","floor":22.0},{"not_picked":["Flying Knee","Poisoned Stab"],"picked":"Setup","floor":24.0},{"not_picked":["Cloak And Dagger","Prepared"],"picked":"Dodge and Roll","floor":27.0},{"not_picked":["Acrobatics","Dagger Throw"],"picked":"Escape Plan","floor":28.0},{"not_picked":["Slice","Poisoned Stab","Deflect+1"],"picked":"SKIP","floor":29.0},{"not_picked":["Choke","Setup"],"picked":"Dagger Spray+1","floor":30.0},{"not_picked":["Die Die Die","Tools of the Trade"],"picked":"Malaise","floor":33.0},{"not_picked":["Prepared+1","Catalyst"],"picked":"Skewer+1","floor":35.0},{"not_picked":["Blade Dance+1","Caltrops+1"],"picked":"Skewer+1","floor":36.0},{"not_picked":["Leg Sweep","Well Laid Plans"],"picked":"PiercingWail+1","floor":38.0},{"not_picked":["Tools of the Trade","Backflip"],"picked":"Bane+1","floor":39.0},{"not_picked":["Deflect","Dagger Spray"],"picked":"PiercingWail","floor":40.0},{"not_picked":["Deflect","Sucker Punch","Grand Finale"],"picked":"SKIP","floor":42},{"not_picked":["Outmaneuver","Deflect+1"],"picked":"Dodge and Roll+1","floor":45},{"not_picked":["Quick Slash+1","Noxious Fumes+1","Crippling Poison"],"picked":"SKIP","floor":46},{"not_picked":["Cloak And Dagger","Flying Knee","Prepared"],"picked":"SKIP","floor":47}],"player_experience":39316,"relics_obtained":[{"floor":7.0,"key":"Gremlin Horn"},{"floor":9.0,"key":"Paper Crane"},{"floor":26.0,"key":"Mummified Hand"},{"floor":27.0,"key":"Pantograph"},{"floor":40.0,"key":"War Paint"},{"floor":42,"key":"Centennial Puzzle"},{"floor":43,"key":"Akabeko"}],"event_choices":[{"damage_healed":0.0,"max_hp_gain":0.0,"max_hp_loss":0.0,"gold_gain":0.0,"event_name":"Upgrade Shrine","player_choice":"Upgraded","floor":3.0,"gold_loss":0.0,"damage_taken":0.0,"cards_upgraded":["Predator"]},{"cards_removed":["Strike_G"],"damage_healed":0.0,"max_hp_gain":0.0,"max_hp_loss":0.0,"gold_gain":0.0,"event_name":"The Cleric","player_choice":"Card Removal","floor":8.0,"gold_loss":50.0,"damage_taken":0.0},{"damage_healed":0.0,"max_hp_gain":0.0,"max_hp_loss":0.0,"gold_gain":0.0,"event_name":"Liars Game","player_choice":"Ignored","floor":11.0,"gold_loss":0.0,"damage_taken":0.0},{"damage_healed":0.0,"max_hp_gain":0.0,"max_hp_loss":0.0,"gold_gain":0.0,"event_name":"Shining Light","player_choice":"Ignored","floor":14.0,"gold_loss":0.0,"damage_taken":0.0},{"cards_removed":["Strike_G"],"damage_healed":0.0,"max_hp_gain":0.0,"max_hp_loss":0.0,"gold_gain":0.0,"event_name":"Beggar","player_choice":"Gave Gold","floor":19.0,"gold_loss":75.0,"damage_taken":0.0},{"damage_healed":0.0,"max_hp_gain":0.0,"max_hp_loss":0.0,"gold_gain":0.0,"event_name":"Duplicator","player_choice":"Copied","floor":20.0,"gold_loss":0.0,"damage_taken":0.0,"cards_obtained":["Adrenaline"]},{"damage_healed":0.0,"max_hp_gain":0.0,"max_hp_loss":0.0,"gold_gain":0.0,"event_name":"The Woman in Blue","player_choice":"Bought 1 Potion","floor":37.0,"gold_loss":0.0,"damage_taken":0.0}],"is_beta":false,"boss_relics":[{"not_picked":["SlaversCollar","Pandora\u0027s Box"],"picked":"Philosopher\u0027s Stone"},{"not_picked":["Coffee Dripper","Snecko Eye"],"picked":"Fusion Hammer"}],"items_purged_floors":[31,48],"is_endless":false,"potions_floor_spawned":[2,7,13,16,22,24,28,29,38,40,45,46],"ascension_level":9}}