{"host":"06x7ibqulglyn97c","time":1613570775,"event":{"mods":["AchievementEnabler","BaseMod","Downfall","Minty Spire (QoL Compilation)","Rare Cards Sparkle","Relic Sorter","Relic Stats","StSLib","The Awakened One except there are too many feathers"],"gold_per_floor":[99,199,199,218,46,46,46,146,146,146,180,196,220,245,257,356,356,356,376,376,385,485,498,498,498,378,378,411,85,85,85,98,203,203,203,217,226,226,226,308,333,333,45,63,63,88,107,122,142,142],"floor_reached":51,"language":"ENG","playtime":2994,"items_purged":["Slimebound:Strike_Slimebound"],"score":694,"play_id":"e9d2545d-ae03-4eef-afdd-fffa16eaba3e","local_time":"20210217140615","is_ascension_mode":false,"campfire_choices":[{"data":"Slimebound:Split","floor":1,"key":"SMITH"},{"data":"Slimebound:GoopSpray","floor":6,"key":"SMITH"},{"data":"Slimebound:SlimeSpikes","floor":10,"key":"SMITH"},{"data":"Slimebound:SlimeBarrage","floor":18,"key":"SMITH"},{"data":"Slimebound:MinionMaster","floor":25,"key":"SMITH"},{"data":"Slimebound:LeadByExample","floor":27,"key":"SMITH"},{"floor":30,"key":"REST"},{"data":"Slimebound:PressTheAttack","floor":35,"key":"SMITH"},{"data":"Slimebound:LevelUp","floor":42,"key":"SMITH"},{"data":"Slimebound:PressTheAttack","floor":45,"key":"SMITH"}],"circlet_count":0,"master_deck":["Slimebound:Strike_Slimebound+1","Slimebound:Strike_Slimebound+1","Slimebound:Tackle","Slimebound:Defend_Slimebound","Slimebound:Defend_Slimebound","Slimebound:Defend_Slimebound","Slimebound:Split+1","Slimebound:CorrosiveSpit","Slimebound:Split+1","Slimebound:SlimeSpikes+1","Slimebound:GoopSpray+1","Slimebound:MinionMaster+1","Slimebound:SlimeBarrage+1","Slimebound:PressTheAttack+1","CurseOfTheBell","Slimebound:SlimeBrawl+1","Slimebound:PressTheAttack+1","Slimebound:LeadByExample+1","Slimebound:Repurpose+1","Slimebound:FirmFortitude+1","expansioncontent:Chronoboost","Slimebound:LevelUp+1","Parasite"],"relics":["Slimebound:AbsorbEndCombat","WingedGreaves","Lee\u0027s Waffle","Slimebound:MaxSlimesRelic","Smiling Mask","Whetstone","Calling Bell","CeramicFish","Toxic Egg 2","Shovel","Calipers","Mummified Hand","Vajra","Slimebound:AggressiveSlimeRelic","Lizard Tail","downfall:RedIOU","Kunai","Strawberry","Art of War","Du-Vu Doll"],"acts_visited":["Exordium","TheCity","TheBeyond"],"potions_floor_usage":[14,22,26,28,33,47,50,50,50],"damage_taken":[{"damage":2,"enemies":"2 Louse","floor":4,"turns":3},{"damage":10,"enemies":"downfall:FleeingMerchant","floor":5,"turns":4},{"damage":6,"enemies":"Lagavulin","floor":11,"turns":5},{"damage":7,"enemies":"Cultist","floor":12,"turns":4},{"damage":18,"enemies":"Gremlin Nob","floor":14,"turns":4},{"damage":0,"enemies":"Small Slimes","floor":15,"turns":2},{"damage":40,"enemies":"IC_STATUS_ARCHETYPE","floor":16,"turns":5},{"damage":1,"enemies":"Chosen","floor":19,"turns":3},{"damage":12,"enemies":"Colosseum Nobs","floor":22,"turns":4},{"damage":15,"enemies":"downfall:LooterAlt2","floor":23,"turns":3},{"damage":4,"enemies":"downfall:FleeingMerchant","floor":26,"turns":4},{"damage":31,"enemies":"Gremlin Leader","floor":28,"turns":5},{"damage":3,"enemies":"downfall:FleeingMerchant","floor":29,"turns":4},{"damage":3,"enemies":"3 Cultists","floor":32,"turns":3},{"damage":38,"enemies":"DF_ARCHETYPE_CLAW","floor":33,"turns":7},{"damage":4,"enemies":"3 Shapes","floor":36,"turns":3},{"damage":3,"enemies":"downfall:FleeingMerchant","floor":40,"turns":3},{"damage":10,"enemies":"3 Darklings","floor":44,"turns":3},{"damage":26,"enemies":"Writhing Mass","floor":46,"turns":4},{"damage":13,"enemies":"Spire Growth","floor":47,"turns":3},{"damage":7,"enemies":"Sphere and 2 Shapes","floor":48,"turns":3},{"damage":16,"enemies":"Maw","floor":49,"turns":5},{"damage":49,"enemies":"WA_ARCHETYPE_DIVINITY","floor":50,"turns":6}],"seed_played":"3746228545764157672","potions_obtained":[{"floor":11,"key":"SpeedPotion"},{"floor":12,"key":"ColorlessPotion"},{"floor":15,"key":"champ:CounterPotion"},{"floor":16,"key":"GamblersBrew"},{"floor":22,"key":"sneckomod:MuddlingPotion"},{"floor":28,"key":"SneckoOil"},{"floor":46,"key":"AttackPotion"},{"floor":48,"key":"Weak Potion"}],"is_trial":false,"path_per_floor":["R","?","?","M","$","R","T","?","?","R","E","M","T","E","M","B",null,"R","M","?","?","?","M","T","R","$","R","E","$","R","?","M","B",null,"R","M","?","T","?","$","T","R","$","M","R","M","M","M","M","B",null],"character_chosen":"SLIMEBOUND","items_purchased":["Lee\u0027s Waffle","Slimebound:Repurpose+1","Lizard Tail","Strawberry","Slimebound:LevelUp","Strength Potion","Du-Vu Doll"],"campfire_rested":1,"item_purchase_floors":[5,26,29,40,40,40,43],"current_hp_per_floor":[47,47,47,47,72,72,72,72,72,72,70,65,65,55,61,31,72,72,72,72,72,64,57,57,57,63,63,40,47,68,68,71,41,72,72,70,70,70,70,76,76,76,76,71,71,47,40,35,25,23],"gold":142,"neow_bonus":"ONE_RARE_RELIC","is_daily":false,"chose_seed":false,"campfire_upgraded":9,"win_rate":0.0,"timestamp":1613570775,"path_taken":["R","?","?","?","?","R","T","?","?","R","E","?","?","E","M","BOSS","R","M","?","?","?","M","T","R","$","R","E","$","R","?","M","BOSS","R","M","?","?","?","?","T","R","$","M","R","M","M","M","M","BOSS"],"items_purchased_type":["Relic","Card","Relic","Relic","Card","Potion","Relic"],"build_version":"2020-12-22","purchased_purges":1,"victory":true,"max_hp_per_floor":[65,65,65,65,72,72,72,72,72,72,72,72,72,72,72,72,72,72,72,72,72,72,72,72,72,72,72,72,72,72,72,72,72,72,72,72,72,72,72,79,79,79,79,79,79,79,79,79,79,79],"relic_stats":{"Lee\u0027s Waffle":29,"Lizard Tail":39,"Shovel":0,"counters":[23,88],"Mummified Hand":[39],"CeramicFish":72,"Art of War":[4],"Whetstone":["Slimebound:Strike_Slimebound","Slimebound:Strike_Slimebound"],"Kunai":[1],"Smiling Mask":25,"obtain_stats":[{"Slimebound:AggressiveSlimeRelic":28,"Lee\u0027s Waffle":5,"Calipers":22,"CeramicFish":17,"Vajra":24,"Whetstone":14,"Smiling Mask":11,"Blood Vial":13,"Calling Bell":17,"Du-Vu Doll":43,"Lizard Tail":29,"Slimebound:MaxSlimesRelic":7,"Shovel":17,"Mummified Hand":22,"Strawberry":40,"WingedGreaves":0,"downfall:RedIOU":31,"Slimebound:AbsorbEndCombat":0,"Art of War":41,"Kunai":38,"Toxic Egg 2":17},{"Slimebound:AggressiveSlimeRelic":12,"Lee\u0027s Waffle":2,"Calipers":9,"CeramicFish":7,"Vajra":10,"Whetstone":5,"Smiling Mask":3,"Blood Vial":4,"Calling Bell":7,"Du-Vu Doll":17,"Lizard Tail":13,"Slimebound:MaxSlimesRelic":2,"Shovel":7,"Mummified Hand":9,"Strawberry":17,"WingedGreaves":0,"downfall:RedIOU":13,"Slimebound:AbsorbEndCombat":0,"Art of War":17,"Kunai":16,"Toxic Egg 2":7},{"Slimebound:AggressiveSlimeRelic":44,"Lee\u0027s Waffle":7,"Calipers":32,"CeramicFish":25,"Vajra":35,"Whetstone":18,"Smiling Mask":11,"Blood Vial":14,"Calling Bell":25,"Du-Vu Doll":64,"Lizard Tail":48,"Slimebound:MaxSlimesRelic":7,"Shovel":25,"Mummified Hand":32,"Strawberry":64,"WingedGreaves":0,"downfall:RedIOU":48,"Slimebound:AbsorbEndCombat":0,"Art of War":64,"Kunai":61,"Toxic Egg 2":25}]},"card_choices":[{"not_picked":["Slimebound:Schlurp","Slimebound:GoopTackle"],"picked":"Slimebound:SlimeSpikes","floor":4},{"not_picked":["Slimebound:Nibble","Slimebound:Schlurp"],"picked":"Slimebound:GoopSpray","floor":5},{"not_picked":["Slimebound:TongueLash","Slimebound:GoopSpray"],"picked":"Slimebound:MinionMaster","floor":11},{"not_picked":["Slimebound:RollThrough","Slimebound:ItLooksTasty","Slimebound:FinishingTackle"],"picked":"SKIP","floor":12},{"not_picked":["Slimebound:ProtectTheBoss","Slimebound:ItLooksTasty"],"picked":"Slimebound:SlimeBarrage","floor":14},{"not_picked":["Slimebound:LivingWall","Slimebound:SamplingLick"],"picked":"Slimebound:PressTheAttack","floor":15},{"not_picked":["Slimebound:SplitAcid+1","Slimebound:Dissolve+1"],"picked":"Slimebound:SlimeBrawl+1","floor":19},{"not_picked":["Slimebound:ItLooksTasty","Slimebound:SlimeTap+1","Slimebound:FinishingTackle+1"],"picked":"SKIP","floor":23},{"not_picked":["Slimebound:Prepare+1","Slimebound:RainOfGoop+1"],"picked":"Slimebound:LeadByExample","floor":26},{"not_picked":["Slimebound:GoopTackle","Slimebound:SplitAcid+1","Slimebound:PrepareCrush+1"],"picked":"SKIP","floor":28},{"not_picked":["Slimebound:FlameTackle","Slimebound:MegaLick+1","Slimebound:Gluttony"],"picked":"SKIP","floor":29},{"not_picked":["Slimebound:GoopTackle+1","Slimebound:ProtectTheBoss+1","Slimebound:SlimeTap+1"],"picked":"SKIP","floor":32},{"not_picked":["Slimebound:SelfFormingGoo","Slimebound:OozeBath+1"],"picked":"Slimebound:FirmFortitude+1","floor":33},{"not_picked":["Slimebound:LeechEnergy+1","Slimebound:ProtectTheBoss","Slimebound:RollThrough+1"],"picked":"SKIP","floor":36},{"not_picked":["expansioncontent:LastStand","expansioncontent:AwakenDeath"],"picked":"expansioncontent:Chronoboost","floor":37},{"not_picked":["Slimebound:MegaLick+1","Slimebound:LeechEnergy","Slimebound:LeechingTouch"],"picked":"SKIP","floor":40},{"not_picked":["Slimebound:ComboTackle+1","Slimebound:LeechingTouch+1","Slimebound:SamplingLick+1"],"picked":"SKIP","floor":44},{"not_picked":["Slimebound:LeadByExample+1","Slimebound:SamplingLick+1","Slimebound:HauntingLick+1"],"picked":"SKIP","floor":46},{"not_picked":["Slimebound:LivingWall+1","Slimebound:FormOfPuddle+1","Slimebound:PrepareCrush+1"],"picked":"SKIP","floor":47},{"not_picked":["Slimebound:TongueLash+1","Slimebound:SplitAcid+1","Slimebound:HauntingLick+1"],"picked":"SKIP","floor":48},{"not_picked":["Slimebound:Prepare+1","Slimebound:SplitBruiser+1","Slimebound:ComboTackle"],"picked":"SKIP","floor":49}],"player_experience":703017,"relics_obtained":[{"floor":7,"key":"Slimebound:MaxSlimesRelic"},{"floor":11,"key":"Smiling Mask"},{"floor":13,"key":"Blood Vial"},{"floor":14,"key":"Whetstone"},{"floor":17,"key":"CeramicFish"},{"floor":17,"key":"Toxic Egg 2"},{"floor":17,"key":"Shovel"},{"floor":22,"key":"Calipers"},{"floor":22,"key":"Mummified Hand"},{"floor":24,"key":"Vajra"},{"floor":28,"key":"Slimebound:AggressiveSlimeRelic"},{"floor":38,"key":"Kunai"},{"floor":41,"key":"Art of War"}],"event_choices":[{"damage_healed":0,"gold_gain":0,"player_choice":"Read","damage_taken":0,"max_hp_gain":0,"max_hp_loss":0,"event_name":"The Library","floor":21,"gold_loss":0,"cards_obtained":["Slimebound:PressTheAttack"]}],"is_beta":false,"boss_relics":[{"not_picked":["SlaversCollar","Runic Dome"],"picked":"Calling Bell"},{"not_picked":["bronze:MakeshiftBattery","Slimebound:TarBlob","Coffee Dripper"]}],"items_purged_floors":[26],"is_endless":false,"potions_floor_spawned":[11,12,15,16,22,23,28,46,48],"ascension_level":0}}