{"host":"kaame4qwxxqnygv7","time":1613547335,"event":{"mods":["AchievementEnabler","BaseMod","Better Match","Better Skull","Better Third Choice","BetterRewards","Block Reminder","Bossed Relics","DeckTracker","Energized Spire","GungeonMod","Minty Spire (QoL Compilation)","Quick Restart","Red Circlet Mod","StSLib","SuperFastMode","The Blue Laboratory"],"gold_per_floor":[110,110,110,124,141,141,141],"floor_reached":6,"language":"KOR","playtime":166,"items_purged":[],"score":68,"play_id":"3f7e37a3-24da-442d-8f1e-e2d5ca4cf320","local_time":"20210217163535","is_ascension_mode":true,"campfire_choices":[],"circlet_count":0,"master_deck":["AscendersBane","DemoMod:Strike_Huntress","DemoMod:Strike_Huntress","DemoMod:Strike_Huntress","DemoMod:Defend_Huntress","DemoMod:Defend_Huntress","DemoMod:Defend_Huntress","DemoMod:Roll","DemoMod:ManualReload","DemoMod:RustySidearm","DemoMod:CrossBow"],"relics":["DemoMod:Dog","DemoMod:MeatBun","Du-Vu Doll","DemoMod:GnawedKey","Toy Ornithopter","Ginger","DemoMod:GlassGuonStoneRelic"],"acts_visited":["Exordium"],"potions_floor_usage":[6],"damage_taken":[{"damage":0.0,"enemies":"2 Louse","floor":1.0,"turns":2.0},{"damage":0.0,"enemies":"Cultist","floor":4.0,"turns":2.0},{"damage":0.0,"enemies":"Small Slimes","floor":5.0,"turns":2.0},{"damage":0,"enemies":"3 Sentries","floor":6,"turns":4}],"seed_played":"-6988998127885839597","potions_obtained":[{"floor":1.0,"key":"FearPotion"},{"floor":4.0,"key":"blueLaboratory:TrueEctoplasm"}],"is_trial":false,"path_per_floor":["M","?","?","M","M","E"],"character_chosen":"HUNTRESS","items_purchased":["DemoMod:MeatBun","DemoMod:GnawedKey","Toy Ornithopter"],"campfire_rested":0,"item_purchase_floors":[0,0,0],"current_hp_per_floor":[53,53,53,53,53,58,58],"gold":141,"neow_bonus":"","is_daily":false,"chose_seed":false,"campfire_upgraded":0,"win_rate":0.0,"timestamp":1613547335,"path_taken":["M","?","?","?","M","E"],"items_purchased_type":["Relic","Relic","Relic"],"build_version":"2020-12-22","purchased_purges":0,"victory":false,"max_hp_per_floor":[63,63,63,63,63,63,63],"card_choices":[{"not_picked":["DemoMod:TeaPot","DemoMod:MachoBrace","DemoMod:Rummage"],"picked":"SKIP","floor":1.0},{"not_picked":["DemoMod:FastSwitch","DemoMod:Camera","DemoMod:TripleGun"],"picked":"SKIP","floor":4.0},{"not_picked":["DemoMod:HungryBullets","DemoMod:FortunesFavor","DemoMod:AC15"],"picked":"SKIP","floor":5.0}],"player_experience":304360,"relics_obtained":[],"event_choices":[{"damage_healed":0.0,"max_hp_gain":0.0,"max_hp_loss":0.0,"gold_gain":0.0,"event_name":"betterThird:BetterScrap","player_choice":"LEAVE","floor":2.0,"gold_loss":0.0,"damage_taken":0.0,"cards_obtained":["Dark Embrace"]},{"cards_removed":["DemoMod:Defend_Huntress"],"damage_healed":0.0,"max_hp_gain":0.0,"max_hp_loss":0.0,"gold_gain":0.0,"event_name":"Bonfire Elementals","player_choice":"Offered Basic","floor":3.0,"gold_loss":0.0,"damage_taken":0.0}],"is_beta":false,"boss_relics":[],"items_purged_floors":[],"is_endless":false,"potions_floor_spawned":[1,4],"killed_by":"3 Sentries","ascension_level":18}}