{"host":"cfqfeqi6u2qx5u0e","time":1613581058,"event":{"mods":["AchievementEnabler","BaseMod","Minty Spire (QoL Compilation)","Quick Restart","StSLib"],"gold_per_floor":[116,135,135,148,323,323,351,351,351,351,351],"floor_reached":10,"language":"ENG","playtime":535,"items_purged":[],"score":69,"play_id":"db65c0ad-f51d-4d95-8deb-9053b2e5cb80","local_time":"20210217085738","is_ascension_mode":true,"campfire_choices":[{"floor":6,"key":"RECALL"},{"floor":8,"key":"REST"}],"circlet_count":0,"master_deck":["Strike_R","Strike_R","Strike_R","Strike_R","Defend_R","Defend_R","Defend_R","Defend_R","Bash","Headbutt","Entrench","Intimidate","Fiend Fire","Doubt","Brutality"],"relics":["Burning Blood","White Beast Statue","Pantograph"],"acts_visited":["Exordium"],"potions_floor_usage":[7],"damage_taken":[{"damage":4,"enemies":"Cultist","floor":1,"turns":4},{"damage":6,"enemies":"Jaw Worm","floor":2,"turns":3},{"damage":15,"enemies":"Small Slimes","floor":4,"turns":5},{"damage":71,"enemies":"Lagavulin","floor":7,"turns":11},{"damage":41,"enemies":"3 Sentries","floor":10,"turns":4}],"seed_played":"-2341609087736275948","potions_obtained":[{"floor":4,"key":"AttackPotion"}],"is_trial":false,"path_per_floor":["M","M","?","M","?","R","E","R","T","E"],"character_chosen":"IRONCLAD","items_purchased":[],"campfire_rested":1,"item_purchase_floors":[],"current_hp_per_floor":[88,88,88,79,79,79,14,40,40,0,0],"gold":351,"neow_bonus":"TEN_PERCENT_HP_BONUS","is_daily":false,"chose_seed":false,"campfire_upgraded":0,"win_rate":0.0,"timestamp":1613581058,"path_taken":["M","?","?","?","?","R","E","R","T","E"],"items_purchased_type":[],"build_version":"2020-12-22","purchased_purges":0,"victory":false,"max_hp_per_floor":[88,88,88,88,88,88,88,88,88,88,88],"card_choices":[{"not_picked":["Perfected Strike","Second Wind"],"picked":"Headbutt","floor":1},{"not_picked":["Carnage","Anger"],"picked":"Entrench","floor":2},{"not_picked":["Clash","Clothesline"],"picked":"Fiend Fire","floor":4},{"not_picked":["Spot Weakness","Burning Pact"],"picked":"Brutality","floor":7}],"player_experience":68738,"relics_obtained":[{"floor":7,"key":"White Beast Statue"},{"floor":9,"key":"Pantograph"}],"event_choices":[{"damage_healed":0,"gold_gain":0,"cards_transformed":["Strike_R"],"player_choice":"Transformed","damage_taken":0,"max_hp_gain":0,"max_hp_loss":0,"event_name":"Transmorgrifier","floor":3,"gold_loss":0,"cards_obtained":["Intimidate"]},{"damage_healed":0,"gold_gain":175,"player_choice":"AGREE","damage_taken":0,"max_hp_gain":0,"max_hp_loss":0,"event_name":"Liars Game","floor":5,"gold_loss":0,"cards_obtained":["Doubt"]}],"is_beta":false,"boss_relics":[],"items_purged_floors":[],"is_endless":false,"potions_floor_spawned":[4],"killed_by":"3 Sentries","ascension_level":1}}