{"host":"o3b7ow6d1xe49css","time":1613547584,"event":{"mods":["Act Like it!","Aspiration","BaseMod","Better Altar","Better Match","Better Note","Better Sensory Stone","Better Skull","Better Third Choice","Colored Powertips","Conspire","Energized Spire","Force Act Four","GifTheSpireLib","Halation","Hubris","Minty Spire (QoL Compilation)","Relic Filter Mod","Reliquary","Replay The Spire","Ruina","Spicy Shops","Spikes Relics","StSLib","Stuff the Spire","The Blue Laboratory","Together in Spire"],"gold_per_floor":[116,132,163,179,179,179,204,217,285,316,327,327,10,13,13,31,106,118,118,134,167,179,179,203,218,218,243,53,53,53,158,158,178,189,208,208,483,483,494,513,513,524,541,541,553,58,58,58,58,89,89],"floor_reached":52,"language":"ENG","playtime":2770,"items_purged":["Pain","Doubt","Strike_R"],"score":808,"play_id":"f717e46f-8eb4-4956-a43f-8f1e72f2cd91","local_time":"20210216223944","is_ascension_mode":false,"campfire_choices":[{"floor":6,"key":"RECALL"},{"data":"Brutality","floor":12,"key":"SMITH"},{"data":"Battle Trance","floor":15,"key":"SMITH"},{"data":"Bash","floor":23,"key":"SMITH"},{"data":"Sword Boomerang","floor":26,"key":"SMITH"},{"data":"BarbarianYell","floor":30,"key":"SMITH"},{"data":"Exhume","floor":38,"key":"SMITH"},{"data":"hubris:StunningStrike","floor":47,"key":"SMITH"},{"data":"Sword Boomerang","floor":48,"key":"SMITH"}],"circlet_count":2,"master_deck":["Strike_R","Strike_R","Strike_R","Defend_R","Defend_R","Defend_R","Bash+1","StuffTheSpire:Incineration","Twin Strike","Sword Boomerang+1","Headbutt","Brutality+1","Shrug It Off","Battle Trance+1","Anger","Cleave","Shrug It Off","Cleave","Hemokinesis","Rupture+1","BarbarianYell+1","Exhume+1","Regret","True Grit+1","Sword Boomerang+1","ReplayTheSpireMod:Stacked+1","Battle Trance+1","Feel No Pain+1","hubris:StunningStrike+1"],"relics":["Burning Blood","NeowsBlessing","HornCleat","WarpedTongs","Durian","halation:Toothbrush","Sundial","PreservedInsect","Sundial","Circlet","conspire:SpecialSausage","Akabeko","aspiration:Lifesprig","Frozen Egg 2","BargainBundle","Mark of Pain","hubris:Towel","hubris:DeckOfHolding","ReplayTheSpireMod:TigerMarble","Empty Cage","reliquary:SilkGlove"],"acts_visited":["Exordium","TheCity","TheBeyond","TheEnding"],"potions_floor_usage":[10,20,22,31,40,51,51,51],"damage_taken":[{"damage":0,"enemies":"Jaw Worm","floor":1,"turns":1},{"damage":0,"enemies":"2 Louse","floor":2,"turns":1},{"damage":0,"enemies":"conspire:MimicChest","floor":3,"turns":1},{"damage":0,"enemies":"Cultist","floor":4,"turns":1},{"damage":0,"enemies":"Gremlin Nob","floor":7,"turns":2},{"damage":3,"enemies":"Red Slaver","floor":8,"turns":1},{"damage":4,"enemies":"3 Sentries","floor":10,"turns":3},{"damage":0,"enemies":"2 Fungi Beasts","floor":11,"turns":2},{"damage":6,"enemies":"Looter","floor":14,"turns":2},{"damage":0,"enemies":"Spheric Guardian","floor":16,"turns":1},{"damage":4,"enemies":"Shell Parasite","floor":18,"turns":3},{"damage":3,"enemies":"Cultist and Chosen","floor":20,"turns":3},{"damage":2,"enemies":"Replay:Snechameleon","floor":21,"turns":3},{"damage":6,"enemies":"conspire:HollyBat","floor":22,"turns":5},{"damage":0,"enemies":"Snecko","floor":25,"turns":2},{"damage":1,"enemies":"Gremlin Leader","floor":27,"turns":3},{"damage":6,"enemies":"Collector","floor":31,"turns":4},{"damage":5,"enemies":"3 Darklings","floor":33,"turns":2},{"damage":9,"enemies":"Orb Walker","floor":34,"turns":2},{"damage":4,"enemies":"3 Darklings","floor":35,"turns":2},{"damage":5,"enemies":"Jaw Worm Horde","floor":39,"turns":2},{"damage":19,"enemies":"Writhing Mass","floor":40,"turns":4},{"damage":11,"enemies":"4 Shapes","floor":42,"turns":5},{"damage":5,"enemies":"3 Darklings","floor":43,"turns":2},{"damage":19,"enemies":"Writhing Mass","floor":45,"turns":4},{"damage":23,"enemies":"Shield and Spear","floor":50,"turns":2},{"damage":19,"enemies":"The Heart","floor":51,"turns":5}],"seed_played":"3152782362380562042","potions_obtained":[{"floor":2,"key":"Explosive Potion"},{"floor":7,"key":"Fruit Juice"},{"floor":11,"key":"blueLaboratory:RememoryPotion"},{"floor":14,"key":"blueLaboratory:CorrosionFlask"},{"floor":18,"key":"blueLaboratory:BubblePotion"},{"floor":25,"key":"blueLaboratory:BottleOfRum"},{"floor":27,"key":"Block Potion"},{"floor":31,"key":"Weak Potion"},{"floor":35,"key":"Elixir"},{"floor":43,"key":"blueLaboratory:PhilterOfMotion"}],"is_trial":false,"path_per_floor":["M","M","?","M","?","R","E","M","T","E","M","R","$","M","R","M","?","M","?","M","E","M","R","T","M","R","E","$","$","R","B",null,"M","M","M","?","?","R","M","M","T","M","M","?","M","$","R","R","$","E","B",null],"character_chosen":"IRONCLAD","items_purchased":["PreservedInsect","reliquary:SculptingSteel","BargainBundle","BarbarianYell","FearPotion","Feel No Pain+1","Adrenaline Potion","hubris:StunningStrike","ReplayTheSpireMod:TigerMarble"],"campfire_rested":0,"item_purchase_floors":[13,13,28,28,28,46,46,46,46],"current_hp_per_floor":[80,80,80,80,80,80,85,85,85,85,85,85,88,88,88,88,80,82,82,90,93,93,93,93,93,93,93,96,96,96,96,96,96,93,95,95,95,95,96,83,83,78,79,79,66,69,105,105,105,88,75],"gold":89,"neow_bonus":"THREE_ENEMY_KILL","is_daily":false,"chose_seed":false,"campfire_upgraded":8,"win_rate":0.0,"timestamp":1613547584,"path_taken":["M","M","?","M","?","R","E","M","T","E","M","R","$","?","R","M","?","M","?","M","E","?","R","T","M","R","E","?","$","R","BOSS","M","M","M","?","?","R","?","M","T","M","M","?","M","$","R","R","$","E","BOSS"],"items_purchased_type":["Relic","Relic","Relic","Card","Potion","Card","Potion","Card","Relic"],"build_version":"2020-12-22","purchased_purges":3,"victory":true,"max_hp_per_floor":[80,80,80,80,80,80,85,85,85,85,85,85,88,88,88,88,88,88,88,93,93,93,93,93,93,93,93,96,96,96,96,96,96,96,96,96,96,96,96,96,96,96,96,96,96,99,105,105,105,105,105],"card_choices":[{"not_picked":["Pommel Strike","Thunderclap"],"picked":"StuffTheSpire:Incineration","floor":1},{"not_picked":["Iron Wave","hubris:ReadiedAction"],"picked":"Twin Strike","floor":2},{"not_picked":["Thunderclap","Evolve"],"picked":"Sword Boomerang","floor":3},{"not_picked":["Replay:Undeath\u0027s Touch","Sword Boomerang"],"picked":"Headbutt","floor":4},{"not_picked":["Disarm","Body Slam"],"picked":"Brutality","floor":7},{"not_picked":["conspire:ExplosiveBarrier","Warcry"],"picked":"Shrug It Off","floor":8},{"not_picked":["ReplayTheSpireMod:Corrosion Curse","Fire Breathing"],"picked":"Battle Trance","floor":10},{"not_picked":["Shrug It Off","Flex"],"picked":"Anger","floor":11},{"not_picked":["Iron Wave","Blood for Blood","Replay:Undeath\u0027s Touch"],"picked":"SKIP","floor":14},{"not_picked":["Disarm","Dual Wield"],"picked":"Cleave","floor":16},{"not_picked":["Thunderclap","Wild Strike+1"],"picked":"Shrug It Off","floor":18},{"not_picked":["StuffTheSpire:RockThrow","Headbutt","Hemogenesis"],"picked":"SKIP","floor":20},{"not_picked":["Evolve","Clothesline"],"picked":"Cleave","floor":21},{"not_picked":["Iron Wave","Body Slam","Heavy Blade"],"picked":"SKIP","floor":22},{"not_picked":["ReplayTheSpireMod:Corrosion Curse","Iron Wave"],"picked":"Hemokinesis","floor":25},{"not_picked":["Armaments","StuffTheSpire:Resist+1"],"picked":"Rupture+1","floor":27},{"not_picked":["Demon Form+1","Bludgeon"],"picked":"Exhume","floor":31},{"not_picked":["Shrug It Off+1","Thunderclap","ReplayTheSpireMod:Limb From Limb+1"],"picked":"SKIP","floor":33},{"not_picked":["ReplayTheSpireMod:LeadingStrike","StuffTheSpire:Resist+1","ReplayTheSpireMod:Strike From Hell"],"picked":"SKIP","floor":34},{"not_picked":["Headbutt+1","Entrench+1","Combust+1"],"picked":"SKIP","floor":35},{"not_picked":["Pommel Strike+1","Dropkick"],"picked":"True Grit+1","floor":39},{"not_picked":["Rupture+1","Iron Wave"],"picked":"Sword Boomerang","floor":40},{"not_picked":["Massacre+1","Sword Boomerang","Clash"],"picked":"SKIP","floor":42},{"not_picked":["Inflame+1","Rampage"],"picked":"ReplayTheSpireMod:Stacked+1","floor":43},{"not_picked":["StuffTheSpire:Incineration+1","Clash+1"],"picked":"Battle Trance+1","floor":45},{"not_picked":["Perfected Strike","Clash+1","StuffTheSpire:RockThrow"],"picked":"SKIP","floor":50}],"player_experience":1335697,"relics_obtained":[{"floor":3,"key":"HornCleat"},{"floor":7,"key":"Durian"},{"floor":9,"key":"halation:Toothbrush"},{"floor":10,"key":"Sundial"},{"floor":21,"key":"Akabeko"},{"floor":24,"key":"aspiration:Lifesprig"},{"floor":27,"key":"Frozen Egg 2"},{"floor":41,"key":"hubris:DeckOfHolding"},{"floor":50,"key":"reliquary:SilkGlove"}],"event_choices":[{"damage_healed":0,"gold_gain":0,"player_choice":"Rummage","damage_taken":0,"relics_obtained":["WarpedTongs"],"max_hp_gain":0,"max_hp_loss":0,"event_name":"Accursed Blacksmith","floor":5,"gold_loss":0,"cards_obtained":["Pain"]},{"damage_healed":0,"gold_gain":75,"player_choice":"Touch","damage_taken":8,"max_hp_gain":0,"max_hp_loss":0,"event_name":"FaceTrader","floor":17,"gold_loss":0},{"damage_healed":0,"gold_gain":0,"player_choice":"Ignored","damage_taken":0,"max_hp_gain":0,"max_hp_loss":0,"event_name":"betterNote:BetterNote","floor":19,"gold_loss":0,"cards_obtained":["Strike_R"]},{"damage_healed":0,"gold_gain":275,"player_choice":"Desecrate","damage_taken":0,"max_hp_gain":0,"max_hp_loss":0,"event_name":"Golden Shrine","floor":37,"gold_loss":0,"cards_obtained":["Regret"]},{"damage_healed":0,"gold_gain":0,"player_choice":"Leave","damage_taken":0,"max_hp_gain":0,"max_hp_loss":0,"event_name":"conspire:Investor","floor":44,"gold_loss":0}],"is_beta":false,"boss_relics":[{"not_picked":["Velvet Choker","Electric Blood"],"picked":"Mark of Pain"}],"items_purged_floors":[13,28,46],"is_endless":false,"potions_floor_spawned":[2,7,11,14,18,25,27,31,33,35,43],"ascension_level":0}}