{"host":"ymrxmazrubg7ht5t","time":1613526507,"event":{"mods":["2.2 Compatiblity","Act Like it!","Bartender","BaseMod","Better Note","Colored Powertips","Conspire","Gensokyo","HololiveMod","Infinite Spire","Jorbs\u0027s Wanderer Trilogy","Lobotomy","LobotomyExtend","Marisa????????","Minty Spire (QoL Compilation)","Relic Stats","Ruina","StSLib","The Cursed","The Marked"],"gold_per_floor":[113,6,6,19,0,35,35,35,109,323,323,351,351,379,379,478,478,478,478,478,473,473,465,465],"floor_reached":23,"language":"ENG","playtime":2563,"items_purged":[],"score":220,"play_id":"72027af7-4c86-4b2b-aeac-254d37e561d9","local_time":"20210216214827","is_ascension_mode":true,"campfire_choices":[{"floor":8,"key":"REST"},{"data":"TheCursedMod:HellfireBreathing","floor":11,"key":"SMITH"},{"data":"TheCursedMod:EmpowerCircles","floor":15,"key":"SMITH"}],"circlet_count":0,"master_deck":["TheCursedMod:Strike_TheCursed","TheCursedMod:Strike_TheCursed","TheCursedMod:Strike_TheCursed","TheCursedMod:Strike_TheCursed","TheCursedMod:Defend_TheCursed","TheCursedMod:Defend_TheCursed","TheCursedMod:Defend_TheCursed","TheCursedMod:Defend_TheCursed","TheCursedMod:CursedWand","TheCursedMod:Dregs","TheCursedMod:WearCloak","TheCursedMod:EmpowerCircles+1","TheCursedMod:StunningStrike","Pain","TheCursedMod:HellfireBreathing+1","TheCursedMod:DemonicPact","TheCursedMod:NeowsMight","TheCursedMod:ForbiddenAlchemy","stsjorbsmod:Withering","Hololive_RevenueRecovery","infinitespire:SealOfDarkness+","TheCursedMod:ReleasedStrength+1","TheCursedMod:Grudge"],"relics":["TheCursedMod:BlackMagic101","infinitespire:Golems Mask","LetterFromLob","Strawberry","White Beast Statue","Gensokyo:LunaticRedEyes","Question Card","Incense Burner","Gremlin Horn","conspire:Flyswatter","Cursed Key"],"acts_visited":["Gensokyo:Gensokyo","Gensokyo:Gensokyoer"],"potions_floor_usage":[12,16,16,21,23],"damage_taken":[{"damage":0,"enemies":"Gensokyo:2_Kodama","floor":1,"turns":5},{"damage":0,"enemies":"Gensokyo:3_Fairies","floor":4,"turns":4},{"damage":15,"enemies":"Gensokyo:Cirno","floor":6,"turns":8},{"damage":7,"enemies":"Gensokyo:Gryphon","floor":10,"turns":4},{"damage":5,"enemies":"Gensokyo:Aya","floor":12,"turns":7},{"damage":8,"enemies":"Gensokyo:Mamizou","floor":14,"turns":9},{"damage":21,"enemies":"Gensokyo:Reimu","floor":16,"turns":12},{"damage":41,"enemies":"Gensokyo:Chomper","floor":21,"turns":8},{"damage":6,"enemies":"Nightmare","floor":23,"turns":3}],"seed_played":"642695610148257641","potions_obtained":[{"floor":1,"key":"SneckoOil"},{"floor":10,"key":"Dexterity Potion"},{"floor":12,"key":"TheCursedMod:DregsPotion"},{"floor":14,"key":"Strength Potion"},{"floor":16,"key":"ColorlessPotion"},{"floor":21,"key":"FearPotion"}],"is_trial":false,"path_per_floor":["M","COS","?","M","?","E","?","R","T","M","R","E","?","E","R","B",null,"M","?","?","M","?","NM"],"character_chosen":"THE_CURSED","items_purchased":[],"campfire_rested":1,"item_purchase_floors":[],"current_hp_per_floor":[68,68,65,65,74,59,59,75,75,68,68,63,75,67,67,46,75,75,75,75,34,34,28,28],"gold":465,"neow_bonus":"ONE_RARE_RELIC","is_daily":false,"chose_seed":false,"campfire_upgraded":2,"win_rate":0.0,"timestamp":1613526507,"path_taken":["M","COS","?","M","?","E","?","R","T","M","R","E","?","E","R","BOSS","M","?","?","M","?","NM"],"items_purchased_type":[],"build_version":"2020-12-22","purchased_purges":0,"victory":false,"max_hp_per_floor":[68,68,75,75,75,75,75,75,75,75,75,75,75,75,75,75,75,75,75,75,75,75,75,75],"relic_stats":{"Gremlin Horn":[1,1],"counters":[9,60],"Question Card":6,"Cursed Key":0,"obtain_stats":[{"TheCursedMod:BlackMagic101":0,"Gremlin Horn":12,"Strawberry":3,"infinitespire:Golems Mask":0,"LetterFromLob":1,"Incense Burner":12,"Question Card":9,"Cursed Key":17,"White Beast Statue":6,"Gensokyo:LunaticRedEyes":7,"conspire:Flyswatter":14},{"TheCursedMod:BlackMagic101":0,"Gremlin Horn":5,"Strawberry":1,"infinitespire:Golems Mask":0,"LetterFromLob":1,"Incense Burner":5,"Question Card":3,"Cursed Key":7,"White Beast Statue":3,"Gensokyo:LunaticRedEyes":3,"conspire:Flyswatter":6},{"TheCursedMod:BlackMagic101":0,"Gremlin Horn":28,"Strawberry":5,"infinitespire:Golems Mask":0,"LetterFromLob":5,"Incense Burner":24,"Question Card":17,"Cursed Key":49,"White Beast Statue":17,"Gensokyo:LunaticRedEyes":17,"conspire:Flyswatter":37}]},"card_choices":[{"not_picked":["TheCursedMod:SpreadPlague","TheCursedMod:CircleOfBlood"],"picked":"TheCursedMod:WearCloak","floor":1},{"not_picked":["TheCursedMod:SpitefulStrike","TheCursedMod:Stigma"],"picked":"TheCursedMod:EmpowerCircles","floor":4},{"not_picked":["TheCursedMod:SmokeScreen","TheCursedMod:RavingStaff"],"picked":"TheCursedMod:StunningStrike","floor":6},{"not_picked":["TheCursedMod:CursedBlade","TheCursedMod:CircleOfFlame","TheCursedMod:RavingStaff"],"picked":"TheCursedMod:HellfireBreathing","floor":10},{"not_picked":["TheCursedMod:WearCloak","TheCursedMod:CursedArmor","TheCursedMod:Stigma"],"picked":"TheCursedMod:CircleOfWindfury","floor":12},{"not_picked":["TheCursedMod:CursedShiv","TheCursedMod:TacticalStrike","TheCursedMod:Obscuration"],"picked":"TheCursedMod:DemonicPact","floor":14},{"not_picked":["TheCursedMod:AntiAging","TheCursedMod:DemonicPact","TheCursedMod:ParallelWorld"],"picked":"TheCursedMod:NeowsMight","floor":16},{"not_picked":["infinitespire:Punishment","infinitespire:SevenWalls"],"picked":"infinitespire:SealOfDarkness+","floor":20},{"not_picked":["TheCursedMod:Stigma","TheCursedMod:LuckyCharm+1","TheCursedMod:SurpriseAttack"],"picked":"TheCursedMod:ReleasedStrength+1","floor":21}],"player_experience":452008,"relics_obtained":[{"floor":1,"key":"LetterFromLob"},{"floor":6,"key":"White Beast Statue"},{"floor":9,"key":"Question Card"},{"floor":12,"key":"Gremlin Horn"},{"floor":14,"key":"conspire:Flyswatter"}],"event_choices":[],"is_beta":false,"boss_relics":[{"not_picked":["Velvet Choker","Hololive_ChaosS"],"picked":"Cursed Key"}],"items_purged_floors":[],"is_endless":false,"potions_floor_spawned":[1,10,12,14,16,21],"killed_by":"Nightmare","ascension_level":2}}