{"host":"d02vqrhhew441p6s","time":1613590954,"event":{"mods":["BaseMod","Duelist Mod","Halation","Hubris","Infinite Spire","Minty Spire (QoL Compilation)","StSLib","The Jungle"],"gold_per_floor":[135,149,149,164,164,195,127,146,170,170,98,98,98,126,126,126,126],"floor_reached":16,"language":"ENG","playtime":644,"items_purged":[],"score":167,"play_id":"ea366870-b683-49ae-821d-523d4d7272a7","local_time":"20210217204234","is_ascension_mode":true,"campfire_choices":[{"data":"theDuelist:YamiForm","floor":10,"key":"SMITH"},{"data":"theDuelist:AlphaMagnet","floor":13,"key":"SMITH"},{"floor":15,"key":"REST"}],"circlet_count":0,"master_deck":["theDuelist:AntiFusionDevice+1","AscendersBane","theDuelist:AvendreadSavior+1","theDuelist:CopyPlant+1","theDuelist:DemiseLand+1","theDuelist:DimensionFusion+1","theDuelist:GishkiBeast+1","theDuelist:GoyoDefender+1","theDuelist:LostBlueBreaker+1","theDuelist:PyramidWonders+1","theDuelist:WingedKuriboh+1","theDuelist:AlphaMagnet+1","Discovery","theDuelist:FabledGallabas","theDuelist:YamiForm+1","theDuelist:CubicKarma","theDuelist:DragonShield+1","theDuelist:GhostrickMansion","theDuelist:TrapHole"],"relics":["theDuelist:MillenniumPuzzle","theDuelist:CardPoolRelic","theDuelist:CardPoolBasicRelic","theDuelist:BoosterPackPoolRelic","theDuelist:CardPoolAddRelic","theDuelist:CardPoolMinusRelic","theDuelist:CardPoolSaveRelic","theDuelist:CardPoolOptionsRelic","NeowsBlessing","theDuelist:ZoneToken","halation:PurpleSoulGem","Pen Nib","halation:KoshaPiece"],"acts_visited":["Exordium"],"potions_floor_usage":[14],"damage_taken":[{"damage":0,"enemies":"Small Slimes","floor":1,"turns":2},{"damage":0,"enemies":"Jaw Worm","floor":2,"turns":1},{"damage":0,"enemies":"Cultist","floor":4,"turns":1},{"damage":23,"enemies":"3 Sentries","floor":6,"turns":7},{"damage":6,"enemies":"Blue Slaver","floor":8,"turns":2},{"damage":33,"enemies":"Lagavulin","floor":14,"turns":7},{"damage":34,"enemies":"Slime Boss","floor":16,"turns":3}],"seed_played":"-3302677491671761852","potions_obtained":[{"floor":1,"key":"SpeedPotion"},{"floor":6,"key":"theDuelist:TokenPotion"}],"is_trial":false,"path_per_floor":["M","M","?","M","?","E","$","M","T","R","$","$","R","E","R","B"],"character_chosen":"THE_DUELIST","items_purchased":["theDuelist:CubicKarma","theDuelist:GhostrickMansion"],"campfire_rested":1,"item_purchase_floors":[7,11],"current_hp_per_floor":[72,72,66,66,66,43,43,37,37,37,37,37,37,4,28,0,0],"gold":126,"neow_bonus":"THREE_ENEMY_KILL","is_daily":false,"chose_seed":false,"campfire_upgraded":2,"win_rate":0.0,"timestamp":1613590954,"path_taken":["M","M","?","M","?","E","?","M","T","R","?","$","R","E","R","BOSS"],"items_purchased_type":["Card","Card"],"build_version":"2020-12-22","purchased_purges":0,"victory":false,"max_hp_per_floor":[80,80,80,80,80,80,80,80,80,80,80,80,80,80,80,80,80],"card_choices":[{"not_picked":["theDuelist:BullBlader","theDuelist:ArmoredZombie","theDuelist:NaturiaRosewhip","theDuelist:Aztekipede"],"picked":"theDuelist:AlphaMagnet","floor":1},{"not_picked":["Good Instincts","Impatience","Jack Of All Trades"],"picked":"Discovery","floor":2},{"not_picked":["theDuelist:CallMummy","theDuelist:DewlorenTigerKing","theDuelist:FrillerRabca","theDuelist:TorrentialReborn"],"picked":"theDuelist:FabledGallabas","floor":4},{"not_picked":["theDuelist:PotForbidden","theDuelist:PineappleBlast","theDuelist:ThousandEyesRestrict","theDuelist:SplashCapture"],"picked":"theDuelist:YamiForm","floor":6},{"not_picked":["theDuelist:RagingMadPlants+1","theDuelist:CharcoalInpachi","theDuelist:ExodiaHead","theDuelist:WorldTree+1"],"picked":"theDuelist:DragonShield+1","floor":8},{"not_picked":["theDuelist:BullBlader","theDuelist:BlueDragonSummoner","theDuelist:VampireLady","theDuelist:Hinotama"],"picked":"theDuelist:TrapHole","floor":14}],"player_experience":562676,"relics_obtained":[{"floor":6,"key":"Pen Nib"},{"floor":14,"key":"halation:KoshaPiece"}],"event_choices":[{"damage_healed":0,"gold_gain":0,"player_choice":"Dig - random Duelist relic","duelist":true,"damage_taken":0,"max_hp_gain":0,"max_hp_loss":0,"event_name":"Aknamkanon\u0027s Tomb","floor":3,"gold_loss":0}],"is_beta":false,"boss_relics":[],"items_purged_floors":[],"is_endless":false,"potions_floor_spawned":[1,6],"killed_by":"Slime Boss","ascension_level":11}}