{"host":"3j24k6gtmfx6ynrk","time":1613574081,"event":{"mods":["AchievementEnabler","BaseMod","Block Reminder","Colored Powertips","Hermit","Highlight Path","Marisa????????","Minty Spire (QoL Compilation)","Quick Restart","Rare Cards Sparkle","StSLib","The Cursed","The Hierophant","The Servant 0.9.4"],"gold_per_floor":[109,109,109,126,140,140,157,168,168,181,181,196,209,59,59,159,159,174,191,191,206,53,53,70,88,88,88,99,109,119,144,144,240,240,253,253,15,0,0,0],"floor_reached":39,"language":"DEU","playtime":4418,"items_purged":["Strike_B","Wraith"],"score":399,"play_id":"5a4c0b0a-4961-4ddc-b61a-10b916bae075","local_time":"20210217160121","is_ascension_mode":false,"campfire_choices":[{"data":"Zap","floor":6.0,"key":"SMITH"},{"data":"Genetic Algorithm","floor":11.0,"key":"SMITH"},{"data":"Capacitor","floor":15.0,"key":"SMITH"},{"floor":23.0,"key":"REST"},{"data":"Self Repair","floor":27.0,"key":"SMITH"},{"floor":32.0,"key":"REST"}],"circlet_count":0,"master_deck":["Strike_B","Strike_B","Defend_B","Defend_B","Defend_B","Zap+1","Dualcast","Barrage","Auto Shields","Capacitor+1","Hologram","Genetic Algorithm+1","Go for the Eyes","Consume","Echo Form","Cold Snap","Capacitor","Glacier","Self Repair+1","Leap+1","Conserve Battery","Creative AI","CurseOfTheBell","Consume","Rainbow"],"relics":["Cracked Core","Gambling Chip","Regal Pillow","Velvet Choker","Molten Egg 2","Ginger","Calling Bell","MealTicket","Ornamental Fan","WingedGreaves","Red Mask"],"acts_visited":["Exordium","TheCity","TheBeyond"],"potions_floor_usage":[],"damage_taken":[{"damage":1.0,"enemies":"Cultist","floor":1.0,"turns":4.0},{"damage":4.0,"enemies":"2 Louse","floor":4.0,"turns":3.0},{"damage":2.0,"enemies":"Small Slimes","floor":5.0,"turns":3.0},{"damage":0.0,"enemies":"3 Louse","floor":7.0,"turns":3.0},{"damage":12.0,"enemies":"Red Slaver","floor":8.0,"turns":4.0},{"damage":0.0,"enemies":"2 Fungi Beasts","floor":10.0,"turns":3.0},{"damage":5.0,"enemies":"Exordium Wildlife","floor":12.0,"turns":4.0},{"damage":0.0,"enemies":"Blue Slaver","floor":13.0,"turns":3.0},{"damage":17.0,"enemies":"The Guardian","floor":16.0,"turns":11.0},{"damage":15.0,"enemies":"Chosen","floor":18.0,"turns":5.0},{"damage":5.0,"enemies":"Shell Parasite","floor":19.0,"turns":6.0},{"damage":9.0,"enemies":"Snake Plant","floor":21.0,"turns":5.0},{"damage":11.0,"enemies":"Cultist and Chosen","floor":24.0,"turns":7.0},{"damage":12.0,"enemies":"Snecko","floor":25.0,"turns":6.0},{"damage":17.0,"enemies":"Shelled Parasite and Fungi","floor":28.0,"turns":6.0},{"damage":0.0,"enemies":"Sentry and Sphere","floor":29.0,"turns":7.0},{"damage":0.0,"enemies":"Centurion and Healer","floor":30.0,"turns":8.0},{"damage":42.0,"enemies":"Gremlin Leader","floor":31.0,"turns":12.0},{"damage":39.0,"enemies":"Automaton","floor":33.0,"turns":16.0},{"damage":32.0,"enemies":"Orb Walker","floor":35.0,"turns":7.0},{"damage":81,"enemies":"3 Shapes","floor":39,"turns":4}],"seed_played":"-8756327661928598930","potions_obtained":[{"floor":1.0,"key":"BlessingOfTheForge"},{"floor":4.0,"key":"SmokeBomb"},{"floor":7.0,"key":"PowerPotion"},{"floor":13.0,"key":"EssenceOfSteel"},{"floor":18.0,"key":"Fire Potion"},{"floor":19.0,"key":"Regen Potion"},{"floor":29.0,"key":"GamblersBrew"},{"floor":33.0,"key":"ColorlessPotion"},{"floor":35.0,"key":"Fruit Juice"}],"is_trial":false,"path_per_floor":["M","T","?","M","M","R","M","M","T","M","R","M","M","$","R","B",null,"M","M","?","M","$","R","M","M","T","R","M","M","M","E","R","B",null,"M","?","$","?","M"],"character_chosen":"DEFECT","items_purchased":["Regal Pillow","Self Repair","Rainbow"],"campfire_rested":2,"item_purchase_floors":[14,22,37],"current_hp_per_floor":[74,74,74,70,68,68,68,56,56,56,56,51,51,51,51,34,75,60,55,55,46,46,75,71,73,73,73,66,75,75,43,75,57,75,68,68,80,80,0,0],"gold":0,"neow_bonus":"REMOVE_CARD","is_daily":false,"chose_seed":false,"campfire_upgraded":4,"win_rate":0.0,"timestamp":1613574081,"path_taken":["M","?","?","M","M","R","M","M","T","?","R","M","M","$","R","BOSS","M","M","?","M","$","R","M","M","T","R","M","M","M","E","R","BOSS","M","?","$","?","M"],"items_purchased_type":["Relic","Card","Card"],"build_version":"2020-12-22","purchased_purges":2,"victory":false,"max_hp_per_floor":[75,75,75,75,75,75,75,75,75,75,75,75,75,75,75,75,75,75,75,75,75,75,75,75,75,75,75,75,75,75,75,75,75,75,80,80,80,80,80,80],"card_choices":[{"not_picked":["Consume","Blizzard"],"picked":"Barrage","floor":1.0},{"not_picked":["Streamline","Gash"],"picked":"Auto Shields","floor":4.0},{"not_picked":["Sweeping Beam","Barrage"],"picked":"Capacitor","floor":5.0},{"not_picked":["Beam Cell","Compile Driver"],"picked":"Hologram","floor":7.0},{"not_picked":["Gash","Cold Snap"],"picked":"Genetic Algorithm","floor":8.0},{"not_picked":["Streamline","Gash","Barrage"],"picked":"SKIP","floor":10.0},{"not_picked":["Streamline","Redo"],"picked":"Go for the Eyes","floor":12.0},{"not_picked":["Scrape","Rainbow"],"picked":"Consume","floor":13.0},{"not_picked":["Multi-Cast","Amplify"],"picked":"Echo Form","floor":16.0},{"not_picked":["Ball Lightning","Redo+1"],"picked":"Cold Snap","floor":18.0},{"not_picked":["Redo","Ball Lightning+1"],"picked":"Capacitor","floor":19.0},{"not_picked":["Reboot","Steam","Streamline"],"picked":"SKIP","floor":21.0},{"not_picked":["Beam Cell+1","Cold Snap","Double Energy+1"],"picked":"SKIP","floor":24.0},{"not_picked":["Cold Snap","Gash","Redo+1"],"picked":"SKIP","floor":25.0},{"not_picked":["Rip and Tear+1","White Noise+1"],"picked":"Leap+1","floor":28.0},{"not_picked":["Gash+1","Meteor Strike+1"],"picked":"Conserve Battery","floor":29.0},{"not_picked":["Steam","Conserve Battery","Streamline+1"],"picked":"SKIP","floor":30.0},{"not_picked":["Gash+1","Go for the Eyes+1","Hello World"],"picked":"SKIP","floor":31.0},{"not_picked":["Fission","Thunder Strike+1"],"picked":"Creative AI","floor":33.0},{"not_picked":["Doom and Gloom+1","Conserve Battery"],"picked":"Consume","floor":35.0}],"player_experience":100042,"relics_obtained":[{"floor":9.0,"key":"Gambling Chip"},{"floor":26.0,"key":"Molten Egg 2"},{"floor":31.0,"key":"Ginger"},{"floor":34.0,"key":"MealTicket"},{"floor":34.0,"key":"Ornamental Fan"},{"floor":34.0,"key":"WingedGreaves"}],"event_choices":[{"cards_removed":["Defend_B"],"damage_healed":0.0,"max_hp_gain":0.0,"max_hp_loss":0.0,"gold_gain":0.0,"event_name":"Bonfire Elementals","player_choice":"Offered Basic","floor":3.0,"gold_loss":0.0,"damage_taken":0.0},{"damage_healed":0.0,"max_hp_gain":0.0,"max_hp_loss":0.0,"gold_gain":0.0,"event_name":"The Library","player_choice":"Read","floor":20.0,"gold_loss":0.0,"damage_taken":0.0,"cards_obtained":["Glacier"]},{"damage_healed":0,"gold_gain":0,"player_choice":"Ignored","damage_taken":0,"max_hp_gain":0,"max_hp_loss":0,"event_name":"OrinTheCat","floor":36,"gold_loss":0},{"damage_healed":0,"gold_gain":0,"player_choice":"Paid","damage_taken":0,"relics_obtained":["Red Mask"],"max_hp_gain":0,"max_hp_loss":0,"event_name":"Tomb of Lord Red Mask","floor":38,"gold_loss":15}],"is_beta":false,"boss_relics":[{"not_picked":["Fusion Hammer","Cursed Key"],"picked":"Velvet Choker"},{"not_picked":["SlaversCollar","Busted Crown"],"picked":"Calling Bell"}],"items_purged_floors":[22,37],"is_endless":false,"potions_floor_spawned":[1,4,7,13,18,19,29,30,33,35],"killed_by":"3 Shapes","ascension_level":0}}