{"host":"vxpz5y1vf9l3es5y","time":1613585350,"event":{"mods":["BaseMod","Colored Map","Hubris","Minty Spire (QoL Compilation)","Replay The Spire","StSLib","The Necromancer"],"gold_per_floor":[117,135,135,135,41,41,70,70,143,153,215,140,140,152,152,254,254,266,282,282,282,301,301,313,295,295,311,311,311],"floor_reached":28,"language":"ENG","playtime":2038,"items_purged":["Defend_W"],"score":218,"play_id":"333ad36c-ee9d-43da-a08c-6afecdeabd50","local_time":"20210217130910","is_ascension_mode":false,"campfire_choices":[{"data":"Bone_Spikes","floor":6,"key":"SMITH"},{"data":"Bone_Wall","floor":13,"key":"SMITH"},{"floor":15,"key":"DIG"},{"floor":23,"key":"REST"}],"circlet_count":0,"master_deck":["Strike_W","Strike_W","Strike_W","Defend_W","Defend_W","Defend_W","Negative_Energy_Arrows","Bone_Wall+1","Deep Breath","Acid_Javelin","Bones_to_Steel","Bone_Armor","Bone_Spikes+1","Grasp_Heart","Bone_Spikes","Scare","Skeleton_Dragon","hubris:Wrath","Clumsy","Blood_Curse","Bone_Shift","Scare","Summon_Undead_Army","Bone_Spikes+1"],"relics":["Vampire_Amulet","hubris:OldNail","hubris:CrystalStatue","Simple Rune","Pantograph","MealTicket","The Courier","Replay:Ancient Bell","Boot","Golden Egg","hubris:64BitClover","Smiling Mask"],"acts_visited":["Exordium","TheCity"],"potions_floor_usage":[16,22,28,28],"damage_taken":[{"damage":3,"enemies":"Jaw Worm","floor":1,"turns":6},{"damage":0,"enemies":"2 Louse","floor":2,"turns":3},{"damage":23,"enemies":"Gremlin Nob","floor":7,"turns":5},{"damage":0,"enemies":"Cultist","floor":10,"turns":3},{"damage":5,"enemies":"Gremlin Nob","floor":11,"turns":4},{"damage":0,"enemies":"Large Slime","floor":14,"turns":4},{"damage":40,"enemies":"Hexaghost","floor":16,"turns":8},{"damage":15,"enemies":"Spheric Guardian","floor":18,"turns":4},{"damage":15,"enemies":"Chosen","floor":19,"turns":5},{"damage":26,"enemies":"Centurion and Healer","floor":22,"turns":7},{"damage":14,"enemies":"Snecko","floor":24,"turns":5},{"damage":22,"enemies":"Snake Plant","floor":27,"turns":4},{"damage":23,"enemies":"3 Cultists","floor":28,"turns":5}],"seed_played":"-5392522537349891200","potions_obtained":[{"floor":7,"key":"Doom Potion"},{"floor":14,"key":"SpeedPotion"},{"floor":18,"key":"ColorlessPotion"},{"floor":22,"key":"Strength Potion"},{"floor":27,"key":"Swift Potion"}],"is_trial":false,"path_per_floor":["M","M","?","?","$","R","E","?","T","M","?","$","R","M","R_BF","B",null,"M","M","?","?","M","R","M","$","T","M","M"],"character_chosen":"NECROMANCER","items_purchased":["Bone_Armor","Bone_Spikes","Bone_Spikes"],"campfire_rested":1,"item_purchase_floors":[5,5,25],"current_hp_per_floor":[74,75,68,61,61,61,40,40,40,42,39,54,54,58,58,37,75,62,49,35,35,13,37,25,40,40,20,0,0],"gold":311,"neow_bonus":"RANDOM_COLORLESS","is_daily":false,"chose_seed":false,"campfire_upgraded":2,"win_rate":0.0,"timestamp":1613585350,"path_taken":["M","M","?","?","$","R","E","?","T","?","?","$","R","M","R_BF","BOSS","M","M","?","?","M","R","M","$","T","M","?"],"items_purchased_type":["Card","Card","Card"],"build_version":"2020-12-22","purchased_purges":1,"victory":false,"max_hp_per_floor":[75,75,75,75,75,75,75,75,75,75,75,75,75,75,75,75,75,75,75,80,80,80,80,80,80,80,80,80,80],"card_choices":[{"not_picked":["Replay:Sssssssssshield","Replay:BasicMightCard"],"picked":"Deep Breath","floor":0.0},{"not_picked":["Death_March_Dance","Stop_Heart"],"picked":"Acid_Javelin","floor":1},{"not_picked":["Bone_Bullets","Bone_Armory"],"picked":"Bones_to_Steel","floor":2},{"not_picked":["Corrupt","Negative_Energy_Sphere"],"picked":"Grasp_Heart","floor":7},{"not_picked":["Death_March_Dance","Chill_Blood"],"picked":"Bone_Spikes","floor":10},{"not_picked":["Bone_Armor","Death_Coil"],"picked":"Scare","floor":14},{"not_picked":["Negative_Energy_Bomb","Requiem"],"picked":"Skeleton_Dragon","floor":16},{"not_picked":["Amnesia","Pain"],"picked":"hubris:Wrath","floor":17},{"not_picked":["Normality","hubris:Gluttony"],"picked":"Decay","floor":17},{"not_picked":["Doubt","Voices"],"picked":"Clumsy","floor":17},{"not_picked":["Negative_Energy_Shield+1","Negative_Energy_Mist"],"picked":"Blood_Curse","floor":18},{"not_picked":["Chill_Blood+1","Blood_Curse+1"],"picked":"Bone_Shift","floor":19},{"not_picked":["Plague_Bolt","Death_Coil"],"picked":"Scare","floor":22},{"not_picked":["Slay_Living+1","Death_Coil"],"picked":"Summon_Undead_Army","floor":24},{"not_picked":["Bone_Spikes+1","Shackles_Of_Pain","Death_March_Dance+1"],"picked":"SKIP","floor":27}],"player_experience":156519,"relics_obtained":[{"floor":7,"key":"hubris:CrystalStatue"},{"floor":9,"key":"Pantograph"},{"floor":11,"key":"MealTicket"},{"floor":15,"key":"The Courier"},{"floor":26,"key":"Smiling Mask"}],"event_choices":[{"cards_removed":["Strike_W"],"damage_healed":0,"gold_gain":0,"player_choice":"Card Removal","damage_taken":7,"max_hp_gain":0,"max_hp_loss":0,"event_name":"Golden Wing","floor":3,"gold_loss":0},{"damage_healed":0,"gold_gain":0,"player_choice":"Success","damage_taken":7,"relics_obtained":["hubris:OldNail"],"max_hp_gain":0,"max_hp_loss":0,"event_name":"Scrap Ooze","floor":4,"gold_loss":0},{"damage_healed":0,"gold_gain":0,"player_choice":"Gave Potion","damage_taken":0,"relics_obtained":["Simple Rune"],"max_hp_gain":0,"max_hp_loss":0,"event_name":"WeMeetAgain","floor":8,"gold_loss":0},{"damage_healed":0,"gold_gain":0,"player_choice":"Searched \u00271\u0027 times","damage_taken":0,"max_hp_gain":0,"max_hp_loss":0,"event_name":"Dead Adventurer","floor":11,"gold_loss":0},{"damage_healed":0,"gold_gain":0,"player_choice":"Shed Blood","damage_taken":19,"max_hp_gain":5,"max_hp_loss":0,"event_name":"Forgotten Altar","floor":20,"gold_loss":0},{"cards_removed":["Decay"],"damage_healed":0,"gold_gain":0,"player_choice":"Elegance","damage_taken":0,"max_hp_gain":0,"max_hp_loss":0,"event_name":"Back to Basics","floor":21,"gold_loss":0}],"is_beta":false,"boss_relics":[{"not_picked":["hubris:TerracottaHorce","Tiny House"],"picked":"Replay:Ancient Bell"},{"not_picked":["Gremlin Food","ReplayTheSpireMod:Lightbulb"],"picked":"Boot"},{"not_picked":["ReplayTheSpireMod:Ninjato","Matryoshka"],"picked":"Golden Egg"},{"not_picked":["Counterbalance","Pocketwatch"],"picked":"hubris:64BitClover"}],"items_purged_floors":[12],"is_endless":false,"potions_floor_spawned":[7,14,18,22,27],"killed_by":"3 Cultists","ascension_level":0}}