{"host":"91blwi3hgehj6ch9","time":1613563196,"event":{"mods":["2.2 Compatiblity","AchievementEnabler","BaseMod","Colored Map","DeckTracker","Keyboard Shortcuts","Minty Spire (QoL Compilation)","Permanent Neow","StSLib","SuperFastMode","everything is the same but u backflip on backflip"],"gold_per_floor":[116,191,74,124,134,134,190,190,215,233,233,250,150,162,162,162,162],"floor_reached":16,"language":"KOR","playtime":354,"items_purged":["Defend_P","Strike_P"],"score":162,"play_id":"1d047074-d1cc-4b6b-a43a-db1c75b9396b","local_time":"20210217205956","is_ascension_mode":true,"campfire_choices":[{"data":"Eruption","floor":6.0,"key":"SMITH"},{"data":"MentalFortress","floor":8.0,"key":"SMITH"},{"floor":15,"key":"REST"}],"circlet_count":0,"master_deck":["AscendersBane","Strike_P","Strike_P+1","Defend_P","Defend_P","Defend_P","Eruption+1","Vigilance","MentalFortress+1","SashWhip+1","Evaluate","SashWhip","WheelKick","TalkToTheHand"],"relics":["PureWater","NeowsBlessing","InkBottle","Whetstone"],"acts_visited":["Exordium"],"potions_floor_usage":[16],"damage_taken":[{"damage":0.0,"enemies":"Jaw Worm","floor":1.0,"turns":1.0},{"damage":0.0,"enemies":"Cultist","floor":5.0,"turns":1.0},{"damage":0.0,"enemies":"Gremlin Nob","floor":7.0,"turns":1.0},{"damage":3.0,"enemies":"2 Louse","floor":10.0,"turns":3.0},{"damage":1,"enemies":"Red Slaver","floor":12,"turns":3},{"damage":17,"enemies":"Exordium Thugs","floor":14,"turns":4},{"damage":49,"enemies":"Hexaghost","floor":16,"turns":10}],"seed_played":"7018900074464158507","potions_obtained":[{"floor":5.0,"key":"PowerPotion"},{"floor":10.0,"key":"Swift Potion"},{"floor":12,"key":"Strength Potion"}],"is_trial":false,"path_per_floor":["M","?","$","?","M","R","?","R","T","M","?","M","$","M","R","B"],"character_chosen":"WATCHER","items_purchased":["MentalFortress"],"campfire_rested":1,"item_purchase_floors":[3],"current_hp_per_floor":[61,50,50,50,50,50,50,50,50,47,47,46,46,29,49,0,0],"gold":162,"neow_bonus":"THREE_ENEMY_KILL","is_daily":false,"chose_seed":false,"campfire_upgraded":2,"win_rate":0.0,"timestamp":1613563196,"path_taken":["M","?","$","?","?","R","?","R","T","M","?","?","?","M","R","BOSS"],"items_purchased_type":["Card"],"build_version":"2020-12-22","purchased_purges":2,"victory":false,"max_hp_per_floor":[68,68,68,68,68,68,68,68,68,68,68,68,68,68,68,68,68],"card_choices":[{"not_picked":["ThirdEye","CrushJoints","WaveOfTheHand"],"picked":"SKIP","floor":1.0},{"not_picked":["EmptyFist","ClearTheMind"],"picked":"SashWhip","floor":5.0},{"not_picked":["WaveOfTheHand","Indignation"],"picked":"Evaluate","floor":10.0},{"not_picked":["CutThroughFate","EmptyFist"],"picked":"WheelKick","floor":12},{"not_picked":["FollowUp","LikeWater"],"picked":"TalkToTheHand","floor":14}],"player_experience":276790,"relics_obtained":[{"floor":7.0,"key":"InkBottle"},{"floor":9.0,"key":"Whetstone"}],"event_choices":[{"damage_healed":0.0,"max_hp_gain":0.0,"max_hp_loss":0.0,"gold_gain":75.0,"event_name":"World of Goop","player_choice":"Gather Gold","floor":2.0,"gold_loss":0.0,"damage_taken":11.0},{"damage_healed":0.0,"max_hp_gain":0.0,"max_hp_loss":0.0,"gold_gain":50.0,"event_name":"Golden Shrine","player_choice":"Pray","floor":4.0,"gold_loss":0.0,"damage_taken":0.0},{"damage_healed":0.0,"max_hp_gain":0.0,"max_hp_loss":0.0,"gold_gain":0.0,"event_name":"Dead Adventurer","player_choice":"Searched \u00271\u0027 times","floor":7.0,"gold_loss":0.0,"damage_taken":0.0},{"damage_healed":0,"gold_gain":0,"cards_transformed":["Strike_P"],"player_choice":"Transformed","damage_taken":0,"max_hp_gain":0,"max_hp_loss":0,"event_name":"Transmorgrifier","floor":11,"gold_loss":0,"cards_obtained":["SashWhip"]}],"is_beta":false,"boss_relics":[],"items_purged_floors":[3,13],"is_endless":false,"potions_floor_spawned":[5,10,12],"killed_by":"Hexaghost","ascension_level":16}}