{"host":"omio3a71jojnapwg","time":1613541334,"event":{"mods":["Act Like it!","BaseMod","BetterRewards","Colored Map","Colored Powertips","Hermit","Hubris","Infinite Spire","Mad Scientist","Magitek Elite","Minty Spire (QoL Compilation)","Railgun Mod","ReimuÅiîé??öÎÅj","Replay The Spire","Robot Space Explorer","Spikes Relics","StSLib","Td1madao Mod","The Alterego","The Gatherer","The Necromancer","The Runesmith","The Servant 0.9.4","TheBandit","TheVacant"],"gold_per_floor":[112,112,41,53,6,34,52,52,78,105,105,31,44,63,63,159,159,169,15,15,15,31,31,43,43,68,68,87,127,127,149,149,260,260,284,284,284],"floor_reached":36,"language":"ENG","playtime":2312,"items_purged":["alterego_mod:Impale"],"score":532,"play_id":"8c837320-1e95-4cfd-a49c-35bd982baeb6","local_time":"20210216215534","is_ascension_mode":false,"campfire_choices":[{"data":"alterego_mod:BigMeatyClaws","floor":8,"key":"SMITH"},{"data":"alterego_mod:Cushion","floor":11,"key":"SMITH"},{"data":"alterego_mod:Collar","floor":15,"key":"SMITH"},{"data":"alterego_mod:TrickOrTreatment","floor":23,"key":"SMITH"},{"data":"alterego_mod:TrashNCrash","floor":25,"key":"SMITH"},{"floor":30,"key":"REST"},{"data":"alterego_mod:Tantrum","floor":32,"key":"SMITH"}],"circlet_count":0,"master_deck":["alterego_mod:Strike","alterego_mod:Strike","alterego_mod:Strike","alterego_mod:Strike","alterego_mod:Defend","alterego_mod:Defend","alterego_mod:Defend","alterego_mod:Defend","alterego_mod:BigMeatyClaws+1","alterego_mod:BrynhildrsRune+1","alterego_mod:RocketPunch","alterego_mod:Cushion+1","alterego_mod:Collar+1","alterego_mod:Bounce","alterego_mod:TrashNCrash+1","alterego_mod:Birthday","alterego_mod:ChallengeComplete","alterego_mod:ChallengeComplete","alterego_mod:Maid","alterego_mod:TrickOrTreatment+1","ReplayTheSpireMod:Splinters","alterego_mod:AlterEgo","infinitespire:FutureSight","alterego_mod:ChallengeComplete","Looming Evil","alterego_mod:DeftHands","alterego_mod:Nekomimi","alterego_mod:SakuraFive","hubris:Greed","alterego_mod:Punishment","alterego_mod:RocketPunch","hubris:Greed","alterego_mod:Tantrum+1","alterego_mod:AlterEgo","alterego_mod:BustOut+1","hubris:Greed"],"relics":["alterego_mod:MasochisticConstitution","hubris:MysteriousPyramids","Replay:Rubber Ducky","Odd Mushroom","ReplayTheSpireMod:SealedPack","alterego_mod:FleetingLove","ReplayTheSpireMod:Ring of Addiction","Potion Belt","Toy Ornithopter","ReplayTheSpireMod:Ring of Collecting","Ring of Searing","Snack Pack","Golden_Hairpin"],"acts_visited":["Exordium","TheCity","TheBeyond"],"potions_floor_usage":[22,28,31,33,36],"damage_taken":[{"damage":8,"enemies":"2 Louse","floor":1,"turns":5},{"damage":3,"enemies":"Small Slimes","floor":4,"turns":4},{"damage":23,"enemies":"Gremlin Nob","floor":6,"turns":5},{"damage":9,"enemies":"Jaw Worm","floor":7,"turns":4},{"damage":5,"enemies":"The Mushroom Lair","floor":10,"turns":6},{"damage":6,"enemies":"3 Louse","floor":13,"turns":5},{"damage":0,"enemies":"2 Fungi Beasts","floor":14,"turns":3},{"damage":23,"enemies":"Slime Boss","floor":16,"turns":8},{"damage":0,"enemies":"Spheric Guardian","floor":18,"turns":5},{"damage":1,"enemies":"Chosen","floor":22,"turns":3},{"damage":3,"enemies":"Centurion and Healer","floor":24,"turns":8},{"damage":29,"enemies":"Cultist and Chosen","floor":28,"turns":5},{"damage":25,"enemies":"Replay:Snechameleon","floor":29,"turns":5},{"damage":10,"enemies":"Chosen and Byrds","floor":31,"turns":3},{"damage":40,"enemies":"Champ","floor":33,"turns":4},{"damage":35,"enemies":"3 Shapes","floor":35,"turns":5},{"damage":218,"enemies":"3 Darklings","floor":36,"turns":7}],"seed_played":"-5415319383165729686","potions_obtained":[{"floor":6,"key":"Reflective Coating"},{"floor":7,"key":"DistilledChaos"},{"floor":10,"key":"Fire Potion"},{"floor":21,"key":"GrandPatriotsElixir:ReiMu"},{"floor":21,"key":"Energy Potion"},{"floor":24,"key":"DistilledChaos"},{"floor":33,"key":"Regen Potion"},{"floor":35,"key":"Block Potion"}],"is_trial":false,"path_per_floor":["M","?","$","M","$","E","M","R","T","?","R","$","M","M","R","B",null,"M","$","?","?","M","R","M","R","T","?","M","E","R","M","R","B",null,"M","M"],"character_chosen":"The_Alterego","items_purchased":["alterego_mod:Cushion","alterego_mod:Bounce","alterego_mod:ChallengeComplete","alterego_mod:ChallengeComplete"],"campfire_rested":1,"item_purchase_floors":[3,5,12,19],"current_hp_per_floor":[73,73,73,76,76,54,46,46,46,51,51,51,55,57,57,37,84,84,84,84,84,85,85,86,86,84,84,63,39,64,70,70,50,88,75,0,0],"gold":284,"neow_bonus":"TEN_PERCENT_HP_BONUS","is_daily":false,"chose_seed":false,"campfire_upgraded":6,"win_rate":0.0,"timestamp":1613541334,"path_taken":["M","?","$","M","$","E","M","R","T","?","R","$","M","M","R","BOSS","M","$","?","?","M","R","M","R","T","?","M","E","R","?","R","BOSS","M","M"],"items_purchased_type":["Card","Card","Card","Card"],"build_version":"2020-12-22","purchased_purges":1,"victory":false,"max_hp_per_floor":[78,78,78,79,79,80,81,81,81,82,82,82,83,83,83,84,84,84,84,84,84,85,85,86,86,84,84,85,86,86,87,87,88,88,89,89,89],"card_choices":[{"not_picked":["alterego_mod:Maid","alterego_mod:BeGentle"],"picked":"alterego_mod:RocketPunch","floor":1},{"not_picked":["alterego_mod:BeGentle","alterego_mod:TrashNCrash"],"picked":"alterego_mod:Collar","floor":4},{"not_picked":["alterego_mod:Lingerie","alterego_mod:Jiggle"],"picked":"alterego_mod:TrashNCrash","floor":6},{"not_picked":["alterego_mod:Pet","alterego_mod:PurpleHair"],"picked":"alterego_mod:Birthday","floor":7},{"not_picked":["alterego_mod:DeftHands","alterego_mod:Birthday"],"picked":"alterego_mod:ChallengeComplete","floor":10},{"not_picked":["alterego_mod:HighServant","alterego_mod:MagicResistance"],"picked":"alterego_mod:Maid","floor":13},{"not_picked":["alterego_mod:Mirror","alterego_mod:Weigh","alterego_mod:DustData"],"picked":"SKIP","floor":14},{"not_picked":["alterego_mod:Weigh","alterego_mod:VirginLaserPalladion"],"picked":"alterego_mod:TrickOrTreatment","floor":16},{"not_picked":["alterego_mod:SideboobHour","alterego_mod:Lift"],"picked":"alterego_mod:AlterEgo","floor":17},{"not_picked":["infinitespire:SevenWalls","ReplayTheSpireMod:Chaos Vortex"],"picked":"infinitespire:FutureSight","floor":17},{"not_picked":["alterego_mod:Complex","alterego_mod:SuperDuperMasochism","alterego_mod:BusterCard+1"],"picked":"SKIP","floor":18},{"not_picked":["alterego_mod:BeGentle","alterego_mod:HighServant"],"picked":"alterego_mod:DeftHands","floor":22},{"not_picked":["alterego_mod:Table","alterego_mod:Belle"],"picked":"alterego_mod:Nekomimi","floor":24},{"not_picked":["alterego_mod:Cycle","alterego_mod:PerceptionDisorder"],"picked":"alterego_mod:Punishment","floor":28},{"not_picked":["alterego_mod:DeftHands","alterego_mod:GoddessCore+1"],"picked":"alterego_mod:RocketPunch","floor":29},{"not_picked":["alterego_mod:Mirror","alterego_mod:TrashNCrash"],"picked":"alterego_mod:Tantrum","floor":31},{"not_picked":["alterego_mod:BrynhildrRomantia","alterego_mod:Vow"],"picked":"alterego_mod:AlterEgo","floor":33},{"not_picked":["alterego_mod:Cushion","alterego_mod:1TonWallop"],"picked":"alterego_mod:BustOut+1","floor":35}],"player_experience":273838,"relics_obtained":[{"floor":6,"key":"hubris:MysteriousPyramids"},{"floor":9,"key":"Replay:Rubber Ducky"},{"floor":10,"key":"Odd Mushroom"},{"floor":21,"key":"ReplayTheSpireMod:Ring of Addiction"},{"floor":21,"key":"Potion Belt"},{"floor":21,"key":"Toy Ornithopter"},{"floor":21,"key":"ReplayTheSpireMod:Ring of Collecting"},{"floor":26,"key":"Ring of Searing"},{"floor":29,"key":"Snack Pack"}],"event_choices":[{"damage_healed":0,"gold_gain":0,"player_choice":"Fought Mushrooms","damage_taken":0,"max_hp_gain":0,"max_hp_loss":0,"event_name":"Mushrooms","floor":10,"gold_loss":0},{"damage_healed":0,"gold_gain":0,"player_choice":"Choice 1","damage_taken":0,"relics_obtained":["alterego_mod:FleetingLove"],"max_hp_gain":0,"max_hp_loss":0,"event_name":"Secret Garden","floor":20,"gold_loss":0}],"is_beta":false,"boss_relics":[{"not_picked":["hubris:ScarierMask","Ring of Chaos"],"picked":"ReplayTheSpireMod:SealedPack"},{"not_picked":["Tiny House","hubris:BlackHole"],"picked":"Golden_Hairpin"}],"items_purged_floors":[19],"is_endless":false,"potions_floor_spawned":[6,7,10,18,24,33,35],"killed_by":"3 Darklings","ascension_level":0}}