{"host":"pj7egx7jkoz18hom","time":1613545064,"event":{"mods":["AchievementEnabler","BaseMod","Keyboard Shortcuts","Minty Spire (QoL Compilation)","SuperFastMode"],"gold_per_floor":[115,115,130,130,149,177,31,41,65,84,84,99,112,130,130,235,235,249,264,264,33,50,50,77,176,176,193,193,207,207,218,218,319,319,337,247,70,120,82,82,97,97,97,112,161,161,193,193,193],"floor_reached":48,"language":"KOR","playtime":1902,"items_purged":["Blade Dance","Regret"],"score":585,"play_id":"53cd5950-274d-43a4-8f52-1ba3f3a235d8","local_time":"20210217155744","is_ascension_mode":true,"campfire_choices":[{"floor":15,"key":"REST"},{"data":"Catalyst","floor":23,"key":"SMITH"},{"data":"Catalyst","floor":28,"key":"SMITH"},{"data":"Dodge and Roll","floor":32,"key":"SMITH"},{"data":"Prepared","floor":40,"key":"SMITH"},{"data":"Bouncing Flask","floor":42,"key":"SMITH"}],"circlet_count":0,"master_deck":["Defend_G","Defend_G+1","Defend_G","Defend_G+1","Survivor+1","Neutralize","Deadly Poison+1","Backflip","Bouncing Flask+1","Dodge and Roll+1","Acrobatics","Crippling Poison+1","Bane","Distraction+1","Catalyst+1","Bite+1","Bite","Bite","Bite+1","Bite","Catalyst+1","Blur","Escape Plan+1","Adrenaline","PiercingWail+1","Burst","Prepared+1","Reflex","Writhe","Parasite","Blur"],"relics":["Ring of the Snake","Happy Flower","War Paint","TwistedFunnel","Tiny Chest","Cursed Key","DollysMirror","Whetstone","Bag of Marbles","Blue Candle","SlaversCollar","Du-Vu Doll","Singing Bowl","Juzu Bracelet","White Beast Statue"],"acts_visited":["Exordium","TheCity","TheBeyond"],"potions_floor_usage":[6,13,27,31,33,33,38,48],"damage_taken":[{"damage":3,"enemies":"Jaw Worm","floor":1,"turns":4},{"damage":0,"enemies":"2 Louse","floor":3,"turns":4},{"damage":0,"enemies":"Cultist","floor":5,"turns":4},{"damage":9,"enemies":"3 Sentries","floor":6,"turns":8},{"damage":2,"enemies":"3 Louse","floor":8,"turns":3},{"damage":0,"enemies":"Looter","floor":10,"turns":2},{"damage":0,"enemies":"2 Fungi Beasts","floor":12,"turns":2},{"damage":0,"enemies":"Exordium Thugs","floor":13,"turns":3},{"damage":0,"enemies":"Looter","floor":14,"turns":3},{"damage":16,"enemies":"The Guardian","floor":16,"turns":8},{"damage":0,"enemies":"3 Byrds","floor":18,"turns":3},{"damage":5,"enemies":"Chosen","floor":19,"turns":4},{"damage":0,"enemies":"Snecko","floor":22,"turns":2},{"damage":24,"enemies":"Slavers","floor":24,"turns":5},{"damage":7,"enemies":"Shelled Parasite and Fungi","floor":27,"turns":3},{"damage":2,"enemies":"Snake Plant","floor":29,"turns":2},{"damage":2,"enemies":"Snecko","floor":31,"turns":3},{"damage":36,"enemies":"Automaton","floor":33,"turns":7},{"damage":5,"enemies":"3 Shapes","floor":35,"turns":2},{"damage":25,"enemies":"2 Orb Walkers","floor":38,"turns":5},{"damage":0,"enemies":"Orb Walker","floor":41,"turns":2},{"damage":19,"enemies":"Writhing Mass","floor":44,"turns":2},{"damage":24,"enemies":"Nemesis","floor":47,"turns":3},{"damage":29,"enemies":"Jaw Worm Horde","floor":48,"turns":1}],"seed_played":"-6268017868441879584","potions_obtained":[{"floor":3,"key":"PowerPotion"},{"floor":6,"key":"SteroidPotion"},{"floor":8,"key":"Explosive Potion"},{"floor":19,"key":"Poison Potion"},{"floor":24,"key":"Poison Potion"},{"floor":29,"key":"DuplicationPotion"},{"floor":31,"key":"ColorlessPotion"},{"floor":38,"key":"Swift Potion"},{"floor":47,"key":"Fire Potion"}],"is_trial":false,"path_per_floor":["M","?","M","?","M","E","$","M","T","M","?","M","M","M","R","B",null,"M","M","?","$","M","R","E","?","T","M","R","M","T","M","R","B",null,"M","?","$","?","$","R","M","R","T","M","T","?","E","M"],"character_chosen":"THE_SILENT","items_purchased":["TwistedFunnel","DollysMirror","Burst","Reflex"],"campfire_rested":1,"item_purchase_floors":[7,21,37,39],"current_hp_per_floor":[67,60,60,46,46,37,37,35,35,35,35,35,35,35,56,40,70,70,65,49,49,49,49,37,37,37,37,37,42,42,40,40,17,49,49,49,49,32,32,32,39,39,39,30,30,32,15,0,0],"gold":193,"neow_bonus":"RANDOM_COMMON_RELIC","is_daily":false,"chose_seed":false,"campfire_upgraded":5,"win_rate":0.0,"timestamp":1613545064,"path_taken":["M","?","M","?","M","E","$","M","T","M","?","M","M","M","R","BOSS","M","M","?","$","M","R","E","?","T","M","R","M","?","M","R","BOSS","M","?","?","?","$","R","M","R","T","M","?","?","E","M"],"items_purchased_type":["Relic","Relic","Card","Card"],"build_version":"2020-12-22","purchased_purges":2,"victory":false,"max_hp_per_floor":[70,70,70,70,70,70,70,70,70,70,70,70,70,70,70,70,70,70,70,49,49,49,49,49,49,49,49,49,49,49,49,49,49,49,49,49,49,49,49,49,49,49,49,51,51,53,53,53,53],"card_choices":[{"not_picked":["Flying Knee","Bane"],"picked":"Deadly Poison","floor":1},{"not_picked":["Acrobatics","Escape Plan"],"picked":"Backflip","floor":3},{"not_picked":["Dodge and Roll","Distraction"],"picked":"Blade Dance","floor":5},{"not_picked":["Caltrops","Wraith Form v2","Slice"],"picked":"SKIP","floor":6},{"not_picked":["Caltrops","Wraith Form v2","Slice"],"picked":"SKIP","floor":6},{"not_picked":["Flying Knee","Flechettes"],"picked":"Bouncing Flask","floor":8},{"not_picked":["Underhanded Strike","Riddle With Holes"],"picked":"Dodge and Roll","floor":10},{"not_picked":["Dash","Cloak And Dagger"],"picked":"Acrobatics","floor":12},{"not_picked":["Choke","Bouncing Flask"],"picked":"Crippling Poison","floor":13},{"not_picked":["Malaise","Dodge and Roll"],"picked":"Bane","floor":14},{"not_picked":["Flying Knee","Dodge and Roll"],"picked":"Distraction+1","floor":18},{"not_picked":["Distraction","Flechettes"],"picked":"Catalyst","floor":19},{"not_picked":["Slice","Expertise"],"picked":"Blur","floor":22},{"not_picked":["Riddle With Holes","Acrobatics"],"picked":"Escape Plan+1","floor":24},{"not_picked":["Wraith Form v2","Dash","Underhanded Strike+1"],"picked":"SKIP","floor":27},{"not_picked":["Infinite Blades","Well Laid Plans","Dagger Throw+1"],"picked":"SKIP","floor":29},{"not_picked":["Infinite Blades","Well Laid Plans","Dagger Throw+1"],"picked":"SKIP","floor":29},{"not_picked":["Acrobatics","Slice","Underhanded Strike"],"picked":"SKIP","floor":31},{"not_picked":["Die Die Die","Doppelganger"],"picked":"Adrenaline","floor":33},{"not_picked":["Slice","Cloak And Dagger"],"picked":"PiercingWail+1","floor":35},{"not_picked":["Acrobatics+1","Catalyst+1"],"picked":"Prepared","floor":38},{"not_picked":["A Thousand Cuts","Flying Knee","Dagger Throw"],"picked":"SKIP","floor":41},{"not_picked":["Flying Knee+1","Cloak And Dagger","Sucker Punch"],"picked":"Singing Bowl","floor":44},{"not_picked":["Violence","Mind Blast","PanicButton"],"picked":"Singing Bowl","floor":46},{"not_picked":["Predator","Dagger Spray+1"],"picked":"Blur","floor":47}],"player_experience":138265,"relics_obtained":[{"floor":6,"key":"War Paint"},{"floor":9,"key":"Tiny Chest"},{"floor":24,"key":"Whetstone"},{"floor":26,"key":"Bag of Marbles"},{"floor":30,"key":"Blue Candle"},{"floor":38,"key":"Du-Vu Doll"},{"floor":43,"key":"Singing Bowl"},{"floor":45,"key":"Juzu Bracelet"},{"floor":47,"key":"White Beast Statue"}],"event_choices":[{"cards_removed":["Strike_G"],"damage_healed":0,"gold_gain":0,"player_choice":"Card Removal","damage_taken":7,"max_hp_gain":0,"max_hp_loss":0,"event_name":"Golden Wing","floor":2,"gold_loss":0},{"damage_healed":0,"gold_gain":0,"player_choice":"Entered Light","damage_taken":14,"max_hp_gain":0,"max_hp_loss":0,"event_name":"Shining Light","floor":4,"gold_loss":0,"cards_upgraded":["Defend_G","Deadly Poison"]},{"cards_removed":["Defend_G"],"damage_healed":0,"gold_gain":0,"player_choice":"Offered Basic","damage_taken":0,"max_hp_gain":0,"max_hp_loss":0,"event_name":"Bonfire Elementals","floor":11,"gold_loss":0},{"damage_healed":0,"gold_gain":0,"player_choice":"Became a vampire","damage_taken":0,"max_hp_gain":0,"max_hp_loss":21,"event_name":"Vampires","floor":20,"gold_loss":0,"cards_obtained":["Bite","Bite","Bite","Bite","Bite"]},{"damage_healed":0,"gold_gain":99,"player_choice":"Stole From Cult","damage_taken":0,"max_hp_gain":0,"max_hp_loss":0,"event_name":"Nest","floor":25,"gold_loss":0},{"cards_removed":["Pain"],"damage_healed":0,"gold_gain":0,"player_choice":"Upgrade and Remove","damage_taken":0,"max_hp_gain":0,"max_hp_loss":0,"event_name":"Designer","floor":36,"gold_loss":90,"cards_upgraded":["Crippling Poison"]},{"damage_healed":0,"gold_gain":0,"player_choice":"Fight","damage_taken":0,"max_hp_gain":0,"max_hp_loss":0,"event_name":"Mysterious Sphere","floor":38,"gold_loss":0},{"damage_healed":0,"gold_gain":0,"player_choice":"Memory 1","damage_taken":0,"max_hp_gain":0,"max_hp_loss":0,"event_name":"SensoryStone","floor":46,"gold_loss":0}],"is_beta":false,"boss_relics":[{"not_picked":["Coffee Dripper","Fusion Hammer"],"picked":"Cursed Key"},{"not_picked":["Runic Dome","Tiny House"],"picked":"SlaversCollar"}],"items_purged_floors":[21,37],"is_endless":false,"potions_floor_spawned":[3,6,8,19,24,29,31,38,47],"killed_by":"Jaw Worm Horde","ascension_level":2}}