{"host":"h5fgmkg3q5qe8ocv","time":1613579569,"event":{"mods":["AchievementEnabler","BaseMod","Colored Map","Colored Powertips","Minty Spire (QoL Compilation)","Quick Restart"],"gold_per_floor":[113,113,40,56,71,99,117,117,117,137,137,147,147,164,164,260,260,270,287,304,304,304],"floor_reached":21,"language":"ENG","playtime":1089,"items_purged":[],"score":183,"play_id":"6c0895f6-b393-4e06-bd66-1925681a5496","local_time":"20210217173249","is_ascension_mode":false,"campfire_choices":[{"floor":8,"key":"REST"},{"floor":11,"key":"DIG"},{"floor":15,"key":"REST"}],"circlet_count":0,"master_deck":["Strike_G","Strike_G","Strike_G","Strike_G","Strike_G","Defend_G","Defend_G","Defend_G","Defend_G","Defend_G","Survivor","Neutralize","Bouncing Flask","Outmaneuver","Poisoned Stab","Backflip","Expertise","Reflex","Catalyst","Poisoned Stab","Corpse Explosion","CurseOfTheBell","Dash","Deflect"],"relics":["Ring of the Snake","NeowsBlessing","Shuriken","Shovel","CaptainsWheel","Odd Mushroom","Potion Belt","Anchor","Calling Bell","Bronze Scales","White Beast Statue","Bird Faced Urn"],"acts_visited":["Exordium","TheCity"],"potions_floor_usage":[10,16,18,19],"damage_taken":[{"damage":0,"enemies":"2 Louse","floor":1,"turns":1},{"damage":0,"enemies":"Cultist","floor":4,"turns":1},{"damage":0,"enemies":"Jaw Worm","floor":5,"turns":1},{"damage":46,"enemies":"Gremlin Nob","floor":6,"turns":5},{"damage":2,"enemies":"Exordium Wildlife","floor":7,"turns":4},{"damage":10,"enemies":"The Mushroom Lair","floor":10,"turns":6},{"damage":3,"enemies":"Large Slime","floor":12,"turns":6},{"damage":0,"enemies":"Blue Slaver","floor":14,"turns":4},{"damage":23,"enemies":"Hexaghost","floor":16,"turns":8},{"damage":14,"enemies":"2 Thieves","floor":18,"turns":4},{"damage":0,"enemies":"Chosen","floor":19,"turns":4},{"damage":10,"enemies":"Shelled Parasite and Fungi","floor":20,"turns":8}],"seed_played":"783646198645065287","potions_obtained":[{"floor":4,"key":"BlessingOfTheForge"},{"floor":6,"key":"Weak Potion"},{"floor":7,"key":"AttackPotion"},{"floor":12,"key":"BlessingOfTheForge"},{"floor":18,"key":"GamblersBrew"},{"floor":19,"key":"Weak Potion"},{"floor":20,"key":"Fire Potion"}],"is_trial":false,"path_per_floor":["M","$","?","M","M","E","M","R","T","?","R","M","T","M","R","B",null,"M","M","M","?"],"character_chosen":"THE_SILENT","items_purchased":[],"campfire_rested":2,"item_purchase_floors":[],"current_hp_per_floor":[70,70,70,70,70,24,22,43,43,33,33,30,30,30,51,28,70,56,56,46,30,30],"gold":304,"neow_bonus":"THREE_ENEMY_KILL","is_daily":false,"chose_seed":false,"campfire_upgraded":0,"win_rate":0.0,"timestamp":1613579569,"path_taken":["M","$","?","M","?","E","M","R","T","?","R","M","?","M","R","BOSS","M","M","M","?"],"items_purchased_type":[],"build_version":"2020-12-22","purchased_purges":0,"victory":false,"max_hp_per_floor":[70,70,70,70,70,70,70,70,70,70,70,70,70,70,70,70,70,70,70,70,70,70],"card_choices":[{"not_picked":["Flying Knee","PiercingWail"],"picked":"Bouncing Flask","floor":1},{"not_picked":["Terror","Sucker Punch"],"picked":"Outmaneuver","floor":4},{"not_picked":["Deflect","Distraction"],"picked":"Poisoned Stab","floor":5},{"not_picked":["PiercingWail","Poisoned Stab"],"picked":"Backflip","floor":6},{"not_picked":["Eviscerate","Dagger Throw"],"picked":"Expertise","floor":7},{"not_picked":["Phantasmal Killer","Dagger Throw"],"picked":"Reflex","floor":10},{"not_picked":["Crippling Poison","Blur"],"picked":"Catalyst","floor":12},{"not_picked":["Slice","Escape Plan"],"picked":"Poisoned Stab","floor":14},{"not_picked":["Die Die Die","Burst"],"picked":"Corpse Explosion","floor":16},{"not_picked":["Riddle With Holes","Bane"],"picked":"Dash","floor":18},{"not_picked":["Quick Slash","Riddle With Holes"],"picked":"Deflect","floor":19},{"not_picked":["Acrobatics","Flying Knee","Unload"],"picked":"SKIP","floor":20}],"player_experience":50717,"relics_obtained":[{"floor":6,"key":"Shovel"},{"floor":9,"key":"CaptainsWheel"},{"floor":10,"key":"Odd Mushroom"},{"floor":11,"key":"Potion Belt"},{"floor":13,"key":"Anchor"},{"floor":17,"key":"Bronze Scales"},{"floor":17,"key":"White Beast Statue"},{"floor":17,"key":"Bird Faced Urn"}],"event_choices":[{"damage_healed":0,"gold_gain":0,"player_choice":"Paid Gold","damage_taken":0,"relics_obtained":["Shuriken"],"max_hp_gain":0,"max_hp_loss":0,"event_name":"WeMeetAgain","floor":3,"gold_loss":73},{"damage_healed":0,"gold_gain":0,"player_choice":"Fought Mushrooms","damage_taken":0,"max_hp_gain":0,"max_hp_loss":0,"event_name":"Mushrooms","floor":10,"gold_loss":0},{"damage_healed":0,"gold_gain":0,"player_choice":"Obtained Book","damage_taken":16,"max_hp_gain":0,"max_hp_loss":0,"event_name":"Cursed Tome","floor":21,"gold_loss":0}],"is_beta":false,"boss_relics":[{"not_picked":["Empty Cage","Ectoplasm"],"picked":"Calling Bell"}],"items_purged_floors":[],"is_endless":false,"potions_floor_spawned":[4,6,7,12,18,19,20],"ascension_level":0}}