{"host":"kxz5izodaorfb9am","time":1613566167,"event":{"mods":["BaseMod","GifTheSpireLib","Minty Spire (QoL Compilation)","Shop Mod","StSLib"],"gold_per_floor":[109,122,122,47,47,47,59,59,107,107,139,64,94,121,121,194,194,114,133,133,133,133,133,133,133],"floor_reached":24,"language":"ENG","playtime":1571,"items_purged":[],"score":370,"play_id":"ca1c9b8c-7130-4c34-b811-a95e2ca7ec76","local_time":"20210217134927","is_ascension_mode":true,"campfire_choices":[{"data":"Neutralize","floor":6,"key":"SMITH"},{"data":"Survivor","floor":10,"key":"SMITH"},{"floor":15,"key":"REST"},{"floor":23,"key":"REST"}],"circlet_count":0,"master_deck":["AscendersBane","Strike_G","Defend_G","Defend_G","Defend_G","Defend_G","Defend_G","Survivor+1","Neutralize+1","Footwork+1","Accuracy","Caltrops","Burst","A Thousand Cuts","Leg Sweep+1","Backstab+1","Well Laid Plans+1","Deadly Poison","Cloak And Dagger","Decay"],"relics":["Ring of the Snake","NeowsBlessing","Strawberry","Art of War","Boot","Centennial Puzzle","Astrolabe"],"acts_visited":["Exordium","TheCity"],"potions_floor_usage":[8,13,18,24],"damage_taken":[{"damage":0,"enemies":"Jaw Worm","floor":1,"turns":1},{"damage":0,"enemies":"2 Louse","floor":2,"turns":1},{"damage":0,"enemies":"Cultist","floor":7,"turns":1},{"damage":0,"enemies":"Gremlin Gang","floor":8,"turns":1},{"damage":50,"enemies":"Gremlin Nob","floor":11,"turns":8},{"damage":5,"enemies":"Lagavulin","floor":13,"turns":12},{"damage":15,"enemies":"The Guardian","floor":16,"turns":21},{"damage":5,"enemies":"2 Thieves","floor":18,"turns":4},{"damage":30,"enemies":"3 Byrds","floor":19,"turns":4},{"damage":57,"enemies":"Gremlin Leader","floor":24,"turns":15}],"seed_played":"-3440801122084135391","potions_obtained":[{"floor":2,"key":"SmokeBomb"},{"floor":11,"key":"Block Potion"},{"floor":16,"key":"Block Potion"},{"floor":19,"key":"SpeedPotion"}],"is_trial":false,"path_per_floor":["M","M","?","?","?","R","M","M","T","R","E","$","E","T","R","B",null,"M","M","?","?","?","R","E"],"character_chosen":"THE_SILENT","items_purchased":["Caltrops"],"campfire_rested":2,"item_purchase_floors":[12],"current_hp_per_floor":[59,59,59,59,59,59,59,59,66,66,16,16,11,11,32,17,59,54,24,24,24,24,45,0,0],"gold":133,"neow_bonus":"THREE_ENEMY_KILL","is_daily":false,"chose_seed":false,"campfire_upgraded":2,"win_rate":0.0,"timestamp":1613566167,"path_taken":["M","M","?","?","?","R","?","?","T","R","E","?","E","?","R","BOSS","M","M","?","?","?","R","E"],"items_purchased_type":["Card"],"build_version":"2020-12-22","purchased_purges":0,"victory":false,"max_hp_per_floor":[66,66,66,66,66,66,66,66,73,73,73,73,73,73,73,73,73,73,73,73,73,73,73,73,73],"card_choices":[{"not_picked":["PiercingWail","Underhanded Strike","Deflect"],"picked":"SKIP","floor":1},{"not_picked":["Concentrate","Reflex"],"picked":"Footwork","floor":2},{"not_picked":["Blur","Footwork"],"picked":"Accuracy","floor":7},{"not_picked":["Riddle With Holes","Infinite Blades","Distraction"],"picked":"SKIP","floor":11},{"not_picked":["Bane","Backflip"],"picked":"Burst","floor":13},{"not_picked":["Unload","Glass Knife"],"picked":"A Thousand Cuts","floor":16},{"not_picked":["Bane","Slice"],"picked":"Deadly Poison","floor":18},{"not_picked":["Distraction","Poisoned Stab"],"picked":"Cloak And Dagger","floor":19}],"player_experience":339615,"relics_obtained":[{"floor":9,"key":"Strawberry"},{"floor":11,"key":"Art of War"},{"floor":13,"key":"Boot"},{"floor":14,"key":"Centennial Puzzle"}],"event_choices":[{"damage_healed":0,"gold_gain":0,"player_choice":"Grow","damage_taken":0,"max_hp_gain":0,"max_hp_loss":0,"event_name":"Living Wall","floor":3,"gold_loss":0,"cards_upgraded":["Footwork"]},{"cards_removed":["Strike_G"],"damage_healed":0,"gold_gain":0,"player_choice":"Card Removal","damage_taken":0,"max_hp_gain":0,"max_hp_loss":0,"event_name":"The Cleric","floor":4,"gold_loss":75},{"damage_healed":0,"gold_gain":0,"player_choice":"0 cards matched","damage_taken":0,"max_hp_gain":0,"max_hp_loss":0,"event_name":"Match and Keep!","floor":5,"gold_loss":0,"cards_obtained":[]},{"damage_healed":0,"gold_gain":0,"player_choice":"Ignored","damage_taken":0,"max_hp_gain":0,"max_hp_loss":0,"event_name":"Vampires","floor":20,"gold_loss":0},{"damage_healed":0,"gold_gain":0,"player_choice":"Ignored","damage_taken":0,"max_hp_gain":0,"max_hp_loss":0,"event_name":"Cursed Tome","floor":21,"gold_loss":0},{"damage_healed":0,"gold_gain":0,"player_choice":"Cursed","damage_taken":0,"max_hp_gain":0,"max_hp_loss":0,"event_name":"Wheel of Change","floor":22,"gold_loss":0,"cards_obtained":["Decay"]}],"is_beta":false,"boss_relics":[{"not_picked":["Velvet Choker","SlaversCollar"],"picked":"Astrolabe"}],"items_purged_floors":[],"is_endless":false,"potions_floor_spawned":[2,8,11,16,19],"killed_by":"Gremlin Leader","ascension_level":17}}