{"host":"91blwi3hgehj6ch9","time":1613563697,"event":{"mods":["2.2 Compatiblity","AchievementEnabler","BaseMod","Colored Map","DeckTracker","Keyboard Shortcuts","Minty Spire (QoL Compilation)","Permanent Neow","StSLib","SuperFastMode","everything is the same but u backflip on backflip"],"gold_per_floor":[115,129,139,151,151,151,186,197,197,216,231,241,241,241],"floor_reached":13,"language":"KOR","playtime":490,"items_purged":[],"score":141,"play_id":"6a8b9388-3c40-47b9-94e8-9351452c9539","local_time":"20210217210817","is_ascension_mode":true,"campfire_choices":[{"data":"Burning Pact","floor":6,"key":"SMITH"}],"circlet_count":0,"master_deck":["AscendersBane","Strike_R","Strike_R","Strike_R","Defend_R","Defend_R","Defend_R","Defend_R","Bash","Shrug It Off","Rage+1","Dropkick","Burning Pact+1","Carnage","Pommel Strike","Offering"],"relics":["Burning Blood","Art of War","Lantern"],"acts_visited":["Exordium"],"potions_floor_usage":[13,13],"damage_taken":[{"damage":1,"enemies":"Cultist","floor":1,"turns":4},{"damage":0,"enemies":"2 Louse","floor":2,"turns":3},{"damage":5,"enemies":"Jaw Worm","floor":3,"turns":5},{"damage":4,"enemies":"2 Fungi Beasts","floor":4,"turns":4},{"damage":61,"enemies":"Gremlin Nob","floor":7,"turns":6},{"damage":10,"enemies":"Exordium Wildlife","floor":8,"turns":3},{"damage":0,"enemies":"3 Louse","floor":10,"turns":4},{"damage":5,"enemies":"Exordium Thugs","floor":11,"turns":4},{"damage":3,"enemies":"Large Slime","floor":12,"turns":7},{"damage":32,"enemies":"3 Sentries","floor":13,"turns":10}],"seed_played":"2725157912333668602","potions_obtained":[{"floor":4,"key":"Dexterity Potion"},{"floor":7,"key":"GamblersBrew"}],"is_trial":false,"path_per_floor":["M","M","M","M","?","R","E","M","T","M","M","M","E"],"character_chosen":"IRONCLAD","items_purchased":[],"campfire_rested":0,"item_purchase_floors":[],"current_hp_per_floor":[72,72,72,72,72,72,17,13,13,19,20,23,0,0],"gold":241,"neow_bonus":"REMOVE_TWO","is_daily":false,"chose_seed":false,"campfire_upgraded":1,"win_rate":0.0,"timestamp":1613563697,"path_taken":["M","M","M","M","?","R","E","M","T","M","?","M","E"],"items_purchased_type":[],"build_version":"2020-12-22","purchased_purges":0,"victory":false,"max_hp_per_floor":[72,72,72,72,72,72,72,72,72,72,72,72,72,72],"card_choices":[{"not_picked":["Twin Strike","Heavy Blade"],"picked":"Shrug It Off","floor":1},{"not_picked":["Seeing Red","Headbutt"],"picked":"Rage","floor":2},{"not_picked":["Perfected Strike","Iron Wave"],"picked":"Dropkick","floor":3},{"not_picked":["True Grit","Infernal Blade"],"picked":"Burning Pact","floor":4},{"not_picked":["Cleave","Havoc"],"picked":"Carnage","floor":7},{"not_picked":["Clothesline","Wild Strike"],"picked":"Pommel Strike","floor":8},{"not_picked":["True Grit","Rage","Heavy Blade"],"picked":"SKIP","floor":10},{"not_picked":["Clothesline","Pommel Strike"],"picked":"Offering","floor":11},{"not_picked":["Cleave","Armaments","Pommel Strike"],"picked":"SKIP","floor":12}],"player_experience":277144,"relics_obtained":[{"floor":7,"key":"Art of War"},{"floor":9,"key":"Lantern"}],"event_choices":[{"damage_healed":0,"gold_gain":0,"player_choice":"Upgraded","damage_taken":0,"max_hp_gain":0,"max_hp_loss":0,"event_name":"Upgrade Shrine","floor":5,"gold_loss":0,"cards_upgraded":["Rage"]}],"is_beta":false,"boss_relics":[],"items_purged_floors":[],"is_endless":false,"potions_floor_spawned":[4,7,8],"killed_by":"3 Sentries","ascension_level":11}}