{"host":"Doisman","time":1613602171,"event":{"mods":["AchievementEnabler","BaseMod","Better Note","Curses Come First","Minty Spire (QoL Compilation)","Permanent Neow","Quick Restart","Relic Stats","Replay The Spire","StSLib","slay the spire mod where everything is the same but ironclad has a cowboy hat"],"gold_per_floor":[109,109,178,189,289,289,321,333,385,415,427,439,439,470,470,567,567,580,855,875,279,317,317,330,330,330,330,300,3,28,68,68,188,188,205,205,235,235,274,274,328,363,363,398,29,29,29,43,43,43],"floor_reached":51,"language":"ENG","playtime":2419,"items_purged":["Regret","HandOfGreed"],"score":1120,"play_id":"d65ddf55-58d0-400a-9be8-71bf78fae104","local_time":"20210217164931","is_ascension_mode":true,"campfire_choices":[{"data":"Zap","floor":6,"key":"SMITH"},{"data":"Loop","floor":13,"key":"SMITH"},{"data":"Capacitor","floor":15,"key":"SMITH"},{"data":"Capacitor","floor":23,"key":"SMITH"},{"data":"Coolheaded","floor":25,"key":"SMITH"},{"data":"Rainbow","floor":27,"key":"SMITH"},{"data":"Self Repair","floor":32,"key":"SMITH"},{"data":"Consume","floor":40,"key":"SMITH"},{"data":"Coolheaded","floor":46,"key":"SMITH"},{"floor":49,"key":"DIG"}],"circlet_count":0,"master_deck":["Defend_B","Defend_B+1","Defend_B+1","Defend_B","Zap+1","Dualcast","Ball Lightning","Cold Snap","Loop+1","Seek","Cold Snap","Cold Snap","Capacitor+1","Rainbow+1","Capacitor+1","Turbo+1","Conserve Battery+1","Coolheaded+1","Self Repair+1","White Noise+1","Hologram+1","Genetic Algorithm+1","Redo+1","Steam","Madness","Madness","Consume+1","Coolheaded+1","Capacitor+1"],"relics":["Ring of Chaos","InkBottle","DataDisk","Dream Catcher","Ancient Tea Set","The Courier","Runic Pyramid","Snack Pack","Bag of Marbles","Kunai","Raider\u0027s Mask","Simple Rune","HornCleat","Replay:Grab Bag","Sozu","Busted Crown","Astrolabe","Eternal Feather","Question Card","Replay:Rubber Ducky","Calipers","Sundial"],"acts_visited":["Exordium","TheCity","TheBeyond"],"potions_floor_usage":[16,16,20,21,24,33],"damage_taken":[{"damage":0,"enemies":"Small Slimes","floor":1,"turns":3},{"damage":6,"enemies":"Jaw Worm","floor":4,"turns":3},{"damage":14,"enemies":"Gremlin Nob","floor":7,"turns":3},{"damage":0,"enemies":"Cultist","floor":8,"turns":3},{"damage":14,"enemies":"3 Sentries","floor":10,"turns":6},{"damage":10,"enemies":"Exordium Wildlife","floor":11,"turns":3},{"damage":0,"enemies":"Looter","floor":12,"turns":3},{"damage":0,"enemies":"Lagavulin","floor":14,"turns":7},{"damage":0,"enemies":"Slime Boss","floor":16,"turns":9},{"damage":4,"enemies":"Chosen","floor":18,"turns":4},{"damage":2,"enemies":"Spheric Guardian","floor":20,"turns":5},{"damage":8,"enemies":"Centurion and Healer","floor":22,"turns":7},{"damage":18,"enemies":"Shelled Parasite and Fungi","floor":24,"turns":2},{"damage":3,"enemies":"Book of Stabbing","floor":30,"turns":5},{"damage":0,"enemies":"Snecko","floor":31,"turns":7},{"damage":13,"enemies":"Pondfish","floor":33,"turns":11},{"damage":0,"enemies":"Orb Walker","floor":35,"turns":4},{"damage":0,"enemies":"3 Shapes","floor":37,"turns":8},{"damage":0,"enemies":"Spire Growth","floor":39,"turns":6},{"damage":0,"enemies":"R_Hoarder","floor":41,"turns":9},{"damage":0,"enemies":"Maw","floor":42,"turns":8},{"damage":18,"enemies":"Reptomancer","floor":44,"turns":8},{"damage":0,"enemies":"3 Darklings","floor":48,"turns":5},{"damage":6,"enemies":"Awakened One","floor":50,"turns":13}],"seed_played":"-5008797667240813203","potions_obtained":[{"floor":7,"key":"SneckoOil"},{"floor":11,"key":"DuplicationPotion"},{"floor":12,"key":"Explosive Potion"},{"floor":18,"key":"Elixir"},{"floor":20,"key":"Death Potion"},{"floor":22,"key":"Regen Potion"},{"floor":28,"key":"Regen Potion"},{"floor":28,"key":"CultistPotion"}],"is_trial":false,"path_per_floor":["M","?","T","M","?","R","E","M","T","E","M","M","R","E","R","B",null,"M","?","M","$","M","R","M","R","T","R","?","$","E","M","R","B",null,"M","?","M","?","M","R","E","M","T","E","$","R","$","M","R","B",null],"character_chosen":"DEFECT","items_purchased":["Fruit Juice","Snack Pack","Bag of Marbles","HandOfGreed","Raider\u0027s Mask","Simple Rune","Self Repair","Calipers","Capacitor+1"],"campfire_rested":0,"item_purchase_floors":[21,21,21,21,29,29,29,45,45],"current_hp_per_floor":[75,75,75,69,69,69,55,55,55,41,31,31,31,31,31,31,75,71,71,69,74,74,74,56,56,56,56,56,56,66,75,75,80,80,80,70,80,80,80,80,80,80,80,74,74,80,80,80,80,80],"gold":43,"neow_bonus":"BOSS_RELIC","is_daily":false,"chose_seed":false,"campfire_upgraded":9,"win_rate":0.0,"timestamp":1613602171,"path_taken":["M","?","?","M","?","R","E","M","T","E","M","?","R","E","R","BOSS","M","?","M","$","?","R","M","R","T","R","?","$","E","M","R","BOSS","M","?","M","?","M","R","E","?","T","E","$","R","?","M","R","BOSS"],"items_purchased_type":["Potion","Relic","Relic","Card","Relic","Relic","Card","Relic","Card"],"build_version":"2020-12-18","purchased_purges":2,"victory":true,"max_hp_per_floor":[75,75,75,75,75,75,75,75,75,75,75,75,75,75,75,75,75,75,75,75,80,80,80,80,80,80,80,80,80,80,80,80,80,80,80,80,80,80,80,80,80,80,80,80,80,80,80,80,80,80],"relic_stats":{"Sozu":3,"Dream Catcher":0,"Busted Crown":14,"counters":[24,141],"Sundial":[2],"Astrolabe":["Genetic Algorithm","Redo","ReplaySort"],"Eternal Feather":6,"Kunai":[19],"Question Card":2,"obtain_stats":[{"Calipers":45,"Replay:Grab Bag":34,"Astrolabe":34,"Eternal Feather":41,"Ring of Chaos":0,"The Courier":14,"Raider\u0027s Mask":29,"Ancient Tea Set":10,"Question Card":43,"Replay:Rubber Ducky":44,"Sozu":34,"DataDisk":7,"Dream Catcher":9,"HornCleat":30,"Busted Crown":34,"Sundial":49,"Simple Rune":29,"Snack Pack":21,"Bag of Marbles":21,"Kunai":26,"Cracked Core":0,"InkBottle":3,"Runic Pyramid":17},{"Calipers":22,"Replay:Grab Bag":16,"Astrolabe":16,"Eternal Feather":20,"Ring of Chaos":0,"The Courier":8,"Raider\u0027s Mask":13,"Ancient Tea Set":5,"Question Card":21,"Replay:Rubber Ducky":22,"Sozu":16,"DataDisk":3,"Dream Catcher":4,"HornCleat":14,"Busted Crown":16,"Sundial":23,"Simple Rune":13,"Snack Pack":11,"Bag of Marbles":11,"Kunai":13,"Cracked Core":0,"InkBottle":1,"Runic Pyramid":9},{"Calipers":123,"Replay:Grab Bag":80,"Astrolabe":80,"Eternal Feather":107,"Ring of Chaos":0,"The Courier":30,"Raider\u0027s Mask":57,"Ancient Tea Set":18,"Question Card":115,"Replay:Rubber Ducky":123,"Sozu":80,"DataDisk":9,"Dream Catcher":12,"HornCleat":62,"Busted Crown":80,"Sundial":128,"Simple Rune":57,"Snack Pack":48,"Bag of Marbles":48,"Kunai":57,"Cracked Core":0,"InkBottle":3,"Runic Pyramid":39}],"InkBottle":[60]},"card_choices":[{"not_picked":["Stack","Conserve Battery"],"picked":"Ball Lightning","floor":1},{"not_picked":["Multi-Cast","Aggregate"],"picked":"Cold Snap","floor":4},{"not_picked":["Blizzard","Stack","Streamline"],"picked":"SKIP","floor":7},{"not_picked":["Streamline","Compile Driver"],"picked":"Loop","floor":8},{"not_picked":["Panic Button","Barrage"],"picked":"Seek","floor":10},{"not_picked":["Leap","Stack"],"picked":"Cold Snap","floor":11},{"not_picked":["Leap","Panic Button"],"picked":"Cold Snap","floor":12},{"not_picked":["BasicCrystalCard","Sweeping Beam"],"picked":"Capacitor","floor":14},{"not_picked":["Machine Learning","Seek"],"picked":"Rainbow","floor":16},{"not_picked":["Loop+1","Compile Driver+1"],"picked":"Capacitor","floor":18},{"not_picked":["Go for the Eyes","ReplayTheSpireMod:GoodbyeWorld"],"picked":"Turbo+1","floor":20},{"not_picked":["Undo","Beam Cell"],"picked":"Conserve Battery+1","floor":22},{"not_picked":["Gash+1","ReplayTheSpireMod:Reroute Power"],"picked":"Coolheaded","floor":24},{"not_picked":["Coolheaded+1","Melter"],"picked":"White Noise+1","floor":30},{"not_picked":["Rebound","Double Energy"],"picked":"Hologram+1","floor":31},{"not_picked":["Steam"],"picked":"SKIP","floor":35},{"not_picked":[],"picked":"Steam","floor":35},{"not_picked":["Turbo"],"picked":"SKIP","floor":37},{"not_picked":["Heatsinks"],"picked":"SKIP","floor":39},{"not_picked":["ReplayTheSpireMod:System Scan+1"],"picked":"SKIP","floor":41},{"not_picked":["Panic Button"],"picked":"SKIP","floor":42},{"not_picked":["Ball Lightning+1"],"picked":"Coolheaded","floor":44},{"not_picked":["ReplayTheSpireMod:Repulse+1","Streamline+1"],"picked":"SKIP","floor":48},{"not_picked":["ReplayTheSpireMod:Repulse+1","Streamline+1"],"picked":"SKIP","floor":48}],"player_experience":754130,"relics_obtained":[{"floor":3,"key":"InkBottle"},{"floor":7,"key":"DataDisk"},{"floor":9,"key":"Dream Catcher"},{"floor":10,"key":"Ancient Tea Set"},{"floor":14,"key":"The Courier"},{"floor":26,"key":"Kunai"},{"floor":30,"key":"HornCleat"},{"floor":41,"key":"Eternal Feather"},{"floor":43,"key":"Question Card"},{"floor":44,"key":"Replay:Rubber Ducky"},{"floor":49,"key":"Sundial"}],"event_choices":[{"cards_removed":["Strike_B"],"damage_healed":0,"gold_gain":0,"player_choice":"Forget","damage_taken":0,"max_hp_gain":0,"max_hp_loss":0,"event_name":"Living Wall","floor":2,"gold_loss":0},{"damage_healed":0,"gold_gain":100,"player_choice":"Gold","damage_taken":0,"max_hp_gain":0,"max_hp_loss":0,"event_name":"Wheel of Change","floor":5,"gold_loss":0},{"damage_healed":0,"gold_gain":275,"player_choice":"Desecrate","damage_taken":0,"max_hp_gain":0,"max_hp_loss":0,"event_name":"Golden Shrine","floor":19,"gold_loss":0,"cards_obtained":["Regret"]},{"damage_healed":0,"gold_gain":0,"player_choice":"Bought 2 Potions","damage_taken":0,"max_hp_gain":0,"max_hp_loss":0,"event_name":"The Woman in Blue","floor":28,"gold_loss":0},{"damage_healed":0,"gold_gain":0,"player_choice":"Embrace Madness","damage_taken":10,"max_hp_gain":0,"max_hp_loss":0,"event_name":"Winding Halls","floor":36,"gold_loss":0,"cards_obtained":["Madness","Madness"]},{"damage_healed":0,"gold_gain":0,"cards_transformed":["ReplaySort"],"player_choice":"Transformed","damage_taken":0,"max_hp_gain":0,"max_hp_loss":0,"event_name":"Transmorgrifier","floor":38,"gold_loss":0,"cards_obtained":["Consume"]}],"is_beta":true,"boss_relics":[{"not_picked":["Cursed Key","Snecko Eye"],"picked":"Runic Pyramid"},{"not_picked":["Black Star","Calling Bell"],"picked":"Replay:Grab Bag"},{"not_picked":["Velvet Choker","Runic Dome"],"picked":"Sozu"},{"not_picked":["Abe\u0027s Treasure","ReplayTheSpireMod:DimensionalGlitch"],"picked":"Busted Crown"},{"not_picked":["Pandora\u0027s Box","Kintsugi"],"picked":"Astrolabe"}],"items_purged_floors":[21,45],"is_endless":false,"potions_floor_spawned":[7,11,12,18,20,22,30,35,37,39],"ascension_level":1}}