{"host":"f7915vm1ahl7kex1","time":1613525565,"event":{"mods":["BaseMod","Colored Map","Downfall","Minty Spire (QoL Compilation)","Quick Restart","StSLib"],"gold_per_floor":[99,113,130,130,142,142,142,158,58,69,98,98,98,116,136,234,234,134,144,160,160,56,73,73,73,73],"floor_reached":25,"language":"ENG","playtime":689,"items_purged":[],"score":205,"play_id":"a9a70bc4-2f43-42d1-b556-1d005996454b","local_time":"20210216193245","is_ascension_mode":false,"campfire_choices":[{"floor":1.0,"key":"RECALL"},{"data":"bronze:Boost","floor":6.0,"key":"SMITH"},{"data":"bronze:FineTuning","floor":9.0,"key":"SMITH"},{"data":"bronze:Flail","floor":18.0,"key":"SMITH"}],"circlet_count":0,"master_deck":["bronze:Strike+1","bronze:Strike","bronze:Strike","bronze:Strike+1","bronze:Defend+1","bronze:Defend","bronze:Defend","bronze:Defend","bronze:Replicate","bronze:Goto","bronze:Boost+1","bronze:FineTuning+1","bronze:Flail+1","bronze:Backtrace+1","downfall:Malfunctioning","bronze:Iterate+1","bronze:Shield+1","Trip"],"relics":["bronze:BronzeCore","Blue Candle","Molten Egg 2","downfall:HeartBlessingRed","Art of War","Philosopher\u0027s Stone","downfall:HeartBlessingGreen","Sundial"],"acts_visited":["Exordium","TheCity"],"potions_floor_usage":[23,25,25,25,25],"damage_taken":[{"damage":4.0,"enemies":"2 Louse","floor":2.0,"turns":3.0},{"damage":0.0,"enemies":"Jaw Worm","floor":3.0,"turns":3.0},{"damage":0.0,"enemies":"Small Slimes","floor":5.0,"turns":3.0},{"damage":5.0,"enemies":"3 Louse","floor":8.0,"turns":2.0},{"damage":10.0,"enemies":"Exordium Thugs","floor":10.0,"turns":2.0},{"damage":11.0,"enemies":"Lagavulin","floor":11.0,"turns":6.0},{"damage":0.0,"enemies":"2 Fungi Beasts","floor":14.0,"turns":3.0},{"damage":0.0,"enemies":"Red Slaver","floor":15.0,"turns":1.0},{"damage":34.0,"enemies":"DF_ARCHETYPE_STREAMLINE","floor":16.0,"turns":9.0},{"damage":2.0,"enemies":"Shell Parasite","floor":19.0,"turns":3.0},{"damage":1.0,"enemies":"Chosen","floor":20.0,"turns":3.0},{"damage":10,"enemies":"downfall:FleeingMerchant","floor":22,"turns":4},{"damage":24,"enemies":"Snake Plant","floor":23,"turns":3},{"damage":41,"enemies":"Book of Stabbing","floor":25,"turns":4}],"seed_played":"2330760084037320938","potions_obtained":[{"floor":2.0,"key":"bronze:BurnAndBuffPotion"},{"floor":5.0,"key":"EntropicBrew"},{"floor":11.0,"key":"LiquidBronze"}],"is_trial":false,"path_per_floor":["R","M","M","?","M","R","T","M","R","M","E","?","?","M","M","B",null,"R","M","M","?","$","M","T","E"],"character_chosen":"THE_AUTOMATON","items_purchased":["Trip"],"campfire_rested":0,"item_purchase_floors":[22],"current_hp_per_floor":[77,73,73,73,73,73,73,68,68,58,47,47,47,47,47,13,77,77,75,74,74,64,40,40,0,0,0],"gold":73,"neow_bonus":"TEN_PERCENT_HP_BONUS","is_daily":false,"chose_seed":false,"campfire_upgraded":3,"win_rate":0.0,"timestamp":1613525565,"path_taken":["R","M","M","?","M","R","T","M","R","M","E","?","?","M","M","BOSS","R","M","M","?","$","M","T","E"],"items_purchased_type":["Card"],"build_version":"2020-12-22","purchased_purges":0,"victory":false,"max_hp_per_floor":[77,77,77,77,77,77,77,77,77,77,77,77,77,77,77,77,77,77,77,77,77,77,77,77,77,77,77],"card_choices":[{"not_picked":["bronze:BronzeOrb","bronze:DelayedGuard"],"picked":"bronze:Boost","floor":2.0},{"not_picked":["bronze:Overheat","bronze:WildBeam"],"picked":"bronze:FineTuning","floor":3.0},{"not_picked":["bronze:Branch","bronze:Overload"],"picked":"bronze:Flail","floor":5.0},{"not_picked":["bronze:Frontload","bronze:WhirlingStrike+1","bronze:Overload"],"picked":"SKIP","floor":8.0},{"not_picked":["bronze:ChildClass","bronze:Optimize","bronze:FollowUp+1"],"picked":"SKIP","floor":10.0},{"not_picked":["bronze:CutThrough+1","bronze:FineTuning"],"picked":"bronze:Backtrace+1","floor":11.0},{"not_picked":["bronze:Turbo","bronze:ClassDefault"],"picked":"bronze:Iterate+1","floor":14.0},{"not_picked":["bronze:Backtrace+1","bronze:Branch+1","bronze:Deprecate"],"picked":"SKIP","floor":15.0},{"not_picked":["bronze:OilSpill+1","bronze:FineTuning","bronze:MaxOutput+1"],"picked":"SKIP","floor":19.0},{"not_picked":["bronze:BronzeArmor","bronze:WildBeam+1"],"picked":"bronze:Shield+1","floor":20},{"not_picked":["bronze:FineTuning","bronze:BuggyMess","bronze:Turbo"],"picked":"SKIP","floor":22},{"not_picked":["bronze:Invalidate+1","bronze:GetLatest","bronze:FineTuning"],"picked":"SKIP","floor":23}],"player_experience":1202042,"relics_obtained":[{"floor":7.0,"key":"Molten Egg 2"},{"floor":11.0,"key":"Art of War"},{"floor":24,"key":"Sundial"}],"event_choices":[{"damage_healed":0,"gold_gain":0,"player_choice":"Ignored","damage_taken":0,"max_hp_gain":0,"max_hp_loss":0,"event_name":"Ghosts","floor":21,"gold_loss":0}],"is_beta":false,"boss_relics":[{"not_picked":["Velvet Choker","Pandora\u0027s Box"],"picked":"Philosopher\u0027s Stone"}],"items_purged_floors":[],"is_endless":false,"potions_floor_spawned":[2,5,11,16],"killed_by":"Book of Stabbing","ascension_level":0}}