{"host":"fa9lu700uj5rxl8c","time":1613602807,"event":{"mods":["2.2 Compatiblity","A Penny For Your Troubles","AchievementEnabler","Act Like it!","AlwaysNeverKeys","Aspiration","Bard","BaseMod","Beaked The Cultist","Better Altar","Better Match","Better Note","Better Sensory Stone","Better Silent Start","Better Skull","Better Third Choice","BetterRewards","Bossed Relics","CCEM2","ChefMod","Colored Map","Colored Powertips","Conspire","Curses Come First","Displayed Cursed Tome","Downfall","Energized Spire","Friendly Minions","FruityMod","Gensokyo","GifTheSpireLib","Hallownest","Hermit","Infinite Spire","Ironclad Rager","Jorbs\u0027s Wanderer Trilogy","Luminous","Mad Scientist","Minty Spire (QoL Compilation)","Permanent Neow","Quarter Circle Forward PUNCH!","Random Character Button","Reliquary","Reorder Act Four","Replay The Spire","Robot Space Explorer","Ruina","Shop Mod","Spicy Shops","Spikes Relics","Spire Arcade","StSLib","Stuff the Spire","SuperFastMode","The Blackbeard","The Blue Laboratory","The Bug Knight","The Construct","The Cursed","The Disciple","The Exalted","The Forsaken","The Hierophant","The IronCluck","The Judge","The Juggernuat","The Marked","The Mystic","The Necromancer","The Runesmith","The Sage","The Saiyan","TheBandit","TheFirefly","Transform Curses","Wandering Minibosses"],"gold_per_floor":[115,129,129,142,23,51,10,10,60,860,877,887,920,447,447,546,546,563,563,563,574,589,619,619,634,657,757,682,717,737,747,747,850,850,867,884,895,895,912,944,944,976,976,976,992,992,1002,1079,1079,1125,1125,2,2,29,29],"floor_reached":56,"language":"ENG","playtime":6037,"items_purged":["beaked:Strike_Y","beaked:Strike_Y","beaked:Defend_Y"],"score":1782,"play_id":"f330c1e9-2d92-409b-8fb7-47196d9ccd51","local_time":"20210218000007","is_ascension_mode":true,"campfire_choices":[{"data":"Midas Touch","floor":8,"key":"SMITH"},{"data":"beaked:RitualOfBody","floor":15,"key":"SMITH"},{"data":"beaked:MaddeningMurmurs","floor":24,"key":"SMITH"},{"data":"beaked:MaddeningMurmurs","floor":32,"key":"SMITH"},{"data":"beaked:MaddeningMurmurs","floor":44,"key":"SMITH"},{"data":"beaked:Ceremony","floor":49,"key":"SMITH"},{"data":"beaked:CrazyRituals","floor":53,"key":"SMITH"}],"circlet_count":0,"master_deck":["beaked:Strike_Y","beaked:Strike_Y","beaked:Strike_Y","beaked:Strike_Y","beaked:Defend_Y","beaked:Defend_Y","beaked:Defend_Y","beaked:Ceremony","beaked:Ceremony","beaked:Ceremony+1","beaked:MaddeningMurmurs","beaked:Brace","Midas Touch+1","beaked:WarriorEssence","beaked:CursingBlood+1","beaked:Redirect","beaked:KnowThyFoe","beaked:Insight+1","beaked:MachineSpirit","beaked:BloodForTheGods","beaked:RitualOfBody","beaked:Insight","beaked:RitualOfBody+1","beaked:WarriorEssence+1","beaked:Caw","beaked:WarriorSpirit","beaked:MaddeningMurmurs+1","beaked:BloodRitual+1","Panacea","beaked:LiftOff","beaked:Resilience","beaked:MaddeningMurmurs+1","beaked:ScreechingChant","beaked:WindBringer+1","beaked:MaddeningMurmurs+1","beaked:Resilience+1","beaked:Hexing+1","beaked:Hexing","ReplayTheSpireMod:Book of Names","beaked:Resilience+1","ReplayTheSpireMod:Wings of Steel+1","Pain","beaked:Resilience+1","Injury","beaked:CrazyRituals","beaked:CrazyRituals+1","beaked:Roost+1"],"relics":["beaked:MendingPlumage","MerchantsRug","ClockworkSouvenir","qcfpunch:Handcuffs","Membership Card","Divine Protection","Omamori","aspiration:DSix","reliquary:IridiumChain","conspire:TreasureMap","Centennial Puzzle","Question Card","StuffTheSpire:BottledEssence","Mercury Hourglass","wanderingMiniBosses:MasterThiefsPresence","HollowMod:PaleOreRelic","Chemical X","aspiration:Lifesprig","Orichalcum","CCEMRelics:OldTooth","beaked:SacrificeDoll","ReplayTheSpireMod:Ring of Collecting","Ring of Misfortune","qcfpunch:Duffel_Bag","ReplayTheSpireMod:Ring of Challenge","Blue Doll","SpikesRelics:DaevaFist","CCEMRelics:FakeTeeth","Replay:Bottled Snecko","reliquary:HotPoker","Tiny House","Calipers","conspire:BottledYoYo","ReplayTheSpireMod:Ring of Exchange","infinitespire:Lucky Rock","WarpedTongs","CCEMRelics:TechnogenicHelmet","reliquary:BallBearing","Pondfish Scales","SacredBark","StuffTheSpire:ForceGauntlet","aspiration:SilentSkillbook","CCEMRelics:FestiveHat"],"acts_visited":["Exordium","TheCity","TheBeyond","TheEnding"],"potions_floor_usage":[55,55,55],"damage_taken":[{"damage":22,"enemies":"conspire:RoseBush","floor":1,"turns":8},{"damage":20,"enemies":"Small Slimes","floor":2,"turns":5},{"damage":7,"enemies":"Jaw Worm","floor":4,"turns":6},{"damage":43,"enemies":"Gremlin Nob","floor":6,"turns":9},{"damage":49,"enemies":"Exordium Wildlife","floor":10,"turns":8},{"damage":42,"enemies":"2 Fungi Beasts","floor":11,"turns":9},{"damage":14,"enemies":"3 Louse","floor":12,"turns":3},{"damage":0,"enemies":"Lagavulin","floor":13,"turns":6},{"damage":35,"enemies":"The Guardian","floor":16,"turns":9},{"damage":0,"enemies":"Chosen","floor":18,"turns":4},{"damage":22,"enemies":"Spheric Guardian","floor":21,"turns":5},{"damage":0,"enemies":"Chosen and Byrds","floor":22,"turns":5},{"damage":61,"enemies":"Gremlin Leader","floor":23,"turns":6},{"damage":0,"enemies":"Cultist and Chosen","floor":25,"turns":5},{"damage":117,"enemies":"HollowMod:Nosk","floor":27,"turns":12},{"damage":33,"enemies":"Replay:Snechameleon","floor":29,"turns":10},{"damage":8,"enemies":"conspire:HollyBat","floor":30,"turns":6},{"damage":36,"enemies":"Shelled Parasite and Fungi","floor":31,"turns":11},{"damage":27,"enemies":"Champ","floor":33,"turns":8},{"damage":28,"enemies":"Orb Walker","floor":35,"turns":4},{"damage":58,"enemies":"3 Shapes","floor":36,"turns":4},{"damage":48,"enemies":"Jaw Worm Horde","floor":37,"turns":8},{"damage":38,"enemies":"Writhing Mass","floor":39,"turns":6},{"damage":13,"enemies":"Giant Head","floor":40,"turns":11},{"damage":52,"enemies":"Reptomancer","floor":42,"turns":13},{"damage":22,"enemies":"Transient","floor":45,"turns":5},{"damage":24,"enemies":"Spire Growth","floor":47,"turns":6},{"damage":32,"enemies":"R_Hoarder","floor":48,"turns":10},{"damage":100,"enemies":"Replay:Hell Engine","floor":50,"turns":12},{"damage":52,"enemies":"Shield and Spear","floor":54,"turns":8},{"damage":22,"enemies":"The Heart","floor":55,"turns":10}],"seed_played":"2067195164572593836","potions_obtained":[{"floor":4,"key":"FearPotion"},{"floor":10,"key":"blueLaboratory:BottledHope"},{"floor":12,"key":"Languid Potion"},{"floor":13,"key":"blueLaboratory:BubblePotion"},{"floor":22,"key":"Languid Potion"},{"floor":30,"key":"blueLaboratory:FrostheartPotion"}],"is_trial":false,"path_per_floor":["M","M","?","M","$","E","$","R","T","M","M","M","E","$","R","B",null,"M","?","?","M","M","E","R","M","T","E","?","E","M","M","R","B",null,"M","M","M","?","M","E","?","E","T","R","M","?","M","E","R","B",null,"$","R","E","B",null],"character_chosen":"BEAKED_THE_CULTIST","items_purchased":["MerchantsRug","ClockworkSouvenir","qcfpunch:Handcuffs","Membership Card","CCEMRelics:DerglesHeadphones","Divine Protection","Omamori","beaked:MaddeningMurmurs","beaked:Brace","Midas Touch","Impatience","beaked:WarriorEssence","Strength Potion","beaked:Insight+1","reliquary:IridiumChain","conspire:TreasureMap","Centennial Puzzle","StuffTheSpire:BottledEssence","beaked:RitualOfBody","beaked:WarriorEssence+1","Chemical X","aspiration:Lifesprig","Orichalcum","CCEMRelics:OldTooth","reliquary:BallBearing","Pondfish Scales","SacredBark","StuffTheSpire:ForceGauntlet","aspiration:SilentSkillbook","beaked:CrazyRituals"],"campfire_rested":0,"item_purchase_floors":[0,0,0,0,0,0,0,0,0,0,0,0,0,5,5,5,5,7,14,14,14,14,14,14,52,52,52,52,52,52],"current_hp_per_floor":[31,18,18,37,37,49,49,49,49,69,69,63,78,78,78,65,87,87,87,87,83,93,71,71,93,93,75,75,96,96,99,99,99,99,102,88,102,102,99,114,86,114,114,114,118,118,113,118,118,100,120,120,120,120,120],"gold":29,"neow_bonus":"","is_daily":false,"chose_seed":false,"campfire_upgraded":7,"win_rate":0.0,"timestamp":1613602807,"path_taken":["M","?","?","M","?","E","?","R","T","?","M","M","E","$","R","BOSS","M","?","?","M","M","E","R","M","T","E","?","E","M","?","R","BOSS","M","M","M","?","M","E","?","E","T","R","M","?","M","E","R","BOSS","$","R","E","BOSS"],"items_purchased_type":["Relic","Relic","Relic","Relic","Relic","Relic","Relic","Card","Card","Card","Card","Card","Potion","Card","Relic","Relic","Relic","Relic","Card","Card","Relic","Relic","Relic","Relic","Relic","Relic","Relic","Relic","Relic","Card"],"build_version":"2020-12-22","purchased_purges":3,"victory":true,"max_hp_per_floor":[56,58,58,63,63,66,66,66,66,69,72,75,78,78,78,87,87,87,87,87,93,93,93,93,93,93,96,96,96,96,99,99,99,99,105,111,111,111,111,114,114,120,120,120,120,120,120,120,120,120,120,120,120,120,120],"card_choices":[{"not_picked":["beaked:Tweet","beaked:Negation"],"picked":"beaked:CursingBlood","floor":1},{"not_picked":["beaked:HuntressSpirit","beaked:Daydream"],"picked":"beaked:Redirect","floor":2},{"not_picked":["beaked:Redirect","beaked:Poke"],"picked":"beaked:KnowThyFoe","floor":4},{"not_picked":["ReplayTheSpireMod:Owlgaze","beaked:Redirect"],"picked":"beaked:MachineSpirit","floor":6},{"not_picked":["beaked:Daydream","beaked:VigorBurst","beaked:TuckingFeathers"],"picked":"beaked:BloodForTheGods","floor":10},{"not_picked":["beaked:Cower","beaked:Poke","beaked:Replenish","beaked:BraceForImpact"],"picked":"SKIP","floor":11},{"not_picked":["beaked:DigDeep","beaked:BraceForImpact","beaked:Redirect"],"picked":"beaked:RitualOfBody","floor":12},{"not_picked":["beaked:Evade","beaked:SurvivalInstinct","beaked:Cower"],"picked":"beaked:Insight","floor":13},{"not_picked":["beaked:VolatileMisfortune","beaked:MachineEssence","beaked:ShadowFade"],"picked":"beaked:Caw","floor":16},{"not_picked":["beaked:Tweet+1","beaked:BounceBack+1","beaked:Replenish"],"picked":"beaked:WarriorSpirit","floor":18},{"not_picked":["beaked:Brace","beaked:Redirect","beaked:Struggle+1"],"picked":"beaked:MaddeningMurmurs","floor":21},{"not_picked":["beaked:FeelMyPain","beaked:WarriorEssence","beaked:Cower"],"picked":"beaked:BloodRitual+1","floor":22},{"not_picked":["beaked:SurvivalInstinct","beaked:BounceBack+1","beaked:Tweet","beaked:Insight"],"picked":"SKIP","floor":23},{"not_picked":[],"picked":"Bandage Up","floor":25},{"not_picked":["beaked:Windmill","beaked:Foresight","beaked:Evade+1","beaked:Brace"],"picked":"SKIP","floor":25},{"not_picked":[],"picked":"Panacea","floor":27},{"not_picked":["beaked:Overpower","beaked:TuckingFeathers","beaked:WarriorSpirit"],"picked":"beaked:LiftOff","floor":27},{"not_picked":["beaked:DigDeeper","beaked:Windmill","beaked:Insight"],"picked":"beaked:Resilience","floor":29},{"not_picked":["beaked:Molting+1","beaked:Tradeoff+1","beaked:BraceForImpact","beaked:Windmill+1"],"picked":"SKIP","floor":30},{"not_picked":["beaked:DesperateSwing+1","beaked:Flinch","beaked:Cower"],"picked":"beaked:MaddeningMurmurs","floor":31},{"not_picked":["beaked:FakeOut","ReplayTheSpireMod:Owlgaze","beaked:FullHouse"],"picked":"beaked:ScreechingChant","floor":33},{"not_picked":["beaked:BraceForImpact+1","beaked:Redirect+1","beaked:Tradeoff+1"],"picked":"beaked:WindBringer+1","floor":35},{"not_picked":["beaked:SurvivalInstinct+1","ReplayTheSpireMod:Wings of Steel","beaked:Foresight+1"],"picked":"beaked:MaddeningMurmurs","floor":36},{"not_picked":["beaked:Negation+1","beaked:Windmill+1","beaked:StickSmack+1"],"picked":"beaked:Resilience+1","floor":37},{"not_picked":["beaked:MimicMachine+1","beaked:RuinSticks","beaked:WarriorSpirit"],"picked":"beaked:Hexing+1","floor":39},{"not_picked":["beaked:BraceForImpact","beaked:Brace+1","beaked:Insight"],"picked":"beaked:Hexing","floor":40},{"not_picked":["infinitespire:Gouge","Replay:Fractal Strike"],"picked":"ReplayTheSpireMod:Book of Names","floor":41},{"not_picked":["beaked:FakeOut","beaked:CursingBlood","beaked:MaddeningMurmurs+1"],"picked":"beaked:Resilience+1","floor":42},{"not_picked":["beaked:MaddeningMurmurs","beaked:WarriorEssence","beaked:BarbedWire"],"picked":"ReplayTheSpireMod:Wings of Steel+1","floor":45},{"not_picked":["beaked:MimicWarrior","beaked:Tradeoff+1","beaked:Brace"],"picked":"beaked:Resilience+1","floor":47},{"not_picked":["beaked:WindBringer+1","beaked:WarriorSpirit","beaked:RuinSticks+1","beaked:Foresight+1"],"picked":"SKIP","floor":48},{"not_picked":["beaked:WindBringer+1","beaked:WarriorSpirit","beaked:RuinSticks+1","beaked:Foresight+1"],"picked":"SKIP","floor":48},{"not_picked":["beaked:MimicMachine","ReplayTheSpireMod:Speed Training+1","beaked:Foresight+1","beaked:DigDeeper+1"],"picked":"beaked:Roost+1","floor":54}],"player_experience":499365,"relics_obtained":[{"floor":6,"key":"Question Card"},{"floor":9,"key":"Mercury Hourglass"},{"floor":10,"key":"wanderingMiniBosses:MasterThiefsPresence"},{"floor":13,"key":"HollowMod:PaleOreRelic"},{"floor":20,"key":"ReplayTheSpireMod:Ring of Collecting"},{"floor":20,"key":"Ring of Misfortune"},{"floor":23,"key":"qcfpunch:Duffel_Bag"},{"floor":26,"key":"ReplayTheSpireMod:Ring of Challenge"},{"floor":26,"key":"Blue Doll"},{"floor":27,"key":"SpikesRelics:DaevaFist"},{"floor":29,"key":"CCEMRelics:FakeTeeth"},{"floor":29,"key":"Replay:Bottled Snecko"},{"floor":30,"key":"reliquary:HotPoker"},{"floor":40,"key":"Calipers"},{"floor":42,"key":"conspire:BottledYoYo"},{"floor":43,"key":"ReplayTheSpireMod:Ring of Exchange"},{"floor":43,"key":"infinitespire:Lucky Rock"},{"floor":48,"key":"CCEMRelics:TechnogenicHelmet"},{"floor":54,"key":"CCEMRelics:FestiveHat"}],"event_choices":[{"cards_removed":["Impatience"],"damage_healed":0,"gold_gain":0,"player_choice":"Elegance","damage_taken":0,"max_hp_gain":0,"max_hp_loss":0,"event_name":"betterThird:BetterWriting","floor":19,"gold_loss":0},{"cards_removed":["Bandage Up"],"damage_healed":0,"gold_gain":0,"player_choice":"Gave Gold","damage_taken":0,"max_hp_gain":0,"max_hp_loss":0,"event_name":"Beggar","floor":28,"gold_loss":75},{"damage_healed":0,"gold_gain":0,"player_choice":"Ignored","damage_taken":0,"max_hp_gain":0,"max_hp_loss":0,"event_name":"Tomb of Lord Red Mask","floor":38,"gold_loss":0},{"damage_healed":0,"gold_gain":0,"player_choice":"Rummage","damage_taken":0,"relics_obtained":["WarpedTongs"],"max_hp_gain":0,"max_hp_loss":0,"event_name":"Accursed Blacksmith","floor":46,"gold_loss":0,"cards_obtained":["Pain"]}],"is_beta":false,"boss_relics":[{"not_picked":["Painkiller Herb","Pandora\u0027s Box"],"picked":"beaked:SacrificeDoll"},{"not_picked":["beaked:MawFillet","Fusion Hammer"],"picked":"Tiny House"}],"items_purged_floors":[0,0,14],"is_endless":false,"potions_floor_spawned":[4,10,12,13,16,18,21,22,30,33,39,40,47,48],"ascension_level":2}}