{"host":"00olc56ucl6mk3pv","time":1613566722,"event":{"mods":["AchievementEnabler","BaseMod","Minty Spire (QoL Compilation)","SuperFastMode"],"gold_per_floor":[12,23,298,309,384,384,404,404,404,109,109,143,10,24,24,103,403,420,436,20,20,20],"floor_reached":21,"language":"KOR","playtime":1403,"items_purged":["Regret"],"score":358,"play_id":"2b96902b-e5cd-4826-b4bc-2b76f902f34f","local_time":"20210217215842","is_ascension_mode":true,"campfire_choices":[{"data":"Storm","floor":6.0,"key":"SMITH"},{"data":"Hyperbeam","floor":8.0,"key":"SMITH"},{"floor":15.0,"key":"REST"}],"circlet_count":0,"master_deck":["AscendersBane","Strike_B","Strike_B","Strike_B","Strike_B","Defend_B","Defend_B","Defend_B","Defend_B","Zap","Dualcast","Auto Shields","Static Discharge","Storm+1","Hyperbeam+1","Capacitor","White Noise","Aggregate","Hello World","Compile Driver","Chill","Echo Form","CurseOfTheBell","Loop"],"relics":["Cracked Core","Ginger","Blue Candle","Mummified Hand","Calling Bell","Smiling Mask","Sundial","Old Coin","Lizard Tail"],"acts_visited":["Exordium","TheCity"],"potions_floor_usage":[21],"damage_taken":[{"damage":2.0,"enemies":"Jaw Worm","floor":1.0,"turns":3.0},{"damage":1.0,"enemies":"Cultist","floor":2.0,"turns":3.0},{"damage":2.0,"enemies":"Small Slimes","floor":4.0,"turns":3.0},{"damage":14.0,"enemies":"3 Louse","floor":7.0,"turns":3.0},{"damage":18.0,"enemies":"Gremlin Nob","floor":12.0,"turns":4.0},{"damage":6.0,"enemies":"Blue Slaver","floor":14.0,"turns":3.0},{"damage":27.0,"enemies":"Slime Boss","floor":16.0,"turns":9.0},{"damage":22.0,"enemies":"Chosen","floor":18.0,"turns":4.0},{"damage":21.0,"enemies":"Shell Parasite","floor":19.0,"turns":2.0},{"damage":62,"enemies":"Cultist and Chosen","floor":21,"turns":4}],"seed_played":"-135398980735179262","potions_obtained":[{"floor":2.0,"key":"Weak Potion"},{"floor":12.0,"key":"Fruit Juice"},{"floor":18.0,"key":"DuplicationPotion"}],"is_trial":false,"path_per_floor":["M","M","?","M","?","R","M","R","T","$","?","E","$","M","R","B",null,"M","M","$","M"],"character_chosen":"DEFECT","items_purchased":["Capacitor","White Noise","Fire Potion","Hello World","Compile Driver","Lizard Tail","Loop"],"campfire_rested":1,"item_purchase_floors":[10,10,10,13,13,20,20],"current_hp_per_floor":[62,61,61,59,48,48,34,34,34,34,34,16,16,10,31,4,54,32,11,11,0,0],"gold":20,"neow_bonus":"ONE_RARE_RELIC","is_daily":false,"chose_seed":false,"campfire_upgraded":2,"win_rate":0.0,"timestamp":1613566722,"path_taken":["M","M","?","?","?","R","M","R","T","$","?","E","?","M","R","BOSS","M","M","$","M"],"items_purchased_type":["Card","Card","Potion","Card","Card","Relic","Card"],"build_version":"2020-12-22","purchased_purges":1,"victory":false,"max_hp_per_floor":[71,71,71,71,71,71,71,71,71,71,71,71,71,71,71,71,71,71,71,71,76,76],"card_choices":[{"not_picked":["Compile Driver","Barrage"],"picked":"Auto Shields","floor":1.0},{"not_picked":["Steam","Recycle"],"picked":"Static Discharge","floor":2.0},{"not_picked":["Rebound","Gash"],"picked":"Storm","floor":4.0},{"not_picked":["Redo","Sweeping Beam"],"picked":"Hyperbeam","floor":7.0},{"not_picked":["Turbo","Rebound"],"picked":"Aggregate","floor":12.0},{"not_picked":["Compile Driver","Rebound"],"picked":"Chill","floor":14.0},{"not_picked":["All For One","Thunder Strike"],"picked":"Echo Form","floor":16.0},{"not_picked":["Compile Driver","Sweeping Beam","Streamline+1"],"picked":"SKIP","floor":18.0},{"not_picked":["Redo","Rebound","Gash"],"picked":"SKIP","floor":19.0}],"player_experience":588429,"relics_obtained":[{"floor":9.0,"key":"Blue Candle"},{"floor":12.0,"key":"Mummified Hand"},{"floor":17.0,"key":"Smiling Mask"},{"floor":17.0,"key":"Sundial"},{"floor":17.0,"key":"Old Coin"}],"event_choices":[{"damage_healed":0.0,"max_hp_gain":0.0,"max_hp_loss":0.0,"gold_gain":275.0,"event_name":"Golden Shrine","player_choice":"Desecrate","floor":3.0,"gold_loss":0.0,"damage_taken":0.0,"cards_obtained":["Regret"]},{"damage_healed":0.0,"max_hp_gain":0.0,"max_hp_loss":0.0,"gold_gain":75.0,"event_name":"World of Goop","player_choice":"Gather Gold","floor":5.0,"gold_loss":0.0,"damage_taken":11.0},{"damage_healed":0.0,"max_hp_gain":0.0,"max_hp_loss":0.0,"gold_gain":0.0,"event_name":"Liars Game","player_choice":"Ignored","floor":11.0,"gold_loss":0.0,"damage_taken":0.0}],"is_beta":false,"boss_relics":[{"not_picked":["Cursed Key","SacredBark"],"picked":"Calling Bell"}],"items_purged_floors":[10],"is_endless":false,"potions_floor_spawned":[2,12,18],"killed_by":"Cultist and Chosen","ascension_level":20}}