{"host":"6vtgmkkqqeew181q","time":1613545945,"event":{"mods":["BaseMod","Better Skull","Better Third Choice","BetterRewards","Colored Powertips","Downfall","Faster Ascension Climbing","Highlight Path","Minty Spire (QoL Compilation)","Reliquary","Spire Birthday Party","StSLib","The Bug Knight","The Jungle"],"gold_per_floor":[119,119,119,139,160,160,3,43,68,20,60,84,118,157,157,278,278,309,321,333,359,386,422,434,459,471,483,536,582,594,626,638,650,650],"floor_reached":33,"language":"ENG","playtime":2610,"items_purged":[],"score":390,"play_id":"59182051-92e8-4274-8792-508b1e51d61d","local_time":"20210216231225","is_ascension_mode":false,"campfire_choices":[{"data":"HollowMod:DashSlash","floor":6,"key":"SMITH"},{"data":"HollowMod:GrimmsGift","floor":15,"key":"SMITH"},{"data":"HollowMod:CoiledNail","floor":24,"key":"SMITH"},{"data":"HollowMod:CrystalDash","floor":27,"key":"SMITH"},{"floor":30,"key":"REST"},{"data":"HollowMod:SoulEater","floor":32,"key":"SMITH"}],"circlet_count":0,"master_deck":["HollowMod:NailStrikeStart","HollowMod:NailStrikeStart","HollowMod:NailStrikeStart","HollowMod:NailStrikeStart+1","HollowMod:QuickDashStart","HollowMod:QuickDashStart","HollowMod:QuickDashStart","HollowMod:QuickDashStart","HollowMod:FocusHealStart","HollowMod:PogoStrike+1","HollowMod:PureNailStrike","HollowMod:MonarchWings","HollowMod:DashSlash+1","HollowMod:CrystalDash+1","HollowMod:GrimmsGift+1","HollowMod:SoulEater+1","HollowMod:CoiledNail+1","HollowMod:MantisMark","HollowMod:PureVessel","CurseOfTheBell","HollowMod:GoodIntentions","HollowMod:GrimmsGift+1","HollowMod:MantisMark+1","HollowMod:CornifersMapStart+1","HollowMod:CloakDash","HollowMod:CoiledNail+1"],"relics":["HollowMod:VesselMask","Bag of Preparation","Calipers","Golden Idol","Nunchaku","reliquary:Stiletto","reliquary:Knoch","Peace Pipe","Odd Mushroom","Centennial Puzzle","Calling Bell","MawBank","Pear","Bird Faced Urn","reliquary:IridiumChain","Red Mask","HollowMod:GreatKnightMask"],"acts_visited":["Exordium","TheCity"],"potions_floor_usage":[5,13,14,16,16,23,31,33,33],"damage_taken":[{"damage":0,"enemies":"Small Slimes","floor":1,"turns":4},{"damage":0,"enemies":"2 Louse","floor":4,"turns":3},{"damage":0,"enemies":"Jaw Worm","floor":5,"turns":4},{"damage":11,"enemies":"Gremlin Nob","floor":8,"turns":3},{"damage":4,"enemies":"3 Sentries","floor":11,"turns":12},{"damage":0,"enemies":"3 Louse","floor":12,"turns":6},{"damage":0,"enemies":"The Mushroom Lair","floor":13,"turns":3},{"damage":15,"enemies":"Lagavulin","floor":14,"turns":5},{"damage":14,"enemies":"The Guardian","floor":16,"turns":8},{"damage":0,"enemies":"Spheric Guardian","floor":18,"turns":1},{"damage":0,"enemies":"Chosen","floor":21,"turns":5},{"damage":24,"enemies":"Shelled Parasite and Fungi","floor":22,"turns":6},{"damage":28,"enemies":"Snecko","floor":23,"turns":6},{"damage":21,"enemies":"Snake Plant","floor":25,"turns":5},{"damage":40,"enemies":"Masked Bandits","floor":28,"turns":5},{"damage":0,"enemies":"HollowMod:Zote","floor":29,"turns":2},{"damage":11,"enemies":"Cultist and Chosen","floor":31,"turns":8},{"damage":67,"enemies":"Automaton","floor":33,"turns":6}],"seed_played":"-3278933625428930901","potions_obtained":[{"floor":1,"key":"GamblersBrew"},{"floor":5,"key":"FairyPotion"},{"floor":8,"key":"PowerPotion"},{"floor":13,"key":"AttackPotion"},{"floor":14,"key":"BlessingOfTheForge"},{"floor":18,"key":"sneckomod:MuddlingPotion"},{"floor":25,"key":"Ancient Potion"},{"floor":28,"key":"champ:CounterPotion"},{"floor":29,"key":"Swift Potion"}],"is_trial":false,"path_per_floor":["M","?","?","M","M","R","$","E","T","$","E","M","?","E","R","B",null,"M","?","$","M","M","M","R","M","T","R","?","?","R","M","R","B"],"character_chosen":"THE_BUGKNIGHT","items_purchased":["Bag of Preparation","Nunchaku","Fire Potion"],"campfire_rested":1,"item_purchase_floors":[0,7,10],"current_hp_per_floor":[75,57,42,48,58,58,58,47,47,47,55,61,61,52,52,38,85,85,85,85,85,67,47,47,28,28,28,19,19,44,39,39,0,0],"gold":650,"neow_bonus":"","is_daily":false,"chose_seed":false,"campfire_upgraded":5,"win_rate":0.0,"timestamp":1613545945,"path_taken":["M","?","?","M","M","R","?","E","T","$","E","M","?","E","R","BOSS","M","?","$","M","M","?","R","M","T","R","?","?","R","M","R","BOSS"],"items_purchased_type":["Relic","Relic","Potion"],"build_version":"2020-12-22","purchased_purges":0,"victory":false,"max_hp_per_floor":[75,75,75,75,75,75,75,75,75,75,75,75,75,75,75,75,85,85,85,85,85,85,85,85,85,85,85,85,85,85,85,85,85,85],"card_choices":[{"not_picked":["HollowMod:InfectedAttack","HollowMod:LifebloodCocoon"],"picked":"HollowMod:PureNailStrike","floor":1},{"not_picked":["HollowMod:SharpenedNail","HollowMod:CycloneSlash"],"picked":"HollowMod:MonarchWings","floor":4},{"not_picked":["HollowMod:InfectedCysts","HollowMod:NewJinnsSoul"],"picked":"HollowMod:DashSlash","floor":5},{"not_picked":["HollowMod:HornetsHelp","HollowMod:TaintedHusks"],"picked":"HollowMod:CrystalDash","floor":8},{"not_picked":["HollowMod:DungDefenderAura","HollowMod:CornifersMapStart"],"picked":"HollowMod:GrimmsGift","floor":11},{"not_picked":["HollowMod:DreamGate","HollowMod:CycloneSlash"],"picked":"HollowMod:SoulEater","floor":12},{"not_picked":["HollowMod:SharpenedNail","HollowMod:NewJinnsSoul"],"picked":"HollowMod:CoiledNail","floor":13},{"not_picked":["HollowMod:SiblingsShadow","HollowMod:DungDefenderAura"],"picked":"HollowMod:MantisMark","floor":14},{"not_picked":["HollowMod:LordofShades","HollowMod:MidwifesHunger"],"picked":"HollowMod:PureVessel","floor":16},{"not_picked":["HollowMod:WraithStrike","HollowMod:BrokenVessel"],"picked":"HollowMod:GoodIntentions","floor":18},{"not_picked":["HollowMod:SoulVessel","HollowMod:InfectedAttack"],"picked":"HollowMod:MantisMark+1","floor":21},{"not_picked":["HollowMod:SharpenedNail","HollowMod:PureVessel"],"picked":"HollowMod:CornifersMapStart+1","floor":22},{"not_picked":["HollowMod:InfectedAttack","HollowMod:CycloneSlash","HollowMod:HowlingWraiths"],"picked":"SKIP","floor":23},{"not_picked":["HollowMod:SiblingsSouls","HollowMod:GoodIntentions","HollowMod:VengefulVoid"],"picked":"SKIP","floor":25},{"not_picked":["HollowMod:ChannelNail","HollowMod:FastStrike"],"picked":"HollowMod:CloakDash","floor":28},{"not_picked":["HollowMod:HeavyBlow","HollowMod:DoubleDash"],"picked":"HollowMod:CoiledNail+1","floor":29},{"not_picked":["HollowMod:LifebloodCocoon+1","HollowMod:NewLittleFool","HollowMod:NewJinnsSoul+1"],"picked":"SKIP","floor":31},{"not_picked":["HollowMod:LifebloodCocoon+1","HollowMod:NewLittleFool","HollowMod:NewJinnsSoul+1"],"picked":"SKIP","floor":31}],"player_experience":648204,"relics_obtained":[{"floor":8,"key":"reliquary:Stiletto"},{"floor":9,"key":"reliquary:Knoch"},{"floor":11,"key":"Peace Pipe"},{"floor":13,"key":"Odd Mushroom"},{"floor":14,"key":"Centennial Puzzle"},{"floor":17,"key":"MawBank"},{"floor":17,"key":"Pear"},{"floor":17,"key":"Bird Faced Urn"},{"floor":26,"key":"reliquary:IridiumChain"},{"floor":28,"key":"Red Mask"},{"floor":29,"key":"HollowMod:GreatKnightMask"}],"event_choices":[{"damage_healed":0,"gold_gain":0,"player_choice":"Take Damage","damage_taken":18,"relics_obtained":["Golden Idol"],"max_hp_gain":0,"max_hp_loss":0,"event_name":"Golden Idol","floor":2,"gold_loss":0},{"damage_healed":57,"gold_gain":0,"player_choice":"Upgrade","damage_taken":15,"max_hp_gain":0,"max_hp_loss":75,"event_name":"betterThird:BetterShining","floor":3,"gold_loss":0,"cards_upgraded":["HollowMod:NailStrikeStart","HollowMod:PogoStrike"]},{"damage_healed":0,"gold_gain":0,"player_choice":"Fought Mushrooms","damage_taken":0,"max_hp_gain":0,"max_hp_loss":0,"event_name":"Mushrooms","floor":13,"gold_loss":0},{"damage_healed":0,"gold_gain":0,"player_choice":"Copied","damage_taken":0,"max_hp_gain":0,"max_hp_loss":0,"event_name":"Duplicator","floor":19,"gold_loss":0,"cards_obtained":["HollowMod:GrimmsGift"]},{"damage_healed":0,"gold_gain":0,"player_choice":"Fought Bandits","damage_taken":0,"max_hp_gain":0,"max_hp_loss":0,"event_name":"Masked Bandits","floor":28,"gold_loss":0}],"is_beta":false,"boss_relics":[{"not_picked":["Fusion Hammer","bronze:MakeshiftBattery"],"picked":"Calling Bell"}],"items_purged_floors":[],"is_endless":false,"potions_floor_spawned":[1,5,8,13,14,18,25,28,29],"killed_by":"Automaton","ascension_level":0}}