{"host":"1a9bbjeis3rg03b1","time":1613549870,"event":{"mods":["Act Like it!","BaseMod","Gensokyo","Googly Eyes","Hermit","Mimic Mod","Minty Spire (QoL Compilation)","Morshu Shopkeeper","Reliquary","Replay The Spire","StSLib","The Administrix","The Disciple","The Jungle","The Poker Player","The Servant 0.9.4","Wide Potions","everything is the same but u backflip on backflip"],"gold_per_floor":[119,133,133,153,153,178,20,33,59,76,107,107,117,147,147,249,249,261,261,511,45,85,117,82,82,107,107,118,143,143,143,143,143,143,143],"floor_reached":33,"language":"ENG","playtime":3355,"items_purged":["Normality"],"score":379,"play_id":"9ade9dfc-653c-4e5c-9223-37887e0f3779","local_time":"20210217011750","is_ascension_mode":true,"metric_token":1170,"campfire_choices":[{"data":"PokerPlayerMod:Mulligan","floor":12.0,"key":"SMITH"},{"data":"PokerPlayerMod:TrumpStrike","floor":15.0,"key":"SMITH"},{"data":"PokerPlayerMod:GamblerForm","floor":25,"key":"SMITH"},{"floor":27,"key":"REST"},{"data":"PokerPlayerMod:Configure","floor":30,"key":"SMITH"}],"circlet_count":0,"master_deck":["PokerPlayerMod:Diamond1","PokerPlayerMod:Diamond2","PokerPlayerMod:Diamond3","PokerPlayerMod:Diamond4","PokerPlayerMod:Diamond5","PokerPlayerMod:Spade2","PokerPlayerMod:Spade3","PokerPlayerMod:Spade4","PokerPlayerMod:Club1","PokerPlayerMod:Club2","PokerPlayerMod:Heart2","PokerPlayerMod:TrumpStrike+1","PokerPlayerMod:BadJoker","PokerPlayerMod:Mulligan+1","PokerPlayerMod:Club3","PokerPlayerMod:Spade3","PokerPlayerMod:Club3","PokerPlayerMod:Fold","PokerPlayerMod:MagicTrick","PokerPlayerMod:HotShotCut","PokerPlayerMod:Diamond2","PokerPlayerMod:Overdeal","PokerPlayerMod:GamblerForm+1","PokerPlayerMod:Diamond8","PokerPlayerMod:ChangeRules+1","PokerPlayerMod:Configure+1","PokerPlayerMod:ChangeRules+1","PokerPlayerMod:Trickery+1","PokerPlayerMod:PoorCopy","PokerPlayerMod:MagicTrick+1","PokerPlayerMod:Club3","PokerPlayerMod:Configure"],"relics":["PokerPlayerMod:DeckCase","Gensokyo:PortableGap","Gensokyo:LunaticRedEyes","ReplayTheSpireMod:TigerMarble","PokerPlayerMod:PendantOfEscape","Tiny Chest","Du-Vu Doll","Astrolabe","Gensokyo:RedStar","reliquary:FingerTrap","ReplayTheSpireMod:Ninjato","StoneCalendar","Nunchaku","Gambling Chip","Replay:Mystery Machine"],"acts_visited":["Exordium","Gensokyo:Gensokyo"],"potions_floor_usage":[16,16,16,29,33],"damage_taken":[{"damage":0.0,"enemies":"Gensokyo:3_Fairies","floor":1.0,"turns":3.0},{"damage":5.0,"enemies":"Gensokyo:Gryphon","floor":2.0,"turns":2.0},{"damage":0.0,"enemies":"Gensokyo:2_Kodama","floor":4.0,"turns":1.0},{"damage":1.0,"enemies":"Gensokyo:Cirno","floor":6.0,"turns":4.0},{"damage":0.0,"enemies":"Gensokyo:2_Rabbits","floor":8.0,"turns":1.0},{"damage":14.0,"enemies":"Gensokyo:Gryphon_and_Rabbit","floor":10.0,"turns":4.0},{"damage":21.0,"enemies":"Gensokyo:Aya","floor":11.0,"turns":3.0},{"damage":1.0,"enemies":"Gensokyo:LivingMonolith","floor":13.0,"turns":3.0},{"damage":1.0,"enemies":"Gensokyo:Cirno","floor":14.0,"turns":4.0},{"damage":26,"enemies":"Gensokyo:Reimu","floor":16,"turns":6},{"damage":4,"enemies":"Gensokyo:Chomper","floor":18,"turns":3},{"damage":3,"enemies":"Gensokyo:CosmicMonolith","floor":22,"turns":4},{"damage":17,"enemies":"Gensokyo:Koishi","floor":23,"turns":5},{"damage":0,"enemies":"Gensokyo:CosmicMonolith","floor":28,"turns":3},{"damage":0,"enemies":"Gensokyo:Reisen","floor":29,"turns":3},{"damage":24,"enemies":"Gensokyo:Eiki","floor":33,"turns":5}],"seed_played":"2442268276110331175","potions_obtained":[{"floor":1.0,"key":"Energy Potion"},{"floor":4.0,"key":"Strength Potion"},{"floor":6.0,"key":"Elixir"},{"floor":13.0,"key":"Regen Potion"},{"floor":18,"key":"EssenceOfSteel"}],"is_trial":false,"path_per_floor":["M","M","?","M","?","E","COS","M","T","M","E","R","M","E","R","B",null,"M","?","?","$","MIM","E","COS","R","T","R","M","E","R","?","R","B"],"character_chosen":"THE_POKER_PLAYER","items_purchased":["reliquary:FingerTrap","PokerPlayerMod:ChangeRules","Death Potion"],"campfire_rested":1,"item_purchase_floors":[21,21,21],"current_hp_per_floor":[57,52,52,49,46,43,43,43,43,31,16,16,38,41,41,22,43,39,39,38,35,32,16,16,16,16,25,27,27,27,27,27,0,0,0],"gold":143,"neow_bonus":"TEN_PERCENT_HP_BONUS","is_daily":false,"chose_seed":false,"campfire_upgraded":4,"win_rate":0.0,"timestamp":1613549870,"path_taken":["M","M","?","M","?","E","COS","M","T","M","E","R","?","E","R","BOSS","M","?","?","$","?","E","COS","R","T","R","M","E","R","?","R","BOSS"],"items_purchased_type":["Relic","Card","Potion"],"build_version":"2020-12-22","purchased_purges":1,"victory":false,"max_hp_per_floor":[57,57,52,49,46,43,43,43,43,43,43,43,43,43,43,43,43,40,40,38,35,35,35,32,32,32,32,32,32,32,27,27,14,14,14],"card_choices":[{"not_picked":["PokerPlayerMod:PoorCopy","PokerPlayerMod:FlyingCard"],"picked":"PokerPlayerMod:Club3","floor":1.0},{"not_picked":["PokerPlayerMod:Harden","PokerPlayerMod:Spade5"],"picked":"PokerPlayerMod:Spade3","floor":2.0},{"not_picked":["PokerPlayerMod:MagicTrick","PokerPlayerMod:Heart1"],"picked":"PokerPlayerMod:Club3","floor":4.0},{"not_picked":["PokerPlayerMod:Spade1","PokerPlayerMod:ClubShade"],"picked":"PokerPlayerMod:Diamond5","floor":6.0},{"not_picked":["PokerPlayerMod:Spade4","PokerPlayerMod:Trickery"],"picked":"PokerPlayerMod:Fold","floor":8.0},{"not_picked":["PokerPlayerMod:RiskyBet","PokerPlayerMod:Diamond1"],"picked":"PokerPlayerMod:MagicTrick","floor":10.0},{"not_picked":["PokerPlayerMod:Spade6","PokerPlayerMod:Club2"],"picked":"PokerPlayerMod:HotShotCut","floor":11.0},{"not_picked":["PokerPlayerMod:Heart3","PokerPlayerMod:MagicTrick"],"picked":"PokerPlayerMod:Diamond2","floor":13.0},{"not_picked":["PokerPlayerMod:Spade3","PokerPlayerMod:DartThrow"],"picked":"PokerPlayerMod:Overdeal","floor":14.0},{"not_picked":["PokerPlayerMod:ChangeRules","PokerPlayerMod:TheDieIsCast"],"picked":"PokerPlayerMod:GamblerForm","floor":16},{"not_picked":["PokerPlayerMod:Diamond3","PokerPlayerMod:Spade2"],"picked":"PokerPlayerMod:Configure","floor":18},{"not_picked":["PokerPlayerMod:Spade2","PokerPlayerMod:Diamond2"],"picked":"PokerPlayerMod:Trickery+1","floor":22},{"not_picked":["PokerPlayerMod:Diamond2","PokerPlayerMod:DartThrow"],"picked":"PokerPlayerMod:PoorCopy","floor":23},{"not_picked":["PokerPlayerMod:Trickery","PokerPlayerMod:Club10+"],"picked":"PokerPlayerMod:MagicTrick+1","floor":28},{"not_picked":["PokerPlayerMod:HiddenCard+1","PokerPlayerMod:Club4"],"picked":"PokerPlayerMod:Club3","floor":29},{"not_picked":["PokerPlayerMod:Spade3","PokerPlayerMod:ClubDance"],"picked":"PokerPlayerMod:Configure","floor":29}],"player_experience":708876,"relics_obtained":[{"floor":6.0,"key":"ReplayTheSpireMod:TigerMarble"},{"floor":11.0,"key":"Tiny Chest"},{"floor":14.0,"key":"Du-Vu Doll"},{"floor":22,"key":"ReplayTheSpireMod:Ninjato"},{"floor":23,"key":"StoneCalendar"},{"floor":26,"key":"Nunchaku"},{"floor":29,"key":"Gambling Chip"}],"event_choices":[],"is_beta":false,"boss_relics":[{"not_picked":["Velvet Choker","Ectoplasm"],"picked":"Astrolabe"}],"items_purged_floors":[21],"is_endless":false,"potions_floor_spawned":[1,4,6,10,13,18,23],"killed_by":"Gensokyo:Eiki","ascension_level":2}}