{"host":"jwpp8hxpigr0nknu","time":1613538599,"event":{"mods":["BaseMod","BetterRewards","Colored Map","Colored Powertips","Minty Spire (QoL Compilation)","Rare Cards Sparkle","Shop Mod","StSLib"],"gold_per_floor":[119,49,49,49,49,83,115,166,211,211,211],"floor_reached":10,"language":"ENG","playtime":596,"items_purged":[],"score":119,"play_id":"094a4f7d-b381-43d9-80cf-1bd5e603fb01","local_time":"20210216230959","daily_mods":["Draft","Green Cards","Purple Cards","Heirloom","Flight","DeadlyEvents","Elite Swarm"],"is_ascension_mode":true,"campfire_choices":[],"circlet_count":0,"master_deck":["Protect","Prostrate","Crippling Poison","Deadly Poison","Tactician","Noxious Fumes","Prepared","Bouncing Flask","Evaluate","ClearTheMind","Perseverance","ThirdEye","ThirdEye","Calculated Gamble","Nirvana","ThirdEye","Study","Brilliance","Wish","DevaForm"],"relics":["Ring of the Snake","Prayer Wheel","Tiny Chest","Bottled Lightning","Question Card","Smiling Mask","Regal Pillow"],"acts_visited":["Exordium"],"potions_floor_usage":[],"damage_taken":[{"damage":2.0,"enemies":"Cultist","floor":1.0,"turns":4.0},{"damage":17.0,"enemies":"3 Sentries","floor":6.0,"turns":8.0},{"damage":1.0,"enemies":"Lagavulin","floor":7.0,"turns":7.0},{"damage":18.0,"enemies":"Gremlin Nob","floor":8.0,"turns":5.0},{"damage":24,"enemies":"3 Sentries","floor":10,"turns":2}],"seed_played":"-1203307275065447100","potions_obtained":[{"floor":7.0,"key":"Poison Potion"},{"floor":8.0,"key":"Poison Potion"}],"is_trial":true,"path_per_floor":["M","$","?","?","T","E","E","E","T","E"],"character_chosen":"THE_SILENT","items_purchased":["Study"],"campfire_rested":0,"item_purchase_floors":[2],"current_hp_per_floor":[61,61,61,54,54,37,36,18,18,0,0],"gold":211,"neow_bonus":"","is_daily":false,"chose_seed":false,"campfire_upgraded":0,"win_rate":0.0,"timestamp":1613538599,"path_taken":["M","?","?","?","?","E","E","E","T","E"],"items_purchased_type":["Card"],"build_version":"2020-12-22","purchased_purges":0,"victory":false,"max_hp_per_floor":[70,70,70,70,70,70,70,70,70,70,70],"card_choices":[{"not_picked":["Dagger Spray","Masterful Stab"],"picked":"Protect","floor":0.0},{"not_picked":["Crescendo","Dagger Throw"],"picked":"Prostrate","floor":0.0},{"not_picked":["FlyingSleeves","Dagger Throw"],"picked":"Crippling Poison","floor":0.0},{"not_picked":["CrushJoints","Prepared"],"picked":"Deadly Poison","floor":0.0},{"not_picked":["Quick Slash","Dagger Spray"],"picked":"Tactician","floor":0.0},{"not_picked":["WreathOfFlame","Backflip"],"picked":"Noxious Fumes","floor":0.0},{"not_picked":["Terror","SandsOfTime"],"picked":"Prepared","floor":0.0},{"not_picked":["Fasting2","Infinite Blades"],"picked":"Bouncing Flask","floor":0.0},{"not_picked":["Nirvana","Eviscerate"],"picked":"Evaluate","floor":0.0},{"not_picked":["FlurryOfBlows","Deadly Poison"],"picked":"ClearTheMind","floor":0.0},{"not_picked":["CrushJoints","Backstab"],"picked":"Perseverance","floor":0.0},{"not_picked":["Prostrate","Deadly Poison"],"picked":"ThirdEye","floor":0.0},{"not_picked":["Finisher","Cloak And Dagger"],"picked":"ThirdEye","floor":0.0},{"not_picked":["Protect","MentalFortress"],"picked":"Calculated Gamble","floor":0.0},{"not_picked":["JustLucky","SandsOfTime"],"picked":"Distraction","floor":0.0},{"not_picked":["FollowUp","Flechettes"],"picked":"Nirvana","floor":1.0},{"not_picked":["Crescendo","Bane"],"picked":"ThirdEye","floor":1.0},{"not_picked":["Bullet Time","Tools of the Trade"],"picked":"Brilliance","floor":6.0},{"not_picked":["Judgement","Bullet Time"],"picked":"Wish","floor":7.0},{"not_picked":["Bullet Time","Envenom","Scrawl"],"picked":"DevaForm","floor":8.0}],"player_experience":398606,"relics_obtained":[{"floor":5.0,"key":"Tiny Chest"},{"floor":6.0,"key":"Bottled Lightning"},{"floor":7.0,"key":"Question Card"},{"floor":8.0,"key":"Smiling Mask"},{"floor":9.0,"key":"Regal Pillow"}],"event_choices":[{"damage_healed":0.0,"max_hp_gain":0.0,"max_hp_loss":0.0,"gold_gain":0.0,"event_name":"The Cleric","player_choice":"Leave","floor":3.0,"gold_loss":0.0,"damage_taken":0.0},{"cards_removed":["Distraction"],"damage_healed":0.0,"max_hp_gain":0.0,"max_hp_loss":0.0,"gold_gain":0.0,"event_name":"Golden Wing","player_choice":"Card Removal","floor":4.0,"gold_loss":0.0,"damage_taken":7.0}],"is_beta":false,"boss_relics":[],"items_purged_floors":[],"is_endless":true,"potions_floor_spawned":[7,8],"killed_by":"3 Sentries","ascension_level":9}}