{"host":"cvi30shpqg1ukvbr","time":1613533793,"event":{"mods":["Act Like it!","BaseMod","Better Altar","Better Match","Better Note","Better Sensory Stone","Better Skull","Better Third Choice","Conspire","GifTheSpireLib","Hubris","Infinite Spire","Minty Spire (QoL Compilation)","Relic Stats","Replay The Spire","Shop Mod","Spicy Shops","StSLib","Stuff the Spire"],"gold_per_floor":[109,127,144,4,4,4,33,33,79,79,104,104,104,118,118,217,217,232,246,262,262,277,309,321,283,295,318,330,371,402,427,439,549,561,583,626,654,735,762,774,786,812,824,836,882,912,949,972,984,996,996],"floor_reached":50,"language":"ENG","playtime":2112,"items_purged":[],"score":737,"play_id":"d6f80691-2d2a-4945-ba9f-abe87dca848b","local_time":"20210217124953","is_ascension_mode":true,"campfire_choices":[{"data":"Defragment","floor":6.0,"key":"SMITH"},{"floor":10.0,"key":"REST"},{"data":"Zap","floor":12.0,"key":"SMITH"},{"data":"ReplayTheSpireMod:Calculation Training","floor":15,"key":"SMITH"},{"data":"Mirror Shield","floor":24,"key":"SMITH"},{"data":"hubris:PowerSurge","floor":28,"key":"SMITH"},{"data":"Loop","floor":32,"key":"SMITH"},{"floor":40,"key":"RECALL"},{"floor":44,"key":"REST"},{"data":"Redo","floor":49,"key":"SMITH"}],"circlet_count":0,"master_deck":["Defend_B","Defend_B","Zap+1","Dualcast","Auto Shields","Ball Lightning","Turbo","Defragment+1","ReplayTheSpireMod:Calculation Training+1","StuffTheSpire:Coldhearted","Leap","hubris:EnhanceAbility+1","Auto Shields","Mirror Shield+1","Decay","Normality","Ball Lightning","Conserve Battery","Barrage","Cold Snap","hubris:PowerSurge+1","Skim","Loop+1","Aggregate","Sunder","Reinforced Body+1","Electrodynamics","Loop+1","Redo+1","Coolheaded+1","ReplayTheSpireMod:Calculation Training","Conserve Battery+1","Heatsinks","Coolheaded+1","Redo+1","StuffTheSpire:Plugnplay+1","Barrage+1","Static Discharge+1","Crystallizer+1","Barrage+1","StuffTheSpire:Synthwave+1"],"relics":["Cracked Core","hubris:SlimyHat","Replay:Rubber Ducky","infinitespire:Golems Mask","Kintsugi","MawBank","infinitespire:Lychee Nut","hubris:TinFlute","Prayer Wheel","ChewingGum","StuffTheSpire:EmeraldSignet","infinitespire:FocusingShard","Replay:Towering Pillar of Hats","hubris:SphereOfDissonance"],"acts_visited":["Exordium","TheCity","TheBeyond"],"potions_floor_usage":[16,50,50],"damage_taken":[{"damage":5.0,"enemies":"Small Slimes","floor":1.0,"turns":4.0},{"damage":1.0,"enemies":"Cultist","floor":2.0,"turns":3.0},{"damage":11.0,"enemies":"Jaw Worm","floor":3.0,"turns":2.0},{"damage":34.0,"enemies":"Gremlin Nob","floor":7.0,"turns":5.0},{"damage":13.0,"enemies":"3 Sentries","floor":11.0,"turns":8.0},{"damage":4,"enemies":"3 Louse","floor":14,"turns":3},{"damage":0,"enemies":"Slime Boss","floor":16,"turns":8},{"damage":0,"enemies":"Chosen","floor":18,"turns":4},{"damage":1,"enemies":"Spheric Guardian","floor":19,"turns":4},{"damage":6,"enemies":"3 Cultists","floor":20,"turns":6},{"damage":4,"enemies":"Shelled Parasite and Fungi","floor":22,"turns":4},{"damage":9,"enemies":"conspire:SneckoGhost","floor":23,"turns":8},{"damage":1,"enemies":"Snake Plant","floor":27,"turns":4},{"damage":0,"enemies":"conspire:Head Lice","floor":29,"turns":9},{"damage":0,"enemies":"Snecko","floor":30,"turns":5},{"damage":0,"enemies":"Shelled Parasite and Fungi","floor":31,"turns":4},{"damage":9,"enemies":"Automaton","floor":33,"turns":10},{"damage":1,"enemies":"Orb Walker","floor":35,"turns":4},{"damage":3,"enemies":"conspire:MimicChest","floor":36,"turns":7},{"damage":1,"enemies":"3 Shapes","floor":37,"turns":4},{"damage":20,"enemies":"Jaw Worm Horde","floor":39,"turns":4},{"damage":15,"enemies":"Writhing Mass","floor":42,"turns":5},{"damage":29,"enemies":"Reptomancer","floor":45,"turns":5},{"damage":0,"enemies":"Spire Growth","floor":46,"turns":4},{"damage":0,"enemies":"Giant Head","floor":47,"turns":7},{"damage":11,"enemies":"Jaw Worm Horde","floor":48,"turns":2},{"damage":48,"enemies":"conspire:OrnateMirror","floor":50,"turns":6}],"seed_played":"5665552244548988668","potions_obtained":[{"floor":2.0,"key":"FearPotion"},{"floor":11.0,"key":"AttackPotion"},{"floor":14,"key":"Ancient Potion"},{"floor":16,"key":"ColorlessPotion"},{"floor":22,"key":"Dexterity Potion"}],"is_trial":false,"path_per_floor":["M","M","M","$","?","R","E","$","T","R","E","R","?","M","R","B",null,"M","M","M","?","M","E","R","?","T","M","R","E","M","M","R","B",null,"M","?","M","T","M","R","?","M","T","R","E","M","E","M","R","B"],"character_chosen":"DEFECT","items_purchased":["Defragment","ReplayTheSpireMod:Calculation Training"],"campfire_rested":2,"item_purchase_floors":[4,4],"current_hp_per_floor":[77,76,65,65,65,65,31,31,31,55,42,42,42,38,38,38,82,82,81,75,75,71,62,62,62,61,61,61,61,61,61,61,52,61,61,58,61,61,42,42,42,35,35,53,32,38,48,40,40,0,0],"gold":996,"neow_bonus":"TEN_PERCENT_HP_BONUS","is_daily":false,"chose_seed":false,"campfire_upgraded":7,"win_rate":0.0,"timestamp":1613533793,"path_taken":["M","M","M","$","?","R","E","?","T","R","E","R","?","M","R","BOSS","M","M","M","?","M","E","R","?","T","M","R","E","?","M","R","BOSS","M","?","?","?","M","R","?","M","T","R","E","M","E","M","R","BOSS"],"items_purchased_type":["Card","Card"],"build_version":"2020-12-22","purchased_purges":0,"victory":false,"max_hp_per_floor":[82,82,82,82,82,82,82,82,82,82,82,82,82,82,82,82,82,82,82,82,82,82,82,82,82,61,61,61,61,61,61,61,61,61,61,61,61,61,61,61,61,61,61,61,61,61,61,61,61,61,61],"relic_stats":{"counters":[27,138],"Prayer Wheel":8,"MawBank":324,"obtain_stats":[{"Replay:Towering Pillar of Hats":45,"hubris:SphereOfDissonance":47,"StuffTheSpire:EmeraldSignet":36,"infinitespire:FocusingShard":43,"hubris:SlimyHat":7,"MawBank":23,"Replay:Rubber Ducky":9,"infinitespire:Lychee Nut":26,"infinitespire:Golems Mask":11,"Prayer Wheel":30,"ChewingGum":34,"Kintsugi":17,"Cracked Core":0,"hubris:TinFlute":29},{"Replay:Towering Pillar of Hats":23,"hubris:SphereOfDissonance":25,"StuffTheSpire:EmeraldSignet":19,"infinitespire:FocusingShard":22,"hubris:SlimyHat":4,"MawBank":12,"Replay:Rubber Ducky":4,"infinitespire:Lychee Nut":12,"infinitespire:Golems Mask":5,"Prayer Wheel":15,"ChewingGum":17,"Kintsugi":7,"Cracked Core":0,"hubris:TinFlute":14},{"Replay:Towering Pillar of Hats":119,"hubris:SphereOfDissonance":130,"StuffTheSpire:EmeraldSignet":102,"infinitespire:FocusingShard":114,"hubris:SlimyHat":14,"MawBank":59,"Replay:Rubber Ducky":14,"infinitespire:Lychee Nut":59,"infinitespire:Golems Mask":22,"Prayer Wheel":73,"ChewingGum":91,"Kintsugi":33,"Cracked Core":0,"hubris:TinFlute":72}]},"card_choices":[{"not_picked":["StuffTheSpire:SnapShoot","StuffTheSpire:Plugnplay"],"picked":"Auto Shields","floor":1.0},{"not_picked":["Sweeping Beam","Streamline"],"picked":"Ball Lightning","floor":2.0},{"not_picked":["Stack","Sweeping Beam"],"picked":"Turbo","floor":3.0},{"not_picked":["Gash","StuffTheSpire:LaunchingStrike"],"picked":"StuffTheSpire:Coldhearted","floor":7.0},{"not_picked":["Steam","ReplayRNGCard"],"picked":"Leap","floor":11.0},{"not_picked":["Compile Driver","Darkness"],"picked":"Auto Shields","floor":14},{"not_picked":["All For One","hubris:DoWhile"],"picked":"Mirror Shield","floor":16},{"not_picked":["Doom and Gloom","Barrage"],"picked":"Ball Lightning","floor":18},{"not_picked":["Hologram","Redo"],"picked":"Conserve Battery","floor":19},{"not_picked":["Blizzard+1","Panic Button"],"picked":"Barrage","floor":20},{"not_picked":["Stack+1","Aggregate"],"picked":"Cold Snap","floor":22},{"not_picked":["StuffTheSpire:ShieldGenerator+1","Redo"],"picked":"hubris:PowerSurge","floor":23},{"not_picked":["ReplayTheSpireMod:System Scan","Go for the Eyes+1"],"picked":"Skim","floor":27},{"not_picked":["Cold Snap","Barrage"],"picked":"ReplayTheSpireMod:Fabricate Wheel","floor":29},{"not_picked":["Rebound","Barrage"],"picked":"Loop","floor":30},{"not_picked":["Undo+1","StuffTheSpire:ShieldGenerator"],"picked":"Aggregate","floor":30},{"not_picked":["Blizzard","Genetic Algorithm+1"],"picked":"Sunder","floor":31},{"not_picked":["Glacier","Streamline"],"picked":"Reinforced Body+1","floor":31},{"not_picked":["Fission","Machine Learning"],"picked":"Electrodynamics","floor":33},{"not_picked":["Lockon","Cold Snap"],"picked":"Loop+1","floor":35},{"not_picked":["Scrape","Go for the Eyes"],"picked":"Redo","floor":35},{"not_picked":["Compile Driver","Steam+1"],"picked":"Coolheaded+1","floor":36},{"not_picked":["BasicCrystalCard","Loop+1"],"picked":"ReplayTheSpireMod:Calculation Training","floor":37},{"not_picked":["Redo","Streamline+1"],"picked":"Conserve Battery+1","floor":37},{"not_picked":["StuffTheSpire:LaunchingStrike","Darkness+1"],"picked":"Heatsinks","floor":39},{"not_picked":["Conserve Battery","Heatsinks"],"picked":"Coolheaded+1","floor":39},{"not_picked":["Cold Snap","BasicCrystalCard+1"],"picked":"Redo+1","floor":42},{"not_picked":["Chill","Ball Lightning"],"picked":"StuffTheSpire:Plugnplay+1","floor":42},{"not_picked":["Gash+1","Compile Driver"],"picked":"Barrage+1","floor":45},{"not_picked":["Go for the Eyes","Streamline"],"picked":"Static Discharge+1","floor":46},{"not_picked":["Reinforced Body","Rebound","Streamline+1"],"picked":"SKIP","floor":46},{"not_picked":["Thunder Strike","Doom and Gloom+1"],"picked":"Crystallizer+1","floor":47},{"not_picked":["Ball Lightning","Heatsinks"],"picked":"Barrage+1","floor":48},{"not_picked":["Redo+1","Steam"],"picked":"StuffTheSpire:Synthwave+1","floor":48}],"player_experience":1846221,"relics_obtained":[{"floor":7.0,"key":"hubris:SlimyHat"},{"floor":9.0,"key":"Replay:Rubber Ducky"},{"floor":11.0,"key":"infinitespire:Golems Mask"},{"floor":23,"key":"MawBank"},{"floor":26,"key":"infinitespire:Lychee Nut"},{"floor":29,"key":"hubris:TinFlute"},{"floor":36,"key":"StuffTheSpire:EmeraldSignet"},{"floor":43,"key":"infinitespire:FocusingShard"},{"floor":45,"key":"Replay:Towering Pillar of Hats"},{"floor":47,"key":"hubris:SphereOfDissonance"}],"event_choices":[{"cards_removed":["Strike_B"],"damage_healed":0.0,"max_hp_gain":0.0,"max_hp_loss":0.0,"gold_gain":0.0,"event_name":"Purifier","player_choice":"Purged","floor":5.0,"gold_loss":0.0,"damage_taken":0.0},{"damage_healed":0.0,"max_hp_gain":0.0,"max_hp_loss":0.0,"gold_gain":1.0,"event_name":"betterStone:BetterStone","player_choice":"4","floor":13.0,"gold_loss":0.0,"damage_taken":0.0,"cards_obtained":["hubris:EnhanceAbility"]},{"cards_removed":["hubris:EnhanceAbility"],"damage_healed":0,"gold_gain":0,"player_choice":"Give","damage_taken":0,"max_hp_gain":0,"max_hp_loss":0,"event_name":"betterNote:BetterNote","floor":21,"gold_loss":0,"cards_obtained":["None"]},{"damage_healed":0,"gold_gain":0,"player_choice":"Bet on Owner","damage_taken":0,"max_hp_gain":0,"max_hp_loss":0,"event_name":"The Joust","floor":25,"gold_loss":50},{"damage_healed":0,"gold_gain":0,"player_choice":"Ignored","damage_taken":0,"max_hp_gain":0,"max_hp_loss":0,"event_name":"Tomb of Lord Red Mask","floor":41,"gold_loss":0}],"is_beta":false,"boss_relics":[{"not_picked":["Snecko Heart","Replay:Drink Me"],"picked":"Kintsugi"},{"not_picked":["Black Star","Replay:Grab Bag"],"picked":"ChewingGum"}],"items_purged_floors":[],"is_endless":false,"potions_floor_spawned":[2,11,14,16,22,23,30,31,37,39,47],"killed_by":"conspire:OrnateMirror","ascension_level":1}}