{"host":"7rmsgc3rayi00cdt","time":1613580733,"event":{"mods":["BaseMod","Minty Spire (QoL Compilation)"],"gold_per_floor":[112,112,187,34,34,65,65,92,92,23,43,53,64,81,81,182,232,214,214,226,239,164,195,195,195,195,195,46,46,65,95,95,95,95],"floor_reached":33,"language":"ENG","playtime":969,"items_purged":[],"score":486,"play_id":"d12077d9-9633-4987-afd1-ba73b3a33480","local_time":"20210217165213","is_ascension_mode":true,"campfire_choices":[{"floor":7,"key":"REST"},{"data":"True Grit","floor":15,"key":"SMITH"},{"floor":25,"key":"REST"},{"data":"Evolve","floor":27,"key":"SMITH"},{"data":"Defend_R","floor":29,"key":"SMITH"},{"floor":32,"key":"REST"}],"circlet_count":0,"master_deck":["Strike_R","Strike_R","Strike_R","Strike_R+1","Defend_R","Defend_R","Defend_R","Defend_R+1","Bash","Wild Strike+1","True Grit+1","Feed","Spot Weakness","Sword Boomerang","Thunderclap","Wild Strike","Power Through","Burning Pact","Evolve+1","Heavy Blade","Clothesline+1","Headbutt","Immolate"],"relics":["Burning Blood","PreservedInsect","ClockworkSouvenir","Red Skull","White Beast Statue","Vajra","Tiny House","Letter Opener","Dream Catcher","Pear","Blood Vial","StrikeDummy"],"acts_visited":["Exordium","TheCity"],"potions_floor_usage":[14,16,16,18,20,21,23,23,30,33,33],"damage_taken":[{"damage":2,"enemies":"2 Louse","floor":1,"turns":4},{"damage":29,"enemies":"Gremlin Nob","floor":6,"turns":4},{"damage":30,"enemies":"3 Sentries","floor":8,"turns":8},{"damage":3,"enemies":"Small Slimes","floor":11,"turns":3},{"damage":0,"enemies":"Cultist","floor":12,"turns":2},{"damage":10,"enemies":"Lots of Slimes","floor":13,"turns":3},{"damage":2,"enemies":"3 Louse","floor":14,"turns":2},{"damage":23,"enemies":"Hexaghost","floor":16,"turns":8},{"damage":11,"enemies":"2 Thieves","floor":18,"turns":4},{"damage":25,"enemies":"Shell Parasite","floor":20,"turns":5},{"damage":21,"enemies":"Shelled Parasite and Fungi","floor":21,"turns":6},{"damage":0,"enemies":"Book of Stabbing","floor":23,"turns":2},{"damage":51,"enemies":"Snake Plant","floor":30,"turns":5},{"damage":37,"enemies":"Gremlin Leader","floor":31,"turns":5},{"damage":55,"enemies":"Champ","floor":33,"turns":8}],"seed_played":"9059342932611806728","potions_obtained":[{"floor":8,"key":"SpeedPotion"},{"floor":11,"key":"LiquidBronze"},{"floor":12,"key":"ColorlessPotion"},{"floor":13,"key":"DistilledChaos"},{"floor":14,"key":"AttackPotion"},{"floor":16,"key":"DistilledChaos"},{"floor":17,"key":"EssenceOfSteel"},{"floor":18,"key":"DistilledChaos"},{"floor":20,"key":"Fire Potion"},{"floor":21,"key":"EssenceOfSteel"},{"floor":23,"key":"SkillPotion"},{"floor":30,"key":"Strength Potion"},{"floor":31,"key":"SkillPotion"}],"is_trial":false,"path_per_floor":["M","?","?","$","?","E","R","E","T","$","M","M","M","M","R","B",null,"M","?","M","M","?","E","?","R","T","R","$","R","M","E","R","B"],"character_chosen":"IRONCLAD","items_purchased":["ClockworkSouvenir","Spot Weakness","Blood Vial"],"campfire_rested":3,"item_purchase_floors":[4,10,28],"current_hp_per_floor":[76,76,65,65,65,42,66,42,42,42,45,54,53,57,57,40,80,75,75,56,41,41,50,50,78,88,88,88,88,45,16,47,0,0],"gold":95,"neow_bonus":"RANDOM_COMMON_RELIC","is_daily":false,"chose_seed":false,"campfire_upgraded":3,"win_rate":0.0,"timestamp":1613580733,"path_taken":["M","?","?","$","?","E","R","E","T","$","?","?","M","M","R","BOSS","M","?","M","?","?","E","?","R","T","R","?","R","M","E","R","BOSS"],"items_purchased_type":["Relic","Card","Relic"],"build_version":"2020-12-22","purchased_purges":0,"victory":false,"max_hp_per_floor":[80,80,80,80,80,80,80,80,80,80,80,83,86,86,86,86,91,91,91,91,91,91,94,94,94,104,104,104,104,104,104,104,104,104],"card_choices":[{"not_picked":["Shrug It Off","Headbutt"],"picked":"Wild Strike","floor":1},{"not_picked":["Armaments","Wild Strike"],"picked":"True Grit","floor":6},{"not_picked":["Seeing Red","Sentinel"],"picked":"Feed","floor":8},{"not_picked":["Warcry","Shockwave"],"picked":"Sword Boomerang","floor":11},{"not_picked":["Power Through","Feel No Pain"],"picked":"Thunderclap","floor":12},{"not_picked":["Entrench","Thunderclap"],"picked":"Wild Strike","floor":13},{"not_picked":["Wild Strike","Blood for Blood","Feel No Pain"],"picked":"SKIP","floor":14},{"not_picked":["Thunderclap","True Grit"],"picked":"Power Through","floor":18},{"not_picked":["Bloodletting+1","Wild Strike"],"picked":"Burning Pact","floor":20},{"not_picked":["Carnage","Twin Strike"],"picked":"Evolve","floor":21},{"not_picked":["Cleave","Blood for Blood"],"picked":"Heavy Blade","floor":23},{"not_picked":["Anger","Cleave"],"picked":"Clothesline+1","floor":25},{"not_picked":["Twin Strike","Burning Pact"],"picked":"Headbutt","floor":30},{"not_picked":["Second Wind","Cleave"],"picked":"Immolate","floor":31}],"player_experience":819446,"relics_obtained":[{"floor":6,"key":"Red Skull"},{"floor":8,"key":"White Beast Statue"},{"floor":9,"key":"Vajra"},{"floor":23,"key":"Dream Catcher"},{"floor":26,"key":"Pear"},{"floor":31,"key":"StrikeDummy"}],"event_choices":[{"damage_healed":0,"gold_gain":0,"player_choice":"Leave","damage_taken":0,"max_hp_gain":0,"max_hp_loss":0,"event_name":"The Cleric","floor":2,"gold_loss":0},{"damage_healed":0,"gold_gain":75,"player_choice":"Gather Gold","damage_taken":11,"max_hp_gain":0,"max_hp_loss":0,"event_name":"World of Goop","floor":3,"gold_loss":0},{"damage_healed":0,"gold_gain":0,"player_choice":"Upgraded","damage_taken":0,"max_hp_gain":0,"max_hp_loss":0,"event_name":"Upgrade Shrine","floor":5,"gold_loss":0,"cards_upgraded":["Wild Strike"]},{"damage_healed":0,"gold_gain":0,"player_choice":"Gave Potion","damage_taken":0,"relics_obtained":["Letter Opener"],"max_hp_gain":0,"max_hp_loss":0,"event_name":"WeMeetAgain","floor":19,"gold_loss":0},{"cards_removed":["Strike_R"],"damage_healed":0,"gold_gain":0,"player_choice":"Gave Gold","damage_taken":0,"max_hp_gain":0,"max_hp_loss":0,"event_name":"Beggar","floor":22,"gold_loss":75},{"damage_healed":0,"gold_gain":0,"player_choice":"Ignored","damage_taken":0,"max_hp_gain":0,"max_hp_loss":0,"event_name":"Cursed Tome","floor":24,"gold_loss":0}],"is_beta":false,"boss_relics":[{"not_picked":["Ectoplasm","Cursed Key"],"picked":"Tiny House"}],"items_purged_floors":[],"is_endless":false,"potions_floor_spawned":[8,11,12,13,14,16,18,20,21,23,30,31],"killed_by":"Champ","ascension_level":9}}