{"host":"ppqll9nf92xyjrj9","time":1613540654,"event":{"mods":["BaseMod","Bestiary","Better Third Choice","Bossed Relics","Curses Come First","Evolution","Hermit","Jorbs\u0027s Wanderer Trilogy","Keyboard Shortcuts","Marked Mod","Minty Spire (QoL Compilation)","Relic Stats","Shapeshifter Mod","StS++","StSLib","The Marked","The Runesmith"],"gold_per_floor":[114,114,114,128,8,39,51,51,105,119,130,140,159,259,259,362,362,374,388,388,45,62,62,74,74,74,173,183,108,119,137,137,240,240,250,269,269,269,269],"floor_reached":38,"language":"ENG","playtime":1706,"items_purged":["Strike_B"],"score":382,"play_id":"5f063719-5d75-4b25-aa9d-7dece4e99c04","local_time":"20210216214414","is_ascension_mode":false,"campfire_choices":[{"floor":15,"key":"REST"},{"floor":23,"key":"REST"},{"floor":25,"key":"REST"},{"data":"Defragment","floor":32,"key":"SMITH"}],"circlet_count":0,"master_deck":["Sweeping Beam","Strike_B","Defend_B","Defend_B","Defend_B","Defend_B","Zap","Dualcast","Electrodynamics","Cold Snap","Scrape","StSShapeShifter:UnicornForm","Melter","Capacitor","Bandage Up","Tempest","Conserve Battery","Coolheaded","Leap","Force Field","Hologram","Thunder Strike","Defragment+1","FTL","Chaos","Capacitor","Reinforced Body","StSpp:Pointer","Fission","Conserve Battery+1","Coolheaded+1","Madness","Madness"],"relics":["Cracked Core","EVO:Axolotl","Pen Nib","StSpp:TwinEgg","StSpp:BackupBattery","SacredBark","Ice Cream","Mercury Hourglass","Philosopher\u0027s Stone"],"acts_visited":["Exordium","TheCity","TheBeyond"],"potions_floor_usage":[6,16,19,22,22,28,30,38,38],"damage_taken":[{"damage":2,"enemies":"2 Louse","floor":1,"turns":2},{"damage":0,"enemies":"Cultist","floor":4,"turns":3},{"damage":25,"enemies":"Gremlin Nob","floor":6,"turns":4},{"damage":8,"enemies":"Jaw Worm","floor":7,"turns":3},{"damage":8,"enemies":"Red Slaver","floor":10,"turns":3},{"damage":0,"enemies":"2 Fungi Beasts","floor":11,"turns":2},{"damage":10,"enemies":"Exordium Wildlife","floor":12,"turns":3},{"damage":0,"enemies":"Blue Slaver","floor":13,"turns":3},{"damage":12,"enemies":"Slime Boss","floor":16,"turns":7},{"damage":8,"enemies":"Spheric Guardian","floor":18,"turns":4},{"damage":28,"enemies":"2 Thieves","floor":19,"turns":5},{"damage":25,"enemies":"3 Cultists","floor":22,"turns":4},{"damage":6,"enemies":"Snecko","floor":24,"turns":3},{"damage":36,"enemies":"Shelled Parasite and Fungi","floor":28,"turns":5},{"damage":14,"enemies":"Cultist and Chosen","floor":30,"turns":7},{"damage":6,"enemies":"3 Cultists","floor":31,"turns":4},{"damage":47,"enemies":"Automaton","floor":33,"turns":11},{"damage":20,"enemies":"3 Darklings","floor":35,"turns":4},{"damage":0,"enemies":"3 Shapes","floor":36,"turns":4},{"damage":102,"enemies":"2 Orb Walkers","floor":38,"turns":5}],"seed_played":"-2837941696292279173","potions_obtained":[{"floor":1,"key":"Explosive Potion"},{"floor":4,"key":"Weak Potion"},{"floor":12,"key":"EssenceOfDarkness"},{"floor":13,"key":"Energy Potion"},{"floor":19,"key":"SkillPotion"},{"floor":22,"key":"FocusPotion"},{"floor":28,"key":"Regen Potion"},{"floor":33,"key":"Regen Potion"},{"floor":35,"key":"Fire Potion"}],"is_trial":false,"path_per_floor":["M","?","?","M","$","E","M","?","T","M","M","M","M","?","R","B",null,"M","M","?","$","M","R","M","R","T","?","M","$","M","M","R","B",null,"M","M","?","?"],"character_chosen":"DEFECT","items_purchased":["Capacitor","Bandage Up","Ice Cream","FocusPotion"],"campfire_rested":3,"item_purchase_floors":[5,5,21,21],"current_hp_per_floor":[52,52,52,52,52,31,27,27,27,19,23,17,21,21,43,35,75,67,43,29,29,8,32,26,50,50,50,18,18,53,47,47,4,80,60,60,50,0,0],"gold":269,"neow_bonus":"THREE_RARE_CARDS","is_daily":false,"chose_seed":false,"campfire_upgraded":1,"win_rate":0.0,"timestamp":1613540654,"path_taken":["M","?","?","M","$","E","M","?","T","?","M","M","M","?","R","BOSS","M","M","?","$","M","R","M","R","T","?","M","$","M","M","R","BOSS","M","M","?","?"],"items_purchased_type":["Card","Card","Relic","Potion"],"build_version":"2020-12-22","purchased_purges":1,"victory":false,"max_hp_per_floor":[75,75,75,75,75,75,75,75,75,75,75,75,75,75,75,75,75,75,75,80,80,80,80,80,80,80,80,80,80,80,80,80,80,80,80,80,80,80,80],"relic_stats":{"counters":[20,86],"Pen Nib":[7],"obtain_stats":[{"Ice Cream":21,"SacredBark":17,"StSpp:TwinEgg":8,"Philosopher\u0027s Stone":34,"Pen Nib":6,"StSpp:BackupBattery":9,"EVO:Axolotl":0,"Cracked Core":0,"Mercury Hourglass":26},{"Ice Cream":11,"SacredBark":9,"StSpp:TwinEgg":4,"Philosopher\u0027s Stone":17,"Pen Nib":3,"StSpp:BackupBattery":4,"EVO:Axolotl":0,"Cracked Core":0,"Mercury Hourglass":13},{"Ice Cream":39,"SacredBark":30,"StSpp:TwinEgg":12,"Philosopher\u0027s Stone":73,"Pen Nib":9,"StSpp:BackupBattery":12,"EVO:Axolotl":0,"Cracked Core":0,"Mercury Hourglass":46}],"Mercury Hourglass":[217]},"card_choices":[{"not_picked":["StSpp:Saturation","All For One"],"picked":"Electrodynamics","floor":0},{"not_picked":["Doom and Gloom","Go for the Eyes"],"picked":"Cold Snap","floor":1},{"not_picked":["Stack","Beam Cell"],"picked":"Melter","floor":4},{"not_picked":["Redo","Reprogram"],"picked":"Tempest","floor":6},{"not_picked":["Steam Power","StSpp:Mask"],"picked":"Conserve Battery","floor":7},{"not_picked":["Streamline","Leap"],"picked":"Coolheaded","floor":10},{"not_picked":["Streamline","Capacitor"],"picked":"Leap","floor":11},{"not_picked":["All For One","Rip and Tear"],"picked":"Force Field","floor":12},{"not_picked":["Rip and Tear","Consume"],"picked":"Hologram","floor":13},{"not_picked":["Biased Cognition","Amplify"],"picked":"Thunder Strike","floor":16},{"not_picked":["Reinforced Body","Streamline"],"picked":"Defragment","floor":18},{"not_picked":["Barrage","StSpp:Fierceness+1"],"picked":"FTL","floor":19},{"not_picked":["Compile Driver","Melter+1"],"picked":"Chaos","floor":22},{"not_picked":["Leap","Lockon+1"],"picked":"Capacitor","floor":24},{"not_picked":["Creative AI","Genetic Algorithm"],"picked":"Reinforced Body","floor":28},{"not_picked":["Coolheaded","Lockon","Barrage"],"picked":"SKIP","floor":30},{"not_picked":["Scrape+1","Ball Lightning"],"picked":"StSpp:Pointer","floor":31},{"not_picked":["Machine Learning","Biased Cognition"],"picked":"Fission","floor":33},{"not_picked":["Streamline","Sweeping Beam"],"picked":"Conserve Battery+1","floor":35},{"not_picked":["Reprogram","Stack"],"picked":"Coolheaded+1","floor":36}],"player_experience":73108,"relics_obtained":[{"floor":6,"key":"Pen Nib"},{"floor":9,"key":"StSpp:BackupBattery"},{"floor":26,"key":"Mercury Hourglass"}],"event_choices":[{"damage_healed":0,"gold_gain":0,"cards_transformed":["Strike_B"],"player_choice":"Change","damage_taken":0,"max_hp_gain":0,"max_hp_loss":0,"event_name":"Living Wall","floor":2,"gold_loss":0,"cards_obtained":["Scrape"]},{"damage_healed":0,"gold_gain":0,"player_choice":"Gave Potion","damage_taken":0,"relics_obtained":["StSpp:TwinEgg"],"max_hp_gain":0,"max_hp_loss":0,"event_name":"WeMeetAgain","floor":8,"gold_loss":0},{"damage_healed":0,"gold_gain":100,"player_choice":"Gold","damage_taken":0,"max_hp_gain":0,"max_hp_loss":0,"event_name":"Wheel of Change","floor":14,"gold_loss":0},{"damage_healed":0,"gold_gain":0,"player_choice":"Shed Blood","damage_taken":19,"max_hp_gain":5,"max_hp_loss":0,"event_name":"Forgotten Altar","floor":20,"gold_loss":0},{"damage_healed":0,"gold_gain":99,"player_choice":"Steal","damage_taken":0,"max_hp_gain":0,"max_hp_loss":0,"event_name":"betterThird:BetterNest","floor":27,"gold_loss":0},{"damage_healed":0,"gold_gain":0,"player_choice":"Embrace Madness","damage_taken":10,"max_hp_gain":0,"max_hp_loss":0,"event_name":"Winding Halls","floor":37,"gold_loss":0,"cards_obtained":["Madness","Madness"]},{"damage_healed":0,"gold_gain":0,"player_choice":"Fight","damage_taken":0,"max_hp_gain":0,"max_hp_loss":0,"event_name":"Mysterious Sphere","floor":38,"gold_loss":0}],"is_beta":false,"boss_relics":[{"not_picked":["Velvet Choker","Busted Crown"],"picked":"SacredBark"},{"not_picked":["Sozu","Tiny House"],"picked":"Philosopher\u0027s Stone"}],"items_purged_floors":[29],"is_endless":false,"potions_floor_spawned":[1,4,12,13,19,22,28,33,35],"killed_by":"2 Orb Walkers","ascension_level":0}}