{"host":"5agrj1fd4s00r127","time":1613571670,"event":{"mods":["BaseMod","Minty Spire (QoL Compilation)","StSLib"],"gold_per_floor":[116,132,143,143,143,143,172,182,182,6,6,31,31,31,31,126,126,144,161,76,76,76,104,137,137,137,137,151,151,171,181,181,284,284,299,318,122,142,153,153,153,153],"floor_reached":41,"language":"RUS","playtime":1687,"items_purged":["Pain"],"score":466,"play_id":"942e0122-ba42-4217-a5fb-e7033124953c","local_time":"20210217162110","is_ascension_mode":false,"campfire_choices":[{"data":"Zap","floor":6,"key":"SMITH"},{"data":"Chill","floor":11,"key":"SMITH"},{"data":"Dualcast","floor":13,"key":"SMITH"},{"data":"Blizzard","floor":15,"key":"SMITH"},{"data":"Hyperbeam","floor":25,"key":"SMITH"},{"data":"Consume","floor":29,"key":"SMITH"},{"data":"Coolheaded","floor":32,"key":"SMITH"},{"data":"Rainbow","floor":40,"key":"SMITH"}],"circlet_count":0,"master_deck":["Strike_B","Strike_B","Strike_B","Defend_B+1","Defend_B","Defend_B","Defend_B+1","Zap+1","Dualcast+1","Cold Snap","Ball Lightning","Sweeping Beam","Chill+1","Lockon+1","Blizzard+1","Hyperbeam+1","Redo+1","BootSequence+1","Cold Snap+1","Consume+1","Undo","Cold Snap","Melter","Coolheaded+1","Double Energy+1","Reboot","Chill+1","White Noise+1","Rainbow+1","Parasite","Capacitor+1","Turbo+1"],"relics":["FrozenCore","Lizard Tail","WarpedTongs","Prayer Wheel","Pocketwatch","Membership Card","Pantograph","WingedGreaves","Strawberry","Meat on the Bone","Bag of Marbles","InkBottle","Sozu","War Paint"],"acts_visited":["Exordium","TheCity","TheBeyond"],"potions_floor_usage":[12,23,24,33,33,33,33,41],"damage_taken":[{"damage":2,"enemies":"Jaw Worm","floor":1,"turns":4},{"damage":0,"enemies":"Cultist","floor":2,"turns":3},{"damage":0,"enemies":"2 Louse","floor":3,"turns":2},{"damage":15,"enemies":"3 Sentries","floor":7,"turns":6},{"damage":10,"enemies":"Blue Slaver","floor":8,"turns":3},{"damage":3,"enemies":"Gremlin Nob","floor":12,"turns":2},{"damage":33,"enemies":"Hexaghost","floor":16,"turns":6},{"damage":5,"enemies":"Spheric Guardian","floor":18,"turns":4},{"damage":18,"enemies":"Chosen","floor":19,"turns":5},{"damage":30,"enemies":"Book of Stabbing","floor":23,"turns":6},{"damage":25,"enemies":"Slavers","floor":24,"turns":5},{"damage":7,"enemies":"Centurion and Healer","floor":28,"turns":6},{"damage":15,"enemies":"Snake Plant","floor":30,"turns":5},{"damage":5,"enemies":"3 Cultists","floor":31,"turns":5},{"damage":53,"enemies":"Automaton","floor":33,"turns":9},{"damage":18,"enemies":"Orb Walker","floor":35,"turns":4},{"damage":0,"enemies":"3 Darklings","floor":36,"turns":1},{"damage":0,"enemies":"Writhing Mass","floor":38,"turns":6},{"damage":0,"enemies":"Spire Growth","floor":39,"turns":6},{"damage":59,"enemies":"Reptomancer","floor":41,"turns":2}],"seed_played":"5699011396578570462","potions_obtained":[{"floor":1,"key":"AttackPotion"},{"floor":12,"key":"FearPotion"},{"floor":16,"key":"Weak Potion"},{"floor":23,"key":"Swift Potion"},{"floor":24,"key":"Swift Potion"},{"floor":28,"key":"EntropicBrew"}],"is_trial":false,"path_per_floor":["M","M","M","?","?","R","E","M","T","$","R","E","R","?","R","B",null,"M","M","?","?","?","E","E","R","T","?","M","R","M","M","R","B",null,"M","M","$","M","M","R","E"],"character_chosen":"DEFECT","items_purchased":["Membership Card","Blizzard","Rainbow","War Paint"],"campfire_rested":0,"item_purchase_floors":[10,10,37,37],"current_hp_per_floor":[66,66,66,59,59,59,44,34,34,34,34,31,31,31,31,23,68,63,45,45,45,45,22,37,37,37,37,42,42,39,46,46,30,75,57,57,57,57,57,57,0,0],"gold":153,"neow_bonus":"ONE_RARE_RELIC","is_daily":false,"chose_seed":false,"campfire_upgraded":8,"win_rate":0.0,"timestamp":1613571670,"path_taken":["M","M","M","?","?","R","E","?","T","?","R","E","R","?","R","BOSS","M","M","?","?","?","E","E","R","T","?","M","R","M","M","R","BOSS","M","?","$","M","M","R","E"],"items_purchased_type":["Relic","Card","Card","Relic"],"build_version":"2020-12-22","purchased_purges":1,"victory":false,"max_hp_per_floor":[68,68,68,68,68,68,68,68,68,68,68,68,68,68,68,68,68,68,68,68,68,68,75,75,75,75,75,75,75,75,75,75,75,75,75,75,75,75,75,75,75,75],"card_choices":[{"not_picked":["Undo","Steam Power"],"picked":"Cold Snap","floor":1},{"not_picked":["Compile Driver","Steam"],"picked":"Ball Lightning","floor":2},{"not_picked":["Heatsinks","Rip and Tear"],"picked":"Sweeping Beam","floor":3},{"not_picked":["FTL","Leap"],"picked":"Chill","floor":7},{"not_picked":["Steam","Coolheaded"],"picked":"Lockon","floor":8},{"not_picked":["Sweeping Beam","Reprogram","Go for the Eyes"],"picked":"SKIP","floor":8},{"not_picked":["Reinforced Body","Streamline","Amplify"],"picked":"SKIP","floor":12},{"not_picked":["Core Surge","Biased Cognition"],"picked":"Hyperbeam","floor":16},{"not_picked":["Skim","Sweeping Beam"],"picked":"Redo+1","floor":18},{"not_picked":["Stack","Gash+1"],"picked":"BootSequence+1","floor":18},{"not_picked":["Steam","Leap"],"picked":"Cold Snap+1","floor":19},{"not_picked":["Cold Snap","Sweeping Beam+1"],"picked":"Consume","floor":19},{"not_picked":["Electrodynamics","Rebound","Redo"],"picked":"SKIP","floor":23},{"not_picked":["Sunder","Hologram+1","Steam"],"picked":"SKIP","floor":24},{"not_picked":["Amplify","Redo","Compile Driver+1"],"picked":"SKIP","floor":28},{"not_picked":["Rebound","Hologram","Fusion"],"picked":"SKIP","floor":28},{"not_picked":["Defragment","Stack+1"],"picked":"Cold Snap","floor":30},{"not_picked":["Ball Lightning+1","Rip and Tear+1"],"picked":"Melter","floor":30},{"not_picked":["Stack","Barrage+1"],"picked":"Coolheaded","floor":31},{"not_picked":["Meteor Strike","Cold Snap"],"picked":"Double Energy+1","floor":31},{"not_picked":["Meteor Strike","Hyperbeam"],"picked":"Reboot","floor":33},{"not_picked":["Melter","Beam Cell+1"],"picked":"Chill+1","floor":35},{"not_picked":["BootSequence+1","Conserve Battery","Cold Snap+1"],"picked":"SKIP","floor":35},{"not_picked":["Conserve Battery","Defragment"],"picked":"White Noise+1","floor":36},{"not_picked":["Gash","Chill+1","Self Repair"],"picked":"SKIP","floor":36},{"not_picked":["Fusion+1","Static Discharge","Chill+1"],"picked":"SKIP","floor":38},{"not_picked":["Darkness","Rebound+1","Ball Lightning+1"],"picked":"SKIP","floor":38},{"not_picked":["Fusion","Barrage+1"],"picked":"Capacitor+1","floor":39},{"not_picked":["Streamline+1","Rebound+1"],"picked":"Turbo+1","floor":39}],"player_experience":26575,"relics_obtained":[{"floor":7,"key":"Prayer Wheel"},{"floor":9,"key":"Pocketwatch"},{"floor":12,"key":"Pantograph"},{"floor":23,"key":"Strawberry"},{"floor":24,"key":"Meat on the Bone"},{"floor":26,"key":"Bag of Marbles"},{"floor":27,"key":"InkBottle"}],"event_choices":[{"cards_removed":["Strike_B"],"damage_healed":0,"gold_gain":0,"player_choice":"Card Removal","damage_taken":7,"max_hp_gain":0,"max_hp_loss":0,"event_name":"Golden Wing","floor":4,"gold_loss":0},{"damage_healed":0,"gold_gain":0,"player_choice":"Rummage","damage_taken":0,"relics_obtained":["WarpedTongs"],"max_hp_gain":0,"max_hp_loss":0,"event_name":"Accursed Blacksmith","floor":5,"gold_loss":0,"cards_obtained":["Pain"]},{"damage_healed":0,"gold_gain":0,"player_choice":"Grow","damage_taken":0,"max_hp_gain":0,"max_hp_loss":0,"event_name":"Living Wall","floor":14,"gold_loss":0,"cards_upgraded":["Lockon"]},{"damage_healed":0,"gold_gain":0,"player_choice":"Obtained Relic","damage_taken":0,"relics_obtained":["WingedGreaves"],"max_hp_gain":0,"max_hp_loss":0,"event_name":"Addict","floor":20,"gold_loss":85},{"damage_healed":0,"gold_gain":0,"player_choice":"Read","damage_taken":0,"max_hp_gain":0,"max_hp_loss":0,"event_name":"The Library","floor":21,"gold_loss":0,"cards_obtained":["Undo"]},{"damage_healed":0,"gold_gain":0,"player_choice":"Ignored","damage_taken":0,"max_hp_gain":0,"max_hp_loss":0,"event_name":"Cursed Tome","floor":22,"gold_loss":0},{"damage_healed":0,"gold_gain":0,"player_choice":"Relic","damage_taken":0,"max_hp_gain":0,"max_hp_loss":0,"event_name":"Wheel of Change","floor":27,"gold_loss":0}],"is_beta":false,"boss_relics":[{"not_picked":["Runic Dome","Snecko Eye"],"picked":"FrozenCore"},{"not_picked":["SacredBark","Astrolabe"],"picked":"Sozu"}],"items_purged_floors":[37],"is_endless":false,"potions_floor_spawned":[1,12,16,23,24,28,31,35],"killed_by":"Reptomancer","ascension_level":0}}