{"host":"dyzdf8svqmiivg97","time":1613558455,"event":{"mods":["AchievementEnabler","BaseMod","Colored Map","DeckTracker","Minty Spire (QoL Compilation)","Quick Restart","Rare Cards Sparkle","SuperFastMode"],"gold_per_floor":[113,113,183,233,283,322,334,334,404,315,185,185,199,236,236,343,343,360,377,188,217,293,323,332,382,382,232,381,396,437,487,487,591,591,601,675,451,541,650,650,709,709,757,787,851,877,679,708,708,708],"floor_reached":51,"language":"KOR","playtime":1133,"items_purged":["Strike_P","Defend_P","Strike_P","Defend_P","Defend_P","ThirdEye+1"],"score":1401,"play_id":"0d244e9d-06a2-4b16-b4c5-e2c06d43789e","local_time":"20210217194055","is_ascension_mode":true,"campfire_choices":[{"data":"Brilliance","floor":8,"key":"SMITH"},{"data":"Adaptation","floor":12,"key":"SMITH"},{"data":"Indignation","floor":15,"key":"SMITH"},{"floor":24,"key":"REST"},{"floor":32,"key":"REST"},{"data":"Adaptation","floor":40,"key":"SMITH"},{"data":"Scrawl","floor":42,"key":"SMITH"},{"data":"EmptyFist","floor":49,"key":"SMITH"}],"circlet_count":0,"master_deck":["Strike_P+1","Eruption+1","Vigilance","Brilliance+1","Adaptation+1","Indignation+1","FearNoEvil","Scrawl+1","Adaptation+1","FlurryOfBlows+1","ForeignInfluence+1","EmptyFist+1","MentalFortress+1","InnerPeace+1"],"relics":["PureWater","NeowsBlessing","SsserpentHead","CeramicFish","Mummified Hand","Dream Catcher","SacredBark","Bottled Tornado","Toxic Egg 2","Shuriken","Anchor","VioletLotus","Blood Vial","StoneCalendar","Boot","Meat on the Bone","Eternal Feather","Membership Card","Gremlin Horn"],"acts_visited":["Exordium","TheCity","TheBeyond"],"potions_floor_usage":[19,30,38],"damage_taken":[{"damage":0,"enemies":"Jaw Worm","floor":1,"turns":1},{"damage":0,"enemies":"Cultist","floor":3,"turns":1},{"damage":0,"enemies":"Lagavulin","floor":6,"turns":1},{"damage":0,"enemies":"Small Slimes","floor":7,"turns":3},{"damage":0,"enemies":"2 Fungi Beasts","floor":13,"turns":2},{"damage":0,"enemies":"Gremlin Nob","floor":14,"turns":2},{"damage":48,"enemies":"The Guardian","floor":16,"turns":8},{"damage":9,"enemies":"Shell Parasite","floor":18,"turns":2},{"damage":22,"enemies":"2 Thieves","floor":19,"turns":2},{"damage":0,"enemies":"Snecko","floor":21,"turns":2},{"damage":0,"enemies":"Shelled Parasite and Fungi","floor":22,"turns":2},{"damage":0,"enemies":"Slavers","floor":23,"turns":1},{"damage":1,"enemies":"Centurion and Healer","floor":29,"turns":2},{"damage":6,"enemies":"Book of Stabbing","floor":30,"turns":2},{"damage":0,"enemies":"Automaton","floor":33,"turns":2},{"damage":0,"enemies":"Orb Walker","floor":35,"turns":2},{"damage":0,"enemies":"3 Shapes","floor":38,"turns":1},{"damage":0,"enemies":"Mind Bloom Boss Battle","floor":39,"turns":2},{"damage":0,"enemies":"Reptomancer","floor":44,"turns":2},{"damage":0,"enemies":"Sphere and 2 Shapes","floor":45,"turns":3},{"damage":11,"enemies":"Nemesis","floor":46,"turns":3},{"damage":0,"enemies":"Reptomancer","floor":48,"turns":1},{"damage":2,"enemies":"Donu and Deca","floor":50,"turns":3}],"seed_played":"-8751300465459832348","potions_obtained":[{"floor":1,"key":"DuplicationPotion"},{"floor":6,"key":"ColorlessPotion"},{"floor":14,"key":"Dexterity Potion"},{"floor":19,"key":"DuplicationPotion"},{"floor":23,"key":"SmokeBomb"},{"floor":30,"key":"LiquidBronze"},{"floor":35,"key":"DistilledChaos"},{"floor":45,"key":"DuplicationPotion"}],"is_trial":false,"path_per_floor":["M","?","M","?","?","E","M","R","T","$","$","R","M","E","R","B",null,"M","M","$","M","M","E","R","T","T","$","?","M","E","?","R","B",null,"M","T","$","M","?","R","?","R","T","E","M","E","$","E","R","B",null],"character_chosen":"WATCHER","items_purchased":["Adaptation","Indignation","Adaptation","Swift Potion","Membership Card"],"campfire_rested":2,"item_purchase_floors":[10,11,20,37,47],"current_hp_per_floor":[65,65,65,51,51,51,51,51,51,51,51,51,51,51,51,3,55,46,24,24,24,24,24,45,45,45,45,45,44,38,38,59,59,69,69,69,69,71,72,72,72,72,72,72,72,61,61,63,69,69],"gold":708,"neow_bonus":"THREE_ENEMY_KILL","is_daily":false,"chose_seed":false,"campfire_upgraded":6,"win_rate":0.0,"timestamp":1613558455,"path_taken":["M","?","?","?","?","E","M","R","T","?","$","R","M","E","R","BOSS","M","M","$","M","?","E","R","?","T","$","?","M","E","?","R","BOSS","M","?","$","?","?","R","?","R","T","E","?","E","?","E","R","BOSS"],"items_purchased_type":["Card","Card","Card","Potion","Relic"],"build_version":"2020-12-22","purchased_purges":6,"victory":true,"max_hp_per_floor":[72,72,72,72,72,72,72,72,72,72,72,72,72,72,72,72,72,72,72,72,72,72,72,72,72,72,72,72,72,72,72,72,72,72,72,72,72,72,72,72,72,72,72,72,72,72,72,72,72,72],"card_choices":[{"not_picked":["Wallop","ThirdEye","CutThroughFate"],"picked":"SKIP","floor":1},{"not_picked":["Prostrate","FlurryOfBlows","ClearTheMind"],"picked":"SKIP","floor":3},{"not_picked":["CarveReality","Wish"],"picked":"Brilliance","floor":6},{"not_picked":["Evaluate","SashWhip","ClearTheMind"],"picked":"SKIP","floor":7},{"not_picked":["Evaluate","SashWhip","ClearTheMind"],"picked":"SKIP","floor":7},{"not_picked":["Evaluate","SashWhip","ClearTheMind"],"picked":"SKIP","floor":7},{"not_picked":["Evaluate","SashWhip","ClearTheMind"],"picked":"SKIP","floor":7},{"not_picked":["WindmillStrike","Prostrate","ThirdEye"],"picked":"SKIP","floor":13},{"not_picked":["Worship","EmptyFist"],"picked":"FearNoEvil","floor":14},{"not_picked":["Wish","ConjureBlade"],"picked":"Scrawl","floor":16},{"not_picked":["PathToVictory","Evaluate+1","ForeignInfluence"],"picked":"SKIP","floor":18},{"not_picked":["Weave","Conclude","Crescendo"],"picked":"SKIP","floor":19},{"not_picked":["Prostrate","Protect"],"picked":"FlurryOfBlows+1","floor":21},{"not_picked":["CrushJoints","BowlingBash"],"picked":"ForeignInfluence+1","floor":22},{"not_picked":["PathToVictory","Pray","Crescendo"],"picked":"SKIP","floor":23},{"not_picked":["CutThroughFate","Halt"],"picked":"EmptyFist","floor":24},{"not_picked":["ReachHeaven+1","Prostrate+1","BowlingBash+1"],"picked":"SKIP","floor":29},{"not_picked":["FollowUp+1","Protect+1"],"picked":"MentalFortress","floor":30},{"not_picked":["Prostrate+1","PathToVictory+1","Halt+1"],"picked":"SKIP","floor":35},{"not_picked":["Prostrate+1","EmptyFist+1","Consecrate+1"],"picked":"SKIP","floor":38},{"not_picked":["Brilliance","Crescendo+1"],"picked":"InnerPeace+1","floor":39},{"not_picked":["DeceiveReality+1","Worship+1","Fasting2+1"],"picked":"SKIP","floor":44},{"not_picked":["Tantrum+1","SashWhip+1","CrushJoints+1"],"picked":"SKIP","floor":45},{"not_picked":["ThirdEye+1","CutThroughFate","EmptyFist+1"],"picked":"SKIP","floor":46},{"not_picked":["Swivel+1","Protect+1","WaveOfTheHand+1"],"picked":"SKIP","floor":48}],"player_experience":575688,"relics_obtained":[{"floor":6,"key":"CeramicFish"},{"floor":9,"key":"Mummified Hand"},{"floor":14,"key":"Dream Catcher"},{"floor":23,"key":"Bottled Tornado"},{"floor":25,"key":"Toxic Egg 2"},{"floor":26,"key":"Shuriken"},{"floor":30,"key":"Anchor"},{"floor":36,"key":"Blood Vial"},{"floor":39,"key":"StoneCalendar"},{"floor":43,"key":"Boot"},{"floor":44,"key":"Meat on the Bone"},{"floor":46,"key":"Eternal Feather"},{"floor":48,"key":"Gremlin Horn"}],"event_choices":[{"damage_healed":0,"gold_gain":0,"player_choice":"Trade","damage_taken":0,"relics_obtained":["SsserpentHead"],"max_hp_gain":0,"max_hp_loss":0,"event_name":"FaceTrader","floor":2,"gold_loss":0},{"damage_healed":0,"gold_gain":0,"player_choice":"Entered Light","damage_taken":14,"max_hp_gain":0,"max_hp_loss":0,"event_name":"Shining Light","floor":4,"gold_loss":0,"cards_upgraded":["Eruption","Strike_P"]},{"cards_removed":["Strike_P"],"damage_healed":0,"gold_gain":0,"player_choice":"Forget","damage_taken":0,"max_hp_gain":0,"max_hp_loss":0,"event_name":"Living Wall","floor":5,"gold_loss":0},{"damage_healed":0,"gold_gain":99,"player_choice":"Stole From Cult","damage_taken":0,"max_hp_gain":0,"max_hp_loss":0,"event_name":"Nest","floor":28,"gold_loss":0},{"damage_healed":0,"gold_gain":0,"player_choice":"Upgraded","damage_taken":0,"max_hp_gain":0,"max_hp_loss":0,"event_name":"Upgrade Shrine","floor":31,"gold_loss":0,"cards_upgraded":["MentalFortress"]},{"damage_healed":0,"gold_gain":0,"player_choice":"Fight","damage_taken":0,"max_hp_gain":0,"max_hp_loss":0,"event_name":"MindBloom","floor":39,"gold_loss":0},{"damage_healed":0,"gold_gain":0,"cards_transformed":["Defend_P"],"player_choice":"Transformed","damage_taken":0,"max_hp_gain":0,"max_hp_loss":0,"event_name":"Transmorgrifier","floor":41,"gold_loss":0,"cards_obtained":["ThirdEye"]}],"is_beta":false,"boss_relics":[{"not_picked":["Tiny House","HolyWater"],"picked":"SacredBark"},{"not_picked":["Philosopher\u0027s Stone","Fusion Hammer"],"picked":"VioletLotus"}],"items_purged_floors":[10,11,20,27,37,47],"is_endless":false,"potions_floor_spawned":[1,6,14,16,19,21,23,30,35,45,46],"ascension_level":8}}