{"host":"4kmvpqjeiacgn1pr","time":1613527275,"event":{"mods":["A Penny For Your Troubles","AchievementEnabler","AlwaysNeverKeys","Aspiration","BaseMod","Bestiary","Better Altar","Better Match","Better Note","Better Sensory Stone","Better Skull","Better Third Choice","Better Vampires","BetterRewards","Colored Map","Colored Powertips","Conspire","Curses Come First","Downfall","Halation","Highlight Path","Infinite Spire","Minty Spire (QoL Compilation)","Permanent Neow","Quick Restart","Rare Cards Sparkle","Relic Sorter","Relic Stats","Replay The Spire","Reworked Bosses","Shop Mod","Smile Girya","Spicy Shops","Spikes Relics","StSLib","Waifu the Spire"],"gold_per_floor":[117,137,137,112,137,137,172,122,146,179,44,60,60,79,79,179,179,199,199,248,248,264,293,304,334,334,334,54,54,54,84,84,183,183,199,199,199,217,252,252,283,283,283,308,308,358,389,91,91,92],"floor_reached":51,"language":"ENG","playtime":2316,"items_purged":["Strike_P"],"score":1273,"play_id":"43831e95-9cc0-4a4e-a4bb-086d5e16b116","local_time":"20210216210115","is_ascension_mode":true,"campfire_choices":[{"data":"DeusExMachina","floor":6.0,"key":"SMITH"},{"data":"PathToVictory","floor":13,"key":"SMITH"},{"data":"PathToVictory","floor":15,"key":"SMITH"},{"floor":27,"key":"REST"},{"floor":40,"key":"RECALL"},{"floor":42,"key":"REST"},{"floor":45,"key":"REST"},{"floor":49,"key":"REST"}],"circlet_count":0,"master_deck":["Strike_P","Strike_P","Defend_P","Defend_P+1","Defend_P","Defend_P","Eruption","Vigilance","DeusExMachina+1","Collect+1","ReachHeaven+1","Prostrate","BowlingBash","PathToVictory+1","PathToVictory+1","Impatience+1","Replay:BluntJabs","DevaForm","Pray","Replay:DivineShield+1","EmptyBody+1","LikeWater","TalkToTheHand","Protect","PathToVictory","Protect","Prostrate+1","Replay:LoomingThreat","Consecrate+1","Specialist","Jack Of All Trades","MentalFortress+1","Replay:Vibes+1","BattleHymn+1","ClearTheMind+1","Replay:ManipulateFuture+1","Replay:Hum+1"],"relics":["PureWater","betterThird:SlimedRelic","infinitespire:Lucky Rock","halation:Pancakes","ReplayTheSpireMod:Lightbulb","Replay:Rubber Ducky","Replay:Grab Bag","Fusion Hammer","infinitespire:Cupcake","halation:Prosthetics","ReplayTheSpireMod:Shallot","infinitespire:CheckeredPen","aspiration:RitualStick","aspiration:ArtOfWarUpgrade","Oddly Smooth Stone","halation:SelfBoilingWater","War Paint","Damaru","Incense Burner","halation:Trompette","halation:Yufonium","halation:YellowSoulGem","halation:Toothbrush","Bag of Marbles","Ginger","ReplayTheSpireMod:Shallot","halation:PenCase","conspire:Boomerang","Orichalcum","SpikesRelics:DaevaFist"],"acts_visited":["Exordium","TheCity","TheBeyond"],"potions_floor_usage":[16,23,25,31,33,50,50,50],"damage_taken":[{"damage":1.0,"enemies":"2 Louse","floor":1.0,"turns":4.0},{"damage":9.0,"enemies":"Jaw Worm","floor":2.0,"turns":3.0},{"damage":22.0,"enemies":"Lagavulin","floor":7.0,"turns":5.0},{"damage":13,"enemies":"Gremlin Nob","floor":10,"turns":4},{"damage":0,"enemies":"Small Slimes","floor":12,"turns":3},{"damage":0,"enemies":"Blue Slaver","floor":14,"turns":1},{"damage":0,"enemies":"Slime Boss","floor":16,"turns":4},{"damage":6,"enemies":"3 Byrds","floor":18,"turns":4},{"damage":0,"enemies":"Spheric Guardian","floor":22,"turns":2},{"damage":0,"enemies":"Slavers","floor":23,"turns":5},{"damage":13,"enemies":"3 Cultists","floor":24,"turns":5},{"damage":0,"enemies":"Book of Stabbing","floor":25,"turns":5},{"damage":0,"enemies":"Slavers","floor":31,"turns":5},{"damage":0,"enemies":"Automaton","floor":33,"turns":6},{"damage":0,"enemies":"Orb Walker","floor":35,"turns":4},{"damage":10,"enemies":"3 Darklings","floor":38,"turns":5},{"damage":0,"enemies":"conspire:MimicChest","floor":39,"turns":5},{"damage":2,"enemies":"R_Hoarder","floor":41,"turns":7},{"damage":6,"enemies":"Nemesis","floor":44,"turns":5},{"damage":0,"enemies":"Mind Bloom Boss Battle","floor":46,"turns":7},{"damage":5,"enemies":"Giant Head","floor":47,"turns":8},{"damage":25,"enemies":"Time Eater","floor":50,"turns":8}],"seed_played":"6280459881927609075","potions_obtained":[{"floor":7.0,"key":"Dexterity Potion"},{"floor":10,"key":"Swift Potion"},{"floor":22,"key":"Block Potion"},{"floor":24,"key":"Block Potion"},{"floor":25,"key":"SpeedPotion"},{"floor":31,"key":"Venom Potion"},{"floor":44,"key":"Dexterity Potion"},{"floor":46,"key":"bronze:BurnAndBuffPotion"}],"is_trial":false,"path_per_floor":["M","M","?","?","T","R","E","?","T","E","$","M","R","M","R","B",null,"M","AVR","?","?","M","E","M","E","T","R","$","R","T","E","R","B",null,"M","?","?","M","?","R","E","R","T","E","R","?","E","$","R","B",null],"character_chosen":"WATCHER","items_purchased":["PathToVictory","Impatience","War Paint","Damaru","Protect","Orichalcum","SpikesRelics:DaevaFist"],"campfire_rested":4,"item_purchase_floors":[11,11,28,28,28,48,48],"current_hp_per_floor":[64,55,42,31,31,31,51,51,51,38,38,38,38,38,38,38,30,24,24,24,18,18,18,5,5,5,14,14,14,14,14,14,14,26,26,26,26,16,16,16,14,23,23,17,26,26,21,24,33,8],"gold":92,"neow_bonus":"THREE_RARE_CARDS","is_daily":false,"chose_seed":false,"campfire_upgraded":3,"win_rate":0.0,"timestamp":1613527275,"path_taken":["M","M","?","?","?","R","E","?","T","E","$","M","R","M","R","BOSS","M","AVR","?","?","M","E","M","E","T","R","$","R","?","E","R","BOSS","M","?","?","?","?","R","E","R","T","E","R","?","E","?","R","BOSS"],"items_purchased_type":["Card","Card","Relic","Relic","Card","Relic","Relic"],"build_version":"2020-12-22","purchased_purges":1,"victory":true,"max_hp_per_floor":[65,65,65,65,65,65,65,65,65,65,65,65,65,65,65,65,30,30,30,30,30,30,30,30,30,30,30,30,30,30,30,30,30,30,30,30,30,30,30,30,30,30,30,30,30,30,30,33,33,33],"relic_stats":{"counters":[22,105],"Ginger":[0],"War Paint":["Defend_P","Impatience"],"Orichalcum":[12],"obtain_stats":[{"Incense Burner":30,"Ginger":43,"halation:Prosthetics":17,"aspiration:RitualStick":21,"Replay:Rubber Ducky":10,"halation:Pancakes":7,"aspiration:ArtOfWarUpgrade":32,"Fusion Hammer":17,"halation:Toothbrush":39,"halation:YellowSoulGem":36,"Replay:Grab Bag":17,"halation:Yufonium":34,"Oddly Smooth Stone":25,"Damaru":28,"conspire:Boomerang":47,"infinitespire:Lucky Rock":5,"infinitespire:CheckeredPen":20,"War Paint":28,"Orichalcum":48,"halation:SelfBoilingWater":26,"ReplayTheSpireMod:Shallot":19,"betterThird:SlimedRelic":4,"halation:PenCase":46,"Art of War":23,"Bag of Marbles":41,"SpikesRelics:DaevaFist":48,"PureWater":0,"ReplayTheSpireMod:Lightbulb":9,"halation:Trompette":31,"infinitespire:Cupcake":17},{"Incense Burner":12,"Ginger":18,"halation:Prosthetics":7,"aspiration:RitualStick":8,"Replay:Rubber Ducky":4,"halation:Pancakes":3,"aspiration:ArtOfWarUpgrade":13,"Fusion Hammer":7,"halation:Toothbrush":17,"halation:YellowSoulGem":15,"Replay:Grab Bag":7,"halation:Yufonium":14,"Oddly Smooth Stone":12,"Damaru":12,"conspire:Boomerang":21,"infinitespire:Lucky Rock":2,"infinitespire:CheckeredPen":8,"War Paint":12,"Orichalcum":21,"halation:SelfBoilingWater":12,"ReplayTheSpireMod:Shallot":8,"betterThird:SlimedRelic":2,"halation:PenCase":20,"Art of War":10,"Bag of Marbles":18,"SpikesRelics:DaevaFist":21,"PureWater":0,"ReplayTheSpireMod:Lightbulb":3,"halation:Trompette":13,"infinitespire:Cupcake":7},{"Incense Burner":45,"Ginger":77,"halation:Prosthetics":24,"aspiration:RitualStick":28,"Replay:Rubber Ducky":16,"halation:Pancakes":12,"aspiration:ArtOfWarUpgrade":50,"Fusion Hammer":24,"halation:Toothbrush":70,"halation:YellowSoulGem":60,"Replay:Grab Bag":24,"halation:Yufonium":56,"Oddly Smooth Stone":45,"Damaru":45,"conspire:Boomerang":97,"infinitespire:Lucky Rock":7,"infinitespire:CheckeredPen":28,"War Paint":45,"Orichalcum":97,"halation:SelfBoilingWater":45,"ReplayTheSpireMod:Shallot":28,"betterThird:SlimedRelic":7,"halation:PenCase":89,"Art of War":35,"Bag of Marbles":77,"SpikesRelics:DaevaFist":97,"PureWater":0,"ReplayTheSpireMod:Lightbulb":12,"halation:Trompette":50,"infinitespire:Cupcake":24}],"aspiration:RitualStick":[0]},"card_choices":[{"not_picked":["Brilliance","ConjureBlade"],"picked":"DeusExMachina","floor":0.0},{"not_picked":["EmptyBody","SashWhip"],"picked":"Collect","floor":1.0},{"not_picked":["FlurryOfBlows","Crescendo"],"picked":"ReachHeaven","floor":2.0},{"not_picked":["Adaptation","Nirvana"],"picked":"Prostrate","floor":7.0},{"not_picked":["EmptyFist","Prostrate"],"picked":"BowlingBash","floor":10},{"not_picked":["FlyingSleeves","Indignation"],"picked":"Replay:BluntJabs","floor":12},{"not_picked":["Replay:AtTheReady","CrushJoints","FlyingSleeves"],"picked":"SKIP","floor":14},{"not_picked":["Alpha","Replay:AllIn"],"picked":"DevaForm","floor":16},{"not_picked":["ThirdEye","ClearTheMind"],"picked":"Pray","floor":18},{"not_picked":["ClearTheMind+1","Conclude+1"],"picked":"Replay:DivineShield+1","floor":20},{"not_picked":["FearNoEvil","InnerPeace"],"picked":"EmptyBody+1","floor":20},{"not_picked":["DeceiveReality","ThirdEye"],"picked":"LikeWater","floor":22},{"not_picked":["Replay:ManipulateFuture","SashWhip"],"picked":"TalkToTheHand","floor":23},{"not_picked":["ClearTheMind","Halt"],"picked":"Protect","floor":24},{"not_picked":["Consecrate","Weave+1"],"picked":"PathToVictory","floor":25},{"not_picked":["Replay:AllIn","SignatureMove"],"picked":"Prostrate+1","floor":31},{"not_picked":["Blasphemy","Replay:AllIn"],"picked":"Replay:LoomingThreat","floor":33},{"not_picked":["ThirdEye+1","EmptyBody"],"picked":"Consecrate+1","floor":35},{"not_picked":["Mind Blast","Flash of Steel"],"picked":"Specialist","floor":37},{"not_picked":["Forethought","Impatience"],"picked":"Jack Of All Trades","floor":37},{"not_picked":["Tantrum+1","EmptyFist+1"],"picked":"MentalFortress+1","floor":38},{"not_picked":["ThirdEye","EmptyBody"],"picked":"Replay:Vibes+1","floor":39},{"not_picked":["CrushJoints","Protect+1"],"picked":"BattleHymn+1","floor":41},{"not_picked":["Replay:AtTheReady","Meditate"],"picked":"ClearTheMind+1","floor":44},{"not_picked":["Perseverance+1","EmptyBody"],"picked":"Replay:ManipulateFuture+1","floor":46},{"not_picked":["Collect+1","BowlingBash+1"],"picked":"Replay:Hum+1","floor":47}],"player_experience":490699,"relics_obtained":[{"floor":5.0,"key":"infinitespire:Lucky Rock"},{"floor":7.0,"key":"halation:Pancakes"},{"floor":9.0,"key":"ReplayTheSpireMod:Lightbulb"},{"floor":10,"key":"Replay:Rubber Ducky"},{"floor":20,"key":"infinitespire:CheckeredPen"},{"floor":23,"key":"Art of War"},{"floor":25,"key":"Oddly Smooth Stone"},{"floor":26,"key":"halation:SelfBoilingWater"},{"floor":30,"key":"Incense Burner"},{"floor":31,"key":"halation:Trompette"},{"floor":39,"key":"halation:Toothbrush"},{"floor":41,"key":"Bag of Marbles"},{"floor":43,"key":"Ginger"},{"floor":44,"key":"ReplayTheSpireMod:Shallot"},{"floor":46,"key":"halation:PenCase"},{"floor":47,"key":"conspire:Boomerang"}],"event_choices":[{"damage_healed":55.0,"max_hp_gain":0.0,"max_hp_loss":65.0,"gold_gain":0.0,"event_name":"betterThird:BetterShining","player_choice":"Upgrade","floor":3.0,"gold_loss":0.0,"damage_taken":13.0,"cards_upgraded":["Collect","ReachHeaven"]},{"damage_healed":0.0,"max_hp_gain":0.0,"max_hp_loss":0.0,"gold_gain":0.0,"event_name":"betterThird:BetterGoop","player_choice":"Slimed","floor":4.0,"gold_loss":25.0,"damage_taken":11.0},{"cards_removed":["Strike_P"],"damage_healed":0.0,"max_hp_gain":0.0,"max_hp_loss":0.0,"gold_gain":0.0,"event_name":"The Cleric","player_choice":"Card Removal","floor":8.0,"gold_loss":50.0,"damage_taken":0.0},{"damage_healed":0,"gold_gain":3,"player_choice":"1","damage_taken":0,"max_hp_gain":0,"max_hp_loss":0,"event_name":"betterStone:BetterStone","floor":37,"gold_loss":0},{"damage_healed":0,"gold_gain":0,"player_choice":"Fight","damage_taken":0,"max_hp_gain":0,"max_hp_loss":0,"event_name":"MindBloom","floor":46,"gold_loss":0}],"is_beta":false,"boss_relics":[{"not_picked":["SlaversCollar","aspiration:SecretTechniqueScroll"],"picked":"Replay:Grab Bag"},{"not_picked":["halation:IncompleteEncyclopedia","Replay:Wanted Poster"],"picked":"Fusion Hammer"},{"not_picked":["ReplayTheSpireMod:Onyx Gauntlets","Busted Crown"],"picked":"infinitespire:Cupcake"},{"not_picked":["halation:LoveArrow","Black Star"],"picked":"halation:Prosthetics"},{"not_picked":["Honey Jar","aspiration:SilentSkillbook"],"picked":"halation:Yufonium"}],"items_purged_floors":[48],"is_endless":false,"potions_floor_spawned":[7,10,22,24,25,31,44,46],"ascension_level":5}}