{"host":"27c1zwn2rxlukojz","time":1613564640,"event":{"mods":["BaseMod","Filter the Spire","Minty Spire (QoL Compilation)","Relic Stats","StSLib"],"gold_per_floor":[115,130,130,147,147,147,44,44,44,44,6,6,21,38,38,141,141,159,159,171,183,183,183,200,200,200,200,211,211,51,61,61,163,163,176,176,188,38,48,48,68,68,68,68,38,38,48,48,48,48,48],"floor_reached":50,"language":"DEU","playtime":1917,"items_purged":["Strike_R+1"],"score":457,"play_id":"d49f8eaa-9154-4ba3-b3fb-0acb9fa5a6e3","local_time":"20210217132400","is_ascension_mode":false,"campfire_choices":[{"data":"Bash","floor":6.0,"key":"SMITH"},{"data":"True Grit","floor":8.0,"key":"SMITH"},{"data":"Inflame","floor":10.0,"key":"SMITH"},{"data":"Uppercut","floor":15.0,"key":"SMITH"},{"data":"Armaments","floor":23.0,"key":"SMITH"},{"data":"Disarm","floor":25.0,"key":"SMITH"},{"data":"Double Tap","floor":27.0,"key":"SMITH"},{"data":"Second Wind","floor":29.0,"key":"SMITH"},{"data":"Clothesline","floor":32.0,"key":"SMITH"},{"data":"Second Wind","floor":40,"key":"SMITH"},{"data":"Rage","floor":46,"key":"SMITH"},{"data":"Shrug It Off","floor":49,"key":"SMITH"}],"circlet_count":0,"master_deck":["Strike_R+1","Strike_R+1","Strike_R+1","Defend_R+1","Defend_R+1","Defend_R+1","Defend_R+1","Bash+1","Clothesline+1","Shrug It Off+1","Inflame+1","True Grit+1","Uppercut+1","Twin Strike+1","Dropkick+1","Double Tap+1","Disarm+1","Dropkick+1","Armaments+1","Second Wind+1","Shrug It Off+1","True Grit+1","Dark Shackles+1","Dropkick+1","Impervious+1","Feel No Pain","Second Wind+1","Clothesline+1","Rage+1","Shrug It Off+1"],"relics":["Cursed Key","Mark of the Bloom"],"acts_visited":["Exordium","TheCity","TheBeyond"],"potions_floor_usage":[37,37,45,47,47],"damage_taken":[{"damage":6.0,"enemies":"Jaw Worm","floor":1.0,"turns":3.0},{"damage":0.0,"enemies":"Small Slimes","floor":2.0,"turns":2.0},{"damage":0.0,"enemies":"2 Louse","floor":4.0,"turns":2.0},{"damage":0.0,"enemies":"Large Slime","floor":13.0,"turns":3.0},{"damage":12.0,"enemies":"Exordium Thugs","floor":14.0,"turns":4.0},{"damage":13.0,"enemies":"The Guardian","floor":16.0,"turns":10.0},{"damage":0.0,"enemies":"Chosen","floor":18.0,"turns":4.0},{"damage":0.0,"enemies":"Spheric Guardian","floor":20.0,"turns":2.0},{"damage":0.0,"enemies":"Centurion and Healer","floor":21.0,"turns":5.0},{"damage":2.0,"enemies":"Cultist and Chosen","floor":24.0,"turns":6.0},{"damage":13.0,"enemies":"3 Cultists","floor":28.0,"turns":6.0},{"damage":7.0,"enemies":"Centurion and Healer","floor":31.0,"turns":8.0},{"damage":34.0,"enemies":"Automaton","floor":33.0,"turns":12.0},{"damage":0.0,"enemies":"Orb Walker","floor":35.0,"turns":3.0},{"damage":12,"enemies":"3 Darklings","floor":37,"turns":12},{"damage":11,"enemies":"Maw","floor":39,"turns":10},{"damage":15,"enemies":"Jaw Worm Horde","floor":41,"turns":6},{"damage":23,"enemies":"Spire Growth","floor":47,"turns":5},{"damage":26,"enemies":"Time Eater","floor":50,"turns":7}],"seed_played":"-1977629326453971075","potions_obtained":[{"floor":1.0,"key":"Regen Potion"},{"floor":2.0,"key":"Fire Potion"},{"floor":24.0,"key":"HeartOfIron"},{"floor":28.0,"key":"Explosive Potion"},{"floor":33.0,"key":"ColorlessPotion"},{"floor":41,"key":"Regen Potion"},{"floor":45,"key":"Fruit Juice"},{"floor":45,"key":"ElixirPotion"},{"floor":47,"key":"Explosive Potion"}],"is_trial":false,"path_per_floor":["M","M","?","M","T","R","$","R","T","R","$","?","M","M","R","B",null,"M","?","M","M","?","R","M","R","T","R","M","R","$","M","R","B",null,"M","?","M","$","M","R","M","?","T","?","?","R","M","?","R","B"],"character_chosen":"IRONCLAD","items_purchased":["Inflame","True Grit","Uppercut","Dark Shackles","Feel No Pain","Second Wind"],"campfire_rested":0,"item_purchase_floors":[7,7,11,30,38,38],"current_hp_per_floor":[74,74,74,74,74,74,74,74,74,74,74,67,67,55,55,42,80,80,80,80,80,80,80,78,78,78,78,65,65,65,58,58,39,80,80,80,68,68,57,57,42,42,42,42,42,42,19,19,19,0,0],"gold":48,"neow_bonus":"BOSS_RELIC","is_daily":false,"chose_seed":false,"campfire_upgraded":12,"win_rate":0.0,"timestamp":1613564640,"path_taken":["M","M","?","M","?","R","?","R","T","R","?","?","M","?","R","BOSS","M","?","M","M","?","R","M","R","T","R","?","R","$","M","R","BOSS","M","?","M","$","M","R","M","?","T","?","?","R","?","?","R","BOSS"],"items_purchased_type":["Card","Card","Card","Card","Card","Card"],"build_version":"2020-12-22","purchased_purges":1,"victory":false,"max_hp_per_floor":[80,80,80,80,80,80,80,80,80,80,80,80,80,80,80,80,80,80,80,80,80,80,80,80,80,80,80,80,80,80,80,80,80,80,80,80,80,80,80,80,80,76,76,76,81,81,81,81,81,81,81],"relic_stats":{"Mark of the Bloom":14,"counters":[19,110],"Cursed Key":0,"obtain_stats":[{"Mark of the Bloom":36,"Cursed Key":0,"Burning Blood":0},{"Mark of the Bloom":14,"Cursed Key":0,"Burning Blood":0},{"Mark of the Bloom":70,"Cursed Key":0,"Burning Blood":0}]},"card_choices":[{"not_picked":["Perfected Strike","Bloodletting"],"picked":"Clothesline","floor":1.0},{"not_picked":["Battle Trance","Heavy Blade"],"picked":"Shrug It Off","floor":2.0},{"not_picked":["Bloodletting","Rampage","Twin Strike"],"picked":"SKIP","floor":4.0},{"not_picked":["Thunderclap","Headbutt"],"picked":"Twin Strike","floor":13.0},{"not_picked":["Rage","Headbutt"],"picked":"Dropkick","floor":14.0},{"not_picked":["Immolate","Corruption"],"picked":"Double Tap","floor":16.0},{"not_picked":["Battle Trance","Flex"],"picked":"Disarm","floor":18.0},{"not_picked":["Fire Breathing","Warcry"],"picked":"Dropkick","floor":20.0},{"not_picked":["Heavy Blade","Body Slam"],"picked":"Armaments","floor":21.0},{"not_picked":["Perfected Strike","Clash+1"],"picked":"Shrug It Off+1","floor":24.0},{"not_picked":["Flex+1","Evolve"],"picked":"True Grit+1","floor":28.0},{"not_picked":["Anger","Ghostly Armor"],"picked":"Dropkick+1","floor":31.0},{"not_picked":["Demon Form","Berserk"],"picked":"Impervious","floor":33.0},{"not_picked":["Havoc","Sword Boomerang","Clash"],"picked":"SKIP","floor":35.0},{"not_picked":["Searing Blow","Dropkick"],"picked":"Feel No Pain","floor":37},{"not_picked":["Headbutt+1","Armaments+1"],"picked":"Clothesline+1","floor":39},{"not_picked":["Whirlwind","Sentinel+1"],"picked":"Rage","floor":41},{"not_picked":["Wild Strike+1","Sword Boomerang+1"],"picked":"Shrug It Off","floor":47}],"player_experience":3999450,"relics_obtained":[],"event_choices":[{"damage_healed":0.0,"max_hp_gain":0.0,"max_hp_loss":0.0,"gold_gain":0.0,"event_name":"Scrap Ooze","player_choice":"Fled","floor":3.0,"gold_loss":0.0,"damage_taken":0.0},{"cards_removed":["Strike_R"],"damage_healed":0.0,"max_hp_gain":0.0,"max_hp_loss":0.0,"gold_gain":0.0,"event_name":"Golden Wing","player_choice":"Card Removal","floor":12.0,"gold_loss":0.0,"damage_taken":7.0},{"damage_healed":0.0,"max_hp_gain":0.0,"max_hp_loss":0.0,"gold_gain":0.0,"event_name":"Back to Basics","player_choice":"Simplicity","floor":19.0,"gold_loss":0.0,"damage_taken":0.0,"cards_upgraded":["Strike_R","Strike_R","Strike_R","Strike_R","Defend_R","Defend_R","Defend_R","Defend_R"]},{"damage_healed":0.0,"max_hp_gain":0.0,"max_hp_loss":0.0,"gold_gain":0.0,"event_name":"The Library","player_choice":"Read","floor":22.0,"gold_loss":0.0,"damage_taken":0.0,"cards_obtained":["Second Wind"]},{"damage_healed":0.0,"max_hp_gain":0.0,"max_hp_loss":0.0,"gold_gain":0.0,"event_name":"MindBloom","player_choice":"Upgrade","floor":36.0,"gold_loss":0.0,"damage_taken":0.0,"cards_upgraded":["Shrug It Off","Twin Strike","Dropkick","Dropkick","Dark Shackles","Impervious"],"relics_obtained":["Mark of the Bloom"]},{"damage_healed":0,"gold_gain":0,"player_choice":"Max HP","damage_taken":0,"max_hp_gain":0,"max_hp_loss":4,"event_name":"Winding Halls","floor":42,"gold_loss":0},{"cards_removed":["Feel No Pain"],"damage_healed":0,"gold_gain":0,"player_choice":"Removed Power","damage_taken":0,"max_hp_gain":0,"max_hp_loss":0,"event_name":"Falling","floor":44,"gold_loss":0},{"damage_healed":0,"gold_gain":0,"player_choice":"Bought 2 Potions","damage_taken":0,"max_hp_gain":0,"max_hp_loss":0,"event_name":"The Woman in Blue","floor":45,"gold_loss":0},{"damage_healed":0,"gold_gain":0,"player_choice":"Ignored","damage_taken":0,"max_hp_gain":0,"max_hp_loss":0,"event_name":"Mysterious Sphere","floor":48,"gold_loss":0}],"is_beta":false,"boss_relics":[{"not_picked":["Pandora\u0027s Box","SacredBark","Black Star"]},{"not_picked":["SlaversCollar","Sozu","Coffee Dripper"]}],"items_purged_floors":[30],"is_endless":false,"potions_floor_spawned":[1,2,24,28,33,41,47],"killed_by":"Time Eater","ascension_level":0}}