{"host":"io90toq331y73m30","time":1613575493,"event":{"mods":["BaseMod","Downfall","Minty Spire (QoL Compilation)","StSLib"],"gold_per_floor":[99,114,132,148,148,148,201,31,44,60,60,71,71,103,116,220,220,220,236,249,2,2,22,22,51,69,69,69,69,84,99,112,112,112,112],"floor_reached":33,"language":"ENG","playtime":2106,"items_purged":["Guardian:Defend_Guardian"],"score":298,"play_id":"0abb3d7f-6125-417d-aae2-78342ca28b42","local_time":"20210217152453","is_ascension_mode":false,"campfire_choices":[{"data":"Guardian:TwinSlam","floor":1,"key":"SMITH"},{"floor":13,"key":"REST"},{"floor":18,"key":"RECALL"},{"floor":29,"key":"REST"}],"circlet_count":0,"master_deck":["Guardian:Strike_Guardian","Guardian:Strike_Guardian","Guardian:Strike_Guardian","Guardian:Defend_Guardian","Guardian:Defend_Guardian","Guardian:Defend_Guardian","Guardian:CurlUp","Guardian:TwinSlam+1","Guardian:Preprogram","Guardian:SentryBeam","Guardian:SentryBeam","Guardian:ExploitGems","Guardian:FloatingOrbs","Guardian:AncientConstruct","RitualDagger+1","Guardian:TemporalShield+1","Guardian:Emergency+1"],"relics":["Guardian:ModeShifter","Strawberry","Boot","Philosopher\u0027s Stone","Bronze Scales","Toxic Egg 2","Blood Vial","The Courier"],"acts_visited":["Exordium","TheCity"],"potions_floor_usage":[14,23,25,26,33,33],"damage_taken":[{"damage":6,"enemies":"Jaw Worm","floor":2,"turns":4},{"damage":12,"enemies":"Small Slimes","floor":3,"turns":4},{"damage":0,"enemies":"2 Louse","floor":4,"turns":2},{"damage":5,"enemies":"downfall:FleeingMerchant","floor":8,"turns":4},{"damage":11,"enemies":"Exordium Wildlife","floor":9,"turns":4},{"damage":8,"enemies":"Lots of Slimes","floor":10,"turns":4},{"damage":4,"enemies":"3 Louse","floor":12,"turns":5},{"damage":11,"enemies":"Lagavulin","floor":14,"turns":8},{"damage":6,"enemies":"2 Fungi Beasts","floor":15,"turns":3},{"damage":47,"enemies":"WA_ARCHETYPE_RETAIN","floor":16,"turns":11},{"damage":7,"enemies":"Shell Parasite","floor":19,"turns":6},{"damage":22,"enemies":"Spheric Guardian","floor":20,"turns":6},{"damage":0,"enemies":"downfall:FleeingMerchant","floor":21,"turns":4},{"damage":13,"enemies":"Shelled Parasite and Fungi","floor":23,"turns":5},{"damage":31,"enemies":"Book of Stabbing","floor":25,"turns":5},{"damage":21,"enemies":"Centurion and Healer","floor":26,"turns":7},{"damage":15,"enemies":"Snecko","floor":30,"turns":4},{"damage":13,"enemies":"Shelled Parasite and Fungi","floor":31,"turns":5},{"damage":7,"enemies":"Centurion and Healer","floor":32,"turns":6},{"damage":6,"enemies":"SI_MIRROR_ARCHETYPE","floor":33,"turns":1}],"seed_played":"-2065343459167623556","potions_obtained":[{"floor":4,"key":"LiquidMemories"},{"floor":10,"key":"DuplicationPotion"},{"floor":12,"key":"SkillPotion"},{"floor":16,"key":"Swift Potion"},{"floor":22,"key":"CultistPotion"},{"floor":23,"key":"DistilledChaos"},{"floor":25,"key":"Dexterity Potion"},{"floor":30,"key":"GamblersBrew"}],"is_trial":false,"path_per_floor":["R","M","M","M","?","?","T","$","M","M","?","M","R","E","M","B",null,"R","M","M","$","?","M","T","E","M","?","T","R","M","M","M","B"],"character_chosen":"GUARDIAN","items_purchased":["Guardian:ExploitGems","Bronze Scales"],"campfire_rested":2,"item_purchase_floors":[8,21],"current_hp_per_floor":[88,82,70,70,70,70,77,72,61,53,53,49,77,66,60,13,95,95,88,66,66,66,53,53,22,3,3,3,31,18,7,2,0,0,0],"gold":112,"neow_bonus":"TEN_PERCENT_HP_BONUS","is_daily":false,"chose_seed":false,"campfire_upgraded":1,"win_rate":0.0,"timestamp":1613575493,"path_taken":["R","M","M","M","?","?","T","$","M","M","?","?","R","E","M","BOSS","R","M","M","?","?","M","T","E","M","?","?","R","?","M","M","BOSS"],"items_purchased_type":["Card","Relic"],"build_version":"2020-12-22","purchased_purges":1,"victory":false,"max_hp_per_floor":[88,88,88,88,88,88,95,95,95,95,95,95,95,95,95,95,95,95,95,95,95,95,95,95,95,95,95,95,95,95,95,95,95,95,95],"card_choices":[{"not_picked":["Guardian:CrystalBeam","Guardian:SpikerProtocol"],"picked":"Guardian:Preprogram","floor":2},{"not_picked":["Guardian:Recover","Guardian:Gem_Lightblue"],"picked":"Guardian:SentryBeam","floor":3},{"not_picked":["Guardian:RollAttack","Guardian:TemporalStrike","Guardian:Reroute"],"picked":"SKIP","floor":4},{"not_picked":["Guardian:Incinerate","Guardian:PrimingBeam"],"picked":"Guardian:SentryBeam","floor":8},{"not_picked":["Guardian:ShieldCharger","Guardian:Reroute","Guardian:TemporalStrike"],"picked":"SKIP","floor":9},{"not_picked":["Guardian:PrismaticBeam","Guardian:PiercingHide","Guardian:ShieldCharger"],"picked":"SKIP","floor":10},{"not_picked":["Guardian:Reroute","Guardian:BodySlam","Guardian:GuardianWhirl"],"picked":"SKIP","floor":12},{"not_picked":["Guardian:ArmoredProtocol","Guardian:EvasiveProtocol","Guardian:ChargeCore"],"picked":"SKIP","floor":14},{"not_picked":["Guardian:TimeSifter","Guardian:ShieldSpikes"],"picked":"Guardian:FloatingOrbs","floor":15},{"not_picked":["Guardian:TimeSifter","Guardian:BaubleBeam"],"picked":"Guardian:AncientConstruct","floor":16},{"not_picked":["Guardian:CrystalBeam+1","Guardian:VentSteam","Guardian:Reroute"],"picked":"SKIP","floor":19},{"not_picked":["Guardian:Harden","Guardian:Suspension"],"picked":"Guardian:Gem_Cyan","floor":20},{"not_picked":["Guardian:PrismaticBeam+1","Guardian:Preprogram"],"picked":"Guardian:Gem_White","floor":21},{"not_picked":["Guardian:BronzeArmor+1","Guardian:WalkerClaw+1"],"picked":"Guardian:Gem_Red","floor":23},{"not_picked":["Guardian:PrismaticBarrier+1","Guardian:WalkerClaw+1","Guardian:BaubleBeam"],"picked":"SKIP","floor":25},{"not_picked":["Guardian:Preprogram+1","Guardian:Harden+1"],"picked":"Guardian:TemporalShield+1","floor":26},{"not_picked":["Guardian:BodySlam","Guardian:PrismaticBeam","Guardian:VentSteam+1"],"picked":"SKIP","floor":30},{"not_picked":["Guardian:WalkerClaw+1","Guardian:Repulse"],"picked":"Guardian:Emergency+1","floor":31},{"not_picked":["Guardian:Gem_Lightblue","Guardian:Incinerate","Guardian:WalkerClaw+1"],"picked":"SKIP","floor":32}],"player_experience":62279,"relics_obtained":[{"floor":7,"key":"Strawberry"},{"floor":14,"key":"Boot"},{"floor":24,"key":"Toxic Egg 2"},{"floor":25,"key":"Blood Vial"},{"floor":28,"key":"The Courier"}],"event_choices":[{"damage_healed":0,"gold_gain":0,"player_choice":"Ignored","damage_taken":0,"max_hp_gain":0,"max_hp_loss":0,"event_name":"Ghosts","floor":27,"gold_loss":0}],"is_beta":false,"boss_relics":[{"not_picked":["Busted Crown","bronze:MakeshiftBattery"],"picked":"Philosopher\u0027s Stone"}],"items_purged_floors":[21],"is_endless":false,"potions_floor_spawned":[4,10,12,16,23,25,30,31],"killed_by":"SI_MIRROR_ARCHETYPE","ascension_level":0}}