{"host":"sxnl403xm2xmiyj1","time":1613579216,"event":{"mods":["AchievementEnabler","BaseMod","Colored Map","Keyboard Shortcuts","Minty Spire (QoL Compilation)","Quick Restart","StSLib","SuperFastMode"],"gold_per_floor":[115,115,130,205,221,256,269,288,288,335,349,361,361,47,57,57,130,130,145,145,145,160,17,44,44,2,48,68,68,101,101,101],"floor_reached":31,"language":"KOR","playtime":693,"items_purged":["Strike_G"],"score":526,"play_id":"6b052d64-7b08-4612-91ec-51bd92701af3","local_time":"20210218012656","is_ascension_mode":true,"campfire_choices":[{"data":"Acrobatics","floor":13.0,"key":"SMITH"},{"data":"Noxious Fumes","floor":16.0,"key":"SMITH"},{"data":"Tactician","floor":29.0,"key":"SMITH"}],"circlet_count":0,"master_deck":["AscendersBane","Strike_G","Defend_G","Defend_G","Defend_G","Defend_G","Defend_G","Survivor","Neutralize","Adrenaline","Eviscerate+1","All Out Attack","Well Laid Plans","Underhanded Strike","Acrobatics+1","Flying Knee","Venomology","Sucker Punch","Prepared","Dagger Throw","Noxious Fumes+1","Malaise","Leg Sweep","Escape Plan","Poisoned Stab","PiercingWail","Footwork","Dagger Throw","All Out Attack","Bouncing Flask","Tactician+1","Dodge and Roll"],"relics":["Ring of the Snake","Tiny Chest","Boot","ClockworkSouvenir","SacredBark","Lantern","Gremlin Horn","MealTicket","PreservedInsect"],"acts_visited":["Exordium","TheCity"],"potions_floor_usage":[],"damage_taken":[{"damage":0.0,"enemies":"Jaw Worm","floor":1.0,"turns":5.0},{"damage":0.0,"enemies":"Cultist","floor":3.0,"turns":3.0},{"damage":0.0,"enemies":"2 Louse","floor":5.0,"turns":2.0},{"damage":8.0,"enemies":"Gremlin Nob","floor":6.0,"turns":3.0},{"damage":0.0,"enemies":"Blue Slaver","floor":7.0,"turns":1.0},{"damage":1.0,"enemies":"Gremlin Gang","floor":8.0,"turns":3.0},{"damage":0.0,"enemies":"Exordium Wildlife","floor":11.0,"turns":4.0},{"damage":5.0,"enemies":"Red Slaver","floor":12.0,"turns":3.0},{"damage":0.0,"enemies":"Looter","floor":15.0,"turns":2.0},{"damage":28.0,"enemies":"The Guardian","floor":17.0,"turns":10.0},{"damage":4.0,"enemies":"Chosen","floor":19.0,"turns":5.0},{"damage":8.0,"enemies":"Spheric Guardian","floor":22.0,"turns":7.0},{"damage":42.0,"enemies":"Slavers","floor":24.0,"turns":7.0},{"damage":14.0,"enemies":"Snecko","floor":28.0,"turns":4.0},{"damage":18.0,"enemies":"Gremlin Leader","floor":30.0,"turns":5.0},{"damage":14,"enemies":"Snake Plant","floor":31,"turns":5}],"seed_played":"3250702772289928733","potions_obtained":[{"floor":5.0,"key":"DistilledChaos"},{"floor":6.0,"key":"Poison Potion"},{"floor":8.0,"key":"ColorlessPotion"},{"floor":17.0,"key":"SpeedPotion"},{"floor":19.0,"key":"Fruit Juice"},{"floor":28.0,"key":"AttackPotion"}],"is_trial":false,"path_per_floor":["M","?","M","?","M","E","M","M","T","T","M","M","R","$","M","R","B",null,"M","?","?","M","$","E","T","$","T","M","R","E","M"],"character_chosen":"THE_SILENT","items_purchased":["Prepared","ClockworkSouvenir","Dagger Throw","Footwork","Dagger Throw","Bouncing Flask"],"campfire_rested":0,"item_purchase_floors":[14,14,14,23,23,26],"current_hp_per_floor":[59,59,59,48,48,40,40,39,39,39,39,34,34,34,34,34,6,47,53,53,53,45,45,3,3,3,3,37,37,19,5,5],"gold":101,"neow_bonus":"THREE_RARE_CARDS","is_daily":false,"chose_seed":false,"campfire_upgraded":3,"win_rate":0.0,"timestamp":1613579216,"path_taken":["M","?","?","?","M","E","M","M","T","T","M","M","R","$","M","R","BOSS","M","?","?","?","$","E","?","$","T","M","R","E","?"],"items_purchased_type":["Card","Relic","Card","Card","Card","Card"],"build_version":"2020-12-22","purchased_purges":1,"victory":false,"max_hp_per_floor":[60,60,60,60,60,60,60,60,60,60,60,60,60,60,60,60,60,60,70,70,70,70,70,70,70,70,70,70,70,70,70,70],"card_choices":[{"not_picked":["Unload","Storm of Steel"],"picked":"Adrenaline","floor":0.0},{"not_picked":["Underhanded Strike","All Out Attack"],"picked":"Eviscerate","floor":1.0},{"not_picked":["Escape Plan","Outmaneuver"],"picked":"All Out Attack","floor":3.0},{"not_picked":["Deadly Poison","Setup"],"picked":"Well Laid Plans","floor":5.0},{"not_picked":["Sucker Punch","Dagger Spray"],"picked":"Underhanded Strike","floor":6.0},{"not_picked":["Outmaneuver","Cloak And Dagger"],"picked":"Acrobatics","floor":7.0},{"not_picked":["Well Laid Plans","Outmaneuver"],"picked":"Flying Knee","floor":8.0},{"not_picked":["Distraction","Outmaneuver"],"picked":"Venomology","floor":11.0},{"not_picked":["Accuracy","Dagger Spray"],"picked":"Sucker Punch","floor":12.0},{"not_picked":["Dash","Calculated Gamble"],"picked":"Noxious Fumes","floor":15.0},{"not_picked":["Doppelganger","Phantasmal Killer"],"picked":"Malaise","floor":17.0},{"not_picked":["Predator","PiercingWail"],"picked":"Leg Sweep","floor":19.0},{"not_picked":["Deadly Poison","Finisher+1"],"picked":"PiercingWail","floor":22.0},{"not_picked":["Outmaneuver","Burst"],"picked":"All Out Attack","floor":24.0},{"not_picked":["Dagger Throw","Skewer"],"picked":"Tactician","floor":28.0},{"not_picked":["Outmaneuver","Distraction"],"picked":"Dodge and Roll","floor":30.0}],"player_experience":225650,"relics_obtained":[{"floor":6.0,"key":"Tiny Chest"},{"floor":10.0,"key":"Boot"},{"floor":24.0,"key":"Lantern"},{"floor":25.0,"key":"Gremlin Horn"},{"floor":27.0,"key":"MealTicket"},{"floor":30.0,"key":"PreservedInsect"}],"event_choices":[{"damage_healed":0.0,"max_hp_gain":0.0,"max_hp_loss":0.0,"gold_gain":0.0,"event_name":"Upgrade Shrine","player_choice":"Upgraded","floor":2.0,"gold_loss":0.0,"damage_taken":0.0,"cards_upgraded":["Eviscerate"]},{"damage_healed":0.0,"max_hp_gain":0.0,"max_hp_loss":0.0,"gold_gain":75.0,"event_name":"World of Goop","player_choice":"Gather Gold","floor":4.0,"gold_loss":0.0,"damage_taken":11.0},{"damage_healed":0.0,"max_hp_gain":0.0,"max_hp_loss":0.0,"gold_gain":0.0,"cards_transformed":["Strike_G","Strike_G"],"event_name":"Drug Dealer","player_choice":"Became Test Subject","floor":20.0,"gold_loss":0.0,"damage_taken":0.0,"cards_obtained":["Escape Plan","Poisoned Stab"]},{"cards_removed":["Strike_G"],"damage_healed":0.0,"max_hp_gain":0.0,"max_hp_loss":0.0,"gold_gain":0.0,"event_name":"Purifier","player_choice":"Purged","floor":21.0,"gold_loss":0.0,"damage_taken":0.0}],"is_beta":false,"boss_relics":[{"not_picked":["Ectoplasm","Fusion Hammer"],"picked":"SacredBark"}],"items_purged_floors":[14],"is_endless":false,"potions_floor_spawned":[5,6,8,12,17,19,28],"killed_by":"Snake Plant","ascension_level":18}}