{"host":"ndpbn7fqb3wjbd7p","time":1613592158,"event":{"mods":["AchievementEnabler","Act Like it!","AlwaysNeverKeys","BaseMod","Better Vampires","Block Reminder","Colored Powertips","DeckTracker","Defuse TimeMaze Blight","Friendly Minions","Highlight Path","MarisaÅiñ∂âJÅ@ñÇóùçπÅj","Minty Spire (QoL Compilation)","Permanent Neow","Shade Mod","StSLib","SuperFastMode","Synergy Search","The Mystic","Unceasing Turn Reminder","Wandering Minibosses"],"gold_per_floor":[360,435,448,460,240,240,251,251,274,307,207,236,236,236,236,316,316,338,338,87,87,106,106,127,157,203,203,212,246,177,24,24,107,107,118,91,115,136,157,157,195,195,218,218,260,32,50,77,77,77],"floor_reached":51,"language":"ENG","playtime":2658,"items_purged":["Bash","Strike_R","Strike_R","Battle Trance+1"],"score":1345,"play_id":"3560089a-e4a2-4111-8f8f-49bd9565e304","local_time":"20210217210238","is_ascension_mode":true,"campfire_choices":[{"data":"Uppercut","floor":6,"key":"SMITH"},{"data":"Spot Weakness","floor":8,"key":"SMITH"},{"data":"Pommel Strike","floor":13,"key":"SMITH"},{"data":"Metallicize","floor":15,"key":"SMITH"},{"data":"Shockwave","floor":23,"key":"SMITH"},{"data":"Battle Trance","floor":27,"key":"SMITH"},{"data":"True Grit","floor":32,"key":"SMITH"},{"data":"Seeing Red","floor":40,"key":"SMITH"},{"data":"Impervious","floor":42,"key":"SMITH"},{"data":"Defend_R","floor":44,"key":"SMITH"},{"data":"Defend_R","floor":49,"key":"SMITH"}],"circlet_count":0,"master_deck":["AscendersBane","Strike_R","Strike_R","Strike_R","Defend_R+1","Defend_R+1","Defend_R+1","Defend_R+1","Uppercut+1","Spot Weakness+1","Pommel Strike+1","Metallicize+1","Feed+1","Shockwave+1","Rampage+1","Twin Strike+1","Impervious+1","True Grit+1","Metallicize+1","Metallicize+1","Reaper+1","Metallicize+1","Heavy Blade+1","Seeing Red+1","Brutality+1","Dark Embrace+1","Dark Embrace+1","Anger+1","Madness","Madness","Metallicize+1"],"relics":["Burning Blood","Omamori","Oddly Smooth Stone","MealTicket","Molten Egg 2","CeramicFish","Sozu","Frozen Egg 2","Meat on the Bone","Vajra","Bag of Marbles","War Paint","Runic Cube","Nunchaku","Centennial Puzzle","Thread and Needle","Membership Card"],"acts_visited":["Exordium","TheCity","TheBeyond"],"potions_floor_usage":[12,16],"damage_taken":[{"damage":0,"enemies":"Small Slimes","floor":1,"turns":3},{"damage":8,"enemies":"Jaw Worm","floor":3,"turns":4},{"damage":0,"enemies":"Cultist","floor":4,"turns":3},{"damage":7,"enemies":"Blue Slaver","floor":7,"turns":3},{"damage":28,"enemies":"Gremlin Nob","floor":10,"turns":4},{"damage":6,"enemies":"Lagavulin","floor":12,"turns":6},{"damage":11,"enemies":"Slime Boss","floor":16,"turns":14},{"damage":9,"enemies":"Shell Parasite","floor":18,"turns":6},{"damage":8,"enemies":"3 Byrds","floor":22,"turns":6},{"damage":10,"enemies":"Snake Plant","floor":24,"turns":4},{"damage":20,"enemies":"Gremlin Leader","floor":25,"turns":5},{"damage":30,"enemies":"Book of Stabbing","floor":29,"turns":6},{"damage":32,"enemies":"Champ","floor":33,"turns":10},{"damage":11,"enemies":"3 Shapes","floor":35,"turns":8},{"damage":6,"enemies":"Orb Walker","floor":37,"turns":5},{"damage":14,"enemies":"4 Shapes","floor":38,"turns":7},{"damage":11,"enemies":"Maw","floor":39,"turns":9},{"damage":27,"enemies":"Nemesis","floor":41,"turns":11},{"damage":18,"enemies":"Giant Head","floor":45,"turns":8},{"damage":19,"enemies":"Jaw Worm Horde","floor":48,"turns":5},{"damage":51,"enemies":"Donu and Deca","floor":50,"turns":10}],"seed_played":"5643117830599088656","potions_obtained":[{"floor":3,"key":"Block Potion"},{"floor":4,"key":"HeartOfIron"}],"is_trial":false,"path_per_floor":["M","?","M","M","$","R","M","R","T","E","$","E","R","?","R","B",null,"M","?","$","T","M","R","M","E","T","R","?","E","$","$","R","B",null,"M","$","M","M","M","R","E","R","T","R","E","$","?","M","R","B",null],"character_chosen":"IRONCLAD","items_purchased":["Omamori","Frozen Egg 2","Metallicize+1","Metallicize+1","Metallicize+1","Membership Card","Anger+1"],"campfire_rested":0,"item_purchase_floors":[5,20,30,31,36,46,46],"current_hp_per_floor":[57,46,44,50,50,50,49,49,49,27,42,42,42,42,42,37,69,70,84,84,84,86,86,86,76,76,76,76,64,79,94,94,72,93,101,104,108,104,108,108,101,101,101,101,97,112,98,104,104,98],"gold":77,"neow_bonus":"TWO_FIFTY_GOLD","is_daily":false,"chose_seed":false,"campfire_upgraded":11,"win_rate":0.0,"timestamp":1613592158,"path_taken":["M","?","M","M","$","R","M","R","T","E","$","E","R","?","R","BOSS","M","?","$","?","M","R","M","E","T","R","?","E","?","$","R","BOSS","M","?","M","M","?","R","E","R","T","R","E","$","?","M","R","BOSS"],"items_purchased_type":["Relic","Relic","Card","Card","Card","Relic","Card"],"build_version":"2020-12-22","purchased_purges":4,"victory":true,"max_hp_per_floor":[80,80,80,80,80,80,80,80,80,80,80,80,80,80,80,80,80,84,84,84,84,88,88,92,96,96,96,96,96,96,96,96,100,100,104,104,108,112,112,112,112,112,112,112,112,112,112,116,116,120],"card_choices":[{"not_picked":["Twin Strike","Sentinel"],"picked":"Battle Trance","floor":1},{"not_picked":["Body Slam","Twin Strike"],"picked":"Uppercut","floor":3},{"not_picked":["True Grit","Flex"],"picked":"Spot Weakness","floor":4},{"not_picked":["Wild Strike","Cleave","Body Slam"],"picked":"SKIP","floor":7},{"not_picked":["Flex","Fire Breathing"],"picked":"Pommel Strike","floor":10},{"not_picked":["Warcry","Clothesline+1"],"picked":"Metallicize","floor":12},{"not_picked":["Offering","Immolate+1"],"picked":"Feed+1","floor":16},{"not_picked":["Thunderclap+1","Dark Embrace"],"picked":"Shockwave","floor":18},{"not_picked":["Shrug It Off","Perfected Strike+1"],"picked":"Rampage+1","floor":22},{"not_picked":["Cleave+1","Perfected Strike+1"],"picked":"Twin Strike+1","floor":24},{"not_picked":["Heavy Blade+1","Combust+1","Cleave+1"],"picked":"SKIP","floor":25},{"not_picked":["Corruption+1","Uppercut+1"],"picked":"True Grit","floor":29},{"not_picked":["Corruption+1","Brutality+1"],"picked":"Reaper+1","floor":33},{"not_picked":["Battle Trance","Dual Wield","Warcry"],"picked":"SKIP","floor":35},{"not_picked":["Havoc","Clothesline+1"],"picked":"Heavy Blade+1","floor":37},{"not_picked":["Armaments","Thunderclap+1"],"picked":"Seeing Red","floor":38},{"not_picked":["Thunderclap+1","Heavy Blade+1"],"picked":"Brutality+1","floor":39},{"not_picked":["Berserk+1","True Grit+1"],"picked":"Dark Embrace+1","floor":41},{"not_picked":["Anger+1","Thunderclap+1"],"picked":"Dark Embrace+1","floor":45},{"not_picked":["Dark Embrace+1","Twin Strike+1"],"picked":"Metallicize+1","floor":48}],"player_experience":1227715,"relics_obtained":[{"floor":9,"key":"Oddly Smooth Stone"},{"floor":10,"key":"MealTicket"},{"floor":12,"key":"Molten Egg 2"},{"floor":21,"key":"Meat on the Bone"},{"floor":25,"key":"Vajra"},{"floor":26,"key":"Bag of Marbles"},{"floor":29,"key":"War Paint"},{"floor":41,"key":"Nunchaku"},{"floor":43,"key":"Centennial Puzzle"},{"floor":45,"key":"Thread and Needle"}],"event_choices":[{"damage_healed":0,"gold_gain":75,"player_choice":"Gather Gold","damage_taken":11,"max_hp_gain":0,"max_hp_loss":0,"event_name":"World of Goop","floor":2,"gold_loss":0},{"damage_healed":0,"gold_gain":0,"player_choice":"Searched \u00271\u0027 times","damage_taken":0,"relics_obtained":["CeramicFish"],"max_hp_gain":0,"max_hp_loss":0,"event_name":"Dead Adventurer","floor":14,"gold_loss":0},{"damage_healed":14,"gold_gain":0,"player_choice":"Full Heal","damage_taken":0,"max_hp_gain":0,"max_hp_loss":0,"event_name":"Wheel of Change","floor":19,"gold_loss":0},{"damage_healed":0,"gold_gain":0,"player_choice":"Read","damage_taken":0,"max_hp_gain":0,"max_hp_loss":0,"event_name":"The Library","floor":28,"gold_loss":0,"cards_obtained":["Impervious"]},{"damage_healed":0,"gold_gain":0,"player_choice":"Embrace Madness","damage_taken":14,"max_hp_gain":0,"max_hp_loss":0,"event_name":"Winding Halls","floor":47,"gold_loss":0,"cards_obtained":["Madness","Madness"]}],"is_beta":false,"boss_relics":[{"not_picked":["Coffee Dripper","Astrolabe"],"picked":"Sozu"},{"not_picked":["Calling Bell","Cursed Key"],"picked":"Runic Cube"}],"items_purged_floors":[5,11,31,46],"is_endless":false,"potions_floor_spawned":[3,4,25,29,33,38,45,48],"ascension_level":13}}