{"host":"ifvrsrzj00f2ebkn","time":1613549039,"event":{"mods":["BaseMod","Colored Map","Colored Powertips","Minty Spire (QoL Compilation)","Random Character Button","Shop Mod","StSLib"],"gold_per_floor":[110,60,60,77,96,96,114,114,137,153,153,78,253,353,353,453,453,473,324,340,255,272,272,272,272],"floor_reached":24,"language":"ENG","playtime":1204,"items_purged":["Strike_R","Doubt"],"score":186,"play_id":"c281a34d-84ff-4070-91ab-51288aead88e","local_time":"20210217160359","is_ascension_mode":false,"campfire_choices":[{"data":"Bash","floor":6,"key":"SMITH"},{"data":"Defend_R","floor":8,"key":"SMITH"},{"floor":15,"key":"REST"},{"floor":23,"key":"REST"}],"circlet_count":0,"master_deck":["Strike_R","Strike_R","Defend_R","Defend_R","Defend_R","Defend_R+1","Bash+1","Thunderclap","Spot Weakness","Fiend Fire","Cleave","Juggernaut","Battle Trance"],"relics":["Burning Blood","Boot","Art of War","Mark of Pain","Toy Ornithopter"],"acts_visited":["Exordium","TheCity"],"potions_floor_usage":[16,16],"damage_taken":[{"damage":6,"enemies":"2 Louse","floor":1,"turns":4},{"damage":7,"enemies":"Small Slimes","floor":4,"turns":6},{"damage":1,"enemies":"Cultist","floor":5,"turns":4},{"damage":18,"enemies":"3 Louse","floor":7,"turns":3},{"damage":24,"enemies":"2 Fungi Beasts","floor":10,"turns":5},{"damage":76,"enemies":"Slime Boss","floor":16,"turns":14},{"damage":20,"enemies":"Shell Parasite","floor":18,"turns":6},{"damage":12,"enemies":"3 Byrds","floor":20,"turns":5},{"damage":36,"enemies":"Snake Plant","floor":22,"turns":5},{"damage":67,"enemies":"Sentry and Sphere","floor":24,"turns":7}],"seed_played":"897680541185621947","potions_obtained":[{"floor":1,"key":"BlessingOfTheForge"},{"floor":4,"key":"Explosive Potion"},{"floor":16,"key":"Dexterity Potion"}],"is_trial":false,"path_per_floor":["M","?","?","M","M","R","M","R","T","M","?","$","?","?","R","B",null,"M","$","M","?","M","R","M"],"character_chosen":"IRONCLAD","items_purchased":["Cleave"],"campfire_rested":2,"item_purchase_floors":[19],"current_hp_per_floor":[88,88,88,87,88,88,76,76,76,58,58,58,58,58,84,14,88,74,74,68,68,38,64,0,0],"gold":272,"neow_bonus":"TEN_PERCENT_HP_BONUS","is_daily":false,"chose_seed":false,"campfire_upgraded":2,"win_rate":0.0,"timestamp":1613549039,"path_taken":["M","?","?","M","M","R","M","R","T","?","?","$","?","?","R","BOSS","M","$","M","?","M","R","M"],"items_purchased_type":["Card"],"build_version":"2020-12-22","purchased_purges":2,"victory":false,"max_hp_per_floor":[88,88,88,88,88,88,88,88,88,88,88,88,88,88,88,88,88,88,88,88,88,88,88,88,88],"card_choices":[{"not_picked":["Searing Blow","True Grit","Carnage"],"picked":"SKIP","floor":1},{"not_picked":["Dropkick","Anger"],"picked":"Thunderclap","floor":4},{"not_picked":["Clash","Power Through","Wild Strike"],"picked":"SKIP","floor":5},{"not_picked":["Warcry","Perfected Strike","Clash"],"picked":"SKIP","floor":7},{"not_picked":["Sentinel","Clash"],"picked":"Spot Weakness","floor":10},{"not_picked":["Corruption","Limit Break"],"picked":"Fiend Fire","floor":16},{"not_picked":["Headbutt","Havoc","Clothesline"],"picked":"SKIP","floor":18},{"not_picked":["Headbutt","Havoc","Clothesline"],"picked":"SKIP","floor":18},{"not_picked":["True Grit","Clothesline"],"picked":"Juggernaut","floor":20},{"not_picked":["Headbutt","Warcry"],"picked":"Battle Trance","floor":22}],"player_experience":116576,"relics_obtained":[{"floor":3,"key":"Boot"},{"floor":9,"key":"Art of War"}],"event_choices":[{"cards_removed":["Strike_R"],"damage_healed":0,"gold_gain":0,"player_choice":"Card Removal","damage_taken":0,"max_hp_gain":0,"max_hp_loss":0,"event_name":"The Cleric","floor":2,"gold_loss":50},{"damage_healed":0,"gold_gain":0,"player_choice":"Relic","damage_taken":0,"max_hp_gain":0,"max_hp_loss":0,"event_name":"Wheel of Change","floor":3,"gold_loss":0},{"cards_removed":["Strike_R"],"damage_healed":0,"gold_gain":0,"player_choice":"Forget","damage_taken":0,"max_hp_gain":0,"max_hp_loss":0,"event_name":"Living Wall","floor":11,"gold_loss":0},{"damage_healed":0,"gold_gain":175,"player_choice":"AGREE","damage_taken":0,"max_hp_gain":0,"max_hp_loss":0,"event_name":"Liars Game","floor":13,"gold_loss":0,"cards_obtained":["Doubt"]},{"damage_healed":0,"gold_gain":100,"player_choice":"Pray","damage_taken":0,"max_hp_gain":0,"max_hp_loss":0,"event_name":"Golden Shrine","floor":14,"gold_loss":0},{"damage_healed":0,"gold_gain":0,"player_choice":"Obtained Relic","damage_taken":0,"relics_obtained":["Toy Ornithopter"],"max_hp_gain":0,"max_hp_loss":0,"event_name":"Addict","floor":21,"gold_loss":85}],"is_beta":false,"boss_relics":[{"not_picked":["Empty Cage","Coffee Dripper"],"picked":"Mark of Pain"}],"items_purged_floors":[12,19],"is_endless":false,"potions_floor_spawned":[1,4,16],"killed_by":"Sentry and Sphere","ascension_level":0}}