{"host":"8jwrv7sn1174lfer","time":1613529903,"event":{"mods":["BaseMod","Colored Map","Colored Powertips","Downfall","Highlight Path","Minty Spire (QoL Compilation)","StSLib"],"gold_per_floor":[99,99,118,130,145,145,145,145,185,185,285,327,5,26,38,38,38,38],"floor_reached":16,"language":"ENG","playtime":721,"items_purged":[],"score":116,"play_id":"35f7cd83-d433-4ff6-82c0-1f10a171a562","local_time":"20210216214503","is_ascension_mode":true,"campfire_choices":[{"data":"hexamod:Float","floor":1,"key":"SMITH"},{"data":"hexamod:SpectralSpark","floor":6,"key":"SMITH"},{"data":"hexamod:GhostOfSpirePresent","floor":10,"key":"SMITH"}],"circlet_count":0,"master_deck":["hexamod:Strike+1","hexamod:Strike","hexamod:Strike","hexamod:Defend","hexamod:Defend","hexamod:Defend","hexamod:Sear","hexamod:Float+1","hexamod:GhostOfSpirePresent+1","hexamod:GhostShield+1","hexamod:SpectralSpark+1","hexamod:SpectersWail+1","hexamod:SecondSeal","hexamod:SixthSeal","hexamod:ThirdSeal","hexamod:FourthSeal","hexamod:RainOfEmbers","hexamod:NightmareGuise","hexamod:SpectersWail"],"relics":["hexamod:SpiritBrand","Letter Opener","Calipers","Kunai","WingedGreaves","Bronze Scales"],"acts_visited":["Exordium"],"potions_floor_usage":[9,15,16,16],"damage_taken":[{"damage":5,"enemies":"Jaw Worm","floor":3,"turns":3},{"damage":0,"enemies":"Cultist","floor":4,"turns":3},{"damage":0,"enemies":"2 Louse","floor":5,"turns":2},{"damage":15,"enemies":"3 Sentries","floor":9,"turns":8},{"damage":4,"enemies":"Lagavulin","floor":12,"turns":6},{"damage":5,"enemies":"downfall:FleeingMerchant","floor":13,"turns":4},{"damage":10,"enemies":"Lots of Slimes","floor":14,"turns":1},{"damage":0,"enemies":"3 Louse","floor":15,"turns":2},{"damage":18,"enemies":"IC_STATUS_ARCHETYPE","floor":16,"turns":2}],"seed_played":"3182642386260347131","potions_obtained":[{"floor":2,"key":"hexamod:InfernoChargePotion"},{"floor":2,"key":"FearPotion"},{"floor":2,"key":"Fire Potion"},{"floor":12,"key":"Swift Potion"},{"floor":15,"key":"Fire Potion"}],"is_trial":false,"path_per_floor":["R","?","M","M","M","R","T","T","E","R","?","E","$","M","M","B"],"character_chosen":"THE_SPIRIT","items_purchased":["hexamod:FourthSeal","Bronze Scales","hexamod:RainOfEmbers","hexamod:NightmareGuise"],"campfire_rested":0,"item_purchase_floors":[13,13,13,13],"current_hp_per_floor":[49,49,44,44,44,44,44,44,29,29,29,25,20,10,10,0,0,0],"gold":38,"neow_bonus":"TRANSFORM_TWO_CARDS","is_daily":false,"chose_seed":false,"campfire_upgraded":3,"win_rate":0.0,"timestamp":1613529903,"path_taken":["R","?","?","M","M","R","T","?","E","R","?","E","$","M","M","BOSS"],"items_purchased_type":["Card","Relic","Card","Card"],"build_version":"2020-12-22","purchased_purges":0,"victory":false,"max_hp_per_floor":[70,70,70,70,70,70,70,70,70,70,70,70,70,70,70,70,70,70],"card_choices":[{"not_picked":["hexamod:SwordOfDarkness","hexamod:ShieldOfDarkness"],"picked":"hexamod:SpectralSpark","floor":3},{"not_picked":["hexamod:ChargedBarrage","hexamod:HauntingEcho"],"picked":"hexamod:SpectersWail","floor":4},{"not_picked":["hexamod:ThermalTransfer","hexamod:Firestarter"],"picked":"hexamod:SecondSeal","floor":5},{"not_picked":["hexamod:BurningTouch","hexamod:ThermalTransfer","hexamod:PhantomCloak"],"picked":"SKIP","floor":9},{"not_picked":["hexamod:StepThrough","hexamod:SpectersWail"],"picked":"hexamod:SixthSeal","floor":12},{"not_picked":["hexamod:SoulSteal","hexamod:PhantomCloak"],"picked":"hexamod:ThirdSeal","floor":13},{"not_picked":["hexamod:PhantomCloak","hexamod:BacktrackSmack"],"picked":"hexamod:SpectersWail","floor":14},{"not_picked":["hexamod:SwordOfDarkness","hexamod:ChargedBarrage","hexamod:SuperheatedStrike"],"picked":"SKIP","floor":15}],"player_experience":794232,"relics_obtained":[{"floor":7,"key":"Letter Opener"},{"floor":8,"key":"Calipers"},{"floor":9,"key":"Kunai"},{"floor":12,"key":"WingedGreaves"}],"event_choices":[{"damage_healed":0,"gold_gain":0,"player_choice":"Got Potions","damage_taken":0,"max_hp_gain":0,"max_hp_loss":0,"event_name":"Lab","floor":2,"gold_loss":0},{"damage_healed":0,"gold_gain":100,"player_choice":"Gold","damage_taken":0,"max_hp_gain":0,"max_hp_loss":0,"event_name":"Wheel of Change","floor":11,"gold_loss":0}],"is_beta":false,"boss_relics":[],"items_purged_floors":[],"is_endless":false,"potions_floor_spawned":[12,14,15],"killed_by":"IC_STATUS_ARCHETYPE","ascension_level":1}}