{"host":"3syfdf73vqzvzpwj","time":1613595782,"event":{"mods":["AchievementEnabler","BaseMod","Colored Map","Minty Spire (QoL Compilation)","everything is the same but u backflip on backflip"],"gold_per_floor":[116,131,131,131,143,176,190,265,336,79,110,110,138,158,158,256,256,272,99,99,111,38,71,71,103,103,136,148,160,172,204,216,326,338,368,380,212,66,86,114,127,160,187,219,219,245,19,0,0,0,0,0,0,26,26,26],"floor_reached":55,"language":"KOR","playtime":1524,"items_purged":["Body Slam+1"],"score":1176,"play_id":"e2f57528-b815-4bd3-968f-491db8ced4c1","local_time":"20210218060302","is_ascension_mode":true,"campfire_choices":[{"floor":12.0,"key":"REST"},{"data":"Shockwave","floor":15.0,"key":"SMITH"},{"data":"Apotheosis","floor":24.0,"key":"SMITH"},{"data":"Writhe","floor":30.0,"key":"PURGE"},{"data":"Limit Break","floor":32.0,"key":"SMITH"},{"floor":49,"key":"RECALL"},{"data":"Rupture","floor":52,"key":"SMITH"}],"circlet_count":0,"master_deck":["Strike_R","Strike_R","Defend_R","Defend_R","Bash","Immolate+1","Flex+1","Hemokinesis","Cleave","Shockwave+1","Limit Break+1","Offering","Rupture+1","Bloodletting","Apotheosis+1","Heavy Blade+1","Berserk","Combust","Heavy Blade+1","Hemokinesis+1"],"relics":["Astrolabe","Mango","Bag of Preparation","StrikeDummy","Membership Card","Pen Nib","Peace Pipe","Akabeko","Mark of Pain","PreservedInsect","Self Forming Clay","Juzu Bracelet","HornCleat","MawBank","Mummified Hand","SlaversCollar","Champion Belt","FossilizedHelix","Meat on the Bone","Bag of Marbles","Bottled Tornado","Paper Frog","Torii","Cauldron","Red Mask","StoneCalendar"],"acts_visited":["Exordium","TheCity","TheBeyond","TheEnding"],"potions_floor_usage":[42,42,42,50,50,55],"damage_taken":[{"damage":0.0,"enemies":"Small Slimes","floor":1.0,"turns":1.0},{"damage":12.0,"enemies":"Jaw Worm","floor":2.0,"turns":2.0},{"damage":0.0,"enemies":"Cultist","floor":5.0,"turns":2.0},{"damage":14.0,"enemies":"Gremlin Nob","floor":6.0,"turns":3.0},{"damage":6.0,"enemies":"Looter","floor":7.0,"turns":2.0},{"damage":9.0,"enemies":"Lagavulin","floor":11.0,"turns":3.0},{"damage":12.0,"enemies":"Gremlin Nob","floor":13.0,"turns":3.0},{"damage":0.0,"enemies":"Blue Slaver","floor":14.0,"turns":2.0},{"damage":24.0,"enemies":"Slime Boss","floor":16.0,"turns":6.0},{"damage":0.0,"enemies":"Spheric Guardian","floor":18.0,"turns":1.0},{"damage":11.0,"enemies":"Shell Parasite","floor":21.0,"turns":1.0},{"damage":17.0,"enemies":"Book of Stabbing","floor":23.0,"turns":2.0},{"damage":9.0,"enemies":"Gremlin Leader","floor":25.0,"turns":1.0},{"damage":0.0,"enemies":"Slavers","floor":27.0,"turns":1.0},{"damage":13.0,"enemies":"Snake Plant","floor":31.0,"turns":2.0},{"damage":12.0,"enemies":"Collector","floor":33.0,"turns":4.0},{"damage":0.0,"enemies":"3 Darklings","floor":35.0,"turns":1.0},{"damage":2.0,"enemies":"Orb Walker","floor":39.0,"turns":1.0},{"damage":9.0,"enemies":"Reptomancer","floor":40.0,"turns":3.0},{"damage":14.0,"enemies":"Transient","floor":41.0,"turns":5.0},{"damage":21,"enemies":"Nemesis","floor":42,"turns":3},{"damage":22,"enemies":"Giant Head","floor":44,"turns":4},{"damage":14,"enemies":"Reptomancer","floor":46,"turns":3},{"damage":51,"enemies":"Time Eater","floor":50,"turns":5},{"damage":21,"enemies":"Shield and Spear","floor":54,"turns":3},{"damage":66,"enemies":"The Heart","floor":55,"turns":5}],"seed_played":"2961346273867589835","potions_obtained":[{"floor":5.0,"key":"ColorlessPotion"},{"floor":6.0,"key":"Fruit Juice"},{"floor":11.0,"key":"Fire Potion"},{"floor":13.0,"key":"AttackPotion"},{"floor":21.0,"key":"DuplicationPotion"},{"floor":23.0,"key":"Block Potion"},{"floor":31.0,"key":"Ancient Potion"},{"floor":47,"key":"Regen Potion"},{"floor":47,"key":"Block Potion"},{"floor":47,"key":"SpeedPotion"},{"floor":54,"key":"LiquidMemories"}],"is_trial":false,"path_per_floor":["M","M","?","?","M","E","M","?","T","$","E","R","E","M","R","B",null,"M","$","?","M","$","E","R","E","T","E","$","?","R","M","R","B",null,"M","?","$","$","M","E","M","E","T","E","?","E","$","?","R","B",null,"R","$","E","B"],"character_chosen":"IRONCLAD","items_purchased":["Membership Card","Pen Nib","Strength Potion","Rupture","Bloodletting","Apotheosis","PreservedInsect","Combust","Champion Belt","FossilizedHelix","Torii","Cauldron"],"campfire_rested":1,"item_purchase_floors":[10,10,10,19,19,19,22,37,37,38,47,47],"current_hp_per_floor":[80,68,61,75,75,61,55,44,44,44,40,69,57,57,57,33,99,99,99,99,88,88,71,71,62,62,62,62,62,62,49,49,37,99,99,99,99,99,97,88,74,53,53,43,87,73,73,73,73,48,87,87,87,66,0,0],"gold":26,"neow_bonus":"BOSS_RELIC","is_daily":false,"chose_seed":false,"campfire_upgraded":4,"win_rate":0.0,"timestamp":1613595782,"path_taken":["M","M","?","?","?","E","M","?","T","$","E","R","E","M","R","BOSS","M","$","?","M","$","E","R","E","T","E","$","?","R","M","R","BOSS","M","?","?","$","M","E","M","E","T","E","?","E","$","?","R","BOSS","R","$","E","BOSS"],"items_purchased_type":["Relic","Relic","Potion","Card","Card","Card","Relic","Card","Relic","Relic","Relic","Relic"],"build_version":"2020-12-22","purchased_purges":1,"victory":false,"max_hp_per_floor":[80,80,80,94,94,94,94,94,94,94,99,99,99,99,99,99,99,99,99,99,99,99,99,99,99,99,99,99,99,99,99,99,99,99,99,99,99,99,99,99,99,99,99,99,87,87,87,87,87,87,87,87,87,87,87,87],"card_choices":[{"not_picked":["Sword Boomerang","Thunderclap"],"picked":"Hemokinesis","floor":1.0},{"not_picked":["True Grit","Evolve"],"picked":"Cleave","floor":2.0},{"not_picked":["Metallicize","Iron Wave"],"picked":"Shockwave","floor":5.0},{"not_picked":["Feel No Pain","Rampage","Ghostly Armor"],"picked":"SKIP","floor":6.0},{"not_picked":["Sword Boomerang","Body Slam","Flame Barrier"],"picked":"SKIP","floor":7.0},{"not_picked":["Sentinel","Body Slam"],"picked":"Limit Break","floor":11.0},{"not_picked":["Cleave","Flame Barrier"],"picked":"Carnage","floor":13.0},{"not_picked":["Evolve","Flex","Wild Strike"],"picked":"SKIP","floor":14.0},{"not_picked":["Demon Form","Exhume"],"picked":"Offering","floor":16.0},{"not_picked":["Sword Boomerang","Flex","Pommel Strike"],"picked":"SKIP","floor":18.0},{"not_picked":["Iron Wave","Body Slam+1"],"picked":"Heavy Blade+1","floor":21.0},{"not_picked":["Flex","Warcry","Havoc"],"picked":"SKIP","floor":23.0},{"not_picked":["Cleave+1","Wild Strike","Anger"],"picked":"SKIP","floor":25.0},{"not_picked":["Impervious","Juggernaut","Iron Wave"],"picked":"SKIP","floor":27.0},{"not_picked":["Perfected Strike","Clothesline+1","Feel No Pain"],"picked":"SKIP","floor":31.0},{"not_picked":["Exhume","Offering"],"picked":"Berserk","floor":33.0},{"not_picked":["Sever Soul+1","Clothesline","Warcry"],"picked":"SKIP","floor":35.0},{"not_picked":["Twin Strike+1","Thunderclap+1","Sentinel+1"],"picked":"SKIP","floor":39.0},{"not_picked":["Headbutt","Dropkick+1"],"picked":"Heavy Blade+1","floor":40.0},{"not_picked":["Rage+1","Cleave"],"picked":"Hemokinesis+1","floor":41.0},{"not_picked":["Flex+1","Havoc","Second Wind"],"picked":"SKIP","floor":42},{"not_picked":["Anger","Hemokinesis+1","Havoc+1"],"picked":"SKIP","floor":44},{"not_picked":["Cleave","Headbutt+1","Ghostly Armor+1"],"picked":"SKIP","floor":46},{"not_picked":["Iron Wave","Disarm","Headbutt+1"],"picked":"SKIP","floor":54}],"player_experience":209130,"relics_obtained":[{"floor":4.0,"key":"Mango"},{"floor":6.0,"key":"Bag of Preparation"},{"floor":9.0,"key":"StrikeDummy"},{"floor":11.0,"key":"Peace Pipe"},{"floor":13.0,"key":"Akabeko"},{"floor":23.0,"key":"Self Forming Clay"},{"floor":25.0,"key":"Juzu Bracelet"},{"floor":26.0,"key":"HornCleat"},{"floor":27.0,"key":"MawBank"},{"floor":40.0,"key":"Meat on the Bone"},{"floor":42,"key":"Bag of Marbles"},{"floor":44,"key":"Bottled Tornado"},{"floor":46,"key":"Paper Frog"},{"floor":54,"key":"StoneCalendar"}],"event_choices":[{"cards_removed":["Strike_R"],"damage_healed":0.0,"max_hp_gain":0.0,"max_hp_loss":0.0,"gold_gain":0.0,"event_name":"Golden Wing","player_choice":"Card Removal","floor":3.0,"gold_loss":0.0,"damage_taken":7.0},{"damage_healed":0.0,"max_hp_gain":0.0,"max_hp_loss":0.0,"gold_gain":0.0,"event_name":"Wheel of Change","player_choice":"Relic","floor":4.0,"gold_loss":0.0,"damage_taken":0.0},{"damage_healed":0.0,"max_hp_gain":0.0,"max_hp_loss":0.0,"gold_gain":75.0,"event_name":"World of Goop","player_choice":"Gather Gold","floor":8.0,"gold_loss":0.0,"damage_taken":11.0},{"cards_removed":["Strike_R"],"damage_healed":0.0,"max_hp_gain":0.0,"max_hp_loss":0.0,"gold_gain":0.0,"event_name":"Purifier","player_choice":"Purged","floor":20.0,"gold_loss":0.0,"damage_taken":0.0},{"damage_healed":0.0,"max_hp_gain":0.0,"max_hp_loss":0.0,"gold_gain":0.0,"event_name":"The Mausoleum","player_choice":"Opened","floor":29.0,"gold_loss":0.0,"damage_taken":0.0,"relics_obtained":["Mummified Hand"],"cards_obtained":["Writhe"]},{"cards_removed":["Carnage"],"damage_healed":0.0,"max_hp_gain":0.0,"max_hp_loss":0.0,"gold_gain":0.0,"event_name":"Bonfire Elementals","player_choice":"Offered Uncommon","floor":36.0,"gold_loss":0.0,"damage_taken":0.0},{"damage_healed":87,"gold_gain":0,"player_choice":"Heal","damage_taken":0,"max_hp_gain":0,"max_hp_loss":12,"event_name":"The Moai Head","floor":45,"gold_loss":0},{"damage_healed":0,"gold_gain":0,"player_choice":"Paid","damage_taken":0,"relics_obtained":["Red Mask"],"max_hp_gain":0,"max_hp_loss":0,"event_name":"Tomb of Lord Red Mask","floor":48,"gold_loss":19}],"is_beta":false,"boss_relics":[{"not_picked":["Coffee Dripper","Tiny House"],"picked":"Mark of Pain"},{"not_picked":["Sozu","Pandora\u0027s Box"],"picked":"SlaversCollar"}],"items_purged_floors":[19],"is_endless":false,"potions_floor_spawned":[5,6,11,13,21,23,31,35,40,54],"killed_by":"The Heart","ascension_level":3}}