{"host":"fnndj664xgd3vavt","time":1613583672,"event":{"mods":["AchievementEnabler","BaseMod","Colored Powertips","DeckTracker","Downfall","Hermit","Highlight Path","Infinite Spire","Marisa????????","Minty Spire (QoL Compilation)","Quick Restart","Random Character Button","Replay The Spire","StSLib","The Cursed","The Servant 0.9.4"],"gold_per_floor":[99,118,130,130,230,248,303,318,318,12,23,23,23,39,57,156,156,156,166,183,133,147,182,230,230,230,230,230],"floor_reached":26,"language":"ENG","playtime":1287,"items_purged":[],"score":231,"play_id":"7a6f72d7-aa3a-4b58-857d-5d033797dd75","local_time":"20210217124112","is_ascension_mode":true,"campfire_choices":[{"data":"Guardian:ExploitGems","floor":9,"key":"SMITH"},{"floor":13,"key":"REST"},{"data":"Guardian:PrismaticBeam","floor":18,"key":"SMITH"}],"circlet_count":0,"master_deck":["Guardian:Strike_Guardian","Guardian:Defend_Guardian","Guardian:Defend_Guardian","Guardian:Defend_Guardian","Guardian:CurlUp","Guardian:TwinSlam","Guardian:ExploitGems+1","Guardian:BronzeArmor","Guardian:Reroute","Guardian:CrystalBeam+1","Guardian:TemporalStrike","Guardian:GemFinder","Guardian:Orbwalk+1","Guardian:PrismaticBeam+1","Guardian:SpikerProtocol","Guardian:TemporalStrike","Guardian:Gem_Cyan","Guardian:FuturePlans","Guardian:Gem_Red","Guardian:Gem_Purple","Guardian:Gem_Red","Guardian:Suspension","Guardian:Gem_Cyan","Guardian:CrystalBeam"],"relics":["Guardian:ModeShifter","Vajra","Pen Nib","Gremlin Food","Darkstone Periapt","expansioncontent:StudyCardRelic","TungstenRod","Regal Pillow","Centennial Puzzle"],"acts_visited":["Exordium","TheCity"],"potions_floor_usage":[3],"damage_taken":[{"damage":3,"enemies":"Jaw Worm","floor":2,"turns":3},{"damage":0,"enemies":"2 Louse","floor":3,"turns":3},{"damage":30,"enemies":"downfall:Heads","floor":5,"turns":8},{"damage":0,"enemies":"Cultist","floor":6,"turns":3},{"damage":0,"enemies":"2 Fungi Beasts","floor":8,"turns":4},{"damage":3,"enemies":"downfall:FleeingMerchant","floor":10,"turns":4},{"damage":12,"enemies":"Large Slime","floor":11,"turns":5},{"damage":11,"enemies":"Exordium Wildlife","floor":14,"turns":4},{"damage":4,"enemies":"Lots of Slimes","floor":15,"turns":5},{"damage":40,"enemies":"DF_ARCHETYPE_STREAMLINE","floor":16,"turns":11},{"damage":7,"enemies":"Shell Parasite","floor":19,"turns":4},{"damage":20,"enemies":"downfall:LooterAlt2","floor":20,"turns":3},{"damage":7,"enemies":"Snecko","floor":22,"turns":4},{"damage":51,"enemies":"Gremlin Leader","floor":23,"turns":8},{"damage":31,"enemies":"Colosseum Nobs","floor":26,"turns":3}],"seed_played":"5517680276398276177","potions_obtained":[{"floor":2,"key":"SteroidPotion"},{"floor":3,"key":"Fruit Juice"},{"floor":11,"key":"sneckomod:MuddlingPotion"},{"floor":19,"key":"SteroidPotion"}],"is_trial":false,"path_per_floor":["R","M","M","?","?","M","T","M","R","$","M","T","R","M","M","B",null,"R","M","M","?","M","E","T","?","?"],"character_chosen":"GUARDIAN","items_purchased":["Guardian:Orbwalk","Gremlin Food","Guardian:PrismaticBeam"],"campfire_rested":1,"item_purchase_floors":[10,10,10],"current_hp_per_floor":[80,77,82,82,52,52,52,52,52,49,37,37,62,51,47,7,85,85,78,58,85,78,27,27,27,0,0,0],"gold":230,"neow_bonus":"RANDOM_COMMON_RELIC","is_daily":false,"chose_seed":false,"campfire_upgraded":2,"win_rate":0.0,"timestamp":1613583672,"path_taken":["R","M","M","?","?","M","T","M","R","?","?","?","R","M","M","BOSS","R","M","M","?","M","E","T","?","?"],"items_purchased_type":["Card","Relic","Card"],"build_version":"2020-12-22","purchased_purges":0,"victory":false,"max_hp_per_floor":[80,80,85,85,85,85,85,85,85,85,85,85,85,85,85,85,85,85,85,85,85,85,85,85,85,85,85,85],"card_choices":[{"not_picked":["Guardian:BodySlam","Guardian:Repulse"],"picked":"Guardian:BronzeArmor","floor":2},{"not_picked":["Guardian:TimeBomb","Guardian:TemporalShield"],"picked":"Guardian:Reroute","floor":3},{"not_picked":["Guardian:Gem_Red","Guardian:WalkerClaw"],"picked":"Guardian:CrystalBeam","floor":5},{"not_picked":["Guardian:VentSteam","Guardian:CrystalBeam"],"picked":"Guardian:Gem_Lightblue","floor":6},{"not_picked":["Guardian:RefractedBeam","Guardian:BronzeOrb"],"picked":"Guardian:TemporalStrike","floor":8},{"not_picked":["Guardian:Gem_Red","Guardian:Gem_Cyan"],"picked":"Guardian:GemFinder","floor":10},{"not_picked":["Guardian:Gem_Lightblue","Guardian:Gem_Cyan"],"picked":"Guardian:Gem_Red","floor":11},{"not_picked":["Guardian:DonusPower","Guardian:VentSteam"],"picked":"Guardian:SpikerProtocol","floor":11},{"not_picked":["Guardian:Gem_Green","Guardian:Gem_Lightblue"],"picked":"Guardian:Gem_Cyan","floor":14},{"not_picked":["Guardian:Incinerate","Guardian:Gem_Cyan"],"picked":"Guardian:TemporalStrike","floor":14},{"not_picked":["Guardian:Gem_Lightblue","Guardian:Gem_Cyan"],"picked":"Guardian:Gem_Red","floor":15},{"not_picked":["Guardian:BronzeOrb","Guardian:Gem_Yellow"],"picked":"Guardian:Gem_White","floor":15},{"not_picked":["Guardian:Gem_Red","Guardian:Gem_Lightblue"],"picked":"Guardian:Gem_Cyan","floor":16},{"not_picked":["Guardian:Gem_Lightblue","Guardian:Gem_Green"],"picked":"Guardian:Gem_Cyan","floor":19},{"not_picked":["Guardian:ShieldCharger","Guardian:Harden"],"picked":"Guardian:FuturePlans","floor":19},{"not_picked":["Guardian:Gem_Green","Guardian:Gem_Cyan"],"picked":"Guardian:Gem_Red","floor":20},{"not_picked":["Guardian:Gem_Cyan","Guardian:Reroute"],"picked":"Guardian:Gem_Purple","floor":20},{"not_picked":["Guardian:Gem_Lightblue","Guardian:Gem_Cyan"],"picked":"Guardian:Gem_Red","floor":22},{"not_picked":["Guardian:ArmoredProtocol","Guardian:Planning"],"picked":"Guardian:Suspension","floor":22},{"not_picked":["Guardian:Gem_Lightblue","Guardian:Gem_Red"],"picked":"Guardian:Gem_Cyan","floor":23},{"not_picked":["Guardian:Gem_Lightblue","Guardian:Gem_Purple"],"picked":"Guardian:CrystalBeam","floor":23}],"player_experience":335839,"relics_obtained":[{"floor":7,"key":"Pen Nib"},{"floor":12,"key":"Darkstone Periapt"},{"floor":23,"key":"TungstenRod"},{"floor":24,"key":"Regal Pillow"}],"event_choices":[],"is_beta":false,"boss_relics":[{"not_picked":["ReplayTheSpireMod:SealedPack","Empty Cage"],"picked":"expansioncontent:StudyCardRelic"}],"items_purged_floors":[],"is_endless":false,"potions_floor_spawned":[2,3,11,19,20,22],"killed_by":"Colosseum Nobs","ascension_level":1}}