{"host":"en4narc5947t7k9n","time":1613543635,"event":{"mods":["AchievementEnabler","BaseMod","Colored Map","Minty Spire (QoL Compilation)","SuperFastMode"],"gold_per_floor":[110,60,60,60,78,112,112,131,131,141,141,141,157,178,178,297,297,316,9,27,27,27,27,27,27,27,48,61,75,75,99,99,99,99],"floor_reached":33,"language":"KOR","playtime":1606,"items_purged":["Strike_R"],"score":249,"play_id":"120e959a-fd05-49ae-a139-3ff51832f03c","local_time":"20210217153355","is_ascension_mode":false,"campfire_choices":[{"data":"Searing Blow","floor":11,"key":"SMITH"},{"data":"Searing Blow+1","floor":15,"key":"SMITH"},{"data":"Infernal Blade","floor":23,"key":"SMITH"},{"data":"Infernal Blade","floor":30,"key":"SMITH"},{"data":"Searing Blow+2","floor":32,"key":"SMITH"}],"circlet_count":0,"master_deck":["Strike_R+1","Strike_R","Strike_R+1","Defend_R","Defend_R","Defend_R","Defend_R","Bash","Rage","Anger","Inflame","Cleave","Searing Blow+3","Warcry","Iron Wave","Double Tap","Anger","Discovery","Infernal Blade+1","J.A.X.","Infernal Blade+1","Carnage+1","Shrug It Off+1","Dropkick+1","Clash"],"relics":["Burning Blood","Happy Flower","Champion Belt","CultistMask","Eternal Feather","Golden Idol","SlaversCollar","Vajra","Question Card"],"acts_visited":["Exordium","TheCity"],"potions_floor_usage":[16,29,29,31,33],"damage_taken":[{"damage":1,"enemies":"Small Slimes","floor":1,"turns":4},{"damage":3,"enemies":"2 Louse","floor":5,"turns":3},{"damage":23,"enemies":"3 Sentries","floor":6,"turns":10},{"damage":1,"enemies":"Cultist","floor":8,"turns":3},{"damage":11,"enemies":"Large Slime","floor":10,"turns":4},{"damage":4,"enemies":"Blue Slaver","floor":13,"turns":4},{"damage":7,"enemies":"Looter","floor":14,"turns":3},{"damage":32,"enemies":"The Guardian","floor":16,"turns":9},{"damage":16,"enemies":"Shell Parasite","floor":18,"turns":5},{"damage":32,"enemies":"2 Thieves","floor":20,"turns":3},{"damage":29,"enemies":"Sentry and Sphere","floor":27,"turns":6},{"damage":8,"enemies":"Chosen and Byrds","floor":28,"turns":3},{"damage":15,"enemies":"Centurion and Healer","floor":29,"turns":5},{"damage":12,"enemies":"3 Cultists","floor":31,"turns":4},{"damage":81,"enemies":"Automaton","floor":33,"turns":6}],"seed_played":"-8739881904187484621","potions_obtained":[{"floor":8,"key":"BlessingOfTheForge"},{"floor":10,"key":"FearPotion"},{"floor":13,"key":"LiquidMemories"},{"floor":14,"key":"BlessingOfTheForge"},{"floor":16,"key":"BlessingOfTheForge"},{"floor":29,"key":"Strength Potion"}],"is_trial":false,"path_per_floor":["M","?","$","?","M","E","?","M","T","M","R","?","M","M","R","B",null,"M","$","M","?","?","R","?","$","T","M","M","M","R","M","R","B"],"character_chosen":"IRONCLAD","items_purchased":["Discovery","Vajra"],"campfire_rested":0,"item_purchase_floors":[19,19],"current_hp_per_floor":[80,80,80,64,67,50,50,55,55,50,56,36,38,37,46,20,80,70,70,44,44,44,56,56,56,56,33,31,22,34,28,43,0,0],"gold":99,"neow_bonus":"RANDOM_COMMON_RELIC","is_daily":false,"chose_seed":false,"campfire_upgraded":5,"win_rate":0.0,"timestamp":1613543635,"path_taken":["M","?","$","?","M","E","?","?","T","M","R","?","M","M","R","BOSS","M","$","M","?","?","R","?","?","T","M","M","M","R","M","R","BOSS"],"items_purchased_type":["Card","Relic"],"build_version":"2020-12-22","purchased_purges":1,"victory":false,"max_hp_per_floor":[80,80,80,80,80,80,80,80,80,80,80,80,80,80,80,80,80,80,80,80,80,80,80,80,80,80,80,80,80,80,80,80,80,80],"card_choices":[{"not_picked":["True Grit","Headbutt"],"picked":"Rage","floor":1},{"not_picked":["Wild Strike","Hemokinesis"],"picked":"Anger","floor":5},{"not_picked":["Havoc","Wild Strike"],"picked":"Inflame","floor":6},{"not_picked":["Pommel Strike","Twin Strike"],"picked":"Cleave","floor":8},{"not_picked":["Wild Strike","Rampage"],"picked":"Searing Blow","floor":10},{"not_picked":["Evolve","Flex"],"picked":"Warcry","floor":13},{"not_picked":["Combust","Sever Soul"],"picked":"Iron Wave","floor":14},{"not_picked":["Juggernaut","Fiend Fire"],"picked":"Double Tap","floor":16},{"not_picked":["Pommel Strike+1","Entrench"],"picked":"Anger","floor":18},{"not_picked":["Ghostly Armor","Pommel Strike"],"picked":"Infernal Blade","floor":20},{"not_picked":["Twin Strike","Clash","Hemokinesis"],"picked":"Carnage+1","floor":27},{"not_picked":["True Grit","Iron Wave","Carnage"],"picked":"Shrug It Off+1","floor":28},{"not_picked":["Cleave","Metallicize+1","Twin Strike"],"picked":"Dropkick+1","floor":29},{"not_picked":["Havoc","Clothesline","Shrug It Off"],"picked":"Clash","floor":31}],"player_experience":28917,"relics_obtained":[{"floor":6,"key":"Champion Belt"},{"floor":9,"key":"Eternal Feather"},{"floor":26,"key":"Question Card"}],"event_choices":[{"cards_removed":["Strike_R"],"damage_healed":0,"gold_gain":0,"player_choice":"Card Removal","damage_taken":0,"max_hp_gain":0,"max_hp_loss":0,"event_name":"The Cleric","floor":2,"gold_loss":50},{"damage_healed":0,"gold_gain":0,"player_choice":"Entered Light","damage_taken":16,"max_hp_gain":0,"max_hp_loss":0,"event_name":"Shining Light","floor":4,"gold_loss":0,"cards_upgraded":["Strike_R","Strike_R"]},{"damage_healed":0,"gold_gain":0,"player_choice":"Trade","damage_taken":0,"relics_obtained":["CultistMask"],"max_hp_gain":0,"max_hp_loss":0,"event_name":"FaceTrader","floor":7,"gold_loss":0},{"damage_healed":0,"gold_gain":0,"player_choice":"Take Damage","damage_taken":20,"relics_obtained":["Golden Idol"],"max_hp_gain":0,"max_hp_loss":0,"event_name":"Golden Idol","floor":12,"gold_loss":0},{"damage_healed":0,"gold_gain":0,"player_choice":"Obtain J.A.X.","damage_taken":0,"max_hp_gain":0,"max_hp_loss":0,"event_name":"Drug Dealer","floor":21,"gold_loss":0,"cards_obtained":["J.A.X."]},{"damage_healed":0,"gold_gain":0,"player_choice":"Read","damage_taken":0,"max_hp_gain":0,"max_hp_loss":0,"event_name":"The Library","floor":22,"gold_loss":0,"cards_obtained":["Infernal Blade"]},{"damage_healed":0,"gold_gain":0,"player_choice":"Ignored","damage_taken":0,"max_hp_gain":0,"max_hp_loss":0,"event_name":"Vampires","floor":24,"gold_loss":0}],"is_beta":false,"boss_relics":[{"not_picked":["Ectoplasm","Tiny House"],"picked":"SlaversCollar"}],"items_purged_floors":[19],"is_endless":false,"potions_floor_spawned":[8,10,13,14,16,27,29],"killed_by":"Automaton","ascension_level":0}}