{"host":"jngeqill3bw7azzz","time":1613571487,"event":{"mods":["BaseMod","Highlight Path","Minty Spire (QoL Compilation)","Permanent Neow","Relic Stats"],"gold_per_floor":[214,11,21,40,40,40,40],"floor_reached":6,"language":"ENG","playtime":409,"items_purged":[],"score":72,"play_id":"f4d6e646-b0ad-4db0-9caf-3cc2da91c730","local_time":"20210217091807","is_ascension_mode":true,"campfire_choices":[],"circlet_count":0,"master_deck":["AscendersBane","Strike_R","Strike_R","Strike_R","Strike_R","Strike_R+1","Defend_R","Defend_R","Defend_R","Defend_R","Bash+1","Blood for Blood","Inflame","Metallicize","Hemokinesis"],"relics":["Burning Blood","ClockworkSouvenir"],"acts_visited":["Exordium"],"potions_floor_usage":[6,6],"damage_taken":[{"damage":11,"enemies":"Jaw Worm","floor":1,"turns":5},{"damage":6,"enemies":"2 Louse","floor":3,"turns":3},{"damage":12,"enemies":"Small Slimes","floor":4,"turns":5},{"damage":35,"enemies":"3 Sentries","floor":6,"turns":6}],"seed_played":"51750934726316701","potions_obtained":[{"floor":1,"key":"ColorlessPotion"},{"floor":3,"key":"LiquidMemories"}],"is_trial":false,"path_per_floor":["M","$","M","M","?","E"],"character_chosen":"IRONCLAD","items_purchased":["ClockworkSouvenir","Inflame"],"campfire_rested":0,"item_purchase_floors":[2,2],"current_hp_per_floor":[63,63,63,57,34,0,0],"gold":40,"neow_bonus":"HUNDRED_GOLD","is_daily":false,"chose_seed":false,"campfire_upgraded":0,"win_rate":0.0,"timestamp":1613571487,"path_taken":["M","$","M","M","?","E"],"items_purchased_type":["Relic","Card"],"build_version":"2020-12-22","purchased_purges":0,"victory":false,"max_hp_per_floor":[75,75,75,75,75,75,75],"relic_stats":{"counters":[4,19],"obtain_stats":[{"Burning Blood":0,"ClockworkSouvenir":2},{"Burning Blood":0,"ClockworkSouvenir":1},{"Burning Blood":0,"ClockworkSouvenir":5}],"Burning Blood":18},"card_choices":[{"not_picked":["Cleave","True Grit"],"picked":"Blood for Blood","floor":1},{"not_picked":["Perfected Strike","Clothesline"],"picked":"Metallicize","floor":3},{"not_picked":["Shrug It Off","Reckless Charge"],"picked":"Hemokinesis","floor":4}],"player_experience":2658263,"relics_obtained":[],"event_choices":[{"damage_healed":0,"gold_gain":0,"player_choice":"Entered Light","damage_taken":23,"max_hp_gain":0,"max_hp_loss":0,"event_name":"Shining Light","floor":5,"gold_loss":0,"cards_upgraded":["Bash","Strike_R"]}],"is_beta":false,"boss_relics":[],"items_purged_floors":[],"is_endless":false,"potions_floor_spawned":[1,3],"killed_by":"3 Sentries","ascension_level":20}}