{"host":"zxd2l8an9de7z7b9","time":1613550311,"event":{"mods":["2.2 Compatiblity","AchievementEnabler","BaseMod","CapriCore","Colored Map","Colored Powertips","Minty Spire (QoL Compilation)","Rare Cards Sparkle","StSLib","SuperFastMode","everything is the same but u backflip on backflip"],"gold_per_floor":[117,67,67,78,78,78,104,104,104,115,290,290,290,304,304,407,407,419,89,101,101,101,101,120,20,20,37,37,67,81,59,59,160,160,178,226,239,114,125,125,125,125,125,140,155,166,178,178,178,178,178,178,28,62,62,62],"floor_reached":55,"language":"KOR","playtime":6768,"items_purged":["Strike_B","Strike_B","Strike_B","Defend_B"],"score":737,"play_id":"ebd50d77-0f9d-4329-9be6-93451cf33890","local_time":"20210217172511","is_ascension_mode":false,"campfire_choices":[{"data":"Redo","floor":6.0,"key":"SMITH"},{"data":"Dualcast","floor":8.0,"key":"SMITH"},{"data":"Chaos","floor":12.0,"key":"SMITH"},{"data":"Defragment","floor":15.0,"key":"SMITH"},{"data":"Zap","floor":23.0,"key":"SMITH"},{"floor":32.0,"key":"REST"},{"floor":40.0,"key":"REST"},{"floor":42.0,"key":"RECALL"},{"floor":49.0,"key":"REST"},{"data":"Aggregate","floor":52.0,"key":"SMITH"}],"circlet_count":0,"master_deck":["Defend_B","Defend_B","Zap+1","Dualcast+1","Defragment+1","Redo+1","Coolheaded","Chaos+1","Doubt","Decay","Cold Snap","Seek","Compile Driver+1","Consume+1","Hologram","Ghostly","Ghostly","Ghostly","Ghostly","Ghostly","Conserve Battery+1","Aggregate+1","Hologram","Echo Form+1","Cold Snap+1","Double Energy+1","Redo+1","Redo+1"],"relics":["Cracked Core","NeowsBlessing","Bottled Tornado","Gremlin Horn","Inserter","Cables","Orichalcum","Snecko Eye","TungstenRod","Lizard Tail","Art of War"],"acts_visited":["Exordium","TheCity","TheBeyond","TheEnding"],"potions_floor_usage":[55],"damage_taken":[{"damage":0.0,"enemies":"2 Louse","floor":1.0,"turns":1.0},{"damage":0.0,"enemies":"Cultist","floor":4.0,"turns":1.0},{"damage":0.0,"enemies":"3 Sentries","floor":7.0,"turns":1.0},{"damage":11.0,"enemies":"Jaw Worm","floor":10.0,"turns":3.0},{"damage":0.0,"enemies":"Large Slime","floor":14.0,"turns":5.0},{"damage":33.0,"enemies":"The Guardian","floor":16.0,"turns":14.0},{"damage":17.0,"enemies":"2 Thieves","floor":18.0,"turns":4.0},{"damage":9.0,"enemies":"3 Byrds","floor":20.0,"turns":4.0},{"damage":23.0,"enemies":"Shelled Parasite and Fungi","floor":24.0,"turns":9.0},{"damage":5.0,"enemies":"Cultist and Chosen","floor":27.0,"turns":5.0},{"damage":5.0,"enemies":"Book of Stabbing","floor":29.0,"turns":6.0},{"damage":0.0,"enemies":"Snecko","floor":30.0,"turns":6.0},{"damage":0.0,"enemies":"Automaton","floor":33.0,"turns":13.0},{"damage":23.0,"enemies":"3 Darklings","floor":35.0,"turns":7.0},{"damage":0.0,"enemies":"2 Orb Walkers","floor":36.0,"turns":7.0},{"damage":4.0,"enemies":"Orb Walker","floor":37.0,"turns":5.0},{"damage":4.0,"enemies":"4 Shapes","floor":39.0,"turns":15.0},{"damage":0.0,"enemies":"Transient","floor":44.0,"turns":5.0},{"damage":0.0,"enemies":"Jaw Worm Horde","floor":45.0,"turns":7.0},{"damage":10.0,"enemies":"Spire Growth","floor":46.0,"turns":8.0},{"damage":0.0,"enemies":"Maw","floor":47.0,"turns":10.0},{"damage":9.0,"enemies":"Awakened One","floor":50.0,"turns":13.0},{"damage":27.0,"enemies":"Shield and Spear","floor":54.0,"turns":16.0},{"damage":23,"enemies":"The Heart","floor":55,"turns":14}],"seed_played":"7352485871694867911","potions_obtained":[{"floor":1.0,"key":"PotionOfCapacity"},{"floor":5.0,"key":"Explosive Potion"},{"floor":5.0,"key":"PotionOfCapacity"},{"floor":16.0,"key":"GamblersBrew"},{"floor":18.0,"key":"Weak Potion"},{"floor":20.0,"key":"PowerPotion"},{"floor":27.0,"key":"Strength Potion"},{"floor":36.0,"key":"FocusPotion"},{"floor":37.0,"key":"DuplicationPotion"},{"floor":46.0,"key":"Weak Potion"},{"floor":47.0,"key":"BlessingOfTheForge"},{"floor":54.0,"key":"FocusPotion"}],"is_trial":false,"path_per_floor":["M","?","$","M","?","R","E","R","T","M","?","R","?","M","R","B",null,"M","$","M","?","?","R","M","$","T","M","?","E","M","$","R","B",null,"M","?","M","$","M","R","?","R","T","M","M","M","M","?","R","B",null,"R","$","E","B"],"character_chosen":"DEFECT","items_purchased":["Cables","Hologram"],"campfire_rested":3,"item_purchase_floors":[19,31],"current_hp_per_floor":[75,75,75,75,75,75,75,75,75,64,64,64,64,64,64,31,75,58,58,49,35,35,35,12,12,12,7,7,2,2,2,14,14,40,17,17,13,13,9,21,21,21,21,21,21,11,11,11,23,14,40,40,40,13,13,13],"gold":62,"neow_bonus":"THREE_ENEMY_KILL","is_daily":false,"chose_seed":false,"campfire_upgraded":6,"win_rate":0.0,"timestamp":1613550311,"path_taken":["M","?","$","M","?","R","E","R","T","?","?","R","?","?","R","BOSS","M","$","M","?","?","R","M","$","T","M","?","E","?","?","R","BOSS","M","?","M","$","M","R","?","R","T","M","M","M","M","?","R","BOSS","R","$","E","BOSS"],"items_purchased_type":["Relic","Card"],"build_version":"2020-12-22","purchased_purges":4,"victory":false,"max_hp_per_floor":[75,75,75,75,75,75,75,75,75,75,75,75,75,75,75,75,75,75,75,75,80,80,80,80,80,80,80,40,40,40,40,40,40,40,40,40,40,40,40,40,40,40,40,40,40,40,40,40,40,40,40,40,40,40,40,40],"card_choices":[{"not_picked":["Consume","Rebound"],"picked":"Defragment","floor":1.0},{"not_picked":["Go for the Eyes","Stack"],"picked":"Redo","floor":4.0},{"not_picked":["Lockon","Leap"],"picked":"Coolheaded","floor":7.0},{"not_picked":["Cold Snap","Reinforced Body"],"picked":"Chaos","floor":10.0},{"not_picked":["Gash","Beam Cell"],"picked":"Cold Snap","floor":14.0},{"not_picked":["Multi-Cast","Biased Cognition"],"picked":"Seek","floor":16.0},{"not_picked":["Auto Shields","Gash"],"picked":"Compile Driver+1","floor":18.0},{"not_picked":["Defragment","Undo"],"picked":"Consume+1","floor":20.0},{"not_picked":["Gash+1","Sweeping Beam+1"],"picked":"Hologram","floor":24.0},{"not_picked":["Turbo","Tempest","BootSequence"],"picked":"SKIP","floor":27.0},{"not_picked":["Recycle","Gash"],"picked":"Conserve Battery+1","floor":29.0},{"not_picked":["Auto Shields","Steam"],"picked":"Aggregate","floor":30.0},{"not_picked":["Rainbow","Electrodynamics"],"picked":"Echo Form","floor":33.0},{"not_picked":["Barrage+1","Defragment+1"],"picked":"Cold Snap+1","floor":35.0},{"not_picked":["Genetic Algorithm+1","Defragment"],"picked":"Double Energy+1","floor":36.0},{"not_picked":["Gash+1","Ball Lightning+1"],"picked":"Redo+1","floor":37.0},{"not_picked":["Buffer","Ball Lightning+1"],"picked":"Redo+1","floor":39.0},{"not_picked":["Stack","Fusion","Barrage"],"picked":"SKIP","floor":44.0},{"not_picked":["Auto Shields","Beam Cell+1","Sweeping Beam"],"picked":"SKIP","floor":45.0},{"not_picked":["Compile Driver+1","Conserve Battery","Beam Cell"],"picked":"SKIP","floor":46.0},{"not_picked":["Coolheaded","Go for the Eyes","Beam Cell"],"picked":"SKIP","floor":47.0},{"not_picked":["Beam Cell","Double Energy","Conserve Battery"],"picked":"SKIP","floor":54.0}],"player_experience":370584,"relics_obtained":[{"floor":7.0,"key":"Bottled Tornado"},{"floor":9.0,"key":"Gremlin Horn"},{"floor":29.0,"key":"Orichalcum"},{"floor":36.0,"key":"TungstenRod"},{"floor":43.0,"key":"Lizard Tail"},{"floor":54.0,"key":"Art of War"}],"event_choices":[{"cards_removed":["Strike_B"],"damage_healed":0.0,"max_hp_gain":0.0,"max_hp_loss":0.0,"gold_gain":0.0,"event_name":"The Cleric","player_choice":"Card Removal","floor":2.0,"gold_loss":50.0,"damage_taken":0.0},{"damage_healed":0.0,"max_hp_gain":0.0,"max_hp_loss":0.0,"gold_gain":0.0,"event_name":"Lab","player_choice":"Got Potions","floor":5.0,"gold_loss":0.0,"damage_taken":0.0},{"damage_healed":0.0,"max_hp_gain":0.0,"max_hp_loss":0.0,"gold_gain":175.0,"event_name":"Liars Game","player_choice":"AGREE","floor":11.0,"gold_loss":0.0,"damage_taken":0.0,"cards_obtained":["Doubt"]},{"damage_healed":0.0,"max_hp_gain":0.0,"max_hp_loss":0.0,"gold_gain":0.0,"event_name":"Wheel of Change","player_choice":"Cursed","floor":13.0,"gold_loss":0.0,"damage_taken":0.0,"cards_obtained":["Decay"]},{"damage_healed":0.0,"max_hp_gain":5.0,"max_hp_loss":0.0,"gold_gain":0.0,"event_name":"Forgotten Altar","player_choice":"Shed Blood","floor":21.0,"gold_loss":0.0,"damage_taken":19.0},{"damage_healed":0.0,"max_hp_gain":0.0,"max_hp_loss":0.0,"gold_gain":0.0,"event_name":"The Mausoleum","player_choice":"Ignored","floor":22.0,"gold_loss":0.0,"damage_taken":0.0},{"damage_healed":0.0,"max_hp_gain":0.0,"max_hp_loss":40.0,"gold_gain":0.0,"event_name":"Ghosts","player_choice":"Became a Ghost","floor":28.0,"gold_loss":0.0,"damage_taken":0.0,"cards_obtained":["Ghostly","Ghostly","Ghostly","Ghostly","Ghostly"]},{"damage_healed":0.0,"max_hp_gain":0.0,"max_hp_loss":0.0,"gold_gain":0.0,"event_name":"Mysterious Sphere","player_choice":"Fight","floor":36.0,"gold_loss":0.0,"damage_taken":0.0},{"cards_removed":["Defend_B"],"damage_healed":0.0,"max_hp_gain":0.0,"max_hp_loss":0.0,"gold_gain":0.0,"event_name":"Falling","player_choice":"Removed Skill","floor":41.0,"gold_loss":0.0,"damage_taken":0.0},{"damage_healed":0.0,"max_hp_gain":0.0,"max_hp_loss":0.0,"gold_gain":0.0,"event_name":"Upgrade Shrine","player_choice":"Upgraded","floor":48.0,"gold_loss":0.0,"damage_taken":0.0,"cards_upgraded":["Echo Form"]}],"is_beta":false,"boss_relics":[{"not_picked":["Nuclear Battery","Empty Cage"],"picked":"Inserter"},{"not_picked":["FrozenCore","Sozu"],"picked":"Snecko Eye"}],"items_purged_floors":[19,25,38,53],"is_endless":false,"potions_floor_spawned":[1,16,18,20,27,36,37,46,47,54],"killed_by":"The Heart","ascension_level":0}}