{"host":"anwy0on6frka0i3a","time":1613600479,"event":{"mods":["AchievementEnabler","BaseMod","Colored Powertips","Highlight Path","Minty Spire (QoL Compilation)","Rare Cards Sparkle","Relic Sorter","Relic Stats","StSLib","Waifu the Spire"],"gold_per_floor":[114,133,145,115,128,156,156,190,190,18,32,32,48,74,74,74,74],"floor_reached":16,"language":"ENG","playtime":3190,"items_purged":[],"score":201,"play_id":"18364d3b-27e2-4e40-bfe4-086f3ee5fe48","local_time":"20210217172119","is_ascension_mode":true,"campfire_choices":[{"data":"Fasting2","floor":7,"key":"SMITH"},{"floor":12,"key":"REST"},{"data":"TalkToTheHand","floor":15,"key":"SMITH"}],"circlet_count":0,"master_deck":["AscendersBane","Strike_P","Strike_P","Strike_P","Strike_P","Defend_P","Defend_P","Defend_P","Defend_P","Eruption","Vigilance","Consecrate","Protect","Wallop","Halt","CarveReality","Fasting2+1","SpiritShield","Wireheading","TalkToTheHand+1","MentalFortress"],"relics":["PureWater","Boot","Mummified Hand","TungstenRod","WingedGreaves"],"acts_visited":[],"potions_floor_usage":[8,11,11,16],"damage_taken":[{"damage":0.0,"enemies":"2 Louse","floor":1.0,"turns":3.0},{"damage":0.0,"enemies":"Cultist","floor":2.0,"turns":3.0},{"damage":0.0,"enemies":"Jaw Worm","floor":3.0,"turns":3.0},{"damage":11.0,"enemies":"3 Louse","floor":5.0,"turns":5.0},{"damage":6.0,"enemies":"3 Sentries","floor":6.0,"turns":4.0},{"damage":24,"enemies":"Gremlin Nob","floor":8,"turns":3},{"damage":4,"enemies":"Exordium Wildlife","floor":11,"turns":3},{"damage":0,"enemies":"2 Fungi Beasts","floor":13,"turns":3},{"damage":5,"enemies":"3 Sentries","floor":14,"turns":4},{"damage":39,"enemies":"Hexaghost","floor":16,"turns":9}],"seed_played":"-7050025671219208982","potions_obtained":[{"floor":2.0,"key":"Ancient Potion"},{"floor":4.0,"key":"LiquidMemories"},{"floor":4.0,"key":"FearPotion"},{"floor":11,"key":"Ancient Potion"},{"floor":13,"key":"Weak Potion"}],"is_trial":false,"path_per_floor":["M","M","M","?","M","E","R","E","T","$","M","R","M","E","R","B"],"character_chosen":"WATCHER","items_purchased":["Wireheading","PowerPotion","BottledMiracle"],"campfire_rested":1,"item_purchase_floors":[10,10,10],"current_hp_per_floor":[65,65,65,65,54,48,48,24,24,24,20,41,41,36,36,0,0],"gold":74,"neow_bonus":"THREE_CARDS","is_daily":false,"chose_seed":false,"campfire_upgraded":2,"win_rate":0.0,"timestamp":1613600479,"path_taken":["M","M","M","?","?","E","R","E","T","?","M","R","?","E","R","BOSS"],"items_purchased_type":["Card","Potion","Potion"],"build_version":"2020-12-22","purchased_purges":0,"victory":false,"max_hp_per_floor":[72,72,72,72,72,72,72,72,72,72,72,72,72,72,72,72,72],"relic_stats":{"counters":[10,40],"Mummified Hand":[15],"Boot":[3],"obtain_stats":[{"Mummified Hand":8,"WingedGreaves":14,"PureWater":0,"Boot":6,"TungstenRod":9},{"Mummified Hand":6,"WingedGreaves":9,"PureWater":0,"Boot":5,"TungstenRod":6},{"Mummified Hand":21,"WingedGreaves":31,"PureWater":0,"Boot":18,"TungstenRod":21}],"TungstenRod":8},"card_choices":[{"not_picked":["Collect","CutThroughFate"],"picked":"Consecrate","floor":0.0},{"not_picked":["FlyingSleeves","Pray"],"picked":"Protect","floor":1.0},{"not_picked":["Nirvana","Evaluate"],"picked":"Wallop","floor":2.0},{"not_picked":["ReachHeaven","BowlingBash"],"picked":"Halt","floor":3.0},{"not_picked":["FlyingSleeves","BowlingBash"],"picked":"CarveReality","floor":5.0},{"not_picked":["JustLucky","EmptyBody"],"picked":"Fasting2","floor":6.0},{"not_picked":["Halt","Collect"],"picked":"SpiritShield","floor":8},{"not_picked":["FlyingSleeves","Swivel"],"picked":"TalkToTheHand","floor":11},{"not_picked":["EmptyFist","Weave"],"picked":"MentalFortress","floor":13},{"not_picked":["Swivel","Prostrate","Protect"],"picked":"SKIP","floor":14}],"player_experience":1446770,"relics_obtained":[{"floor":6.0,"key":"Boot"},{"floor":8,"key":"Mummified Hand"},{"floor":9,"key":"TungstenRod"},{"floor":14,"key":"WingedGreaves"}],"event_choices":[{"damage_healed":0.0,"max_hp_gain":0.0,"max_hp_loss":0.0,"gold_gain":0.0,"event_name":"The Woman in Blue","player_choice":"Bought 2 Potions","floor":4.0,"gold_loss":0.0,"damage_taken":0.0}],"is_beta":false,"boss_relics":[],"items_purged_floors":[],"is_endless":false,"potions_floor_spawned":[2,5,11,13],"killed_by":"Hexaghost","ascension_level":13}}