{"host":"dl909bjyolgrn2uw","time":1613520258,"event":{"mods":["2.2 Compatiblity","BaseMod","Bestiary","Better Altar","Better Note","Better Sensory Stone","Better Skull","Better Vampires","Better-Laid Plans","Colored Powertips","Curses Come First","Disable Question Mark Monsters","Displayed Cursed Tome","Emptier Cage","Minty Spire (QoL Compilation)","Morshu Shopkeeper","Permanent Neow","Rare Cards Sparkle","Relic Stats","Shop Mod","Spicy Shops","StSLib","SuperFastMode","Transform Curses"],"gold_per_floor":[118,118,118,132,152,152,185,185,185,185,198,42,56,75,75,169,169,184,184,204,228,246,277,34,34,34,69,4,27,27,41,41,140,140,156,156,169,500,74,115,115,115,115,131,17,40,40,55,55,55],"floor_reached":51,"language":"ENG","playtime":2855,"items_purged":["Strike_R","Normality","Writhe"],"score":1288,"play_id":"6b6eab37-a735-42df-b39f-73ee18c18288","local_time":"20210216180418","is_ascension_mode":true,"campfire_choices":[{"data":"Headbutt","floor":6.0,"key":"SMITH"},{"floor":8.0,"key":"REST"},{"data":"Uppercut","floor":15.0,"key":"SMITH"},{"data":"Fiend Fire","floor":25.0,"key":"SMITH"},{"floor":30.0,"key":"REST"},{"data":"Spot Weakness","floor":32.0,"key":"SMITH"},{"data":"Fiend Fire","floor":41,"key":"SMITH"},{"floor":47,"key":"REST"},{"data":"Spot Weakness","floor":49,"key":"SMITH"}],"circlet_count":0,"master_deck":["AscendersBane","Strike_R+1","Strike_R+1","Strike_R+1","Defend_R+1","Defend_R+1","Defend_R+1","Defend_R+1","Bash+1","Clothesline","Armaments","Headbutt+1","Disarm","Uppercut+1","Pummel","Fiend Fire+1","Feel No Pain","Shrug It Off","Offering","Cleave","Evolve","Burning Pact+1","Spot Weakness+1","Corruption+1","Shockwave+1","Flame Barrier+1","Flame Barrier","Feel No Pain+1","Spot Weakness+1","Fiend Fire+1","Flame Barrier","Heavy Blade","Reaper"],"relics":["Velvet Choker","Golden Idol","CaptainsWheel","Darkstone Periapt","Snecko Eye","Pocketwatch","Bag of Marbles","Frozen Egg 2","Sundial","Calipers","Runic Dome","Old Coin","Vajra","Orrery","Akabeko","Champion Belt"],"acts_visited":["Exordium","TheCity","TheBeyond"],"potions_floor_usage":[50,50,50],"damage_taken":[{"damage":0.0,"enemies":"Cultist","floor":1.0,"turns":3.0},{"damage":2.0,"enemies":"Jaw Worm","floor":4.0,"turns":2.0},{"damage":2.0,"enemies":"2 Louse","floor":5.0,"turns":3.0},{"damage":19.0,"enemies":"3 Sentries","floor":7.0,"turns":8.0},{"damage":2.0,"enemies":"Looter","floor":11.0,"turns":3.0},{"damage":5.0,"enemies":"Red Slaver","floor":13.0,"turns":3.0},{"damage":12.0,"enemies":"Exordium Wildlife","floor":14.0,"turns":5.0},{"damage":22.0,"enemies":"The Guardian","floor":16.0,"turns":11.0},{"damage":6.0,"enemies":"Spheric Guardian","floor":18.0,"turns":3.0},{"damage":3.0,"enemies":"Shell Parasite","floor":20.0,"turns":3.0},{"damage":0.0,"enemies":"Snecko","floor":21.0,"turns":3.0},{"damage":0.0,"enemies":"Cultist and Chosen","floor":22.0,"turns":5.0},{"damage":10.0,"enemies":"Slavers","floor":23.0,"turns":6.0},{"damage":12.0,"enemies":"Gremlin Leader","floor":27.0,"turns":4.0},{"damage":14.0,"enemies":"Shelled Parasite and Fungi","floor":29.0,"turns":4.0},{"damage":7.0,"enemies":"Sentry and Sphere","floor":31.0,"turns":4.0},{"damage":17.0,"enemies":"Collector","floor":33.0,"turns":4.0},{"damage":7,"enemies":"3 Darklings","floor":35,"turns":5},{"damage":0,"enemies":"Orb Walker","floor":37,"turns":2},{"damage":0,"enemies":"Mind Bloom Boss Battle","floor":38,"turns":7},{"damage":34,"enemies":"Reptomancer","floor":40,"turns":4},{"damage":0,"enemies":"Maw","floor":44,"turns":5},{"damage":0,"enemies":"Spire Growth","floor":46,"turns":4},{"damage":0,"enemies":"Transient","floor":48,"turns":6},{"damage":25,"enemies":"Donu and Deca","floor":50,"turns":9}],"seed_played":"-6435808601589388954","potions_obtained":[{"floor":4.0,"key":"Strength Potion"},{"floor":13.0,"key":"SteroidPotion"},{"floor":14.0,"key":"DuplicationPotion"},{"floor":27.0,"key":"BloodPotion"},{"floor":29.0,"key":"Dexterity Potion"},{"floor":31.0,"key":"Strength Potion"},{"floor":35,"key":"Swift Potion"}],"is_trial":false,"path_per_floor":["M","?","?","M","M","R","E","R","T","?","M","$","M","M","R","B",null,"M","?","M","M","M","E","$","R","T","E","?","M","R","M","R","B",null,"M","?","M","?","$","E","R","?","T","M","$","M","R","M","R","B",null],"character_chosen":"IRONCLAD","items_purchased":["Uppercut","Bag of Marbles","Evolve","Flame Barrier","Vajra","Orrery","BloodPotion"],"campfire_rested":3,"item_purchase_floors":[12,24,24,39,39,39,45],"current_hp_per_floor":[68,68,42,40,38,38,19,41,41,46,44,44,39,27,27,5,61,55,55,52,52,52,42,48,48,48,36,36,22,47,57,57,40,75,68,68,68,68,74,40,40,40,40,40,40,47,74,86,86,92],"gold":55,"neow_bonus":"BOSS_RELIC","is_daily":false,"chose_seed":false,"campfire_upgraded":6,"win_rate":0.0,"timestamp":1613520258,"path_taken":["M","?","?","M","M","R","E","R","T","?","M","$","M","M","R","BOSS","M","?","M","M","M","E","$","R","T","E","?","M","R","M","R","BOSS","M","?","M","?","$","E","R","?","T","?","$","M","R","M","R","BOSS"],"items_purchased_type":["Card","Relic","Card","Card","Relic","Relic","Potion"],"build_version":"2020-12-22","purchased_purges":3,"victory":true,"max_hp_per_floor":[75,75,75,75,75,75,75,75,75,80,80,80,80,80,80,80,80,80,80,80,80,80,80,86,86,86,86,86,86,86,86,86,86,86,86,86,86,86,92,92,92,92,92,92,92,92,92,92,92,92],"relic_stats":{"Darkstone Periapt":12,"counters":[25,116],"Golden Idol":150,"Sundial":[10],"Snecko Eye":[155,143,147,158],"Champion Belt":[19],"obtain_stats":[{"Darkstone Periapt":9,"Calipers":28,"Golden Idol":3,"Velvet Choker":0,"Vajra":39,"Frozen Egg 2":26,"Burning Blood":0,"Akabeko":40,"Old Coin":38,"Runic Dome":34,"CaptainsWheel":7,"Sundial":27,"Snecko Eye":17,"Orrery":39,"Bag of Marbles":24,"Champion Belt":43,"Pocketwatch":23},{"Darkstone Periapt":4,"Calipers":14,"Golden Idol":1,"Velvet Choker":0,"Vajra":20,"Frozen Egg 2":13,"Burning Blood":0,"Akabeko":21,"Old Coin":20,"Runic Dome":17,"CaptainsWheel":4,"Sundial":14,"Snecko Eye":8,"Orrery":20,"Bag of Marbles":13,"Champion Belt":21,"Pocketwatch":13},{"Darkstone Periapt":16,"Calipers":62,"Golden Idol":3,"Velvet Choker":0,"Vajra":88,"Frozen Egg 2":58,"Burning Blood":0,"Akabeko":92,"Old Coin":88,"Runic Dome":74,"CaptainsWheel":16,"Sundial":62,"Snecko Eye":38,"Orrery":88,"Bag of Marbles":58,"Champion Belt":92,"Pocketwatch":58}],"Pocketwatch":[39]},"card_choices":[{"not_picked":["Twin Strike","Body Slam"],"picked":"Clothesline","floor":1.0},{"not_picked":["Rupture","Seeing Red"],"picked":"Armaments","floor":4.0},{"not_picked":["Entrench","Havoc"],"picked":"Headbutt","floor":5.0},{"not_picked":["Seeing Red","Rage"],"picked":"Disarm","floor":7.0},{"not_picked":["True Grit","Headbutt"],"picked":"Anger","floor":11.0},{"not_picked":["Berserk","Wild Strike"],"picked":"Pummel","floor":13.0},{"not_picked":["Dropkick","Flex","Fire Breathing"],"picked":"SKIP","floor":14.0},{"not_picked":["Brutality","Double Tap"],"picked":"Fiend Fire","floor":16.0},{"not_picked":["Bloodletting","Headbutt"],"picked":"Feel No Pain","floor":18.0},{"not_picked":["Rampage+1","True Grit+1"],"picked":"Shrug It Off","floor":20.0},{"not_picked":["Bloodletting","Headbutt","Heavy Blade"],"picked":"SKIP","floor":21.0},{"not_picked":["Clothesline","Cleave"],"picked":"Offering","floor":22.0},{"not_picked":["Wild Strike","Power Through"],"picked":"Cleave","floor":23.0},{"not_picked":["True Grit","Iron Wave","Wild Strike"],"picked":"SKIP","floor":27.0},{"not_picked":["Thunderclap","Shrug It Off"],"picked":"Burning Pact+1","floor":29.0},{"not_picked":["Anger","Body Slam+1"],"picked":"Spot Weakness","floor":31.0},{"not_picked":["Demon Form+1","Juggernaut+1"],"picked":"Corruption+1","floor":33.0},{"not_picked":["Armaments","Flex+1"],"picked":"Shockwave+1","floor":35},{"not_picked":["Sentinel","Cleave+1","Thunderclap"],"picked":"SKIP","floor":37},{"not_picked":["Burning Pact","Thunderclap"],"picked":"Flame Barrier+1","floor":38},{"not_picked":["Rampage","Heavy Blade"],"picked":"Feel No Pain+1","floor":39},{"not_picked":["Intimidate","Infernal Blade"],"picked":"Spot Weakness","floor":39},{"not_picked":["Sword Boomerang","Ghostly Armor"],"picked":"Fiend Fire","floor":39},{"not_picked":["Armaments","Seeing Red"],"picked":"Flame Barrier","floor":40},{"not_picked":["Headbutt+1","Wild Strike"],"picked":"Reaper","floor":44},{"not_picked":["Sword Boomerang","Havoc","Flex+1"],"picked":"SKIP","floor":46},{"not_picked":["Wild Strike","Pummel+1","Bloodletting"],"picked":"SKIP","floor":48}],"player_experience":455773,"relics_obtained":[{"floor":7.0,"key":"CaptainsWheel"},{"floor":9.0,"key":"Darkstone Periapt"},{"floor":23.0,"key":"Pocketwatch"},{"floor":26.0,"key":"Frozen Egg 2"},{"floor":27.0,"key":"Sundial"},{"floor":38,"key":"Old Coin"},{"floor":40,"key":"Akabeko"},{"floor":43,"key":"Champion Belt"}],"event_choices":[{"damage_healed":0.0,"max_hp_gain":0.0,"max_hp_loss":0.0,"gold_gain":0.0,"event_name":"Living Wall","player_choice":"Grow","floor":2.0,"gold_loss":0.0,"damage_taken":0.0,"cards_upgraded":["Bash"]},{"damage_healed":0.0,"max_hp_gain":0.0,"max_hp_loss":0.0,"gold_gain":0.0,"event_name":"Golden Idol","player_choice":"Take Damage","floor":3.0,"gold_loss":0.0,"damage_taken":26.0,"relics_obtained":["Golden Idol"]},{"damage_healed":0.0,"max_hp_gain":5.0,"max_hp_loss":0.0,"gold_gain":0.0,"event_name":"Big Fish","player_choice":"Donut","floor":10.0,"gold_loss":0.0,"damage_taken":0.0},{"damage_healed":0.0,"max_hp_gain":0.0,"max_hp_loss":0.0,"gold_gain":0.0,"event_name":"Back to Basics","player_choice":"Simplicity","floor":19.0,"gold_loss":0.0,"damage_taken":0.0,"cards_upgraded":["Strike_R","Strike_R","Strike_R","Strike_R","Defend_R","Defend_R","Defend_R","Defend_R"]},{"damage_healed":0.0,"max_hp_gain":0.0,"max_hp_loss":0.0,"gold_gain":0.0,"event_name":"WeMeetAgain","player_choice":"Paid Gold","floor":28.0,"gold_loss":65.0,"damage_taken":0.0,"relics_obtained":["Calipers"]},{"cards_removed":["Strike_R"],"damage_healed":0,"gold_gain":0,"player_choice":"Removed Attack","damage_taken":0,"max_hp_gain":0,"max_hp_loss":0,"event_name":"Falling","floor":36,"gold_loss":0},{"damage_healed":0,"gold_gain":0,"player_choice":"Fight","damage_taken":0,"max_hp_gain":0,"max_hp_loss":0,"event_name":"MindBloom","floor":38,"gold_loss":0},{"damage_healed":0,"gold_gain":0,"cards_transformed":["Anger"],"player_choice":"Transformed","damage_taken":0,"max_hp_gain":0,"max_hp_loss":0,"event_name":"Transmorgrifier","floor":42,"gold_loss":0,"cards_obtained":["Heavy Blade"]}],"is_beta":false,"boss_relics":[{"not_picked":["Coffee Dripper","Cursed Key"],"picked":"Snecko Eye"},{"not_picked":["Tiny House","Runic Cube"],"picked":"Runic Dome"}],"items_purged_floors":[12,24,39],"is_endless":false,"potions_floor_spawned":[4,13,14,16,18,20,27,29,31,35,38,48],"ascension_level":17}}