{"host":"bn87sd5i5v2seh82","time":1613577556,"event":{"mods":["Aspiration","BaseMod","Beaked The Cultist","Better Third Choice","BetterRewards","Colored Map","Conspire","Custom Start","Downfall","Friendly Minions","GifTheSpireLib","Halation","Hermit","Highlight Path","Hubris","Infinite Spire","Jedi Mod","Mimic Mod","Minty Spire (QoL Compilation)","Replay The Spire","Spikes Relics","StSLib","Stuff the Spire","SuperFastMode","The Hierophant","The Showman"],"gold_per_floor":[112,112,112,129,54,71,71,82,114,114,14,26,26,38,38,134,134,146,146,180,180,198,230,230,265,265,283,298,326,326,338,338,440,440,457,471,489,505,227,227,257,276,276,292,292,292,292,292,292,292,292,292,128,158,158,158],"floor_reached":55,"language":"ENG","playtime":2889,"items_purged":["theShowman:BasicStrike","theShowman:BasicStrike","theShowman:VanishingStrike","theShowman:VanishingStrike"],"score":874,"play_id":"8d063b95-7cc4-4cd8-99cb-86c463818a73","local_time":"20210217155916","is_ascension_mode":false,"campfire_choices":[{"data":"theShowman:BlackJack","floor":13,"key":"SMITH"},{"floor":15,"key":"RECALL"},{"data":"theShowman:AGrossDisplay","floor":24,"key":"SMITH"},{"floor":30,"key":"REST"},{"floor":32,"key":"REST"},{"data":"hubris:Fate","floor":40,"key":"SMITH"},{"data":"Replay:Fractal Strike","floor":45,"key":"SMITH"},{"data":"StuffTheSpire:BrainWave","floor":49,"key":"SMITH"},{"data":"hermit:Covet","floor":52,"key":"SMITH"}],"circlet_count":0,"master_deck":["theShowman:BasicDefend","theShowman:VanishingDefend","theShowman:VanishingDefend","theShowman:CardPickup52","theShowman:StageHook","theShowman:BlackJack+1","theShowman:FullHouse","Doubt","Calculated Gamble","theShowman:ExaggeratedArmSweeps+1","theShowman:BlackJack+1","jedi:pocketpoison","StuffTheSpire:DoubleShiv","theShowman:AGrossDisplay+1","theShowman:StrongArm+1","hubris:Fate+1","Backstab","theShowman:PocketSand","StuffTheSpire:Incantation","ReplayTheSpireMod:Compounding Headache","Replay:Fractal Strike+1","Bandage Up","hermit:Covet+1","theShowman:PocketSand+1","downfall:Icky","CloudedMind","infinitespire:DeathsTouch","StuffTheSpire:BrainWave+1","Crow Ritual"],"relics":["theShowman:ThirdTimeCharm","hubris:DisguiseKit","conspire:RunicOctahedron","aspiration:EmptySkull","Red Mask","infinitespire:Broken Mirror","conspire:Boomerang","BicycleWheel","BrokenLever","infinitespire:PuzzleCube","ReplayTheSpireMod:SealedPack","halation:BottledHappiness","Happy Flower","StuffTheSpire:Rhapsscallions","InkBottle"],"acts_visited":["Exordium","TheCity","TheBeyond","TheEnding"],"potions_floor_usage":[8,16,18,20,29,29,33,37,38,44],"damage_taken":[{"damage":0,"enemies":"conspire:RoseBush","floor":1,"turns":2},{"damage":1,"enemies":"Jaw Worm","floor":4,"turns":3},{"damage":0,"enemies":"Cultist","floor":6,"turns":3},{"damage":4,"enemies":"Exordium Thugs","floor":8,"turns":4},{"damage":0,"enemies":"Red Slaver","floor":9,"turns":6},{"damage":2,"enemies":"Red Slaver","floor":12,"turns":2},{"damage":6,"enemies":"3 Louse","floor":14,"turns":2},{"damage":53,"enemies":"Slime Boss","floor":16,"turns":10},{"damage":10,"enemies":"3 Byrds","floor":18,"turns":3},{"damage":18,"enemies":"Masked Bandits","floor":20,"turns":4},{"damage":0,"enemies":"Shell Parasite","floor":22,"turns":2},{"damage":2,"enemies":"conspire:SneckoGhost","floor":23,"turns":2},{"damage":21,"enemies":"Slavers","floor":25,"turns":5},{"damage":0,"enemies":"Centurion and Healer","floor":27,"turns":2},{"damage":0,"enemies":"Snecko","floor":28,"turns":1},{"damage":5,"enemies":"Gremlin Leader","floor":29,"turns":3},{"damage":1,"enemies":"Chosen and Byrds","floor":31,"turns":4},{"damage":2,"enemies":"hubris:MusketHawk","floor":33,"turns":3},{"damage":3,"enemies":"3 Darklings","floor":35,"turns":2},{"damage":1,"enemies":"Orb Walker","floor":36,"turns":2},{"damage":0,"enemies":"Writhing Mass","floor":37,"turns":2},{"damage":8,"enemies":"Sphere and 2 Shapes","floor":38,"turns":3},{"damage":2,"enemies":"R_Hoarder","floor":41,"turns":5},{"damage":0,"enemies":"Maw","floor":42,"turns":2},{"damage":7,"enemies":"3 Darklings","floor":44,"turns":2},{"damage":22,"enemies":"conspire:OrnateMirror","floor":50,"turns":2},{"damage":0,"enemies":"Shield and Spear","floor":54,"turns":1},{"damage":74,"enemies":"The Heart","floor":55,"turns":5}],"seed_played":"-7596344128112246208","potions_obtained":[{"floor":4,"key":"Weak Potion"},{"floor":14,"key":"BlessingOfTheForge"},{"floor":16,"key":"champ:CounterPotion"},{"floor":18,"key":"ColorlessPotion"},{"floor":25,"key":"Dexterity Potion"},{"floor":27,"key":"SteroidPotion"},{"floor":29,"key":"Languid Potion"},{"floor":36,"key":"LifebloodPotion"},{"floor":37,"key":"hexamod:SoulburnPotion"},{"floor":38,"key":"infinitespire:BlackPotion"}],"is_trial":false,"path_per_floor":["M","?","?","M","$","M","?","M","MIM","?","$","M","R","M","R","B",null,"M","?","?","AVR","M","E","R","E","T","M","M","E","R","M","R","B",null,"M","M","M","M","$","R","E","M","T","M","R","?","?","?","R","B",null,"R","$","E","B"],"character_chosen":"THE_SHOWMAN","items_purchased":["theShowman:BlackJack","halation:BottledHappiness","Crow Ritual"],"campfire_rested":2,"item_purchase_floors":[0,39,53],"current_hp_per_floor":[75,75,75,74,74,74,74,70,70,70,70,68,68,62,62,9,75,65,65,47,47,47,45,45,39,39,39,39,34,56,55,75,73,75,75,74,74,67,67,67,69,73,75,72,72,72,72,70,70,48,70,70,70,70,0,0],"gold":158,"neow_bonus":"","is_daily":false,"chose_seed":false,"campfire_upgraded":6,"win_rate":0.0,"timestamp":1613577556,"path_taken":["M","?","?","?","?","M","?","M","MIM","?","$","?","R","?","R","BOSS","M","?","?","AVR","?","E","R","E","T","M","M","E","R","M","R","BOSS","M","?","M","?","$","R","E","M","T","M","R","?","?","?","R","BOSS","R","$","E","BOSS"],"items_purchased_type":["Card","Relic","Card"],"build_version":"2020-12-22","purchased_purges":4,"victory":false,"max_hp_per_floor":[75,75,75,75,75,75,75,75,75,75,75,75,75,75,75,75,75,75,75,75,75,75,75,75,75,75,75,75,75,75,75,75,75,75,75,75,75,75,75,75,75,75,77,77,77,77,77,70,70,70,70,70,70,70,70,70],"card_choices":[{"not_picked":["theShowman:FlashyFlourish","theShowman:GotYourNose"],"picked":"theShowman:FullHouse","floor":1},{"not_picked":["theShowman:NowYouDont","theShowman:PocketSand","theShowman:Toro"],"picked":"Calculated Gamble","floor":4},{"not_picked":["theShowman:WillingVolunteer","theShowman:ThreeCardMonty","Noxious Fumes"],"picked":"theShowman:ExaggeratedArmSweeps","floor":6},{"not_picked":["theShowman:CrashingLights","theShowman:SleightedHand","StuffTheSpire:Python"],"picked":"theShowman:BlackJack","floor":8},{"not_picked":["theShowman:RazzleDazzle","theShowman:MirrorMirror","theShowman:ExtraWideSleeves"],"picked":"jedi:pocketpoison","floor":9},{"not_picked":["theShowman:SleightedFlourish","theShowman:SleightedHand","theShowman:SubtleMisdirections","Dagger Spray"],"picked":"SKIP","floor":12},{"not_picked":["theShowman:KiblerFlick","theShowman:Prestidigitation","theShowman:SybilFlourish"],"picked":"StuffTheSpire:DoubleShiv","floor":14},{"not_picked":["theShowman:PotentialUnleashed","theShowman:SetTheStage","Atom Bomb"],"picked":"theShowman:AGrossDisplay","floor":16},{"not_picked":["theShowman:SleeveStash","theShowman:OneUp","theShowman:BafflingShuffle","Underhanded Strike"],"picked":"SKIP","floor":18},{"not_picked":["theShowman:BottomDoubleDeal+1","theShowman:RazzleDazzle","Finisher"],"picked":"theShowman:StrongArm+1","floor":20},{"not_picked":["theShowman:GotYourNose+1","theShowman:AndBehindCurtain","theShowman:CrashingLights"],"picked":"Backstab","floor":22},{"not_picked":["theShowman:ShowOfStrength+1","theShowman:SleeveAces","theShowman:FullHouse+1","StuffTheSpire:Python"],"picked":"SKIP","floor":23},{"not_picked":["theShowman:RazzleDazzle","theShowman:HatTrick+1","theShowman:ExaggeratedArmSweeps","Deadly Poison"],"picked":"SKIP","floor":25},{"not_picked":["theShowman:StackTheDeck","theShowman:PocketSand","theShowman:Presto","Bane"],"picked":"SKIP","floor":27},{"not_picked":["theShowman:ExaggeratedArmSweeps","theShowman:BafflingShuffle","Dagger Throw"],"picked":"theShowman:PocketSand","floor":28},{"not_picked":["theShowman:PropManacles+1","theShowman:RazzleDazzle+1","theShowman:Presto+1","Dagger Spray"],"picked":"SKIP","floor":29},{"not_picked":["theShowman:PocketSand","theShowman:ExtraWideSleeves","theShowman:NowYouSeeMe+1"],"picked":"StuffTheSpire:Incantation","floor":31},{"not_picked":["ReplayTheSpireMod:Book of Names","ReplayTheSpireMod:Echoes of Time","hubris:Rewind"],"picked":"Replay:Fractal Strike","floor":34},{"not_picked":["PlatinumSkin","Deep Breath","ReplayTheSpireMod:Trickstab"],"picked":"Bandage Up","floor":34},{"not_picked":["beaked:Ceremony","hexamod:Float","Slimebound:Tackle"],"picked":"hermit:Covet","floor":34},{"not_picked":["theShowman:NowYouSeeMe+1","theShowman:FullHouse","theShowman:FlashyFlourish+1","Dagger Throw"],"picked":"SKIP","floor":35},{"not_picked":["theShowman:PotentialUnleashed","theShowman:SubtleMisdirections+1","theShowman:FistFullOfCards+1","Backflip"],"picked":"SKIP","floor":36},{"not_picked":["theShowman:NowYouSeeMe","theShowman:Toro+1","StuffTheSpire:BrimstoneBlast"],"picked":"theShowman:PocketSand+1","floor":37},{"not_picked":["theShowman:CrashingLights","theShowman:Prestidigitation","theShowman:DivertingDisplay+1","StuffTheSpire:Injection"],"picked":"SKIP","floor":38},{"not_picked":["theShowman:MirrorMirror","theShowman:SleeveStash+1","theShowman:MaximumDistraction+1","Well Laid Plans"],"picked":"SKIP","floor":41},{"not_picked":["theShowman:MirrorMirror+1","theShowman:FlashyFlourish","theShowman:WildFlourish","StuffTheSpire:Shiver"],"picked":"SKIP","floor":42},{"not_picked":["theShowman:ThespianForm","theShowman:ExtraWideSleeves","theShowman:NowYouSeeMe+1","StuffTheSpire:Injection"],"picked":"SKIP","floor":44},{"not_picked":["infinitespire:UltimateForm","infinitespire:Execution"],"picked":"infinitespire:DeathsTouch","floor":46},{"not_picked":["theShowman:Toro+1","theShowman:SleeveStash+1","theShowman:Prestidigitation+1","Quick Slash"],"picked":"SKIP","floor":54}],"player_experience":275699,"relics_obtained":[{"floor":19,"key":"aspiration:EmptySkull"},{"floor":20,"key":"Red Mask"},{"floor":23,"key":"conspire:Boomerang"},{"floor":25,"key":"BicycleWheel"},{"floor":26,"key":"BrokenLever"},{"floor":29,"key":"infinitespire:PuzzleCube"},{"floor":41,"key":"Happy Flower"},{"floor":43,"key":"StuffTheSpire:Rhapsscallions"},{"floor":54,"key":"InkBottle"}],"event_choices":[{"cards_removed":["StuffTheSpire:CuriosityCurse"],"damage_healed":0,"gold_gain":0,"player_choice":"Took Card","damage_taken":0,"max_hp_gain":0,"max_hp_loss":0,"event_name":"NoteForYourself","floor":3,"gold_loss":0,"cards_obtained":["Doubt"]},{"damage_healed":0,"gold_gain":0,"player_choice":"Upgraded","damage_taken":0,"max_hp_gain":0,"max_hp_loss":0,"event_name":"Upgrade Shrine","floor":7,"gold_loss":0,"cards_upgraded":["theShowman:ExaggeratedArmSweeps"]},{"damage_healed":0,"gold_gain":0,"player_choice":"Fought Bandits","damage_taken":0,"max_hp_gain":0,"max_hp_loss":0,"event_name":"Masked Bandits","floor":20,"gold_loss":0}],"is_beta":false,"boss_relics":[{"not_picked":["Busted Crown","aspiration:PoetsPen_weak"],"picked":"conspire:RunicOctahedron"},{"not_picked":["Velvet Choker","halation:PlatinumPhoenix"],"picked":"ReplayTheSpireMod:SealedPack"}],"items_purged_floors":[5,11,21,39],"is_endless":false,"potions_floor_spawned":[4,14,16,18,25,27,29,36,37,38],"killed_by":"The Heart","ascension_level":0}}