{"host":"q8mjpf3krl0t4p3x","time":1613548181,"event":{"mods":["BaseMod","Colored Map","Colored Powertips","Googly Eyes","Minty Spire (QoL Compilation)","Quick Restart","StSLib","everything is the same but u backflip on backflip","slay the spire mod where everything is the same but ironclad has a cowboy hat"],"gold_per_floor":[117,42,42,61,76,107,107,107,107],"floor_reached":8,"language":"ENG","playtime":493,"items_purged":[],"score":98,"play_id":"ec9d5c39-716b-477a-bb8f-30ce0fad0597","local_time":"20210216234941","is_ascension_mode":true,"campfire_choices":[{"data":"Searing Blow","floor":7,"key":"SMITH"}],"circlet_count":0,"master_deck":["AscendersBane","Strike_R","Strike_R","Strike_R","Strike_R","Strike_R","Defend_R","Defend_R","Defend_R","Defend_R","Bash","Searing Blow+1","Rampage","Decay","Headbutt"],"relics":["Burning Blood","Strawberry"],"acts_visited":["Exordium"],"potions_floor_usage":[6,8],"damage_taken":[{"damage":3,"enemies":"2 Louse","floor":1,"turns":3},{"damage":13,"enemies":"Cultist","floor":4,"turns":4},{"damage":16,"enemies":"Small Slimes","floor":5,"turns":4},{"damage":34,"enemies":"Lagavulin","floor":6,"turns":5},{"damage":32,"enemies":"3 Sentries","floor":8,"turns":4}],"seed_played":"6266393900371969110","potions_obtained":[{"floor":4,"key":"ColorlessPotion"},{"floor":6,"key":"Explosive Potion"}],"is_trial":false,"path_per_floor":["M","$","?","M","M","E","R","E"],"character_chosen":"IRONCLAD","items_purchased":["Rampage"],"campfire_rested":0,"item_purchase_floors":[2],"current_hp_per_floor":[78,78,78,71,61,40,40,8,8],"gold":107,"neow_bonus":"TEN_PERCENT_HP_BONUS","is_daily":false,"chose_seed":false,"campfire_upgraded":1,"win_rate":0.0,"timestamp":1613548181,"path_taken":["M","$","?","?","?","E","R","E"],"items_purchased_type":["Card"],"build_version":"2020-12-22","purchased_purges":0,"victory":false,"max_hp_per_floor":[82,82,82,82,82,89,89,89,89],"card_choices":[{"not_picked":["Clothesline","Evolve"],"picked":"Searing Blow","floor":1},{"not_picked":["Clash","Spot Weakness","Havoc"],"picked":"SKIP","floor":4},{"not_picked":["Body Slam","Clothesline","Carnage"],"picked":"SKIP","floor":5},{"not_picked":["Juggernaut","Havoc"],"picked":"Headbutt","floor":6}],"player_experience":191008,"relics_obtained":[{"floor":6,"key":"Strawberry"}],"event_choices":[{"damage_healed":0,"gold_gain":0,"player_choice":"Cursed","damage_taken":0,"max_hp_gain":0,"max_hp_loss":0,"event_name":"Wheel of Change","floor":3,"gold_loss":0,"cards_obtained":["Decay"]}],"is_beta":false,"boss_relics":[],"items_purged_floors":[],"is_endless":false,"potions_floor_spawned":[4,6],"killed_by":"3 Sentries","ascension_level":15}}