{"host":"4nqeo0vu1vuav7gg","time":1613583978,"event":{"mods":["AchievementEnabler","BaseMod","Block Reminder","Colored Map","Colored Powertips","Highlight Path","Minty Spire (QoL Compilation)","Quick Restart","Rare Cards Sparkle","Relic Relevance Reorder","StSLib"],"gold_per_floor":[109,259,334,299,315,315,329,345,415,24,40,40,56,67,67,143,143,157,207,220,77,77,77,90,90,116,116,116,116],"floor_reached":28,"language":"ENG","playtime":925,"items_purged":["Doubt","Recycle"],"score":420,"play_id":"01271537-892d-40fe-a468-3fc42218e72d","local_time":"20210217184618","is_ascension_mode":true,"campfire_choices":[{"data":"Fission","floor":6.0,"key":"SMITH"},{"floor":15.0,"key":"REST"},{"floor":23,"key":"REST"},{"floor":25,"key":"REST"},{"floor":27,"key":"REST"}],"circlet_count":0,"master_deck":["AscendersBane","Zap","Dualcast","Fission+1","Cold Snap","Capacitor","Barrage","Doom and Gloom","BootSequence","Biased Cognition","Rip and Tear","Hologram","Creative AI","Electrodynamics","Hologram","Stack","Force Field","Undo","Conserve Battery","Loop","Ball Lightning+1"],"relics":["Cracked Core","Pen Nib","Mercury Hourglass","Orichalcum","Lantern","Bag of Preparation","Pandora\u0027s Box"],"acts_visited":["Exordium","TheCity"],"potions_floor_usage":[28],"damage_taken":[{"damage":7.0,"enemies":"Jaw Worm","floor":1.0,"turns":3.0},{"damage":10.0,"enemies":"2 Louse","floor":5.0,"turns":2.0},{"damage":0.0,"enemies":"Small Slimes","floor":7.0,"turns":2.0},{"damage":18.0,"enemies":"Exordium Wildlife","floor":8.0,"turns":5.0},{"damage":3.0,"enemies":"Looter","floor":11.0,"turns":3.0},{"damage":6.0,"enemies":"2 Fungi Beasts","floor":13.0,"turns":3.0},{"damage":12.0,"enemies":"Exordium Thugs","floor":14.0,"turns":2.0},{"damage":30,"enemies":"The Guardian","floor":16,"turns":12},{"damage":16,"enemies":"Chosen","floor":18,"turns":4},{"damage":11,"enemies":"2 Thieves","floor":20,"turns":4},{"damage":26,"enemies":"Chosen and Byrds","floor":24,"turns":5},{"damage":64,"enemies":"Slavers","floor":28,"turns":3}],"seed_played":"-5769868097409590193","potions_obtained":[{"floor":8.0,"key":"CultistPotion"},{"floor":11.0,"key":"EssenceOfSteel"},{"floor":13.0,"key":"DistilledChaos"},{"floor":14.0,"key":"SmokeBomb"}],"is_trial":false,"path_per_floor":["M","?","?","?","M","R","M","M","T","$","M","?","M","M","R","B",null,"M","?","M","$","?","R","M","R","T","R","E"],"character_chosen":"DEFECT","items_purchased":["Orichalcum","Bag of Preparation","Loop"],"campfire_rested":4,"item_purchase_floors":[10,10,21],"current_hp_per_floor":[57,57,46,63,53,53,53,35,35,35,32,32,26,14,35,5,55,39,32,21,21,21,42,16,37,37,58,0,0],"gold":116,"neow_bonus":"RANDOM_COMMON_RELIC","is_daily":false,"chose_seed":false,"campfire_upgraded":1,"win_rate":0.0,"timestamp":1613583978,"path_taken":["M","?","?","?","M","R","M","?","T","$","M","?","M","M","R","BOSS","M","?","?","$","?","R","M","R","T","R","E"],"items_purchased_type":["Relic","Relic","Card"],"build_version":"2020-12-22","purchased_purges":2,"victory":false,"max_hp_per_floor":[71,71,71,71,71,71,71,71,71,71,71,71,71,71,71,71,71,71,71,71,71,71,71,71,71,71,71,71,71],"card_choices":[{"not_picked":["Turbo","Stack","Hologram"],"picked":"SKIP","floor":1.0},{"not_picked":["Consume","Hologram"],"picked":"Fission","floor":5.0},{"not_picked":["Coolheaded","Barrage"],"picked":"Cold Snap","floor":7.0},{"not_picked":["Double Energy","Cold Snap"],"picked":"Capacitor","floor":8.0},{"not_picked":["Beam Cell","Self Repair"],"picked":"Barrage","floor":11.0},{"not_picked":["Leap","Capacitor"],"picked":"Doom and Gloom","floor":13.0},{"not_picked":["Go for the Eyes","Compile Driver"],"picked":"BootSequence","floor":14.0},{"not_picked":["Reboot","Thunder Strike"],"picked":"Biased Cognition","floor":16},{"not_picked":["Leap","Cold Snap"],"picked":"Undo","floor":18},{"not_picked":["Chaos","Self Repair"],"picked":"Conserve Battery","floor":20},{"not_picked":["Heatsinks","Skim"],"picked":"Ball Lightning+1","floor":24}],"player_experience":1103996,"relics_obtained":[{"floor":9.0,"key":"Mercury Hourglass"},{"floor":26,"key":"Lantern"}],"event_choices":[{"damage_healed":0.0,"max_hp_gain":0.0,"max_hp_loss":0.0,"gold_gain":150.0,"event_name":"Liars Game","player_choice":"AGREE","floor":2.0,"gold_loss":0.0,"damage_taken":0.0,"cards_obtained":["Doubt"]},{"damage_healed":0.0,"max_hp_gain":0.0,"max_hp_loss":0.0,"gold_gain":75.0,"event_name":"World of Goop","player_choice":"Gather Gold","floor":3.0,"gold_loss":0.0,"damage_taken":11.0},{"damage_healed":17.0,"max_hp_gain":0.0,"max_hp_loss":0.0,"gold_gain":0.0,"event_name":"The Cleric","player_choice":"Healed","floor":4.0,"gold_loss":35.0,"damage_taken":0.0},{"damage_healed":0.0,"max_hp_gain":0.0,"max_hp_loss":0.0,"gold_gain":0.0,"event_name":"Shining Light","player_choice":"Ignored","floor":12.0,"gold_loss":0.0,"damage_taken":0.0},{"damage_healed":0,"gold_gain":50,"player_choice":"Touch","damage_taken":7,"max_hp_gain":0,"max_hp_loss":0,"event_name":"FaceTrader","floor":19,"gold_loss":0},{"damage_healed":0,"gold_gain":0,"player_choice":"Got Potions","damage_taken":0,"max_hp_gain":0,"max_hp_loss":0,"event_name":"Lab","floor":22,"gold_loss":0}],"is_beta":false,"boss_relics":[{"not_picked":["Runic Pyramid","Velvet Choker"],"picked":"Pandora\u0027s Box"}],"items_purged_floors":[10,21],"is_endless":false,"potions_floor_spawned":[8,11,13,14,24],"killed_by":"Slavers","ascension_level":20}}