{"host":"nhhqxetgwwd7qseb","time":1613561005,"event":{"mods":["Act Like it!","BaseMod","Chen","Dota2Spire","Gensokyo","Hallownest","Hermit","Koishi","LagranYue(¿≠∏Ò¿ °§‘¬)","Lobotomy","LobotomyExtend","Marisa£®ÏF”Í°°ƒß¿Ì…≥£©","Minty Spire (QoL Compilation)","Quick Restart","Rare Cards Sparkle","Reimu£®≤©¿ˆ¡È√Œ£©","Remilia£®¿Ÿ√◊¿Ú—«£©","Replay The Spire","StSLib","The Alterego","The Bug Knight","The Senshi","The Servant 0.9.4","TheWitcher","UnlockEverythingMod","WarShipGirlsR/’ΩΩ¢…Ÿ≈ÆR mod","Warlord Emblem","Yakumo Yukari mod","Youmu£®ªÍ∆«—˝√Œ£©","°æπ¶ƒ‹Mod°øªÏ„Á÷Æª∑–ﬁ∏¥≤π∂°","°æ“≈ŒÔø®≈∆°øREMEMod"],"gold_per_floor":[113,128,128,145,159,159,174,174,174,193,203,203,203,215,215,215,215],"floor_reached":16,"language":"ZHS","playtime":814,"items_purged":[],"score":96,"play_id":"0fc7055c-65b8-4616-adc2-cc5f1b5f46f4","local_time":"20210217192325","is_ascension_mode":false,"campfire_choices":[{"data":"FitfulNightmare","floor":6.0,"key":"SMITH"},{"data":"MastersStateliness","floor":13.0,"key":"SMITH"},{"data":"BloodHunter","floor":15.0,"key":"SMITH"}],"circlet_count":0,"master_deck":["Strike_RM","Strike_RM","Strike_RM","Strike_RM","Defend_RM","Defend_RM","Defend_RM","Defend_RM+1","RedMoon","ScarletShoot","Chen:Honk","RedNightlessCastle","FitfulNightmare+1","BloodHunter+1","VampireKiss","MastersStateliness+1"],"relics":["ScarletHat","REME_ComplimentaryCards","ReplayTheSpireMod:Lightbulb","Shuriken"],"acts_visited":["Exordium"],"potions_floor_usage":[],"damage_taken":[{"damage":0.0,"enemies":"2 Louse","floor":1.0,"turns":2.0},{"damage":2.0,"enemies":"Small Slimes","floor":2.0,"turns":5.0},{"damage":0.0,"enemies":"Cultist","floor":4.0,"turns":4.0},{"damage":1.0,"enemies":"Looter","floor":5.0,"turns":3.0},{"damage":0.0,"enemies":"Exordium Wildlife","floor":7.0,"turns":4.0},{"damage":1.0,"enemies":"3 Louse","floor":10.0,"turns":4.0},{"damage":12.0,"enemies":"Lots of Slimes","floor":11.0,"turns":3.0},{"damage":17.0,"enemies":"Exordium Wildlife","floor":14.0,"turns":4.0},{"damage":23,"enemies":"Fading Forest","floor":16,"turns":4}],"seed_played":"4751153145869474543","potions_obtained":[{"floor":2.0,"key":"REME_GoldPotion"},{"floor":5.0,"key":"Block Potion"},{"floor":11.0,"key":"EntropicBrew"}],"is_trial":false,"path_per_floor":["M","M","?","M","M","R","M","?","T","M","M","$","R","M","R","B"],"character_chosen":"REMILIA","items_purchased":[],"campfire_rested":0,"item_purchase_floors":[],"current_hp_per_floor":[75,73,73,73,74,74,74,75,75,74,62,62,62,49,49,26,26],"gold":215,"neow_bonus":"RANDOM_COMMON_RELIC","is_daily":false,"chose_seed":false,"campfire_upgraded":3,"win_rate":0.0,"timestamp":1613561005,"path_taken":["M","M","?","M","M","R","M","?","T","M","?","$","R","M","R","BOSS"],"items_purchased_type":[],"build_version":"2020-12-22","purchased_purges":0,"victory":false,"max_hp_per_floor":[75,75,75,75,75,75,75,75,75,75,75,75,75,75,75,75,75],"card_choices":[{"not_picked":["ScarletDevil","RedRainbow"],"picked":"RedNightlessCastle","floor":1.0},{"not_picked":["Stigmanizer","HunterOfTheNight"],"picked":"FitfulNightmare","floor":2.0},{"not_picked":["CharismaGuard","StarOfDavid"],"picked":"BloodHunter","floor":4.0},{"not_picked":["ScarletDevil","EmergencyRegeneration"],"picked":"VampireKiss","floor":5.0},{"not_picked":["FavorOfDestiny","EndlessAdversity","RedNightlessCastle"],"picked":"SKIP","floor":7.0},{"not_picked":["ScarletNetherworld","FavorOfDestiny","DevilSight"],"picked":"SKIP","floor":10.0},{"not_picked":["FitfulNightmare","DiffusionOfMisfortune"],"picked":"MastersStateliness","floor":11.0},{"not_picked":["EndlessAdversity","ScarletImprint","MastersStateliness"],"picked":"SKIP","floor":14.0}],"player_experience":73907,"relics_obtained":[{"floor":9.0,"key":"Shuriken"}],"event_choices":[{"damage_healed":1.0,"max_hp_gain":0.0,"max_hp_loss":0.0,"gold_gain":0.0,"event_name":"Wheel of Change","player_choice":"Full Heal","floor":8.0,"gold_loss":0.0,"damage_taken":0.0}],"is_beta":false,"boss_relics":[],"items_purged_floors":[],"is_endless":false,"potions_floor_spawned":[2,5,11,14],"killed_by":"Fading Forest","ascension_level":0}}