{"host":"2d926qfvvz477zl6","time":1613597001,"event":{"mods":["Aspiration","BaseMod","Conspire","Downfall","GifTheSpireLib","Halation","Hermit","Hubris","Infinite Spire","Minty Spire (QoL Compilation)","Morshu Shopkeeper","Permanent Neow","Quick Restart","Rare Cards Sparkle","Reliquary","Replay The Spire","Shedinja","Somnambulant","Spicy Shops","StSLib","Stuff the Spire","Td1madao Mod","The Blue Laboratory","The Bug Knight","The Construct","The Cursed","The Disciple","The Forsaken","The Hierophant","The Senshi","TheFirefly","Wandering Minibosses","Wide Potions","everything is the same but u backflip on backflip","slay the spire mod where everything is the same but ironclad has a cowboy hat"],"gold_per_floor":[118,118,137,137,152,191,212,58,85,85,10,10,24,24,24,152,152,173,30,51,51,51,51,129,129,182,225,283,283,341,341,341,465,465,480,755,778,798,817,853,853,55,55,55,455,455,455,455,455,500,500],"floor_reached":50,"language":"ENG","playtime":2009,"items_purged":["TheCursedMod:Strike_TheCursed","Normality"],"score":906,"play_id":"5dd4cc5f-b1ec-49aa-9e55-d5cdde4bdb43","local_time":"20210217162321","is_ascension_mode":false,"campfire_choices":[{"data":"TheCursedMod:Stigma","floor":10.0,"key":"SMITH"},{"floor":23.0,"key":"REST"},{"floor":25.0,"key":"REST"},{"data":"TheCursedMod:DarkBarrier","floor":29.0,"key":"SMITH"},{"data":"TheCursedMod:Hemoplague","floor":32.0,"key":"SMITH"},{"floor":41.0,"key":"RECALL"},{"data":"TheCursedMod:NeowsMight","floor":44.0,"key":"SMITH"},{"floor":49.0,"key":"DIG"}],"circlet_count":0,"master_deck":["TheCursedMod:Strike_TheCursed","TheCursedMod:Strike_TheCursed","TheCursedMod:Strike_TheCursed","TheCursedMod:Defend_TheCursed","TheCursedMod:Defend_TheCursed","TheCursedMod:Defend_TheCursed","TheCursedMod:Defend_TheCursed","TheCursedMod:CursedWand","TheCursedMod:CleanUpWorkshop","TheCursedMod:Dregs","TheCursedMod:SoulReap","Injury","TheCursedMod:CursedShiv","theForsaken:PlagueCurse","TheCursedMod:Stigma+1","TheCursedMod:Wield+1","TheCursedMod:CursedShiv+1","Regret","TheCursedMod:Torture","TheCursedMod:FleshFromBone","Doubt","TheCursedMod:UltimatePain","TheCursedMod:NeowsMight+1","TheCursedMod:CursedMace","TheCursedMod:Torture","TheCursedMod:Stigma+1","Sickly","TheCursedMod:Torture","TheCursedMod:DarkBarrier+1","TheCursedMod:WearCloak+1","TheCursedMod:Hemoplague+1","Shedinja:CoughCurse","Shedinja:CoughCurse","Ghostly","Ghostly","Ghostly","Ghostly","Ghostly","TheCursedMod:DemonSword","TheCursedMod:FleshFromBone+1","Regret","TheCursedMod:Hemoplague+1","TheCursedMod:SurpriseAttack+1","Ghostly","Ghostly","TheCursedMod:SpitefulStrike","TheCursedMod:SpitefulStrike","TheCursedMod:AbyssShockwave","TheCursedMod:AbyssShockwave","TheCursedMod:AbyssShockwave","TheCursedMod:AbyssShockwave","infinitespire:SealOfDarkness+","TheCursedMod:AbyssShockwave","infinitespire:SealOfDarkness+","TheCursedMod:AbyssShockwave","infinitespire:SealOfDarkness+","TheCursedMod:AbyssShockwave","infinitespire:SealOfDarkness+","TheCursedMod:AbyssShockwave","infinitespire:SealOfDarkness+","TheCursedMod:AbyssShockwave","infinitespire:SealOfDarkness+","TheCursedMod:AbyssShockwave","infinitespire:SealOfDarkness+","TheCursedMod:AbyssShockwave","infinitespire:SealOfDarkness+","TheCursedMod:AbyssShockwave","TheCursedMod:AbyssShockwave","infinitespire:SealOfDarkness+","TheCursedMod:AbyssShockwave","Regret","infinitespire:SealOfDarkness+","TheCursedMod:AbyssShockwave","Regret","infinitespire:SealOfDarkness+","TheCursedMod:AbyssShockwave","Regret","infinitespire:SealOfDarkness+","TheCursedMod:AbyssShockwave","Regret","infinitespire:SealOfDarkness+","TheCursedMod:AbyssShockwave","Regret","infinitespire:SealOfDarkness+","TheCursedMod:AbyssShockwave","Regret","infinitespire:SealOfDarkness+","TheCursedMod:AbyssShockwave","Regret","infinitespire:SealOfDarkness+","TheCursedMod:AbyssShockwave","Regret","infinitespire:SealOfDarkness+","TheCursedMod:AbyssShockwave","StuffTheSpire:BrainWave","StuffTheSpire:BrainWave","StuffTheSpire:BrainWave","StuffTheSpire:BrainWave","StuffTheSpire:BrainWave","StuffTheSpire:BrainWave","StuffTheSpire:BrainWave","StuffTheSpire:BrainWave"],"relics":["TheCursedMod:BlackMagicAdvanced","NeowsBlessing","Golden Idol","theForsaken:PlagueMask","halation:AfternoonTea","StuffTheSpire:Gunfinga","reliquary:PartyBalloon","hubris:RunicObelisk","StuffTheSpire:MayFlowers","Ring of Misfortune","ReplayTheSpireMod:Ring of Challenge","halation:WeightlessCrab","reliquary:Spinner","halation:KoshaPiece","Mirror","halation:NonexistentMirror","DollysMirror","Oddly Smooth Stone","Torii","hubris:MedicalManual","halation:EternalFortune","Dream Catcher","Thread and Needle"],"acts_visited":["Exordium","TheCity","TheBeyond"],"potions_floor_usage":[],"damage_taken":[{"damage":0.0,"enemies":"2 Louse","floor":1.0,"turns":1.0},{"damage":0.0,"enemies":"Jaw Worm","floor":3.0,"turns":1.0},{"damage":0.0,"enemies":"Small Slimes","floor":5.0,"turns":1.0},{"damage":42.0,"enemies":"Lagavulin","floor":6.0,"turns":8.0},{"damage":2.0,"enemies":"Red Slaver","floor":7.0,"turns":3.0},{"damage":25.0,"enemies":"Large Slime","floor":13.0,"turns":5.0},{"damage":22.0,"enemies":"The Guardian","floor":16.0,"turns":7.0},{"damage":9.0,"enemies":"2 Thieves","floor":18.0,"turns":3.0},{"damage":16.0,"enemies":"Spheric Guardian","floor":20.0,"turns":4.0},{"damage":77.0,"enemies":"Slavers","floor":24.0,"turns":9.0},{"damage":11.0,"enemies":"Gremlin Leader","floor":27.0,"turns":5.0},{"damage":9.0,"enemies":"Centurion and Healer","floor":28.0,"turns":7.0},{"damage":9.0,"enemies":"Cultist and Chosen","floor":30.0,"turns":9.0},{"damage":0.0,"enemies":"Champ","floor":33.0,"turns":10.0},{"damage":1.0,"enemies":"Orb Walker","floor":35.0,"turns":4.0},{"damage":0.0,"enemies":"3 Shapes","floor":37.0,"turns":4.0},{"damage":0.0,"enemies":"3 Darklings","floor":38.0,"turns":4.0},{"damage":0.0,"enemies":"Writhing Mass","floor":39.0,"turns":4.0},{"damage":0.0,"enemies":"Nemesis","floor":40.0,"turns":7.0},{"damage":0.0,"enemies":"infinitespire:Three Voidlings","floor":45.0,"turns":4.0},{"damage":1.0,"enemies":"Nightmare_Alpha","floor":45.0,"turns":8.0}],"seed_played":"-2174745812404573869","potions_obtained":[{"floor":1.0,"key":"blueLaboratory:NullPotion"},{"floor":6.0,"key":"champ:CounterPotion"},{"floor":16.0,"key":"LiquidMemories"},{"floor":20.0,"key":"blueLaboratory:Moonshine"},{"floor":28.0,"key":"blueLaboratory:BottleOfVodka"},{"floor":30.0,"key":"Venom Potion"},{"floor":33.0,"key":"Cursed Concoction"},{"floor":38.0,"key":"blueLaboratory:PhilterOfMotion"}],"is_trial":false,"path_per_floor":["M","?","M","?","M","E","M","$","T","R","$","?","M","?","R","B",null,"M","$","M","?","?","R","E","R","T","E","M","R","M","?","R","B",null,"M","?","M","M","M","E","R","$","T","R","?","?","T","?","R","B"],"character_chosen":"THE_CURSED","items_purchased":["StuffTheSpire:Gunfinga","TheCursedMod:Torture","StuffTheSpire:MayFlowers","TheCursedMod:Torture","halation:NonexistentMirror","DollysMirror","TheCursedMod:SpitefulStrike","Oddly Smooth Stone","Torii"],"campfire_rested":2,"item_purchase_floors":[8,8,19,19,42,42,42,42,42],"current_hp_per_floor":[75,75,75,75,75,33,36,36,36,36,36,36,19,19,41,42,75,66,66,50,50,50,72,24,46,46,61,62,62,64,64,64,75,75,74,74,74,75,75,75,75,75,75,75,75,78,78,71,71,71,71],"gold":500,"neow_bonus":"THREE_ENEMY_KILL","is_daily":false,"chose_seed":false,"campfire_upgraded":4,"win_rate":0.0,"timestamp":1613597001,"path_taken":["M","?","M","?","?","E","M","$","T","R","$","?","M","?","R","BOSS","M","?","M","?","?","R","E","R","T","E","M","R","?","?","R","BOSS","M","?","M","?","?","E","R","$","T","R","?","?","?","?","R","BOSS"],"items_purchased_type":["Relic","Card","Relic","Card","Relic","Relic","Card","Relic","Relic"],"build_version":"2020-12-22","purchased_purges":2,"victory":false,"max_hp_per_floor":[75,75,75,75,75,75,75,75,75,75,75,75,75,75,75,75,75,75,75,75,75,75,75,75,75,75,75,75,75,75,75,75,75,75,75,75,75,75,75,75,75,75,75,75,75,78,78,71,71,71,71],"card_choices":[{"not_picked":["TheCursedMod:SpitefulStrike","TheCursedMod:RapidMovement"],"picked":"TheCursedMod:SoulReap","floor":1.0},{"not_picked":["TheCursedMod:DoubleShield","TheCursedMod:CircleOfCorruption"],"picked":"TheCursedMod:CursedShiv","floor":3.0},{"not_picked":["TheCursedMod:SmokeScreen","TheCursedMod:FleshFromBone"],"picked":"TheCursedMod:Stigma","floor":5.0},{"not_picked":["TheCursedMod:VoidForm","TheCursedMod:CircleOfCorruption"],"picked":"TheCursedMod:Wield","floor":6.0},{"not_picked":["TheCursedMod:CursedMace","TheCursedMod:ReleasedStrength"],"picked":"TheCursedMod:CursedShiv","floor":7.0},{"not_picked":["TheCursedMod:CircleOfWindfury","TheCursedMod:Stretching"],"picked":"TheCursedMod:FleshFromBone","floor":13.0},{"not_picked":["TheCursedMod:CursedRelics","TheCursedMod:VoidForm"],"picked":"TheCursedMod:NeowsMight","floor":16.0},{"not_picked":["TheCursedMod:SaltUponWound+1","TheCursedMod:CircleOfBlood+1"],"picked":"TheCursedMod:CursedMace","floor":18.0},{"not_picked":["TheCursedMod:CircleOfFlame","TheCursedMod:Grudge"],"picked":"TheCursedMod:Stigma+1","floor":20.0},{"not_picked":["TheCursedMod:DoubleShield","TheCursedMod:CircleOfWindfury"],"picked":"TheCursedMod:Torture","floor":24.0},{"not_picked":["TheCursedMod:CursedSpellbook","TheCursedMod:RapidMovement"],"picked":"TheCursedMod:DarkBarrier","floor":27.0},{"not_picked":["TheCursedMod:CircleOfFlame","TheCursedMod:AbyssShockwave"],"picked":"TheCursedMod:WearCloak+1","floor":28.0},{"not_picked":["TheCursedMod:VitalStrike","TheCursedMod:BloodBarrier"],"picked":"TheCursedMod:Hemoplague","floor":30.0},{"not_picked":["TheCursedMod:Neurasthenia","TheCursedMod:CollectTribute"],"picked":"TheCursedMod:DemonSword","floor":33.0},{"not_picked":["TheCursedMod:SmokeScreen+1","TheCursedMod:SurpriseAttack"],"picked":"TheCursedMod:FleshFromBone+1","floor":35.0},{"not_picked":["TheCursedMod:DoubleShield","TheCursedMod:EmpowerCircles","TheCursedMod:AshesToAshes"],"picked":"SKIP","floor":37.0},{"not_picked":["TheCursedMod:CursedAmulet+1","TheCursedMod:CircleOfCorruption","TheCursedMod:CursedArmor+1"],"picked":"SKIP","floor":38.0},{"not_picked":["TheCursedMod:CursedAmulet+1","TheCursedMod:SpitefulStrike"],"picked":"TheCursedMod:Hemoplague+1","floor":39.0},{"not_picked":["TheCursedMod:TacticalStrike+1","TheCursedMod:Hemoplague"],"picked":"TheCursedMod:SurpriseAttack+1","floor":40.0},{"not_picked":["TheCursedMod:FuryStrike","TheCursedMod:SmokeScreen+1"],"picked":"TheCursedMod:AbyssShockwave","floor":45.0},{"not_picked":["infinitespire:Punishment","infinitespire:Menacing"],"picked":"infinitespire:SealOfDarkness+","floor":45.0}],"player_experience":471299,"relics_obtained":[{"floor":6.0,"key":"halation:AfternoonTea"},{"floor":9.0,"key":"reliquary:PartyBalloon"},{"floor":21.0,"key":"Ring of Misfortune"},{"floor":21.0,"key":"ReplayTheSpireMod:Ring of Challenge"},{"floor":24.0,"key":"halation:WeightlessCrab"},{"floor":26.0,"key":"reliquary:Spinner"},{"floor":27.0,"key":"halation:KoshaPiece"},{"floor":40.0,"key":"Mirror"},{"floor":45.0,"key":"hubris:MedicalManual"},{"floor":47.0,"key":"Dream Catcher"},{"floor":49.0,"key":"Thread and Needle"}],"event_choices":[{"damage_healed":0.0,"max_hp_gain":0.0,"max_hp_loss":0.0,"gold_gain":0.0,"event_name":"Golden Idol","player_choice":"Take Wound","floor":2.0,"gold_loss":0.0,"damage_taken":0.0,"relics_obtained":["Golden Idol"],"cards_obtained":["Injury"]},{"damage_healed":0.0,"max_hp_gain":0.0,"max_hp_loss":0.0,"gold_gain":0.0,"event_name":"Plague Doctor","player_choice":"Obtain Plague Curse","floor":4.0,"gold_loss":0.0,"damage_taken":0.0,"cards_obtained":["theForsaken:PlagueCurse"]},{"damage_healed":0.0,"max_hp_gain":0.0,"max_hp_loss":0.0,"gold_gain":0.0,"event_name":"Living Wall","player_choice":"Grow","floor":12.0,"gold_loss":0.0,"damage_taken":0.0,"cards_upgraded":["TheCursedMod:Wield"]},{"damage_healed":0.0,"max_hp_gain":0.0,"max_hp_loss":0.0,"gold_gain":0.0,"event_name":"Match and Keep!","player_choice":"2 cards matched","floor":14.0,"gold_loss":0.0,"damage_taken":0.0,"cards_obtained":["Doubt","TheCursedMod:UltimatePain"]},{"damage_healed":0.0,"max_hp_gain":0.0,"max_hp_loss":0.0,"gold_gain":0.0,"event_name":"The Woman in Blue","player_choice":"Bought 0 Potions","floor":22.0,"gold_loss":0.0,"damage_taken":0.0},{"damage_healed":0.0,"max_hp_gain":0.0,"max_hp_loss":0.0,"gold_gain":275.0,"event_name":"Golden Shrine","player_choice":"Desecrate","floor":36.0,"gold_loss":0.0,"damage_taken":0.0,"cards_obtained":["Regret"]},{"damage_healed":0.0,"max_hp_gain":0.0,"max_hp_loss":0.0,"gold_gain":275.0,"event_name":"Golden Shrine","player_choice":"Desecrate","floor":45.0,"gold_loss":0.0,"damage_taken":0.0,"cards_obtained":["Regret"]}],"is_beta":false,"boss_relics":[{"not_picked":["StuffTheSpire:RunicConfusion","SlaversCollar"],"picked":"hubris:RunicObelisk"},{"not_picked":["reliquary:RedCape","Ring of Chaos"],"picked":"TheCursedMod:BlackMagicAdvanced"}],"items_purged_floors":[11,42],"is_endless":false,"potions_floor_spawned":[1,6,16,20,28,30,33,38,45,45],"killed_by":"Awakened One","ascension_level":0}}