{"host":"92108ef2q9tm8rod","time":1613564991,"event":{"mods":["BaseMod","Defuse TimeMaze Blight","Minty Spire (QoL Compilation)","StSLib","The Jungle"],"gold_per_floor":[115,127,142,142,142,142,174,174,198,216,226,226,257,11,11,110,110,127,127,127,127,27,27,27,27,27,59,85,85,85,99,99,204,204,219,234,245,120,120,120,150,150,150,150,183,198,216,232,232,232],"floor_reached":51,"language":"ENG","playtime":1899,"items_purged":["FollowUp","FollowUp","Dagger Throw+1"],"score":1126,"play_id":"72cb5d8b-2817-4e5f-91e8-c464632c6a4e","local_time":"20210217122951","daily_mods":["SealedDeck","Purple Cards","Heirloom","Flight"],"is_ascension_mode":false,"campfire_choices":[{"data":"Prostrate","floor":6,"key":"SMITH"},{"data":"Deflect","floor":8,"key":"SMITH"},{"data":"Deflect","floor":12,"key":"SMITH"},{"data":"Panache","floor":15,"key":"SMITH"},{"data":"Noxious Fumes","floor":23,"key":"SMITH"},{"data":"Weave","floor":24,"key":"SMITH"},{"data":"FlurryOfBlows","floor":25,"key":"SMITH"},{"data":"Endless Agony","floor":29,"key":"SMITH"},{"data":"Dagger Throw","floor":30,"key":"SMITH"},{"floor":32,"key":"REST"},{"data":"Prepared","floor":40,"key":"SMITH"},{"floor":49,"key":"REST"}],"circlet_count":0,"master_deck":["FlurryOfBlows+1","Prostrate+1","Deflect+1","Deflect+1","Prepared+1","Endless Agony+1","Weave+1","Panache+1","Endless Agony+1"],"relics":["Ring of the Snake","Unceasing Top","Art of War","Nunchaku","Eternal Feather","Black Star","Question Card","Oddly Smooth Stone","Bird Faced Urn","Boot","Mercury Hourglass","WristBlade","Pantograph","HornCleat","Bottled Tornado","Dream Catcher","Tingsha"],"acts_visited":["Exordium","Exordium","TheBeyond"],"potions_floor_usage":[50,50],"damage_taken":[{"damage":0,"enemies":"Small Slimes","floor":1,"turns":2},{"damage":3,"enemies":"Jaw Worm","floor":2,"turns":2},{"damage":0,"enemies":"2 Louse","floor":3,"turns":1},{"damage":0,"enemies":"Gremlin Nob","floor":7,"turns":2},{"damage":0,"enemies":"Exordium Thugs","floor":10,"turns":2},{"damage":0,"enemies":"Blue Slaver","floor":11,"turns":1},{"damage":0,"enemies":"3 Sentries","floor":13,"turns":1},{"damage":0,"enemies":"Slime Boss","floor":16,"turns":2},{"damage":0,"enemies":"theJungle:GiantWrat","floor":18,"turns":1},{"damage":0,"enemies":"theJungle:2_Phrogs","floor":27,"turns":1},{"damage":0,"enemies":"theJungle:Cassacara","floor":28,"turns":2},{"damage":0,"enemies":"theJungle:5_Spyders","floor":31,"turns":1},{"damage":0,"enemies":"theJungle:FunGuy","floor":33,"turns":2},{"damage":0,"enemies":"3 Darklings","floor":35,"turns":1},{"damage":0,"enemies":"3 Shapes","floor":36,"turns":1},{"damage":0,"enemies":"Maw","floor":37,"turns":1},{"damage":0,"enemies":"Reptomancer","floor":41,"turns":1},{"damage":0,"enemies":"Nemesis","floor":45,"turns":1},{"damage":0,"enemies":"3 Darklings","floor":46,"turns":1},{"damage":0,"enemies":"Sphere and 2 Shapes","floor":47,"turns":1},{"damage":0,"enemies":"Writhing Mass","floor":48,"turns":1},{"damage":0,"enemies":"Time Eater","floor":50,"turns":6}],"seed_played":"-7992637534723216947","potions_obtained":[{"floor":2,"key":"EssenceOfSteel"},{"floor":7,"key":"SmokeBomb"},{"floor":27,"key":"CunningPotion"},{"floor":31,"key":"PowerPotion"},{"floor":33,"key":"Energy Potion"}],"is_trial":true,"path_per_floor":["M","M","M","?","?","R","E","R","T","M","M","R","E","$","R","B",null,"M","?","?","?","$","R","R","R","T","E","E","R","R","M","R","B",null,"M","M","M","$","?","R","E","$","T","$","E","M","M","M","R","B",null],"character_chosen":"THE_SILENT","items_purchased":["Panache"],"campfire_rested":2,"item_purchase_floors":[14],"current_hp_per_floor":[70,67,67,60,60,60,60,60,60,60,60,60,60,60,66,66,70,70,70,70,70,70,70,70,70,70,70,70,70,70,70,70,70,70,70,70,70,70,70,70,70,70,70,70,70,70,70,70,70,70],"gold":232,"neow_bonus":"","is_daily":false,"chose_seed":false,"campfire_upgraded":10,"win_rate":0.0,"timestamp":1613564991,"path_taken":["M","M","M","?","?","R","E","R","T","M","M","R","E","$","R","BOSS","M","?","?","?","$","R","R","R","T","E","E","R","R","M","R","BOSS","M","M","M","$","?","R","E","$","T","$","E","M","M","M","R","BOSS"],"items_purchased_type":["Card"],"build_version":"2020-12-22","purchased_purges":3,"victory":true,"max_hp_per_floor":[70,70,70,70,70,70,70,70,70,70,70,70,70,70,70,70,70,70,70,70,70,70,70,70,70,70,70,70,70,70,70,70,70,70,70,70,70,70,70,70,70,70,70,70,70,70,70,70,70,70],"card_choices":[{"not_picked":["Sucker Punch","Quick Slash"],"picked":"Prepared","floor":1},{"not_picked":["InnerPeace","Worship"],"picked":"Endless Agony","floor":2},{"not_picked":["SashWhip","Dodge and Roll"],"picked":"Weave","floor":3},{"not_picked":["MentalFortress","Grand Finale","Prepared"],"picked":"SKIP","floor":7},{"not_picked":["Study","PathToVictory","Backflip"],"picked":"SKIP","floor":10},{"not_picked":["Halt","Protect","Prepared"],"picked":"SKIP","floor":11},{"not_picked":["Outmaneuver","Expertise","FlurryOfBlows"],"picked":"SKIP","floor":13},{"not_picked":["Distraction","Conclude","Leg Sweep+1"],"picked":"SKIP","floor":18},{"not_picked":["Quick Slash","Tantrum","FollowUp","Alpha"],"picked":"SKIP","floor":27},{"not_picked":["WaveOfTheHand","FlyingSleeves","Blur","Prostrate"],"picked":"SKIP","floor":28},{"not_picked":["ThirdEye","Poisoned Stab+1","Underhanded Strike","Slice"],"picked":"SKIP","floor":31},{"not_picked":["Calculated Gamble","Quick Slash+1","Outmaneuver+1","CutThroughFate"],"picked":"SKIP","floor":35},{"not_picked":["Deflect+1","Protect+1","ClearTheMind+1","Underhanded Strike"],"picked":"SKIP","floor":36},{"not_picked":["Quick Slash+1","PathToVictory","Deflect","FollowUp"],"picked":"SKIP","floor":37},{"not_picked":["Consecrate","Burst","Vault"],"picked":"Endless Agony+1","floor":41},{"not_picked":["Dagger Spray+1","EmptyBody","WindmillStrike","Backflip+1"],"picked":"SKIP","floor":45},{"not_picked":["BowlingBash","WaveOfTheHand","Prostrate+1","Quick Slash+1"],"picked":"SKIP","floor":46},{"not_picked":["Sucker Punch+1","Bouncing Flask","EmptyFist+1","Collect+1"],"picked":"SKIP","floor":47},{"not_picked":["TalkToTheHand","Perseverance","ThirdEye+1","Deflect+1"],"picked":"SKIP","floor":48}],"player_experience":3426109,"relics_obtained":[{"floor":7,"key":"Art of War"},{"floor":9,"key":"Nunchaku"},{"floor":13,"key":"Eternal Feather"},{"floor":26,"key":"Question Card"},{"floor":27,"key":"Oddly Smooth Stone"},{"floor":27,"key":"Bird Faced Urn"},{"floor":28,"key":"Boot"},{"floor":28,"key":"Mercury Hourglass"},{"floor":41,"key":"Pantograph"},{"floor":41,"key":"HornCleat"},{"floor":43,"key":"Bottled Tornado"},{"floor":45,"key":"Dream Catcher"},{"floor":45,"key":"Tingsha"}],"event_choices":[{"cards_removed":["ClearTheMind"],"damage_healed":0,"gold_gain":0,"player_choice":"Card Removal","damage_taken":7,"max_hp_gain":0,"max_hp_loss":0,"event_name":"Golden Wing","floor":4,"gold_loss":0},{"cards_removed":["ClearTheMind"],"damage_healed":0,"gold_gain":0,"player_choice":"Forget","damage_taken":0,"max_hp_gain":0,"max_hp_loss":0,"event_name":"Living Wall","floor":5,"gold_loss":0},{"cards_removed":["Noxious Fumes"],"damage_healed":0,"gold_gain":0,"player_choice":"Removed Power","damage_taken":0,"max_hp_gain":0,"max_hp_loss":0,"event_name":"Falling","floor":39,"gold_loss":0}],"is_beta":false,"boss_relics":[{"not_picked":["Fusion Hammer","Cursed Key"],"picked":"Black Star"},{"not_picked":["Tiny House","Runic Pyramid"],"picked":"WristBlade"}],"items_purged_floors":[14,22,38],"is_endless":false,"potions_floor_spawned":[2,7,27,31,33,37,45,46,48],"ascension_level":0}}