{"host":"w5thk1acqacem6ba","time":1613548167,"event":{"mods":["AchievementEnabler","BaseMod","Colored Map","KOR Keyword Fix","Minty Spire (QoL Compilation)","SuperFastMode"],"gold_per_floor":[166,176,276,53,53,53,53,64,64,64,83,83,83,93,93,196,196,209,209,409,420,420,420,437,437,437,454,454,466,483,496,496,496,496],"floor_reached":33,"language":"KOR","playtime":1023,"items_purged":["Strike_P"],"score":324,"play_id":"1a0161de-1836-4c86-86d4-75fb77704c73","local_time":"20210217164927","is_ascension_mode":true,"campfire_choices":[{"data":"Brilliance","floor":6.0,"key":"SMITH"},{"data":"Eruption","floor":10.0,"key":"SMITH"},{"data":"Vigilance","floor":13.0,"key":"SMITH"},{"floor":15.0,"key":"REST"},{"data":"Prostrate","floor":23.0,"key":"SMITH"},{"data":"FlurryOfBlows","floor":25.0,"key":"SMITH"},{"floor":32,"key":"REST"}],"circlet_count":0,"master_deck":["Strike_P+1","Defend_P+1","Defend_P+1","Defend_P","Defend_P","Eruption+1","Vigilance+1","FlurryOfBlows+1","FlurryOfBlows+1","Consecrate","Brilliance+1","DeusExMachina","Pray+1","Prostrate+1","FlurryOfBlows","FlurryOfBlows+1"],"relics":["Tiny House","InkBottle","Empty Cage","MutagenicStrength","Unceasing Top","White Beast Statue"],"acts_visited":["Exordium","TheCity"],"potions_floor_usage":[30,31,33,33,33],"damage_taken":[{"damage":2.0,"enemies":"Jaw Worm","floor":1.0,"turns":3.0},{"damage":0.0,"enemies":"Cultist","floor":2.0,"turns":2.0},{"damage":2.0,"enemies":"2 Louse","floor":8.0,"turns":2.0},{"damage":13.0,"enemies":"Large Slime","floor":11.0,"turns":3.0},{"damage":6.0,"enemies":"Exordium Wildlife","floor":14.0,"turns":2.0},{"damage":33.0,"enemies":"Hexaghost","floor":16.0,"turns":9.0},{"damage":1.0,"enemies":"Spheric Guardian","floor":18.0,"turns":3.0},{"damage":6.0,"enemies":"Shell Parasite","floor":21.0,"turns":4.0},{"damage":14.0,"enemies":"Shelled Parasite and Fungi","floor":24.0,"turns":4.0},{"damage":11.0,"enemies":"Centurion and Healer","floor":27.0,"turns":3.0},{"damage":0.0,"enemies":"Cultist and Chosen","floor":29.0,"turns":3.0},{"damage":24,"enemies":"Snake Plant","floor":30,"turns":4},{"damage":4,"enemies":"Shelled Parasite and Fungi","floor":31,"turns":3},{"damage":31,"enemies":"Champ","floor":33,"turns":6}],"seed_played":"-5596488315825200660","potions_obtained":[{"floor":0.0,"key":"StancePotion"},{"floor":8.0,"key":"StancePotion"},{"floor":16.0,"key":"Explosive Potion"},{"floor":18.0,"key":"BlessingOfTheForge"},{"floor":27.0,"key":"LiquidBronze"},{"floor":29.0,"key":"Ancient Potion"},{"floor":30,"key":"EssenceOfSteel"},{"floor":31,"key":"Strength Potion"}],"is_trial":false,"path_per_floor":["M","M","?","$","?","R","?","M","T","R","M","?","R","M","R","B",null,"M","?","?","M","T","R","M","R","T","M","?","M","M","M","R","B"],"character_chosen":"WATCHER","items_purchased":["Brilliance"],"campfire_rested":2,"item_purchase_floors":[4],"current_hp_per_floor":[75,75,75,75,60,60,77,75,75,75,62,55,55,49,72,39,65,64,64,64,58,58,58,44,44,44,33,33,33,9,5,27,0,0],"gold":496,"neow_bonus":"BOSS_RELIC","is_daily":false,"chose_seed":false,"campfire_upgraded":5,"win_rate":0.0,"timestamp":1613548167,"path_taken":["M","M","?","?","?","R","?","M","T","R","M","?","R","M","R","BOSS","M","?","?","?","?","R","M","R","T","M","?","?","M","M","R","BOSS"],"items_purchased_type":["Card"],"build_version":"2020-12-22","purchased_purges":1,"victory":false,"max_hp_per_floor":[77,77,77,77,77,77,77,77,77,77,77,77,77,77,77,77,74,74,74,74,74,74,74,74,74,74,74,74,74,74,74,74,74,74],"card_choices":[{"not_picked":["ClearTheMind","CutThroughFate"],"picked":"FlurryOfBlows","floor":0.0},{"not_picked":["Consecrate","ClearTheMind"],"picked":"FlurryOfBlows","floor":1.0},{"not_picked":["InnerPeace","Pray"],"picked":"Consecrate","floor":2.0},{"not_picked":["CrushJoints","ThirdEye","Consecrate"],"picked":"SKIP","floor":8.0},{"not_picked":["TalkToTheHand","JustLucky","ThirdEye"],"picked":"SKIP","floor":11.0},{"not_picked":["TalkToTheHand","JustLucky","ThirdEye"],"picked":"SKIP","floor":11.0},{"not_picked":["CrushJoints","BowlingBash","CutThroughFate"],"picked":"SKIP","floor":14.0},{"not_picked":["ConjureBlade","Establishment"],"picked":"DeusExMachina","floor":16.0},{"not_picked":["WreathOfFlame","SashWhip"],"picked":"Pray+1","floor":18.0},{"not_picked":["MentalFortress","CrushJoints"],"picked":"Prostrate","floor":21.0},{"not_picked":["ClearTheMind+1","SashWhip","EmptyBody"],"picked":"SKIP","floor":24.0},{"not_picked":["ThirdEye+1","EmptyBody","Crescendo"],"picked":"SKIP","floor":27.0},{"not_picked":["EmptyBody","SashWhip+1"],"picked":"FlurryOfBlows","floor":29.0},{"not_picked":["Omniscience","ClearTheMind+1","EmptyFist"],"picked":"SKIP","floor":30},{"not_picked":["ThirdEye","Halt"],"picked":"FlurryOfBlows+1","floor":31}],"player_experience":410256,"relics_obtained":[{"floor":9.0,"key":"InkBottle"},{"floor":22.0,"key":"Unceasing Top"},{"floor":26.0,"key":"White Beast Statue"}],"event_choices":[{"damage_healed":0.0,"max_hp_gain":0.0,"max_hp_loss":0.0,"gold_gain":100.0,"event_name":"Golden Shrine","player_choice":"Pray","floor":3.0,"gold_loss":0.0,"damage_taken":0.0},{"damage_healed":0.0,"max_hp_gain":0.0,"max_hp_loss":0.0,"gold_gain":0.0,"event_name":"Shining Light","player_choice":"Entered Light","floor":5.0,"gold_loss":0.0,"damage_taken":15.0,"cards_upgraded":["Defend_P","Defend_P"]},{"damage_healed":19.0,"max_hp_gain":0.0,"max_hp_loss":0.0,"gold_gain":0.0,"event_name":"Mushrooms","player_choice":"Healed and dodged fight","floor":7.0,"gold_loss":0.0,"damage_taken":0.0,"cards_obtained":["Parasite"]},{"cards_removed":["Strike_P"],"damage_healed":0.0,"max_hp_gain":0.0,"max_hp_loss":0.0,"gold_gain":0.0,"event_name":"Golden Wing","player_choice":"Card Removal","floor":12.0,"gold_loss":0.0,"damage_taken":7.0},{"damage_healed":0.0,"max_hp_gain":0.0,"max_hp_loss":0.0,"gold_gain":0.0,"event_name":"Drug Dealer","player_choice":"Inject Mutagens","floor":19.0,"gold_loss":0.0,"damage_taken":0.0,"relics_obtained":["MutagenicStrength"]},{"damage_healed":0.0,"max_hp_gain":0.0,"max_hp_loss":0.0,"gold_gain":250.0,"event_name":"The Joust","player_choice":"Bet on Owner","floor":20.0,"gold_loss":50.0,"damage_taken":0.0},{"damage_healed":0.0,"max_hp_gain":0.0,"max_hp_loss":0.0,"gold_gain":0.0,"event_name":"Upgrade Shrine","player_choice":"Upgraded","floor":28.0,"gold_loss":0.0,"damage_taken":0.0,"cards_upgraded":["FlurryOfBlows"]}],"is_beta":false,"boss_relics":[{"not_picked":["SlaversCollar","Runic Dome"],"picked":"Empty Cage"}],"items_purged_floors":[4],"is_endless":false,"potions_floor_spawned":[8,16,18,27,29,30,31],"killed_by":"Champ","ascension_level":5}}