{"host":"0fd22hpf43j6tvvm","time":1613588571,"event":{"mods":["AchievementEnabler","BaseMod","Colored Map","Minty Spire (QoL Compilation)","Relic Stats"],"gold_per_floor":[10,30,30,30,30,64,77,77,77],"floor_reached":8,"language":"ENG","playtime":371,"items_purged":[],"score":81,"play_id":"4027c435-832f-477c-865c-d9824db93a16","local_time":"20210217140251","is_ascension_mode":true,"campfire_choices":[],"circlet_count":0,"master_deck":["Strike_R","Strike_R","Strike_R","Defend_R","Defend_R","Defend_R","Bash","Pommel Strike","Whirlwind","Feed","Battle Trance","Shockwave"],"relics":["Burning Blood","Golden Idol","Self Forming Clay","Juzu Bracelet"],"acts_visited":["Exordium"],"potions_floor_usage":[8],"damage_taken":[{"damage":5.0,"enemies":"Small Slimes","floor":1.0,"turns":3.0},{"damage":2.0,"enemies":"Jaw Worm","floor":2.0,"turns":3.0},{"damage":21.0,"enemies":"Gremlin Nob","floor":6.0,"turns":4.0},{"damage":0.0,"enemies":"2 Louse","floor":7.0,"turns":1.0},{"damage":42,"enemies":"3 Sentries","floor":8,"turns":6}],"seed_played":"2996952918306711014","potions_obtained":[{"floor":2.0,"key":"SkillPotion"},{"floor":7.0,"key":"SpeedPotion"}],"is_trial":false,"path_per_floor":["M","M","?","?","?","E","M","E"],"character_chosen":"IRONCLAD","items_purchased":[],"campfire_rested":0,"item_purchase_floors":[],"current_hp_per_floor":[73,77,77,57,45,33,39,0,0],"gold":77,"neow_bonus":"REMOVE_TWO","is_daily":false,"chose_seed":false,"campfire_upgraded":0,"win_rate":0.0,"timestamp":1613588571,"path_taken":["M","M","?","?","?","E","M","E"],"items_purchased_type":[],"build_version":"2020-12-22","purchased_purges":0,"victory":false,"max_hp_per_floor":[80,80,80,80,80,83,83,83,83],"relic_stats":{"counters":[5,17],"Golden Idol":10,"Self Forming Clay":[21],"Juzu Bracelet":0,"obtain_stats":[{"Golden Idol":4,"Self Forming Clay":5,"Juzu Bracelet":6,"Burning Blood":0},{"Golden Idol":2,"Self Forming Clay":2,"Juzu Bracelet":3,"Burning Blood":0},{"Golden Idol":6,"Self Forming Clay":6,"Juzu Bracelet":10,"Burning Blood":0}],"Burning Blood":24},"card_choices":[{"not_picked":["Battle Trance","Armaments"],"picked":"Pommel Strike","floor":1.0},{"not_picked":["Flex","Iron Wave"],"picked":"Whirlwind","floor":2.0},{"not_picked":["Flex","Berserk"],"picked":"Battle Trance","floor":6.0},{"not_picked":["Seeing Red","Headbutt"],"picked":"Shockwave","floor":7.0}],"player_experience":580454,"relics_obtained":[{"floor":6.0,"key":"Juzu Bracelet"}],"event_choices":[{"damage_healed":0.0,"max_hp_gain":0.0,"max_hp_loss":0.0,"gold_gain":0.0,"cards_transformed":["Strike_R"],"event_name":"Living Wall","player_choice":"Change","floor":3.0,"gold_loss":0.0,"damage_taken":0.0,"cards_obtained":["Feed"]},{"damage_healed":0.0,"max_hp_gain":0.0,"max_hp_loss":0.0,"gold_gain":0.0,"event_name":"Golden Idol","player_choice":"Take Damage","floor":4.0,"gold_loss":0.0,"damage_taken":20.0,"relics_obtained":["Golden Idol"]},{"damage_healed":0.0,"max_hp_gain":0.0,"max_hp_loss":0.0,"gold_gain":0.0,"event_name":"Scrap Ooze","player_choice":"Success","floor":5.0,"gold_loss":0.0,"damage_taken":12.0,"relics_obtained":["Self Forming Clay"]}],"is_beta":false,"boss_relics":[],"items_purged_floors":[],"is_endless":false,"potions_floor_spawned":[2,7],"killed_by":"3 Sentries","ascension_level":9}}