{"host":"k0cm6nn9mnmji9h1","time":1613560144,"event":{"mods":["100% Spire Juice","2.2 Compatiblity","AchievementEnabler","BaseMod","Colored Map","DeckTracker","Gremlin Skip","Highlight Path","Minty Spire (QoL Compilation)","Permanent Neow","StSLib","The Dragon Tamer","The Marked","Waifu the Spire"],"gold_per_floor":[110,125,138,155,175,175,187,187,187,201,217,234,268,280,280,280,280],"floor_reached":16,"language":"KOR","playtime":830,"items_purged":[],"score":110,"play_id":"40a5dc6b-eb24-4a79-93d6-220f429b578f","local_time":"20210217200904","is_ascension_mode":false,"campfire_choices":[{"data":"Zap","floor":6,"key":"SMITH"},{"floor":8,"key":"REST"},{"floor":15,"key":"REST"}],"circlet_count":0,"master_deck":["Strike_B","Strike_B","Strike_B","Strike_B","Defend_B","Defend_B","Defend_B","Defend_B","Zap+1","Dualcast","All For One","Ball Lightning","Sweeping Beam","Rebound","Cold Snap","Go for the Eyes","Go for the Eyes","Consume","Beam Cell","Streamline"],"relics":["Cracked Core","Blue Candle","Mercury Hourglass"],"acts_visited":["Exordium"],"potions_floor_usage":[13,16],"damage_taken":[{"damage":2,"enemies":"Small Slimes","floor":1,"turns":3},{"damage":1,"enemies":"2 Louse","floor":2,"turns":3},{"damage":6,"enemies":"Jaw Worm","floor":3,"turns":3},{"damage":11,"enemies":"Red Slaver","floor":4,"turns":3},{"damage":2,"enemies":"Exordium Wildlife","floor":5,"turns":3},{"damage":7,"enemies":"3 Louse","floor":7,"turns":4},{"damage":11,"enemies":"Large Slime","floor":10,"turns":4},{"damage":5,"enemies":"Gremlin Gang","floor":11,"turns":4},{"damage":4,"enemies":"2 Fungi Beasts","floor":12,"turns":3},{"damage":16,"enemies":"Lagavulin","floor":13,"turns":6},{"damage":11,"enemies":"3 Louse","floor":14,"turns":2},{"damage":43,"enemies":"The Guardian","floor":16,"turns":7}],"seed_played":"1523315624903367403","potions_obtained":[{"floor":1,"key":"PowerPotion"},{"floor":5,"key":"SneckoOil"},{"floor":11,"key":"SteroidPotion"},{"floor":13,"key":"LiquidMemories"}],"is_trial":false,"path_per_floor":["M","M","M","M","M","R","M","R","T","M","M","M","E","M","R","B"],"character_chosen":"DEFECT","items_purchased":[],"campfire_rested":2,"item_purchase_floors":[],"current_hp_per_floor":[73,72,66,55,53,53,46,68,68,57,52,48,32,21,43,0,0],"gold":280,"neow_bonus":"ONE_RANDOM_RARE_CARD","is_daily":false,"chose_seed":false,"campfire_upgraded":1,"win_rate":0.0,"timestamp":1613560144,"path_taken":["M","M","M","M","M","R","M","R","T","M","M","M","E","M","R","BOSS"],"items_purchased_type":[],"build_version":"2020-12-22","purchased_purges":0,"victory":false,"max_hp_per_floor":[75,75,75,75,75,75,75,75,75,75,75,75,75,75,75,75,75],"card_choices":[{"not_picked":["Compile Driver","Barrage"],"picked":"Ball Lightning","floor":1},{"not_picked":["Fission","Redo"],"picked":"Sweeping Beam","floor":2},{"not_picked":["BootSequence","Leap"],"picked":"Rebound","floor":3},{"not_picked":["Sweeping Beam","Tempest"],"picked":"Cold Snap","floor":4},{"not_picked":["FTL","Coolheaded"],"picked":"Go for the Eyes","floor":5},{"not_picked":["Steam Power","Reinforced Body"],"picked":"Go for the Eyes","floor":7},{"not_picked":["Hello World","Recycle","Cold Snap"],"picked":"SKIP","floor":10},{"not_picked":["Leap","Barrage"],"picked":"Consume","floor":11},{"not_picked":["Machine Learning","Storm"],"picked":"Beam Cell","floor":12},{"not_picked":["Coolheaded","Conserve Battery"],"picked":"Streamline","floor":13},{"not_picked":["Beam Cell","Sweeping Beam","Meteor Strike"],"picked":"SKIP","floor":14}],"player_experience":515633,"relics_obtained":[{"floor":9,"key":"Blue Candle"},{"floor":13,"key":"Mercury Hourglass"}],"event_choices":[],"is_beta":false,"boss_relics":[],"items_purged_floors":[],"is_endless":false,"potions_floor_spawned":[1,5,11,12,13],"killed_by":"The Guardian","ascension_level":0}}