{"host":"ws4mzzemcqsz5e2k","time":1613570612,"event":{"mods":["Act Like it!","BaseMod","Colored Powertips","Energized Spire","Minty Spire (QoL Compilation)","Quick Restart","Relic Filter Mod","StSLib","没有小屋子和绿帽子啦"],"gold_per_floor":[116,116,32,47,47,47,88,88,114,157,171,190,215,258,258,352,302,320,245,258,278,278,278],"floor_reached":22,"language":"ZHS","playtime":903,"items_purged":["Strike_B"],"score":712,"play_id":"d88ad169-63cf-4107-8dc6-7450ac5a534a","local_time":"20210217220332","daily_mods":["SealedDeck","Heirloom","Elite Swarm","Uncertain Future"],"is_ascension_mode":true,"campfire_choices":[{"data":"1","floor":6.0,"key":"LIFT"},{"data":"2","floor":8.0,"key":"LIFT"},{"data":"3","floor":15.0,"key":"LIFT"}],"circlet_count":0,"master_deck":["AscendersBane","Conserve Battery","White Noise","Streamline","Turbo","Gash","Coolheaded","White Noise","Genetic Algorithm","Capacitor","Self Repair","Core Surge","Creative AI","Gash"],"relics":["Cracked Core","Girya","Golden Idol","Regal Pillow","Lantern","Potion Belt","StrikeDummy","energizedSpire:HugeHouse"],"acts_visited":["Exordium","TheCity"],"potions_floor_usage":[],"damage_taken":[{"damage":10.0,"enemies":"Jaw Worm","floor":1.0,"turns":4.0},{"damage":7.0,"enemies":"Small Slimes","floor":4.0,"turns":3.0},{"damage":51.0,"enemies":"Gremlin Nob","floor":7.0,"turns":4.0},{"damage":0.0,"enemies":"Lagavulin","floor":10.0,"turns":6.0},{"damage":0.0,"enemies":"Cultist","floor":11.0,"turns":4.0},{"damage":20.0,"enemies":"Lots of Slimes","floor":12.0,"turns":4.0},{"damage":4.0,"enemies":"Looter","floor":13.0,"turns":3.0},{"damage":0.0,"enemies":"Gremlin Nob","floor":14.0,"turns":3.0},{"damage":17.0,"enemies":"Slime Boss","floor":16.0,"turns":6.0},{"damage":13.0,"enemies":"Spheric Guardian","floor":18.0,"turns":4.0},{"damage":15,"enemies":"2 Thieves","floor":20,"turns":4},{"damage":10,"enemies":"Snecko","floor":21,"turns":5},{"damage":50,"enemies":"Masked Bandits","floor":22,"turns":3}],"seed_played":"-4473099790431115296","potions_obtained":[{"floor":1.0,"key":"SneckoOil"},{"floor":10.0,"key":"FocusPotion"},{"floor":12.0,"key":"BlessingOfTheForge"},{"floor":14.0,"key":"Energy Potion"}],"is_trial":true,"path_per_floor":["M","?","$","M","?","R","E","R","T","E","M","M","M","E","R","B",null,"M","$","M","M","?"],"character_chosen":"DEFECT","items_purchased":["Self Repair"],"campfire_rested":0,"item_purchase_floors":[3],"current_hp_per_floor":[54,30,30,30,71,71,27,27,27,34,41,28,31,38,38,28,57,51,51,43,40,0,0],"gold":278,"neow_bonus":"","is_daily":false,"chose_seed":false,"campfire_upgraded":0,"win_rate":0.0,"timestamp":1613570612,"path_taken":["M","?","$","M","?","R","E","R","T","E","M","M","?","E","R","BOSS","M","?","M","M","?"],"items_purchased_type":["Card"],"build_version":"2020-12-22","purchased_purges":1,"victory":false,"max_hp_per_floor":[71,71,71,71,71,71,71,71,71,71,71,71,71,71,71,71,66,66,66,66,66,66,66],"card_choices":[{"not_picked":["Barrage","Cold Snap"],"picked":"Capacitor","floor":1.0},{"not_picked":["Stack","Leap","Sweeping Beam"],"picked":"SKIP","floor":4.0},{"not_picked":["Amplify","Machine Learning","Biased Cognition"],"picked":"SKIP","floor":7.0},{"not_picked":["Thunder Strike","Buffer","Rainbow"],"picked":"SKIP","floor":10.0},{"not_picked":["Sunder","Fusion","Rip and Tear"],"picked":"SKIP","floor":11.0},{"not_picked":["Conserve Battery","Stack","Self Repair"],"picked":"SKIP","floor":12.0},{"not_picked":["Coolheaded","Turbo","Sweeping Beam"],"picked":"SKIP","floor":13.0},{"not_picked":["Meteor Strike","Thunder Strike","Multi-Cast"],"picked":"SKIP","floor":14.0},{"not_picked":["Meteor Strike","All For One"],"picked":"Core Surge","floor":16.0},{"not_picked":["Go for the Eyes","Chill","Reprogram"],"picked":"SKIP","floor":18.0},{"not_picked":["Sunder","Melter","Double Energy"],"picked":"SKIP","floor":20},{"not_picked":["Steam Power","Lockon"],"picked":"Gash","floor":21}],"player_experience":1571718,"relics_obtained":[{"floor":7.0,"key":"Regal Pillow"},{"floor":9.0,"key":"Lantern"},{"floor":10.0,"key":"Potion Belt"},{"floor":14.0,"key":"StrikeDummy"}],"event_choices":[{"damage_healed":0.0,"max_hp_gain":0.0,"max_hp_loss":0.0,"gold_gain":0.0,"event_name":"Golden Idol","player_choice":"Take Damage","floor":2.0,"gold_loss":0.0,"damage_taken":24.0,"relics_obtained":["Golden Idol"]},{"cards_removed":["Recycle"],"damage_healed":41.0,"max_hp_gain":0.0,"max_hp_loss":0.0,"gold_gain":0.0,"event_name":"Bonfire Elementals","player_choice":"Offered Uncommon","floor":5.0,"gold_loss":0.0,"damage_taken":0.0},{"damage_healed":0,"gold_gain":0,"player_choice":"Fought Bandits","damage_taken":0,"max_hp_gain":0,"max_hp_loss":0,"event_name":"Masked Bandits","floor":22,"gold_loss":0}],"is_beta":false,"boss_relics":[{"not_picked":["Coffee Dripper","Runic Dome"],"picked":"energizedSpire:HugeHouse"}],"items_purged_floors":[19],"is_endless":true,"potions_floor_spawned":[1,10,12,14],"killed_by":"Masked Bandits","ascension_level":20}}