{"host":"cd7awanv0x2msn9z","time":1613565735,"event":{"mods":["BaseMod","Downfall","Minty Spire (QoL Compilation)","Replay The Spire","StSLib","SuperFastMode"],"gold_per_floor":[111,111,111,111,111,144,160,177,246,1,1,17,17,17,17,28,28,125,125,137,62,161,76,0,0,15,15,15,15,49,49,60,60,60,60,60],"floor_reached":35,"language":"ZHS","playtime":935,"items_purged":["Pain"],"score":361,"play_id":"d6e97551-8464-47b5-89d7-14dc3ff5c4f1","local_time":"20210217204215","is_ascension_mode":true,"campfire_choices":[{"data":"Toxin Wave","floor":17.0,"key":"SMITH"},{"data":"Poison Darts","floor":25.0,"key":"SMITH"},{"data":"Bouncing Flask","floor":27.0,"key":"SMITH"},{"floor":34,"key":"REST"}],"circlet_count":0,"master_deck":["Strike_G+1","Strike_G+1","Strike_G+1","Strike_G+1","Strike_G+1","Defend_G","Defend_G","Defend_G","Defend_G","Defend_G+1","Survivor","Neutralize","PiercingWail+1","Doubt","Bouncing Flask+1","Bane","Toxin Wave+1","Poison Darts+1","CommonCold","Pain","Injury","Ghostly","Ghostly","Ghostly","Ghostly","Ghostly","Poisoned Stab+1","Bane+1"],"relics":["Ring of the Snake","NeowsBlessing","Ring of Fury","ReplayTheSpireMod:Ring of Exchange","Replay:Towering Pillar of Hats","Replay:Bottled Eggs","Matryoshka","WarpedTongs","NlothsMask","Replay:Ancient Bell","Nunchaku","Letter Opener","CaptainsWheel","Paper Crane","Replay:WaspNest","Bag of Preparation"],"acts_visited":["Exordium","TheCity"],"potions_floor_usage":[35,35],"damage_taken":[{"damage":0.0,"enemies":"Small Slimes","floor":1.0,"turns":1.0},{"damage":0.0,"enemies":"Lagavulin","floor":6.0,"turns":1.0},{"damage":0.0,"enemies":"Cultist","floor":7.0,"turns":1.0},{"damage":2.0,"enemies":"2 Louse","floor":8.0,"turns":3.0},{"damage":7.0,"enemies":"Lots of Slimes","floor":12.0,"turns":3.0},{"damage":2.0,"enemies":"3 Louse","floor":16.0,"turns":3.0},{"damage":18.0,"enemies":"Slime Boss","floor":18.0,"turns":11.0},{"damage":17.0,"enemies":"Spheric Guardian","floor":20.0,"turns":4.0},{"damage":4.0,"enemies":"2 Thieves","floor":26.0,"turns":3.0},{"damage":8.0,"enemies":"Replay:Snechameleon","floor":30.0,"turns":4.0},{"damage":9.0,"enemies":"Snake Plant","floor":32.0,"turns":3.0},{"damage":36,"enemies":"Automaton","floor":35,"turns":6}],"seed_played":"-5935888629710272237","potions_obtained":[{"floor":5.0,"key":"LiquidBronze"},{"floor":5.0,"key":"Milkshake"},{"floor":5.0,"key":"PowerPotion"},{"floor":12.0,"key":"FearPotion"},{"floor":18.0,"key":"Energy Potion"},{"floor":26.0,"key":"Strength Potion"},{"floor":30.0,"key":"Regen Potion"}],"is_trial":false,"path_per_floor":["M","?","?","?","?","E","M","M","T","$","?","M","PTL","PTL","?","M","R","B",null,"M","$","?","?","?","R","M","R","T","?","E","$","M","?","R","B"],"character_chosen":"THE_SILENT","items_purchased":["Matryoshka"],"campfire_rested":1,"item_purchase_floors":[10],"current_hp_per_floor":[70,70,70,56,56,56,56,54,54,54,54,47,47,47,47,45,45,27,70,53,53,53,53,53,53,49,49,49,35,27,27,18,12,22,0,0],"gold":60,"neow_bonus":"THREE_ENEMY_KILL","is_daily":false,"chose_seed":false,"campfire_upgraded":3,"win_rate":0.0,"timestamp":1613565735,"path_taken":["M","?","?","?","?","E","?","M","T","$","?","?","PTL","PTL","?","M","R","BOSS","M","?","?","?","?","R","?","R","T","?","E","?","M","?","R","BOSS"],"items_purchased_type":["Relic"],"build_version":"2020-12-22","purchased_purges":1,"victory":false,"max_hp_per_floor":[70,70,70,70,70,70,70,70,70,70,70,70,70,70,70,70,70,70,70,70,70,70,70,70,70,70,70,70,35,35,35,35,35,35,35,35],"card_choices":[{"not_picked":["Dodge and Roll","Acrobatics"],"picked":"PiercingWail","floor":1.0},{"not_picked":["Dagger Throw","ReplayTheSpireMod:Exploit Weakness","Replay:Poison Smokescreen"],"picked":"SKIP","floor":6.0},{"not_picked":["Prepared","PiercingWail"],"picked":"Bouncing Flask","floor":7.0},{"not_picked":["Distraction","Backflip"],"picked":"Bane","floor":8.0},{"not_picked":["Deflect","Distraction"],"picked":"Toxin Wave","floor":12.0},{"not_picked":["Dagger Throw","After Image","Outmaneuver"],"picked":"SKIP","floor":16.0},{"not_picked":["Adrenaline","A Thousand Cuts"],"picked":"Poison Darts","floor":18.0},{"not_picked":["ReplayTheSpireMod:IOU","downfall:Bewildered"],"picked":"CommonCold","floor":19.0},{"not_picked":["downfall:Bewildered","ReplayTheSpireMod:Restless Dread"],"picked":"Pain","floor":19.0},{"not_picked":["ReplayTheSpireMod:IOU","ReplayTheSpireMod:Faulty Equipment"],"picked":"Injury","floor":19.0},{"not_picked":["Sneak Up","Terror","Slice+1"],"picked":"SKIP","floor":20.0},{"not_picked":["Doppelganger","Sucker Punch","Skewer"],"picked":"SKIP","floor":26.0},{"not_picked":["Cloak And Dagger","Flying Knee"],"picked":"Poisoned Stab+1","floor":30.0},{"not_picked":["Leg Sweep+1","Blade Dance+1"],"picked":"Bane+1","floor":32.0}],"player_experience":85447,"relics_obtained":[{"floor":3.0,"key":"Ring of Fury"},{"floor":3.0,"key":"ReplayTheSpireMod:Ring of Exchange"},{"floor":6.0,"key":"Replay:Towering Pillar of Hats"},{"floor":9.0,"key":"Replay:Bottled Eggs"},{"floor":28.0,"key":"Replay:WaspNest"},{"floor":30.0,"key":"Bag of Preparation"}],"event_choices":[{"damage_healed":0.0,"max_hp_gain":0.0,"max_hp_loss":0.0,"gold_gain":0.0,"event_name":"Living Wall","player_choice":"Grow","floor":2.0,"gold_loss":0.0,"damage_taken":0.0,"cards_upgraded":["PiercingWail"]},{"damage_healed":0.0,"max_hp_gain":0.0,"max_hp_loss":0.0,"gold_gain":0.0,"event_name":"Shining Light","player_choice":"Entered Light","floor":4.0,"gold_loss":0.0,"damage_taken":14.0,"cards_upgraded":["Strike_G","Defend_G"]},{"damage_healed":0.0,"max_hp_gain":0.0,"max_hp_loss":0.0,"gold_gain":0.0,"event_name":"Lab","player_choice":"Got Potions","floor":5.0,"gold_loss":0.0,"damage_taken":0.0},{"damage_healed":0.0,"max_hp_gain":0.0,"max_hp_loss":0.0,"gold_gain":0.0,"event_name":"Accursed Blacksmith","player_choice":"Rummage","floor":11.0,"gold_loss":0.0,"damage_taken":0.0,"relics_obtained":["WarpedTongs"],"cards_obtained":["Pain"]},{"damage_healed":0.0,"max_hp_gain":0.0,"max_hp_loss":0.0,"gold_gain":0.0,"event_name":"FaceTrader","player_choice":"Trade","floor":15.0,"gold_loss":0.0,"damage_taken":0.0,"relics_obtained":["NlothsMask"]},{"damage_healed":0.0,"max_hp_gain":0.0,"max_hp_loss":0.0,"gold_gain":99.0,"event_name":"Nest","player_choice":"Stole From Cult","floor":22.0,"gold_loss":0.0,"damage_taken":0.0},{"damage_healed":0.0,"max_hp_gain":0.0,"max_hp_loss":0.0,"gold_gain":0.0,"event_name":"Addict","player_choice":"Obtained Relic","floor":23.0,"gold_loss":85.0,"damage_taken":0.0,"relics_obtained":["Paper Crane"]},{"damage_healed":0.0,"max_hp_gain":0.0,"max_hp_loss":0.0,"gold_gain":0.0,"event_name":"Masked Bandits","player_choice":"Paid Fearfully","floor":24.0,"gold_loss":76.0,"damage_taken":0.0},{"damage_healed":0.0,"max_hp_gain":0.0,"max_hp_loss":35.0,"gold_gain":0.0,"event_name":"Ghosts","player_choice":"Became a Ghost","floor":29.0,"gold_loss":0.0,"damage_taken":0.0,"cards_obtained":["Ghostly","Ghostly","Ghostly","Ghostly","Ghostly"]},{"damage_healed":0,"gold_gain":0,"player_choice":"","damage_taken":6,"max_hp_gain":0,"max_hp_loss":0,"event_name":"Knowing Skull","floor":33,"potions_obtained":[],"gold_loss":0,"cards_obtained":[]}],"is_beta":false,"boss_relics":[{"not_picked":["Orrery","Chemical X"],"picked":"Replay:Ancient Bell"},{"not_picked":["Ancient Tea Set","Replay:Bandana"],"picked":"Nunchaku"},{"not_picked":["ReplayTheSpireMod:Shallot","White Beast Statue"],"picked":"Letter Opener"},{"not_picked":["Byrd Skull","Tingsha"],"picked":"CaptainsWheel"}],"items_purged_floors":[21],"is_endless":false,"potions_floor_spawned":[7,12,16,18,26,30],"killed_by":"Automaton","ascension_level":1}}