{"host":"7hgb9mjb8q1kiawz","time":1613589988,"event":{"mods":["BaseMod","Better Third Choice","Colored Map","Marisa????????","Minty Spire (QoL Compilation)","Replay The Spire","StSLib","The Cursed","The Disciple","The Servant 0.9.4"],"gold_per_floor":[111,122,122,137,151,182,78,118,118,146,179,179,79,123,123,216,216,249,276,311,311,311,311,329,329,371,401,428,455,484,518,547,547,547,643,652,667,717,757,806,35,85,128,173,173,227,227,238,283,301,301,301,301,301,35,71,71,71],"floor_reached":57,"language":"ENG","playtime":4819,"items_purged":["Strike_MRS","Pain","Strike_MRS","WitchOfGreed"],"score":2011,"play_id":"76ed3561-87bc-416f-bd88-b6a4736d09dc","local_time":"20210217202628","is_ascension_mode":true,"campfire_choices":[{"data":"MillisecondPulsars","floor":15,"key":"SMITH"},{"data":"OortCloud","floor":25,"key":"SMITH"},{"data":"BlazeAway","floor":34,"key":"SMITH"},{"floor":47,"key":"RECALL"},{"data":"StarDustReverie","floor":51,"key":"SMITH"},{"data":"AsteroidBelt","floor":54,"key":"SMITH"}],"circlet_count":0,"master_deck":["AscendersBane","Strike_MRS","Defend_MRS+1","Defend_MRS","Defend_MRS","Defend_MRS","MasterSpark","UpSweep","EarthLightRay+1","GrandCross","OortCloud+1","MillisecondPulsars+1","UnstableBomb","LuminesStrike+1","EarthLightRay","StarDustReverie+1","LuminesStrike+1","AsteroidBelt+1","BlazeAway+1","AbeCurse","Acceleration+1","LuminesStrike+1","GrandCross","MagicAbsorber+1","Madness","Madness","AsteroidBelt"],"relics":["MiniHakkero","PreservedInsect","Dream Catcher","Singing Bowl","White Beast Statue","WarpedTongs","ExperimentalFamiliar","Bag of Marbles","CeramicFish","Replay:Wax Seal","Lantern","Replay:Bottled Eggs","ReplayTheSpireMod:Ring of Exchange","Abe\u0027s Treasure","WingedGreaves","Torii","War Paint","Lee\u0027s Waffle","Onion Ring","BreadOfAWashokuLover","Oddly Smooth Stone","Blue Candle","Bottled Tornado","Pen Nib","Art of War"],"acts_visited":["Exordium","TheCity","TheBeyond","TheEnding"],"potions_floor_usage":[6,6,8,11,11,14,16,16,18,18,20,24,26,27,29,30,31,32,35,35,37,38,40,46,46,49,52,56,56,56,57,57],"damage_taken":[{"damage":8,"enemies":"Small Slimes","floor":1,"turns":3},{"damage":1,"enemies":"Cultist","floor":2,"turns":3},{"damage":1,"enemies":"2 Louse","floor":4,"turns":2},{"damage":0,"enemies":"Red Slaver","floor":5,"turns":3},{"damage":3,"enemies":"Gremlin Nob","floor":6,"turns":3},{"damage":15,"enemies":"3 Sentries","floor":8,"turns":4},{"damage":9,"enemies":"2 Fungi Beasts","floor":10,"turns":3},{"damage":4,"enemies":"Exordium Thugs","floor":11,"turns":3},{"damage":8,"enemies":"Looter","floor":14,"turns":4},{"damage":0,"enemies":"Slime Boss","floor":16,"turns":4},{"damage":11,"enemies":"Spheric Guardian","floor":18,"turns":3},{"damage":0,"enemies":"Chosen","floor":20,"turns":3},{"damage":24,"enemies":"Snake Plant","floor":24,"turns":2},{"damage":11,"enemies":"Replay:Snechameleon","floor":26,"turns":4},{"damage":28,"enemies":"Shelled Parasite and Fungi","floor":27,"turns":5},{"damage":14,"enemies":"Book of Stabbing","floor":29,"turns":2},{"damage":0,"enemies":"Snecko","floor":30,"turns":1},{"damage":11,"enemies":"Snake Plant","floor":31,"turns":4},{"damage":0,"enemies":"Gremlin Leader","floor":32,"turns":2},{"damage":29,"enemies":"Automaton","floor":35,"turns":9},{"damage":3,"enemies":"3 Shapes","floor":37,"turns":2},{"damage":0,"enemies":"2 Orb Walkers","floor":38,"turns":1},{"damage":0,"enemies":"Orb Walker","floor":39,"turns":2},{"damage":11,"enemies":"Mind Bloom Boss Battle","floor":40,"turns":6},{"damage":0,"enemies":"R_Hoarder","floor":42,"turns":3},{"damage":13,"enemies":"Giant Head","floor":43,"turns":4},{"damage":32,"enemies":"Reptomancer","floor":46,"turns":3},{"damage":0,"enemies":"Spire Growth","floor":48,"turns":2},{"damage":0,"enemies":"R_Hoarder","floor":49,"turns":3},{"damage":15,"enemies":"Donu and Deca","floor":52,"turns":6},{"damage":1,"enemies":"Shield and Spear","floor":56,"turns":2},{"damage":141,"enemies":"The Heart","floor":57,"turns":5}],"seed_played":"1483832243310609748","potions_obtained":[{"floor":1,"key":"PowerPotion"},{"floor":3,"key":"Fire Potion"},{"floor":6,"key":"Strength Potion"},{"floor":8,"key":"Strength Potion"},{"floor":10,"key":"StarNLove"},{"floor":11,"key":"Fire Potion"},{"floor":11,"key":"Dexterity Potion"},{"floor":14,"key":"DistilledChaos"},{"floor":14,"key":"SteroidPotion"},{"floor":16,"key":"Energy Potion"},{"floor":16,"key":"EssenceOfSteel"},{"floor":18,"key":"PowerPotion"},{"floor":18,"key":"PowerPotion"},{"floor":20,"key":"StarNLove"},{"floor":24,"key":"Elixir"},{"floor":26,"key":"AttackPotion"},{"floor":27,"key":"BlessingOfTheForge"},{"floor":27,"key":"DuplicationPotion"},{"floor":29,"key":"BottledSpark"},{"floor":30,"key":"Flashbang"},{"floor":31,"key":"Block Potion"},{"floor":31,"key":"Explosive Potion"},{"floor":32,"key":"BottledSpark"},{"floor":35,"key":"FearPotion"},{"floor":35,"key":"Cursed Concoction"},{"floor":37,"key":"ColorlessPotion"},{"floor":38,"key":"ColorlessPotion"},{"floor":39,"key":"Weak Potion"},{"floor":40,"key":"LifebloodPotion"},{"floor":40,"key":"Ancient Potion"},{"floor":43,"key":"Elixir"},{"floor":46,"key":"Venom Potion"},{"floor":46,"key":"Venom Potion"},{"floor":48,"key":"Regen Potion"},{"floor":49,"key":"Regen Potion"},{"floor":49,"key":"ShroomBrew"},{"floor":56,"key":"BlessingOfTheForge"}],"is_trial":false,"path_per_floor":["M","M","?","M","M","E","$","E","T","M","M","?","$","M","R","B",null,"M","T","M","?","PTL","PTL","M","R","E","M","T","E","M","M","E","?","R","B",null,"M","?","M","?","$","E","E","T","T","E","R","M","E","?","R","B",null,"R","$","E","B"],"character_chosen":"MARISA","items_purchased":["WitchOfGreed","War Paint","Lee\u0027s Waffle","Onion Ring","GrandCross","EntropicBrew"],"campfire_rested":0,"item_purchase_floors":[7,41,41,41,41,55],"current_hp_per_floor":[55,58,58,61,65,66,66,55,55,52,54,54,54,50,50,58,70,63,63,69,69,69,69,53,53,52,34,34,22,22,21,35,35,35,18,71,78,80,80,77,99,101,91,91,91,73,73,81,105,86,86,100,105,105,105,104,0,0],"gold":71,"neow_bonus":"RANDOM_COMMON_RELIC","is_daily":false,"chose_seed":false,"campfire_upgraded":5,"win_rate":0.0,"timestamp":1613589988,"path_taken":["M","M","?","?","M","E","$","E","T","M","M","?","$","M","R","BOSS","M","?","M","?","PTL","PTL","M","R","E","M","T","E","?","M","E","?","R","BOSS","M","?","M","?","$","E","E","?","T","E","R","?","E","?","R","BOSS","R","$","E","BOSS"],"items_purchased_type":["Card","Relic","Relic","Relic","Card","Potion"],"build_version":"2020-12-22","purchased_purges":4,"victory":false,"max_hp_per_floor":[70,70,70,70,70,70,70,70,70,72,74,74,74,74,74,74,74,74,74,76,76,76,76,78,78,80,82,82,84,84,84,86,86,86,88,88,90,92,92,92,99,101,103,103,103,103,103,105,107,107,107,107,107,107,107,107,120,120],"card_choices":[{"not_picked":["EnergyRecoil","AsteroidBelt"],"picked":"EarthLightRay","floor":1},{"not_picked":["GasGiant","PowerUp"],"picked":"GrandCross","floor":2},{"not_picked":["EventHorizon","AsteroidBelt"],"picked":"OortCloud","floor":4},{"not_picked":["DC","UnstableBomb"],"picked":"MillisecondPulsars","floor":5},{"not_picked":["Orbital","Acceleration"],"picked":"UnstableBomb","floor":6},{"not_picked":["GasGiant","AlicesGift"],"picked":"LuminesStrike","floor":8},{"not_picked":["GravityBeat","WitchLeyline","StarlightTyphoon"],"picked":"Singing Bowl","floor":10},{"not_picked":["DoubleSpark","PowerUp","IllusionStar"],"picked":"Singing Bowl","floor":11},{"not_picked":["StarBarrage","ManaRampage"],"picked":"EarthLightRay","floor":14},{"not_picked":["EscapeVelocity","BlazingStar"],"picked":"StarDustReverie","floor":16},{"not_picked":["6A","PowerUp"],"picked":"LuminesStrike","floor":18},{"not_picked":["ShootingEcho","MysteriousBeam","WitchOfGreed"],"picked":"Singing Bowl","floor":20},{"not_picked":["PulseMagic","IllusionStar+1","JA"],"picked":"Singing Bowl","floor":24},{"not_picked":["EnergyFlow","GravityBeat","WitchLeyline+1"],"picked":"Singing Bowl","floor":26},{"not_picked":["StarlightTyphoon","PowerUp","GravityBeat"],"picked":"Singing Bowl","floor":27},{"not_picked":["BigCrunch","6A","SuperPerseids+1"],"picked":"Singing Bowl","floor":29},{"not_picked":["6A","ChargingUp"],"picked":"AsteroidBelt","floor":30},{"not_picked":["MysteriousBeam","6A"],"picked":"BlazeAway","floor":31},{"not_picked":["NonDirectionalLaser","Acceleration+1","DragonMeteor"],"picked":"Singing Bowl","floor":32},{"not_picked":["ManaRampage","SatelliteIllusion","MillisecondPulsars"],"picked":"Singing Bowl","floor":35},{"not_picked":["DragonMeteor","UnstableBomb","6A"],"picked":"Singing Bowl","floor":37},{"not_picked":["ShootingEcho","DC","GalacticHalo"],"picked":"Singing Bowl","floor":38},{"not_picked":["WitchLeyline+1","DC"],"picked":"Acceleration+1","floor":39},{"not_picked":["MagicChant+1","DragonMeteor"],"picked":"LuminesStrike","floor":40},{"not_picked":["PulseMagic","OneTimeOff+1","GalacticHalo"],"picked":"Singing Bowl","floor":42},{"not_picked":["NonDirectionalLaser","DoubleSpark","PowerUp"],"picked":"Singing Bowl","floor":43},{"not_picked":["SporeBomb","EscapeVelocity"],"picked":"MagicAbsorber+1","floor":46},{"not_picked":["ShootingEcho","GravityBeat+1","RefractionSpark"],"picked":"Singing Bowl","floor":48},{"not_picked":["SuperPerseids","MilkyWay","DarkSpark+1"],"picked":"Singing Bowl","floor":49},{"not_picked":["UnstableBomb","OortCloud"],"picked":"AsteroidBelt","floor":56}],"player_experience":834969,"relics_obtained":[{"floor":6,"key":"Dream Catcher"},{"floor":8,"key":"Singing Bowl"},{"floor":9,"key":"White Beast Statue"},{"floor":19,"key":"Bag of Marbles"},{"floor":26,"key":"CeramicFish"},{"floor":28,"key":"Replay:Wax Seal"},{"floor":29,"key":"Lantern"},{"floor":32,"key":"Replay:Bottled Eggs"},{"floor":33,"key":"ReplayTheSpireMod:Ring of Exchange"},{"floor":38,"key":"WingedGreaves"},{"floor":40,"key":"Torii"},{"floor":42,"key":"BreadOfAWashokuLover"},{"floor":43,"key":"Oddly Smooth Stone"},{"floor":45,"key":"Blue Candle"},{"floor":46,"key":"Bottled Tornado"},{"floor":49,"key":"Pen Nib"},{"floor":56,"key":"Art of War"}],"event_choices":[{"damage_healed":0,"gold_gain":0,"player_choice":"Got Potions","damage_taken":0,"max_hp_gain":0,"max_hp_loss":0,"event_name":"Lab","floor":3,"gold_loss":0},{"damage_healed":0,"gold_gain":0,"player_choice":"Rummage","damage_taken":0,"relics_obtained":["WarpedTongs"],"max_hp_gain":0,"max_hp_loss":0,"event_name":"Accursed Blacksmith","floor":12,"gold_loss":0,"cards_obtained":["Pain"]},{"cards_removed":["Strike_MRS"],"damage_healed":0,"gold_gain":0,"player_choice":"Offered Basic","damage_taken":0,"max_hp_gain":0,"max_hp_loss":0,"event_name":"Bonfire Elementals","floor":21,"gold_loss":0},{"damage_healed":0,"gold_gain":0,"player_choice":"Fight","damage_taken":0,"max_hp_gain":0,"max_hp_loss":0,"event_name":"Mysterious Sphere","floor":38,"gold_loss":0},{"damage_healed":0,"gold_gain":0,"player_choice":"Fight","damage_taken":0,"max_hp_gain":0,"max_hp_loss":0,"event_name":"MindBloom","floor":40,"gold_loss":0},{"damage_healed":0,"gold_gain":0,"player_choice":"Embrace Madness","damage_taken":19,"max_hp_gain":0,"max_hp_loss":0,"event_name":"Winding Halls","floor":50,"gold_loss":0,"cards_obtained":["Madness","Madness"]}],"is_beta":false,"boss_relics":[{"not_picked":["SlaversCollar","SacredBark"],"picked":"ExperimentalFamiliar"},{"not_picked":["Kintsugi","Membership Card"],"picked":"Abe\u0027s Treasure"}],"items_purged_floors":[7,13,41,55],"is_endless":false,"potions_floor_spawned":[1,4,6,10,11,14,16,18,20,24,26,27,29,30,31,32,35,37,38,39,40,42,43,46,48,49,56],"killed_by":"The Heart","ascension_level":19}}