{"host":"r4wzpqnzjxxipuax","time":1613538682,"event":{"mods":["AchievementEnabler","BaseMod","Colored Map","Marisa????????","Minty Spire (QoL Compilation)","StSLib","The Animator","The Cursed","The Senshi"],"gold_per_floor":[118,146,164,77,352,352,382,307,333,353,353,381,461,511,511,523,523],"floor_reached":16,"language":"ENG","playtime":942,"items_purged":["Regret"],"score":94,"play_id":"c87b7f72-8015-4128-acb0-84ed40392dac","local_time":"20210216221122","is_ascension_mode":false,"campfire_choices":[{"data":"animator:Melzalgald","floor":6,"key":"SMITH"},{"floor":15,"key":"REST"}],"circlet_count":0,"master_deck":["animator:Strike_Konosuba","animator:Defend_Konosuba","animator:Kazuma","animator:Aqua","animator:Melzalgald+1","animator:Sloth","animator:ChlammyZell","animator:Strike_AccelWorld+1","animator:Strike_Fate","animator:Strike_MadokaMagica","animator:Defend_FullmetalAlchemist","animator:Defend_Konosuba","animator:Defend_OwariNoSeraph+1","animator:Chris","animator:Sonic","animator:Chung"],"relics":["animator:LivingPicture","animator:TheMissingPiece","SsserpentHead"],"acts_visited":["Exordium"],"potions_floor_usage":[16],"damage_taken":[{"damage":0,"enemies":"Small Slimes","floor":1,"turns":5},{"damage":6,"enemies":"Cultist","floor":2,"turns":3},{"damage":0,"enemies":"2 Louse","floor":3,"turns":3},{"damage":13,"enemies":"Large Slime","floor":7,"turns":7},{"damage":15,"enemies":"Blue Slaver","floor":10,"turns":3},{"damage":0,"enemies":"3 Louse","floor":12,"turns":4},{"damage":15,"enemies":"2 Fungi Beasts","floor":13,"turns":3},{"damage":41,"enemies":"Slime Boss","floor":16,"turns":10}],"seed_played":"-7496771818799218798","potions_obtained":[{"floor":1,"key":"Explosive Potion"},{"floor":3,"key":"SpeedPotion"},{"floor":13,"key":"Ancient Potion"}],"is_trial":false,"path_per_floor":["M","M","M","?","?","R","M","$","T","M","?","M","M","?","R","B"],"character_chosen":"THE_ANIMATOR","items_purchased":[],"campfire_rested":1,"item_purchase_floors":[],"current_hp_per_floor":[72,66,68,68,68,68,57,57,57,42,42,44,31,17,38,0,0],"gold":523,"neow_bonus":"TEN_PERCENT_HP_BONUS","is_daily":false,"chose_seed":false,"campfire_upgraded":1,"win_rate":0.0,"timestamp":1613538682,"path_taken":["M","M","M","?","?","R","M","$","T","?","?","M","?","?","R","BOSS"],"items_purchased_type":[],"build_version":"2020-12-22","purchased_purges":1,"victory":false,"max_hp_per_floor":[72,72,72,72,72,72,72,72,72,72,72,72,72,72,72,72,72],"card_choices":[{"not_picked":["animator:Aisha","animator:RoyMustang"],"picked":"animator:Melzalgald","floor":1},{"not_picked":["animator:Laby","animator:TsurugaMeisai"],"picked":"animator:Sloth","floor":2},{"not_picked":["animator:Raven","animator:Elsword"],"picked":"animator:ChlammyZell","floor":3},{"not_picked":["animator:Vanir","animator:Kazuma"],"picked":"animator:Chris","floor":7},{"not_picked":["animator:Konayuki","animator:Raven"],"picked":"animator:Sonic","floor":10},{"not_picked":["animator:Jibril","animator:Emonzaemon","animator:Alexander"],"picked":"SKIP","floor":12},{"not_picked":["animator:Tet","animator:Konayuki","animator:Chung"],"picked":"SKIP","floor":13},{"not_picked":["animator:Tet","animator:Konayuki"],"picked":"animator:Chung","floor":13}],"player_experience":319973,"relics_obtained":[],"event_choices":[{"damage_healed":0,"gold_gain":275,"player_choice":"Desecrate","damage_taken":0,"max_hp_gain":0,"max_hp_loss":0,"event_name":"Golden Shrine","floor":5,"gold_loss":0,"cards_obtained":["Regret"]},{"damage_healed":0,"gold_gain":0,"player_choice":"Trade","damage_taken":0,"relics_obtained":["SsserpentHead"],"max_hp_gain":0,"max_hp_loss":0,"event_name":"FaceTrader","floor":11,"gold_loss":0},{"damage_healed":0,"gold_gain":0,"player_choice":"Entered Light","damage_taken":14,"max_hp_gain":0,"max_hp_loss":0,"event_name":"Shining Light","floor":14,"gold_loss":0,"cards_upgraded":["animator:Strike_AccelWorld","animator:Defend_OwariNoSeraph"]}],"is_beta":false,"boss_relics":[],"items_purged_floors":[8],"is_endless":false,"potions_floor_spawned":[1,3,13],"killed_by":"Slime Boss","ascension_level":0}}