{"host":"h49usdrjeju7gyhi","time":1613535218,"event":{"mods":["BaseMod","Colored Map","Minty Spire (QoL Compilation)","SOS???????","StSLib"],"gold_per_floor":[109,7,41,96,96,96,134,134,134,183,214,266,284,17,17,146,146,186,245,314,264,312,320,320,351,385,437,460,421,421,464,464,504,504,554,585,550,184,184,144,144],"floor_reached":40,"language":"ENG","playtime":2216,"items_purged":["Shoot","Decay"],"score":575,"play_id":"73ac0e7c-95f6-4b4b-83ef-c16c7e732d01","local_time":"20210216231338","is_ascension_mode":true,"campfire_choices":[{"data":"Provocation","floor":6,"key":"SMITH"},{"data":"LucifercomboC","floor":8,"key":"SMITH"},{"floor":15,"key":"REST"},{"data":"Lucifer","floor":24,"key":"SMITH"},{"data":"Demonreform","floor":30,"key":"SMITH"},{"data":"Weaponchange","floor":32,"key":"SMITH"}],"circlet_count":0,"master_deck":["Attack_a","Attack_a","Attack_b+1","Shoot","Provocation+1","Defend_Dante","Defend_Dante","Defend_Dante","Defend_Dante","Redorb+1","LucifercomboA","LucifercomboA","LucifercomboC+1","LucifercomboC","LucifercomboB","Rebellion","Straight+1","Greenorb","VitalstarL","Swordmaster","Airtrick","Splesh+1","Demonreform+1","Swordmaster+1","Weaponchange+1","Shock+1","Lucifer+1","DevilstarS","Darkslayer","Ecstasy"],"relics":["SSS","Combocheck","Toy Ornithopter","Darkstone Periapt","Molten Egg 2","CeramicFish","Cursed Key","Potion Belt","Strawberry","StrikeDummy","SlaversCollar","Kunai"],"acts_visited":["Exordium","TheCity","TheBeyond"],"potions_floor_usage":[7,7,16,19,25,25,31,36,36,37],"damage_taken":[{"damage":0,"enemies":"2 Louse","floor":1,"turns":3},{"damage":4,"enemies":"Jaw Worm","floor":3,"turns":4},{"damage":0,"enemies":"Cultist","floor":4,"turns":3},{"damage":4,"enemies":"Lagavulin","floor":7,"turns":3},{"damage":16,"enemies":"Red Slaver","floor":10,"turns":4},{"damage":8,"enemies":"Exordium Wildlife","floor":11,"turns":2},{"damage":13,"enemies":"Gremlin Nob","floor":12,"turns":3},{"damage":33,"enemies":"Hexaghost","floor":16,"turns":5},{"damage":0,"enemies":"Spheric Guardian","floor":18,"turns":2},{"damage":3,"enemies":"Shell Parasite","floor":19,"turns":2},{"damage":31,"enemies":"Cultist and Chosen","floor":20,"turns":7},{"damage":0,"enemies":"Sentry and Sphere","floor":22,"turns":2},{"damage":15,"enemies":"Book of Stabbing","floor":23,"turns":2},{"damage":14,"enemies":"Shelled Parasite and Fungi","floor":25,"turns":3},{"damage":16,"enemies":"Gremlin Leader","floor":27,"turns":3},{"damage":10,"enemies":"Snecko","floor":28,"turns":3},{"damage":0,"enemies":"Sentry and Sphere","floor":29,"turns":2},{"damage":13,"enemies":"Slavers","floor":31,"turns":3},{"damage":14,"enemies":"Collector","floor":33,"turns":3},{"damage":31,"enemies":"3 Shapes","floor":35,"turns":3},{"damage":0,"enemies":"3 Darklings","floor":36,"turns":3},{"damage":60,"enemies":"Maw","floor":37,"turns":8},{"damage":67,"enemies":"Nemesis","floor":40,"turns":4}],"seed_played":"-2019609078067541016","potions_obtained":[{"floor":1,"key":"Energy Potion"},{"floor":3,"key":"Explosive Potion"},{"floor":7,"key":"CultistPotion"},{"floor":10,"key":"Block Potion"},{"floor":18,"key":"DistilledChaos"},{"floor":23,"key":"DuplicationPotion"},{"floor":25,"key":"DuplicationPotion"},{"floor":28,"key":"LiquidMemories"},{"floor":35,"key":"Swift Potion"},{"floor":36,"key":"LiquidBronze"}],"is_trial":false,"path_per_floor":["M","$","M","M","?","R","E","R","T","M","M","E","?","$","R","B",null,"M","M","M","?","M","E","R","M","T","E","M","M","R","E","R","B",null,"M","M","M","$","?","E"],"character_chosen":"DANTE","items_purchased":["LucifercomboA","PowerPotion","Airtrick","Splesh+1","Ecstasy","Kunai"],"campfire_rested":1,"item_purchase_floors":[2,2,14,14,38,38],"current_hp_per_floor":[80,80,76,76,60,60,66,66,66,50,42,29,29,29,53,26,67,70,80,52,52,57,62,62,58,71,58,54,74,74,76,76,79,90,61,76,55,55,55,0,0],"gold":144,"neow_bonus":"RANDOM_COMMON_RELIC","is_daily":false,"chose_seed":false,"campfire_upgraded":5,"win_rate":0.0,"timestamp":1613535218,"path_taken":["M","$","M","M","?","R","E","R","T","M","M","E","?","$","R","BOSS","M","M","M","?","M","E","R","?","T","E","M","M","R","E","R","BOSS","M","M","M","$","?","E"],"items_purchased_type":["Card","Potion","Card","Card","Card","Relic"],"build_version":"2020-12-22","purchased_purges":2,"victory":false,"max_hp_per_floor":[80,80,80,80,80,80,80,80,80,80,80,80,80,80,80,80,80,80,80,80,80,80,80,80,80,93,93,93,93,93,93,93,93,93,93,93,93,93,93,93,93],"card_choices":[{"not_picked":["LucifercomboD","VitalstarM"],"picked":"LucifercomboA","floor":1},{"not_picked":["Dash1","Splesh"],"picked":"LucifercomboC","floor":3},{"not_picked":["GilgameshcomboA","VitalstarM"],"picked":"LucifercomboC","floor":4},{"not_picked":["LucifercomboA","DevilstarL"],"picked":"LucifercomboB","floor":7},{"not_picked":["Holywater","Greenorb"],"picked":"Rebellion","floor":10},{"not_picked":["BeastUppercut+1","VitalstarS"],"picked":"Straight+1","floor":11},{"not_picked":["DevilstarS","LucifercomboB+1"],"picked":"Greenorb","floor":12},{"not_picked":["Goldorb","DevilstarL"],"picked":"Demonreform","floor":16},{"not_picked":["Splesh+1","Holywater"],"picked":"Swordmaster+1","floor":18},{"not_picked":["EbonyIvory","Unrisingdragon+1"],"picked":"Weaponchange","floor":19},{"not_picked":["Airhike","Greenorb"],"picked":"Shock+1","floor":20},{"not_picked":["LucifercomboC+1","Gilgamesh","LucifercomboB+1"],"picked":"SKIP","floor":22},{"not_picked":["Pandora+1","Doubleshoot+1"],"picked":"Lucifer","floor":23},{"not_picked":["VitalstarM","VitalstarS","Unrisingdragon+1"],"picked":"SKIP","floor":25},{"not_picked":["GilgameshcomboA+1","EbonyIvory"],"picked":"Hightime+1","floor":27},{"not_picked":["LucifercomboB+1","Doubleshoot+1"],"picked":"DevilstarS","floor":28},{"not_picked":["Chargeshoot+1","Doubleshoot+1","VitalstarS+1"],"picked":"SKIP","floor":29},{"not_picked":["Greenorb","Goldorb","Weaponchange"],"picked":"SKIP","floor":31},{"not_picked":["Trickster","VitalstarL"],"picked":"Darkslayer","floor":33},{"not_picked":["Hightime+1","Fullhouse+1","Chargeshoot2+1"],"picked":"SKIP","floor":35},{"not_picked":["Holywater+1","GilgameshcomboA+1","Weaponupgrade"],"picked":"SKIP","floor":36},{"not_picked":["Millionkick+1","Doubleshoot+1","Hightime+1"],"picked":"SKIP","floor":37}],"player_experience":1139572,"relics_obtained":[{"floor":7,"key":"Darkstone Periapt"},{"floor":9,"key":"Molten Egg 2"},{"floor":12,"key":"CeramicFish"},{"floor":23,"key":"Potion Belt"},{"floor":26,"key":"Strawberry"},{"floor":31,"key":"StrikeDummy"}],"event_choices":[{"damage_healed":0,"gold_gain":0,"player_choice":"Entered Light","damage_taken":16,"max_hp_gain":0,"max_hp_loss":0,"event_name":"Shining Light","floor":5,"gold_loss":0,"cards_upgraded":["Attack_b","Redorb"]},{"damage_healed":0,"gold_gain":0,"player_choice":"2 cards matched","damage_taken":0,"max_hp_gain":0,"max_hp_loss":0,"event_name":"Match and Keep!","floor":13,"gold_loss":0,"cards_obtained":["VitalstarL","Swordmaster"]},{"damage_healed":0,"gold_gain":0,"player_choice":"Bet on Owner","damage_taken":0,"max_hp_gain":0,"max_hp_loss":0,"event_name":"The Joust","floor":21,"gold_loss":50},{"cards_removed":["Hightime"],"damage_healed":0,"gold_gain":0,"player_choice":"Removed Skill","damage_taken":0,"max_hp_gain":0,"max_hp_loss":0,"event_name":"Falling","floor":39,"gold_loss":0}],"is_beta":false,"boss_relics":[{"not_picked":["SacredBark","Black Star"],"picked":"Cursed Key"},{"not_picked":["Runic Dome","Runic Pyramid"],"picked":"SlaversCollar"}],"items_purged_floors":[14,38],"is_endless":false,"potions_floor_spawned":[1,3,7,10,18,23,25,28,35,36],"killed_by":"Nemesis","ascension_level":5}}