{"host":"lv7etzzgwahaenh9","time":1613595810,"event":{"mods":["AchievementEnabler","BaseMod","Colored Map","Colored Powertips","Highlight Path","Minty Spire (QoL Compilation)","Permanent Neow","Quick Restart","Random Character Button","StSLib"],"gold_per_floor":[414,429,9,9,20,54,54,87,87,87,104,104,121,131,131,236,236,253,266,266,285,22,22,48,48,48,48,48],"floor_reached":27,"language":"ENG","playtime":1157,"items_purged":["Defend_G"],"score":414,"play_id":"65d5271f-8c31-4088-a3a5-fd82143543bd","local_time":"20210217130330","is_ascension_mode":true,"campfire_choices":[{"floor":7.0,"key":"REST"},{"data":"Noxious Fumes","floor":10.0,"key":"SMITH"},{"data":"Deadly Poison","floor":15,"key":"SMITH"},{"data":"Burst","floor":23,"key":"SMITH"}],"circlet_count":0,"master_deck":["AscendersBane","Defend_G","Defend_G","Defend_G","Defend_G","Survivor","Neutralize+1","Masterful Stab","Noxious Fumes+1","Skewer","Slice","Cloak And Dagger","Outmaneuver","Deadly Poison+1","Burst+1","Dodge and Roll+1","Bite","Bite","Bite","Bite","Bite","Leg Sweep","Deadly Poison+1","PiercingWail","Well Laid Plans+1"],"relics":["Ring of the Snake","Old Coin","Membership Card","Incense Burner","Shuriken","Boot","Pantograph","Oddly Smooth Stone","Eternal Feather","Busted Crown","White Beast Statue","DollysMirror","Meat on the Bone","Sundial"],"acts_visited":["Exordium","TheCity"],"potions_floor_usage":[18,18,24,27],"damage_taken":[{"damage":0.0,"enemies":"Small Slimes","floor":1.0,"turns":5.0},{"damage":0.0,"enemies":"Jaw Worm","floor":2.0,"turns":3.0},{"damage":0.0,"enemies":"Cultist","floor":5.0,"turns":3.0},{"damage":27.0,"enemies":"Lagavulin","floor":6.0,"turns":7.0},{"damage":12.0,"enemies":"3 Sentries","floor":8.0,"turns":6.0},{"damage":0.0,"enemies":"Looter","floor":11.0,"turns":2.0},{"damage":0.0,"enemies":"Gremlin Gang","floor":13.0,"turns":4.0},{"damage":5.0,"enemies":"Exordium Wildlife","floor":14.0,"turns":4.0},{"damage":10,"enemies":"The Guardian","floor":16,"turns":9},{"damage":8,"enemies":"Spheric Guardian","floor":18,"turns":5},{"damage":11,"enemies":"Chosen","floor":19,"turns":5},{"damage":20,"enemies":"Snake Plant","floor":21,"turns":5},{"damage":46,"enemies":"Gremlin Leader","floor":24,"turns":7},{"damage":33,"enemies":"Chosen and Byrds","floor":27,"turns":6}],"seed_played":"2627317103944787148","potions_obtained":[{"floor":1.0,"key":"Strength Potion"},{"floor":2.0,"key":"GamblersBrew"},{"floor":11.0,"key":"Regen Potion"},{"floor":13.0,"key":"Weak Potion"},{"floor":21,"key":"Dexterity Potion"},{"floor":24,"key":"SteroidPotion"}],"is_trial":false,"path_per_floor":["M","M","$","?","M","E","R","E","T","R","M","T","M","M","R","B",null,"M","M","?","M","$","R","E","?","T","M"],"character_chosen":"THE_SILENT","items_purchased":["Membership Card","Incense Burner","Shuriken","White Beast Statue","DollysMirror","PiercingWail"],"campfire_rested":1,"item_purchase_floors":[3,3,3,22,22,22],"current_hp_per_floor":[45,45,45,31,31,4,25,13,13,13,13,13,13,8,20,35,61,65,54,49,35,35,47,17,17,17,0,0],"gold":48,"neow_bonus":"ONE_RARE_RELIC","is_daily":false,"chose_seed":false,"campfire_upgraded":3,"win_rate":0.0,"timestamp":1613595810,"path_taken":["M","M","$","?","M","E","R","E","T","R","M","?","M","M","R","BOSS","M","M","?","M","$","R","E","?","T","?"],"items_purchased_type":["Relic","Relic","Relic","Relic","Relic","Card"],"build_version":"2020-12-22","purchased_purges":1,"victory":false,"max_hp_per_floor":[70,70,70,70,70,70,70,70,70,70,70,70,70,70,70,70,70,70,70,49,49,49,49,49,49,49,49,49],"card_choices":[{"not_picked":["Sucker Punch","Outmaneuver"],"picked":"Masterful Stab","floor":1.0},{"not_picked":["Outmaneuver","Slice"],"picked":"Noxious Fumes","floor":2.0},{"not_picked":["Blade Dance","Acrobatics"],"picked":"Skewer","floor":5.0},{"not_picked":["Tools of the Trade","Masterful Stab"],"picked":"Slice","floor":6.0},{"not_picked":["Slice","Finisher"],"picked":"Cloak And Dagger","floor":8.0},{"not_picked":["Dagger Spray","Outmaneuver","Concentrate"],"picked":"SKIP","floor":11.0},{"not_picked":["Dagger Spray","Concentrate"],"picked":"Outmaneuver","floor":11.0},{"not_picked":["PiercingWail","Calculated Gamble"],"picked":"Deadly Poison","floor":13.0},{"not_picked":["Expertise","Blade Dance","Sucker Punch"],"picked":"SKIP","floor":14.0},{"not_picked":["Adrenaline","Phantasmal Killer"],"picked":"Burst","floor":16},{"not_picked":[],"picked":"Dodge and Roll+1","floor":18},{"not_picked":["Sucker Punch"],"picked":"SKIP","floor":19},{"not_picked":[],"picked":"Leg Sweep","floor":21},{"not_picked":[],"picked":"Well Laid Plans","floor":24}],"player_experience":409270,"relics_obtained":[{"floor":6.0,"key":"Boot"},{"floor":8.0,"key":"Pantograph"},{"floor":9.0,"key":"Oddly Smooth Stone"},{"floor":12.0,"key":"Eternal Feather"},{"floor":24,"key":"Meat on the Bone"},{"floor":26,"key":"Sundial"}],"event_choices":[{"damage_healed":0.0,"max_hp_gain":0.0,"max_hp_loss":0.0,"gold_gain":0.0,"event_name":"Shining Light","player_choice":"Entered Light","floor":4.0,"gold_loss":0.0,"damage_taken":14.0,"cards_upgraded":["Strike_G","Neutralize"]},{"damage_healed":0,"gold_gain":0,"player_choice":"Became a vampire","damage_taken":0,"max_hp_gain":0,"max_hp_loss":21,"event_name":"Vampires","floor":20,"gold_loss":0,"cards_obtained":["Bite","Bite","Bite","Bite","Bite"]},{"damage_healed":0,"gold_gain":0,"player_choice":"Upgraded","damage_taken":0,"max_hp_gain":0,"max_hp_loss":0,"event_name":"Upgrade Shrine","floor":25,"gold_loss":0,"cards_upgraded":["Well Laid Plans"]}],"is_beta":false,"boss_relics":[{"not_picked":["Ring of the Serpent","SlaversCollar"],"picked":"Busted Crown"}],"items_purged_floors":[22],"is_endless":false,"potions_floor_spawned":[1,2,11,13,14,16,21,24],"killed_by":"Chosen and Byrds","ascension_level":12}}