{"host":"za1qviwhp34x909e","time":1613551061,"event":{"mods":["Act Like it!","BaseMod","Colored Map","Colored Powertips","Downfall","Highlight Path","Hubris","Koishi","Marisa????????","Minty Spire (QoL Compilation)","Quick Restart","Remilia??????","Replay The Spire","StSLib","The Servant 0.9.4"],"gold_per_floor":[111,66,85,96,110,110,141,141,167,180,180,194,194,224,224,224,224],"floor_reached":16,"language":"ENG","playtime":726,"items_purged":[],"score":118,"play_id":"a6caa6eb-fe03-45fd-9f1c-4627576f5868","local_time":"20210217023741","is_ascension_mode":true,"campfire_choices":[{"data":"Koishi:BramblyRoseGarden","floor":6,"key":"SMITH"},{"data":"Koishi:StingingMind","floor":8,"key":"SMITH"},{"floor":11,"key":"REST"},{"data":"Koishi:JumpScare","floor":15,"key":"SMITH"}],"circlet_count":0,"master_deck":["Koishi:BasicStrike","Koishi:BasicStrike","Koishi:BasicStrike","Koishi:BasicDefend","Koishi:BasicDefend","Koishi:BasicDefend","Koishi:BasicDefend","Koishi:Provoke","Koishi:HauntingSlash","Koishi:BramblyRoseGarden+1","Koishi:UnansweredLove","Koishi:PhantomStrike","Koishi:CatchAndRose","Koishi:StingingMind+1","Koishi:SubconsciousSweep","Koishi:Jaunt","Koishi:PhilosophyOfTheDespised+1","Koishi:JumpScare+1"],"relics":["Koishi:ImaginaryFriend","Gremlin Horn","Oddly Smooth Stone","Ancient Tea Set"],"acts_visited":["Exordium"],"potions_floor_usage":[10,14],"damage_taken":[{"damage":1,"enemies":"Cultist","floor":1,"turns":5},{"damage":12,"enemies":"2 Louse","floor":3,"turns":2},{"damage":1,"enemies":"Jaw Worm","floor":4,"turns":4},{"damage":16,"enemies":"Gremlin Gang","floor":5,"turns":6},{"damage":23,"enemies":"Lagavulin","floor":7,"turns":7},{"damage":16,"enemies":"Exordium Thugs","floor":10,"turns":3},{"damage":0,"enemies":"3 Louse","floor":12,"turns":2},{"damage":9,"enemies":"3 Sentries","floor":14,"turns":4},{"damage":26,"enemies":"Hexaghost","floor":16,"turns":9}],"seed_played":"-2588971994434137228","potions_obtained":[{"floor":7,"key":"Adrenaline Potion"},{"floor":10,"key":"ColorlessPotion"}],"is_trial":false,"path_per_floor":["M","$","M","M","M","R","E","R","T","M","R","M","?","E","R","B"],"character_chosen":"KOISHI","items_purchased":["Koishi:PhantomStrike"],"campfire_rested":1,"item_purchase_floors":[2],"current_hp_per_floor":[60,60,48,48,40,40,27,27,27,15,33,33,33,24,24,0,0],"gold":224,"neow_bonus":"TRANSFORM_CARD","is_daily":false,"chose_seed":false,"campfire_upgraded":3,"win_rate":0.0,"timestamp":1613551061,"path_taken":["M","$","M","M","M","R","E","R","T","?","R","M","?","E","R","BOSS"],"items_purchased_type":["Card"],"build_version":"2020-12-22","purchased_purges":0,"victory":false,"max_hp_per_floor":[60,60,60,60,60,60,60,60,60,60,60,60,60,60,60,60,60],"card_choices":[{"not_picked":["Koishi:FleetingPhantom","Koishi:SprinkleStarAndHeart"],"picked":"Koishi:UnansweredLove","floor":1},{"not_picked":["Koishi:BloodcurdlingScream","Koishi:RacingHeart"],"picked":"Koishi:CatchAndRose","floor":3},{"not_picked":["Koishi:MassHysteria","Koishi:UnconsciousUrges"],"picked":"Koishi:StingingMind","floor":4},{"not_picked":["Koishi:SpiritedAway","Koishi:BloodcurdlingScream","Koishi:Prune"],"picked":"SKIP","floor":5},{"not_picked":["Koishi:Prune","Koishi:Catatonia"],"picked":"Koishi:SubconsciousSweep","floor":7},{"not_picked":["Koishi:RorschachInDanmaku","Koishi:ReflexRadar"],"picked":"Koishi:Jaunt","floor":10},{"not_picked":["Koishi:Heartbroken","Koishi:UnansweredLove"],"picked":"Koishi:PhilosophyOfTheDespised","floor":12},{"not_picked":["Koishi:Vanish","Koishi:Prune"],"picked":"Koishi:JumpScare","floor":14}],"player_experience":765664,"relics_obtained":[{"floor":7,"key":"Gremlin Horn"},{"floor":9,"key":"Oddly Smooth Stone"},{"floor":14,"key":"Ancient Tea Set"}],"event_choices":[],"is_beta":false,"boss_relics":[],"items_purged_floors":[],"is_endless":false,"potions_floor_spawned":[7,10],"killed_by":"Hexaghost","ascension_level":1}}