{"host":"xltl1aroowo69o4n","time":1613543293,"event":{"mods":["BaseMod","Colored Map","Colored Powertips","Downfall","Marisa????????","Minty Spire (QoL Compilation)","Replay The Spire","StSLib","The Cursed","The Hierophant","The Mystic","The Necromancer","The Servant 0.9.4"],"gold_per_floor":[99,99,192,30,52,52,73,73,73,43,68,92,92,154,154,262,262,282,276,276,147,170,241,268,268,339,389,458,81,81,68,68,138,138,197,197,197,288,351,326,493,493,520,520,546,546,610,69,69,38],"floor_reached":51,"language":"ENG","playtime":4488,"items_purged":["hierophant:Doubloon"],"score":810,"play_id":"89ce34de-784b-4550-89f6-64a13be4730b","local_time":"20210217012813","is_ascension_mode":false,"campfire_choices":[{"floor":6,"key":"REST"},{"data":"hierophant:Sermon","floor":8,"key":"SMITH"},{"data":"hierophant:Doubloon","floor":13,"key":"SMITH"},{"floor":25,"key":"REST"},{"floor":30,"key":"REST"},{"floor":32,"key":"REST"},{"floor":42,"key":"REST"},{"floor":44,"key":"REST"},{"floor":46,"key":"REST"},{"floor":49,"key":"REST"}],"circlet_count":0,"master_deck":["hierophant:Strike_Hierophant","hierophant:Punish","hierophant:Defend_Hierophant","hierophant:Defend_Hierophant","hierophant:Defend_Hierophant","hierophant:Defend_Hierophant","hierophant:ChurchCoffers","hierophant:Encroach","hierophant:OrnateBuckler+1","hierophant:EyeForCoin","hierophant:Doubloon","hierophant:CoinFling","hierophant:HolyVerse","hierophant:Sermon+1","hierophant:Doubloon","hierophant:ConvertCurrency","hierophant:Doubloon","hierophant:Doubloon+1","hierophant:Remorse","hierophant:FaithHealing","hierophant:Doubloon","hierophant:SealAway","hierophant:Kindle","hierophant:Doubloon","hierophant:AuricForm","hierophant:Zeal+1","hierophant:Doubloon","hierophant:Patience+1","Replay:Parry","ReplayTheSpireMod:Brewmster","Dramatic Entrance","hierophant:Doubloon","hierophant:OrnateBuckler","hierophant:Sermon+1","hierophant:Exaltation","hierophant:Doubloon","hierophant:Doubloon","hierophant:HammerAndAnvil+1","hierophant:Upheaval","ReplayTheSpireMod:Brewmster","Crow Ritual","hierophant:Bribe","hierophant:Smite","hierophant:Doubloon","hierophant:LocustPlague","hierophant:Doubloon","hierophant:Doubloon","hierophant:PassingBell+1","hierophant:Doubloon","hierophant:ConvertCurrency+1","hierophant:Doubloon","hierophant:Dazzle+1","hierophant:AuricBeam+1","hierophant:Shelter","hierophant:Sermon","hierophant:Doubloon","hierophant:Shelter","hierophant:Encroach","hierophant:Racketeering","hierophant:Doubloon"],"relics":["hierophant:PropheticMaskRelic","NeowsBlessing","Replay:PocketPolymizer","Sundial","Chameleon Ring","Snecko Heart","ReplayTheSpireMod:ShopPack","ReplayTheSpireMod:Lightbulb","Onion Ring","Replay:Bottled Steam","Oddly Smooth Stone","SacredBark","Ring of Searing","Darkstone Periapt","Pet Ghost","Smiling Mask","Bronze Scales","Mirror"],"acts_visited":["Exordium","TheCity","TheBeyond"],"potions_floor_usage":[12,14,16,16,18,23,23,24,24,28,31,33,33,33,33,33,35,38,39,39,40,40,40,41,47,50,50,50,50,50,50,50,50,50,50,50,50,50,50,50],"damage_taken":[{"damage":0,"enemies":"Jaw Worm","floor":1,"turns":1},{"damage":3,"enemies":"Small Slimes","floor":5,"turns":2},{"damage":0,"enemies":"Cultist","floor":7,"turns":1},{"damage":0,"enemies":"2 Fungi Beasts","floor":11,"turns":2},{"damage":12,"enemies":"Large Slime","floor":12,"turns":7},{"damage":41,"enemies":"Lagavulin Event","floor":14,"turns":9},{"damage":32,"enemies":"Hexaghost","floor":16,"turns":15},{"damage":17,"enemies":"3 Byrds","floor":18,"turns":6},{"damage":12,"enemies":"2 Thieves","floor":19,"turns":4},{"damage":10,"enemies":"Replay:Snechameleon","floor":23,"turns":8},{"damage":5,"enemies":"Sentry and Sphere","floor":24,"turns":3},{"damage":7,"enemies":"Snake Plant","floor":28,"turns":4},{"damage":36,"enemies":"Centurion and Healer","floor":31,"turns":9},{"damage":26,"enemies":"Champ","floor":33,"turns":8},{"damage":41,"enemies":"3 Darklings","floor":35,"turns":5},{"damage":10,"enemies":"3 Shapes","floor":38,"turns":10},{"damage":14,"enemies":"Sphere and 2 Shapes","floor":39,"turns":10},{"damage":0,"enemies":"Giant Head","floor":40,"turns":4},{"damage":0,"enemies":"Jaw Worm Horde","floor":41,"turns":2},{"damage":19,"enemies":"Writhing Mass","floor":47,"turns":4},{"damage":43,"enemies":"Time Eater","floor":50,"turns":11}],"seed_played":"-2441932966066507610","potions_obtained":[{"floor":5,"key":"SpeedPotion"},{"floor":10,"key":"EssenceOfSteel"},{"floor":10,"key":"Adrenaline Potion"},{"floor":14,"key":"Block Potion"},{"floor":16,"key":"PowerPotion"},{"floor":19,"key":"SkillPotion"},{"floor":28,"key":"Elixir"},{"floor":33,"key":"sneckomod:MuddlingPotion"},{"floor":35,"key":"ColorlessPotion"},{"floor":40,"key":"Toxic Potion"}],"is_trial":false,"path_per_floor":["M","?","?","$","M","R","M","R","T","?","M","M","R","?","R_BF","B",null,"M","M","?","$","T","E","M","R","T","?","M","$","R","M","R","B",null,"M","?","?","M","M","E","M","R","T","R","T","R","M","$","R","B",null],"character_chosen":"HIEROPHANT","items_purchased":["hierophant:Determination","ReplayTheSpireMod:ShopPack","Oddly Smooth Stone","hierophant:Upheaval","ReplayTheSpireMod:Brewmster","Bronze Scales","Mirror","LifebloodPotion","hierophant:Encroach"],"campfire_rested":8,"item_purchase_floors":[4,21,29,29,29,48,48,48,48],"current_hp_per_floor":[75,68,50,50,47,69,69,69,69,69,69,57,57,16,38,6,75,58,46,28,28,28,18,13,35,35,35,28,28,50,14,36,10,75,34,34,34,24,10,10,10,32,32,54,54,75,56,56,75,32],"gold":38,"neow_bonus":"THREE_ENEMY_KILL","is_daily":false,"chose_seed":false,"campfire_upgraded":2,"win_rate":0.0,"timestamp":1613543293,"path_taken":["M","?","?","?","M","R","M","R","T","?","M","?","R","?","R_BF","BOSS","M","M","?","$","?","E","?","R","T","?","?","?","R","M","R","BOSS","M","?","?","?","M","E","M","R","T","R","?","R","M","?","R","BOSS"],"items_purchased_type":["Card","Relic","Relic","Card","Card","Relic","Relic","Potion","Card"],"build_version":"2020-12-13","purchased_purges":1,"victory":true,"max_hp_per_floor":[75,75,75,75,75,75,75,75,75,75,75,75,75,75,75,75,75,75,75,75,75,75,75,75,75,75,75,75,75,75,75,75,75,75,75,75,75,75,75,75,75,75,75,75,75,75,75,75,75,75],"card_choices":[{"not_picked":["hierophant:PassingBell","hierophant:AuricBeam"],"picked":"hierophant:Encroach","floor":1},{"not_picked":["hierophant:Martyrdom","hierophant:ThreeLashes"],"picked":"hierophant:OrnateBuckler","floor":3},{"not_picked":["hierophant:Smite","hierophant:ConvertCurrency"],"picked":"hierophant:EyeForCoin","floor":3},{"not_picked":["hierophant:Prophecy","hierophant:Encroach"],"picked":"hierophant:CoinFling","floor":3},{"not_picked":["hierophant:Purify","hierophant:Determination"],"picked":"hierophant:HolyVerse","floor":5},{"not_picked":["hierophant:Flagellation","hierophant:PristineSoul"],"picked":"hierophant:Sermon","floor":7},{"not_picked":["hierophant:Purify","hierophant:Smite"],"picked":"hierophant:ConvertCurrency","floor":11},{"not_picked":["hierophant:Generosity","hierophant:Dazzle"],"picked":"hierophant:Remorse","floor":12},{"not_picked":["hierophant:Racketeering","hierophant:Purify"],"picked":"hierophant:SealAway","floor":14},{"not_picked":["hierophant:Kindle","hierophant:DivineIntervention"],"picked":"hierophant:AuricForm","floor":16},{"not_picked":["hierophant:Anathema","hierophant:OrnateBuckler"],"picked":"hierophant:Zeal+1","floor":18},{"not_picked":["hierophant:AuricShield+1","hierophant:Purify"],"picked":"hierophant:Patience+1","floor":19},{"not_picked":["Transmutation","Secret Weapon"],"picked":"ReplayTheSpireMod:Brewmster","floor":21},{"not_picked":["Deep Breath","Swift Strike"],"picked":"Dramatic Entrance","floor":21},{"not_picked":["Deep Breath","ReplayTheSpireMod:Private Reserves"],"picked":"Replay:Sssssssssshield","floor":21},{"not_picked":["hierophant:CoinFling+1","hierophant:Patience+1"],"picked":"hierophant:OrnateBuckler","floor":23},{"not_picked":["hierophant:HolyVerse","hierophant:ConvertCurrency"],"picked":"hierophant:Sermon+1","floor":24},{"not_picked":["hierophant:CoinFling","hierophant:Refuge"],"picked":"hierophant:HammerAndAnvil+1","floor":28},{"not_picked":["hierophant:EyeForCoin","hierophant:PassingBell"],"picked":"hierophant:Bribe","floor":31},{"not_picked":["hierophant:Cornucopia","hierophant:Kindle"],"picked":"hierophant:LocustPlague","floor":33},{"not_picked":["hierophant:AuricBeam+1","hierophant:Remorse+1"],"picked":"hierophant:RustyCrate","floor":35},{"not_picked":["hierophant:AuricBeam","hierophant:PristineSoul+1"],"picked":"hierophant:PassingBell+1","floor":38},{"not_picked":["hierophant:OrnateBuckler","hierophant:RustyCrate+1"],"picked":"hierophant:ConvertCurrency+1","floor":39},{"not_picked":["hierophant:MorningPrayer+1","hierophant:Empathy"],"picked":"hierophant:Dazzle+1","floor":40},{"not_picked":["hierophant:Purify+1","hierophant:ThreeLashes+1"],"picked":"hierophant:AuricBeam+1","floor":41},{"not_picked":["hierophant:Upheaval","hierophant:OrnateBuckler"],"picked":"hierophant:Shelter","floor":47}],"player_experience":201356,"relics_obtained":[{"floor":9,"key":"Sundial"},{"floor":14,"key":"Chameleon Ring"},{"floor":22,"key":"ReplayTheSpireMod:Lightbulb"},{"floor":23,"key":"Onion Ring"},{"floor":26,"key":"Replay:Bottled Steam"},{"floor":36,"key":"Ring of Searing"},{"floor":40,"key":"Darkstone Periapt"},{"floor":43,"key":"Pet Ghost"},{"floor":45,"key":"Smiling Mask"}],"event_choices":[{"damage_healed":0,"gold_gain":0,"player_choice":"Success","damage_taken":7,"relics_obtained":["Replay:PocketPolymizer"],"max_hp_gain":0,"max_hp_loss":0,"event_name":"Scrap Ooze","floor":2,"gold_loss":0},{"damage_healed":0,"gold_gain":0,"player_choice":"Bought 2 Potions","damage_taken":0,"max_hp_gain":0,"max_hp_loss":0,"event_name":"The Woman in Blue","floor":10,"gold_loss":0},{"damage_healed":0,"gold_gain":0,"player_choice":"Searched \u00271\u0027 times","damage_taken":0,"max_hp_gain":0,"max_hp_loss":0,"event_name":"Dead Adventurer","floor":14,"gold_loss":0},{"damage_healed":0,"gold_gain":0,"player_choice":"CARD POTION ","damage_taken":18,"max_hp_gain":0,"max_hp_loss":0,"event_name":"Knowing Skull","floor":20,"potions_obtained":["Fire Potion"],"gold_loss":0,"cards_obtained":["Replay:Parry"]},{"damage_healed":0,"gold_gain":100,"player_choice":"Bet on Murderer","damage_taken":0,"max_hp_gain":0,"max_hp_loss":0,"event_name":"The Joust","floor":27,"gold_loss":50},{"cards_removed":["Languid"],"damage_healed":0,"gold_gain":0,"player_choice":"Removed Curses","damage_taken":0,"max_hp_gain":0,"max_hp_loss":0,"event_name":"Fountain of Cleansing","floor":37,"gold_loss":0}],"is_beta":false,"boss_relics":[{"not_picked":["Empty Cage","Honey Jar"],"picked":"Snecko Heart"},{"not_picked":["Snecko Eye","Runic Pyramid"],"picked":"SacredBark"}],"items_purged_floors":[48],"is_endless":false,"potions_floor_spawned":[5,11,14,16,19,24,28,33,35,40],"ascension_level":0}}