{"host":"ktoxvvst1mwxww91","time":1613550792,"event":{"mods":["BaseMod","Downfall","Hermit","Minty Spire (QoL Compilation)","StSLib","The Hierophant","The Necromancer"],"gold_per_floor":[99,109,123,108,108,258,326,326,339,367,367,395,414,414,430,531,531,531,547,647,647,153,153,153,165,265,265,300,320,320,354,367,467,467,367,380,430,442,258,258,271,271],"floor_reached":43,"language":"ENG","playtime":2296,"items_purged":["downfall:Bewildered","bronze:WildBeam"],"score":824,"play_id":"d5d3b074-fa0d-4a55-b51b-074fd737d699","local_time":"20210217093312","is_ascension_mode":true,"campfire_choices":[{"data":"bronze:Virus","floor":1,"key":"SMITH"},{"data":"bronze:Mutator","floor":8,"key":"SMITH"},{"data":"bronze:Mutator","floor":18,"key":"SMITH"},{"data":"bronze:Iterate","floor":23,"key":"SMITH"},{"data":"bronze:Optimize","floor":27,"key":"SMITH"},{"floor":30,"key":"REST"},{"floor":35,"key":"RECALL"}],"circlet_count":0,"master_deck":["bronze:Replicate","bronze:TinkerersToolbox","bronze:Virus+1","bronze:WildBeam","bronze:Mutator+1","bronze:Terminator","bronze:ForceShield","bronze:BuggyMess","bronze:Mutator","bronze:Shield","bronze:Optimize+1","bronze:WhirlingStrike","bronze:Frontload","bronze:Iterate+1","bronze:Frontload","bronze:Boost","bronze:Constructor","bronze:Repulsor","bronze:Mutator+1","bronze:WildBeam+1","bronze:Branch","bronze:DecaBeam+1","bronze:ChildClass+1","bronze:Repair+1","bronze:OilSpill","bronze:Library","bronze:Branch","bronze:ItsAFeature+1","bronze:MaxOutput","expansioncontent:StudyTheSpire","bronze:FindAndReplace+1"],"relics":["Pandora\u0027s Box","bronze:CableSpool","Blue Candle","Ancient Tea Set","Busted Crown","TungstenRod","Toxic Egg 2","sneckomod:BabySnecko","HandDrill","Guardian:PocketSentry","Pocketwatch","Oddly Smooth Stone","Toy Ornithopter","Philosopher\u0027s Stone","downfall:HeartBlessingGreen","bronze:Mallet","bronze:BronzeIdol","downfall:TeleportStone"],"acts_visited":["Exordium","TheCity","TheBeyond"],"potions_floor_usage":[12,13,22,25,31,31,33,42],"damage_taken":[{"damage":8,"enemies":"Cultist","floor":2,"turns":3},{"damage":7,"enemies":"2 Louse","floor":3,"turns":2},{"damage":0,"enemies":"downfall:FleeingMerchant","floor":4,"turns":4},{"damage":0,"enemies":"Small Slimes","floor":9,"turns":2},{"damage":18,"enemies":"Lagavulin","floor":10,"turns":8},{"damage":10,"enemies":"3 Sentries","floor":12,"turns":6},{"damage":6,"enemies":"Gremlin Gang","floor":13,"turns":3},{"damage":0,"enemies":"downfall:LooterAlt","floor":15,"turns":2},{"damage":8,"enemies":"SI_SHIV_ARCHETYPE","floor":16,"turns":8},{"damage":13,"enemies":"Spheric Guardian","floor":19,"turns":4},{"damage":9,"enemies":"IC_STATUS_ARCHETYPE","floor":20,"turns":7},{"damage":0,"enemies":"downfall:FleeingMerchant","floor":22,"turns":4},{"damage":0,"enemies":"downfall:LooterAlt2","floor":25,"turns":3},{"damage":11,"enemies":"downfall:LooterAlt2","floor":26,"turns":4},{"damage":0,"enemies":"Book of Stabbing","floor":28,"turns":5},{"damage":0,"enemies":"Sentry and Sphere","floor":29,"turns":7},{"damage":16,"enemies":"Slavers","floor":31,"turns":4},{"damage":0,"enemies":"Centurion and Healer","floor":32,"turns":4},{"damage":4,"enemies":"DF_ARCHETYPE_CLAW","floor":33,"turns":7},{"damage":0,"enemies":"Orb Walker","floor":36,"turns":3},{"damage":5,"enemies":"Orb Walker","floor":37,"turns":5},{"damage":0,"enemies":"3 Shapes","floor":38,"turns":2},{"damage":0,"enemies":"downfall:FleeingMerchant","floor":39,"turns":3},{"damage":10,"enemies":"Transient","floor":41,"turns":5},{"damage":24,"enemies":"WA_ARCHETYPE_DIVINITY","floor":42,"turns":8}],"seed_played":"596319552762781095","potions_obtained":[{"floor":9,"key":"PowerPotion"},{"floor":10,"key":"AttackPotion"},{"floor":13,"key":"Guardian:BlockOnCardUsePotion"},{"floor":20,"key":"ColorlessPotion"},{"floor":26,"key":"Energy Potion"},{"floor":28,"key":"SpeedPotion"},{"floor":29,"key":"hexamod:SoulburnPotion"},{"floor":36,"key":"Strength Potion"}],"is_trial":false,"path_per_floor":["R","M","M","$","?","?","T","R","M","E","?","E","M","?","M","B",null,"R","M","?","?","$","R","T","M","?","R","E","M","R","E","M","B",null,"R","M","?","M","$","?","M","B",null],"character_chosen":"THE_AUTOMATON","items_purchased":["HandDrill","Guardian:PocketSentry","Fruit Juice","bronze:BronzeIdol","bronze:MaxOutput","expansioncontent:StudyTheSpire"],"campfire_rested":1,"item_purchase_floors":[22,22,22,39,39,39],"current_hp_per_floor":[70,62,55,55,55,55,55,55,55,37,37,27,21,21,21,13,70,70,57,48,48,53,53,53,53,42,42,42,42,64,58,68,71,75,75,75,70,70,70,70,65,56],"gold":271,"neow_bonus":"BOSS_RELIC","is_daily":false,"chose_seed":false,"campfire_upgraded":5,"win_rate":0.0,"timestamp":1613550792,"path_taken":["R","M","?","$","?","?","T","R","M","E","?","E","?","?","M","BOSS","R","M","?","?","$","R","T","M","?","R","E","M","R","E","M","BOSS","R","M","?","M","$","?","M","BOSS"],"items_purchased_type":["Relic","Relic","Potion","Relic","Card","Card"],"build_version":"2020-12-22","purchased_purges":2,"victory":true,"max_hp_per_floor":[70,70,70,70,70,70,70,70,70,70,70,70,70,70,70,70,70,70,70,70,70,75,75,75,75,75,75,75,75,75,75,75,75,75,75,75,75,75,75,75,75,75],"card_choices":[{"not_picked":["bronze:BitShift","bronze:Iterate"],"picked":"bronze:Shield","floor":2},{"not_picked":["bronze:Turbo","bronze:FineTuning"],"picked":"bronze:Optimize","floor":3},{"not_picked":["bronze:Optimize","bronze:Return"],"picked":"bronze:WhirlingStrike","floor":4},{"not_picked":["bronze:Iterate","bronze:Invalidate"],"picked":"bronze:Frontload","floor":9},{"not_picked":["bronze:Invalidate","bronze:CutThrough"],"picked":"bronze:Iterate","floor":10},{"not_picked":["bronze:Mutator","bronze:Invalidate"],"picked":"bronze:Boost","floor":12},{"not_picked":["bronze:BugBarrage","bronze:Shell"],"picked":"bronze:Constructor","floor":13},{"not_picked":["bronze:Flail","bronze:WhirlingStrike"],"picked":"bronze:Repulsor","floor":15},{"not_picked":["bronze:HyperBeam","bronze:SpaghettiCode"],"picked":"bronze:Mutator","floor":16},{"not_picked":[],"picked":"bronze:WildBeam+1","floor":19},{"not_picked":["bronze:WhirlingStrike"],"picked":"SKIP","floor":22},{"not_picked":[],"picked":"bronze:Branch","floor":25},{"not_picked":[],"picked":"bronze:DecaBeam","floor":26},{"not_picked":[],"picked":"bronze:ChildClass+1","floor":28},{"not_picked":[],"picked":"bronze:Repair+1","floor":29},{"not_picked":["bronze:Overload+1"],"picked":"SKIP","floor":31},{"not_picked":[],"picked":"bronze:OilSpill","floor":32},{"not_picked":[],"picked":"bronze:Library","floor":33},{"not_picked":["bronze:Shield+1"],"picked":"SKIP","floor":36},{"not_picked":[],"picked":"bronze:Branch","floor":38},{"not_picked":[],"picked":"bronze:ItsAFeature+1","floor":39},{"not_picked":[],"picked":"bronze:FindAndReplace+1","floor":41}],"player_experience":1174965,"relics_obtained":[{"floor":7,"key":"bronze:CableSpool"},{"floor":10,"key":"Blue Candle"},{"floor":12,"key":"Ancient Tea Set"},{"floor":20,"key":"TungstenRod"},{"floor":20,"key":"Toxic Egg 2"},{"floor":24,"key":"Pocketwatch"},{"floor":28,"key":"Oddly Smooth Stone"},{"floor":31,"key":"Toy Ornithopter"},{"floor":37,"key":"bronze:Mallet"}],"event_choices":[{"cards_removed":["downfall:Icky"],"damage_healed":0,"gold_gain":0,"player_choice":"Card Removal","damage_taken":0,"max_hp_gain":0,"max_hp_loss":0,"event_name":"The Cleric","floor":14,"gold_loss":0}],"is_beta":false,"boss_relics":[{"not_picked":["Runic Dome","Empty Cage"],"picked":"Busted Crown"},{"not_picked":["Coffee Dripper","Velvet Choker"],"picked":"Philosopher\u0027s Stone"}],"items_purged_floors":[22,39],"is_endless":false,"potions_floor_spawned":[9,10,13,20,26,28,29,36],"ascension_level":4}}