{"host":"a3gu5zu37ht99mpa","time":1613599187,"event":{"mods":["100% Spire Juice","Act Like it!","Arknights","BaseMod","Better Silent Start","Better Third Choice","BetterRewards","ChefMod","Conspire","Downfall","Energized Spire","GifTheSpireLib","Gold Saver","Halation","JesterMod","Lobotomy","LobotomyExtend","Luminous","Minty Spire (QoL Compilation)","Potionbrewer","Prisma Mod","Reliquary","Robot Space Explorer","StSLib","Stuff the Spire","The Alterego","The Animator","The Cursed","The Dragon Tamer","The Edgeheg","The Marked","The Servant 0.9.4","TheSwordswoman","Virulent Crown","Wandering Minibosses","yUi","??????REMEMod"],"gold_per_floor":[109,129,80,80,96,96,96,96],"floor_reached":7,"language":"ENG","playtime":397,"items_purged":[],"score":41,"play_id":"4c4121d1-bc59-481d-b472-d2a106687344","local_time":"20210217165947","is_ascension_mode":false,"campfire_choices":[{"data":"jesterMod:Taunt","floor":6,"key":"SMITH"}],"circlet_count":0,"master_deck":["jesterMod:Strike","jesterMod:Strike","jesterMod:Strike","jesterMod:Strike","jesterMod:Sickle","jesterMod:Defend","jesterMod:Defend","jesterMod:Defend","jesterMod:Dodge","Adrenaline","CherryBlossoms","jesterMod:Taunt+1","jesterMod:Exasperation+1","MHz","jesterMod:Prankster","UniverseFragment","jesterMod:Precipitation"],"relics":["jesterMod:JesterCap","REME_ComplimentaryCards","CogitoBucket","LetterFromLob"],"acts_visited":["Exordium"],"potions_floor_usage":[],"damage_taken":[{"damage":0,"enemies":"Cultist","floor":1,"turns":3},{"damage":2,"enemies":"Small Slimes","floor":2,"turns":4},{"damage":2,"enemies":"2 Louse","floor":5,"turns":2},{"damage":66,"enemies":"Gremlin Nob","floor":7,"turns":4}],"seed_played":"-2945832337538900183","potions_obtained":[],"is_trial":false,"path_per_floor":["M","M","$","?","M","R","E"],"character_chosen":"THE_JESTER","items_purchased":["jesterMod:Prankster"],"campfire_rested":0,"item_purchase_floors":[3],"current_hp_per_floor":[70,68,68,62,60,60,0,0],"gold":96,"neow_bonus":"","is_daily":false,"chose_seed":false,"campfire_upgraded":1,"win_rate":0.0,"timestamp":1613599187,"path_taken":["M","?","$","?","M","R","E"],"items_purchased_type":["Card"],"build_version":"2020-12-22","purchased_purges":0,"victory":false,"max_hp_per_floor":[70,70,70,70,70,70,70,70],"card_choices":[{"not_picked":["DespairKnight","OldLady"],"picked":"CherryBlossoms","floor":1},{"not_picked":["jesterMod:BouncingKnife","jesterMod:Loot"],"picked":"jesterMod:Taunt","floor":1},{"not_picked":["jesterMod:SelfMockery","jesterMod:Frenzy"],"picked":"jesterMod:Exasperation","floor":2},{"not_picked":["OldLady","Wellcheers"],"picked":"MHz","floor":2},{"not_picked":["FairyFestival","OldLady"],"picked":"UniverseFragment","floor":5},{"not_picked":["jesterMod:Prankster","jesterMod:Drunkenness"],"picked":"jesterMod:Precipitation","floor":5}],"player_experience":125911,"relics_obtained":[{"floor":1,"key":"LetterFromLob"}],"event_choices":[],"is_beta":false,"boss_relics":[],"items_purged_floors":[],"is_endless":false,"potions_floor_spawned":[],"killed_by":"Gremlin Nob","ascension_level":0}}