{"host":"bsgp9wgausrmthh2","time":1613528496,"event":{"mods":["AchievementEnabler","BaseMod","Colored Map","Minty Spire (QoL Compilation)","StSLib"],"gold_per_floor":[112,128,128,51,51,95,111,111,136,55,70,84,84,84,84,205,205,219,219,219,219,234,234,234,234],"floor_reached":24,"language":"ENG","playtime":1308,"items_purged":[],"score":218,"play_id":"f39dc587-22e8-4fa5-8018-b1289f3c95a1","local_time":"20210216212136","is_ascension_mode":false,"campfire_choices":[{"floor":8,"key":"RECALL"},{"data":"Noxious Fumes","floor":13,"key":"SMITH"},{"data":"Footwork","floor":15,"key":"SMITH"},{"data":"Noxious Fumes","floor":23,"key":"SMITH"}],"circlet_count":0,"master_deck":["Strike_G+1","Strike_G+1","Strike_G+1","Strike_G+1","Strike_G+1","Defend_G+1","Defend_G+1","Defend_G+1","Defend_G+1","Defend_G+1","Survivor","Neutralize","Noxious Fumes+1","Dagger Spray","Footwork+1","Acrobatics","Backflip","Noxious Fumes+1","Poisoned Stab","Infinite Blades","Phantasmal Killer","Deadly Poison+1","Necronomicurse","RitualDagger","Dagger Throw"],"relics":["Ring of the Snake","NeowsBlessing","Golden Idol","Spirit Poop","War Paint","Cursed Key","Necronomicon"],"acts_visited":["Exordium","TheCity"],"potions_floor_usage":[],"damage_taken":[{"damage":0,"enemies":"Small Slimes","floor":1,"turns":1},{"damage":0,"enemies":"2 Louse","floor":2,"turns":1},{"damage":0,"enemies":"3 Sentries","floor":6,"turns":2},{"damage":2,"enemies":"Cultist","floor":7,"turns":5},{"damage":2,"enemies":"Exordium Wildlife","floor":11,"turns":6},{"damage":0,"enemies":"Large Slime","floor":12,"turns":5},{"damage":19,"enemies":"Slime Boss","floor":16,"turns":9},{"damage":10,"enemies":"3 Byrds","floor":18,"turns":4},{"damage":7,"enemies":"2 Thieves","floor":22,"turns":5},{"damage":37,"enemies":"3 Cultists","floor":24,"turns":4}],"seed_played":"-7057658984443851758","potions_obtained":[{"floor":1,"key":"EntropicBrew"},{"floor":2,"key":"BlessingOfTheForge"},{"floor":6,"key":"FearPotion"},{"floor":7,"key":"LiquidMemories"},{"floor":18,"key":"Poison Potion"}],"is_trial":false,"path_per_floor":["M","M","?","$","?","E","M","R","T","$","M","M","R","?","R","B",null,"M","?","?","?","M","R","M"],"character_chosen":"THE_SILENT","items_purchased":["Footwork","Noxious Fumes"],"campfire_rested":0,"item_purchase_floors":[4,10],"current_hp_per_floor":[70,70,70,70,70,70,68,68,68,68,66,66,66,66,66,47,70,60,60,44,38,31,31,0,0],"gold":234,"neow_bonus":"THREE_ENEMY_KILL","is_daily":false,"chose_seed":false,"campfire_upgraded":3,"win_rate":0.0,"timestamp":1613528496,"path_taken":["M","M","?","$","?","E","?","R","T","$","M","M","R","?","R","BOSS","M","?","?","?","M","R","M"],"items_purchased_type":["Card","Card"],"build_version":"2020-12-22","purchased_purges":0,"victory":false,"max_hp_per_floor":[70,70,70,70,70,70,70,70,70,70,70,70,70,70,70,70,70,70,70,70,70,70,70,70,70],"card_choices":[{"not_picked":["Caltrops","Finisher"],"picked":"Noxious Fumes","floor":1},{"not_picked":["Outmaneuver","Dodge and Roll"],"picked":"Dagger Spray","floor":2},{"not_picked":["Bane","Wraith Form v2"],"picked":"Acrobatics","floor":6},{"not_picked":["Cloak And Dagger","Quick Slash"],"picked":"Backflip","floor":7},{"not_picked":["Blade Dance","Deflect"],"picked":"Poisoned Stab","floor":11},{"not_picked":["Blade Dance","Dodge and Roll"],"picked":"Infinite Blades","floor":12},{"not_picked":["Grand Finale","Wraith Form v2"],"picked":"Phantasmal Killer","floor":16},{"not_picked":["Backflip","Poisoned Stab"],"picked":"Deadly Poison+1","floor":18},{"not_picked":["Backflip","Accuracy"],"picked":"Dagger Throw","floor":22}],"player_experience":268419,"relics_obtained":[{"floor":6,"key":"War Paint"},{"floor":20,"key":"Necronomicon"}],"event_choices":[{"damage_healed":0,"gold_gain":0,"player_choice":"Take Wound","damage_taken":0,"relics_obtained":["Golden Idol"],"max_hp_gain":0,"max_hp_loss":0,"event_name":"Golden Idol","floor":3,"gold_loss":0,"cards_obtained":["Injury"]},{"cards_removed":["Injury"],"damage_healed":0,"gold_gain":0,"player_choice":"Offered Curse","damage_taken":0,"relics_obtained":["Spirit Poop"],"max_hp_gain":0,"max_hp_loss":0,"event_name":"Bonfire Elementals","floor":5,"gold_loss":0},{"damage_healed":0,"gold_gain":0,"player_choice":"Ignored","damage_taken":0,"max_hp_gain":0,"max_hp_loss":0,"event_name":"Golden Wing","floor":14,"gold_loss":0},{"damage_healed":0,"gold_gain":0,"player_choice":"Simplicity","damage_taken":0,"max_hp_gain":0,"max_hp_loss":0,"event_name":"Back to Basics","floor":19,"gold_loss":0,"cards_upgraded":["Strike_G","Strike_G","Strike_G","Strike_G","Strike_G","Defend_G","Defend_G","Defend_G"]},{"damage_healed":0,"gold_gain":0,"player_choice":"Obtained Book","damage_taken":16,"max_hp_gain":0,"max_hp_loss":0,"event_name":"Cursed Tome","floor":20,"gold_loss":0},{"damage_healed":0,"gold_gain":0,"player_choice":"Joined the Cult","damage_taken":6,"max_hp_gain":0,"max_hp_loss":0,"event_name":"Nest","floor":21,"gold_loss":0,"cards_obtained":["RitualDagger"]}],"is_beta":false,"boss_relics":[{"not_picked":["Fusion Hammer","Ectoplasm"],"picked":"Cursed Key"}],"items_purged_floors":[],"is_endless":false,"potions_floor_spawned":[1,2,6,7,18],"killed_by":"3 Cultists","ascension_level":0}}