{"host":"rm0ctv8qd8mnbkg1","time":1613584793,"event":{"mods":["BaseMod","Beaked The Cultist","BetterRewards","Colored Map","DNKmod","Dark Map","Defuse TimeMaze Blight","Downfall","Friendly Minions","Hubris","Marisa????????","Minty Spire (QoL Compilation)","MostiFishMod","Permanent Neow","Rare Cards Sparkle","Relic Sorter","Reliquary","Replay The Spire","RumiaBox-????????","Shade Mod","Shop Mod","Spicy Shops","Spire Arcade","StSLib","The Construct","The Servant 0.9.4","TheVacant","Wandering Minibosses","??????REMEMod"],"gold_per_floor":[10000,10012,10031,10042,10042,10042,10042,10059,10084,10104,10135,10151,9743,9768,9780,9881,9881,9881,9915,9932,9943,9958,9537,9537,9550,9095,9112,9112,9129,9146,9182,9205,9307,9307,9207,9257,9257,9273,8627,8639,8639,8674,8154,8165,8192,8192,8192,7310,7323,7323],"floor_reached":51,"language":"ENG","playtime":1207,"items_purged":[],"score":1220,"play_id":"8b296bdc-8827-4547-9a37-1310bc87d587","local_time":"20210217175953","is_ascension_mode":false,"campfire_choices":[{"data":"sneckomod:Unknown","floor":1,"key":"SMITH"}],"circlet_count":0,"master_deck":["sneckomod:Strike+1","sneckomod:Strike+1","sneckomod:Strike+1","sneckomod:Defend","sneckomod:Defend","sneckomod:Defend","sneckomod:TailWhip","sneckomod:SnekBite","sneckomod:Unknown+1","sneckomod:Unknown","Genetic Algorithm","sneckomod:SnakeSap","sneckomod:ImprovisedGuard","sneckomod:SnakeSap","sneckomod:RainOfDice+1","sneckomod:WideSting","sneckomod:RainOfDice","sneckomod:IronFang","sneckomod:SerpentMind","sneckomod:GlitteringGambit","Pommel Strike+1","sneckomod:UnknownBlock+1","sneckomod:MorePower","sneckomod:UnknownDexterity+1","sneckomod:UnknownClassCONSTRUCTMOD+1","sneckomod:UnknownClassCONSTRUCTMOD+1","sneckomod:Unknown1Cost+1","sneckomod:SnekBeam","ReplayTheSpireMod:Corrosion Curse+1","sneckomod:UnknownDraw+1","sneckomod:CheapStock+1","sneckomod:Cheat","construct:GatlingGun+1","REME_Flogging+1","REME_MawOfCthun","expansioncontent:Hexaburn","construct:Zapper+1","sneckomod:Unknown1Cost+1"],"relics":["sneckomod:SneckoSoul","REME_ComplimentaryCards","DaveBox","PatriotShield","Bronze Scales","hubris:Towel","sneckomod:UnknownEgg","Replay:WaspNest","reliquary:Knoch","Guardian:GemstoneGun","Toy Ornithopter","construct:WeddingRing","StoneCalendar","InkBottle","Ancient Tea Set","BranchBurnRelic","reliquary:TuningFork","REME_LowDesire","hubris:ToyBattleship","hubris:SlimyHat","downfall:HeartBlessingGreen","hubris:Zylophone","SSSystem","bronze:DonusWashers","Replay:Bottled Eggs","reliquary:JackalopeAntler","Ginger","Counterbalance","Replay:Wax Seal","Boot","ReplayFunnel","hexamod:CandleOfCauterizing","reliquary:Buckler","sneckomod:SleevedAce","Pondfish Scales","beaked:ShinyBauble"],"acts_visited":["Exordium","TheCity","TheBeyond"],"potions_floor_usage":[13,31,31,50,50],"damage_taken":[{"damage":0,"enemies":"Cultist","floor":2,"turns":1},{"damage":0,"enemies":"Small Slimes","floor":3,"turns":1},{"damage":0,"enemies":"Jaw Worm","floor":4,"turns":1},{"damage":0,"enemies":"Exordium Wildlife","floor":8,"turns":2},{"damage":4,"enemies":"Lagavulin","floor":9,"turns":1},{"damage":0,"enemies":"Lots of Slimes","floor":10,"turns":2},{"damage":0,"enemies":"Gremlin Nob","floor":11,"turns":2},{"damage":0,"enemies":"Gremlin Gang","floor":12,"turns":1},{"damage":0,"enemies":"downfall:FleeingMerchant","floor":13,"turns":4},{"damage":0,"enemies":"Blue Slaver","floor":15,"turns":1},{"damage":0,"enemies":"WA_ARCHETYPE_RETAIN","floor":16,"turns":2},{"damage":0,"enemies":"Shell Parasite","floor":19,"turns":1},{"damage":0,"enemies":"Spheric Guardian","floor":20,"turns":1},{"damage":0,"enemies":"Shelled Parasite and Fungi","floor":21,"turns":2},{"damage":0,"enemies":"Centurion and Healer","floor":22,"turns":2},{"damage":0,"enemies":"downfall:FleeingMerchant","floor":23,"turns":1},{"damage":0,"enemies":"Snake Plant","floor":25,"turns":2},{"damage":0,"enemies":"Chosen and Byrds","floor":27,"turns":1},{"damage":1,"enemies":"Sentry and Sphere","floor":29,"turns":2},{"damage":0,"enemies":"Cultist and Chosen","floor":30,"turns":1},{"damage":0,"enemies":"Slavers","floor":31,"turns":1},{"damage":0,"enemies":"Centurion and Healer","floor":32,"turns":2},{"damage":0,"enemies":"SI_MIRROR_ARCHETYPE","floor":33,"turns":1},{"damage":0,"enemies":"SI_MIRROR_ARCHETYPE","floor":36,"turns":1},{"damage":0,"enemies":"3 Darklings","floor":38,"turns":1},{"damage":0,"enemies":"Orb Walker","floor":40,"turns":1},{"damage":0,"enemies":"Reptomancer","floor":42,"turns":3},{"damage":0,"enemies":"3 Darklings","floor":44,"turns":1},{"damage":0,"enemies":"Nemesis","floor":45,"turns":1},{"damage":0,"enemies":"Writhing Mass","floor":49,"turns":1},{"damage":0,"enemies":"IC_BLOCK_ARCHETYPE","floor":50,"turns":2}],"seed_played":"-8911347552373709690","potions_obtained":[{"floor":3,"key":"sneckomod:MuddlingPotion"},{"floor":11,"key":"BlessingOfTheForge"},{"floor":12,"key":"Explosive Potion"},{"floor":16,"key":"Explosive Potion"},{"floor":21,"key":"sneckomod:DiceRollPotion"},{"floor":36,"key":"sneckomod:DiceRollPotion"}],"is_trial":false,"path_per_floor":["R","M","M","M","?","?","T","M","E","M","E","M","$","T","M","B",null,"R","M","M","M","M","$","T","M","$","M","R","M","M","E","M","B",null,"R","?","?","M","$","M","T","E","$","M","E","?","R","$","M","B",null],"character_chosen":"THE_SNECKO","items_purchased":["sneckomod:RainOfDice","sneckomod:IronFang","Guardian:GemstoneGun","sneckomod:UnknownDexterity+1","StoneCalendar","sneckomod:UnknownRareAttack+1","InkBottle","Dead Branch","sneckomod:Unknown1Cost+1","sneckomod:SnekBeam","bronze:DonusWashers","Replay:Bottled Eggs","reliquary:JackalopeAntler","Replay:Wax Seal","REME_MawOfCthun","Boot","ReplayFunnel","reliquary:Buckler","sneckomod:Unknown1Cost+1","sneckomod:SleevedAce","Pondfish Scales","beaked:ShinyBauble"],"campfire_rested":0,"item_purchase_floors":[13,13,13,23,23,23,23,26,26,26,39,39,39,43,43,43,43,48,48,48,48,48],"current_hp_per_floor":[1000,1000,1000,1000,1000,1000,1000,1000,996,996,996,996,996,996,996,996,1000,1000,1000,1000,1000,1000,1000,1000,1000,1000,1000,1000,1000,1000,1000,1000,1000,1000,1000,1000,1000,1000,1000,1000,1000,1000,1000,1000,1000,1000,1000,1000,1000,1000],"gold":7323,"neow_bonus":"RANDOM_COMMON_RELIC","is_daily":false,"chose_seed":false,"campfire_upgraded":1,"win_rate":0.0,"timestamp":1613584793,"path_taken":["R","M","M","?","?","?","T","M","E","M","E","M","$","?","M","BOSS","R","M","M","M","M","$","T","M","$","?","R","?","M","E","M","BOSS","R","?","?","M","$","M","T","E","$","?","E","?","R","?","M","BOSS"],"items_purchased_type":["Card","Card","Relic","Card","Relic","Card","Relic","Relic","Card","Card","Relic","Relic","Relic","Relic","Card","Relic","Relic","Relic","Card","Relic","Relic","Relic"],"build_version":"2020-12-22","purchased_purges":0,"victory":true,"max_hp_per_floor":[1000,1000,1000,1000,1000,1000,1000,1000,1000,1000,1000,1000,1000,1000,1000,1000,1000,1000,1000,1000,1000,1000,1000,1000,1000,1000,1000,1000,1000,1000,1000,1000,1000,1000,1000,1000,1000,1000,1000,1000,1000,1000,1000,1000,1000,1000,1000,1000,1000,1000],"card_choices":[{"not_picked":["sneckomod:UnknownWeak","sneckomod:SlitherStrike"],"picked":"sneckomod:SnakeSap","floor":2},{"not_picked":["sneckomod:QuickBite","sneckomod:SoulDraw"],"picked":"sneckomod:ImprovisedGuard","floor":3},{"not_picked":["sneckomod:UnknownCommonSkill","sneckomod:SlitherStrike"],"picked":"sneckomod:SnakeSap","floor":4},{"not_picked":["sneckomod:UnknownCommonAttack+1","sneckomod:QuickBite"],"picked":"sneckomod:UnknownStrike+1","floor":8},{"not_picked":["sneckomod:UnknownBlock+1","sneckomod:Nope"],"picked":"sneckomod:RainOfDice","floor":9},{"not_picked":["sneckomod:UnknownStrike+1","sneckomod:UnendingSupply"],"picked":"sneckomod:Unknown1Cost+1","floor":10},{"not_picked":["sneckomod:UnknownBlock+1","sneckomod:PureSnecko"],"picked":"sneckomod:WideSting","floor":11},{"not_picked":["sneckomod:QuickMove","sneckomod:Nope","sneckomod:SlitherStrike"],"picked":"SKIP","floor":12},{"not_picked":["sneckomod:DiceBlock","sneckomod:SoulDraw","sneckomod:DiceCrush"],"picked":"SKIP","floor":13},{"not_picked":["sneckomod:DiceBoulder","sneckomod:IronFang"],"picked":"sneckomod:SerpentMind","floor":15},{"not_picked":["sneckomod:Cheat","sneckomod:Mudshield"],"picked":"sneckomod:GlitteringGambit","floor":16},{"not_picked":["sneckomod:SoulDraw+1","sneckomod:UnknownWeak+1","sneckomod:Nope"],"picked":"SKIP","floor":19},{"not_picked":["sneckomod:Nope","sneckomod:IronFang"],"picked":"sneckomod:UnknownBlock+1","floor":20},{"not_picked":["sneckomod:ImprovisedAttack+1","sneckomod:UnknownUncommonAttack+1"],"picked":"sneckomod:MorePower","floor":21},{"not_picked":["sneckomod:DiceBlock","sneckomod:Nope","sneckomod:SoulDraw"],"picked":"SKIP","floor":22},{"not_picked":["sneckomod:QuickBite+1","sneckomod:SoulRoll+1","sneckomod:UnknownBlock+1"],"picked":"SKIP","floor":23},{"not_picked":["sneckomod:UnknownVulnerable+1","sneckomod:Unknown3Cost+1"],"picked":"sneckomod:UnknownClassCONSTRUCTMOD+1","floor":25},{"not_picked":["sneckomod:SoulRoll","sneckomod:IronFang+1"],"picked":"sneckomod:UnknownClassCONSTRUCTMOD+1","floor":25},{"not_picked":["sneckomod:SoulCleanse","sneckomod:RainOfDice+1","sneckomod:SoulRoll"],"picked":"SKIP","floor":27},{"not_picked":["sneckomod:Nope+1","sneckomod:IronFang","sneckomod:SoulDraw"],"picked":"SKIP","floor":29},{"not_picked":["sneckomod:UnknownClassHEXA_GHOST_PURPLE+1","sneckomod:DiceBoulder"],"picked":"sneckomod:UnknownDraw+1","floor":30},{"not_picked":["sneckomod:UnendingSupply+1","sneckomod:ImprovisedGuard","sneckomod:RainOfDice"],"picked":"SKIP","floor":31},{"not_picked":["sneckomod:UnknownClassCONSTRUCTMOD+1","sneckomod:UnknownBlock+1"],"picked":"sneckomod:CheapStock+1","floor":32},{"not_picked":["sneckomod:Mudshield","sneckomod:SoulExchange"],"picked":"sneckomod:Cheat","floor":33},{"not_picked":["sneckomod:UnknownClassHEXA_GHOST_PURPLE+1","sneckomod:UnknownDraw+1","sneckomod:DiceBoulder+1","MostiFishMod:TheLastGuard"],"picked":"SKIP","floor":38},{"not_picked":["sneckomod:SerpentIdol+1","sneckomod:DiceBlock+1","sneckomod:SnekBeam"],"picked":"REME_Flogging","floor":40},{"not_picked":["sneckomod:MasterEye+1","sneckomod:UnknownCommonSkill+1","sneckomod:WideSting+1","Mayhem"],"picked":"SKIP","floor":42},{"not_picked":["sneckomod:SoulRoll","sneckomod:RainOfDice","sneckomod:UnknownStrike+1","MostiFishMod:OneDayCity"],"picked":"SKIP","floor":44},{"not_picked":["sneckomod:DiceCrush","sneckomod:UnknownBlock+1","sneckomod:UnlimitedRolls","The Bomb"],"picked":"SKIP","floor":45},{"not_picked":["expansioncontent:GuardianWhirl","expansioncontent:AwakenDeath"],"picked":"expansioncontent:Hexaburn","floor":46},{"not_picked":["sneckomod:Unknown1Cost+1","sneckomod:UnknownBlock+1","sneckomod:UnknownCommonSkill+1","Blind+1"],"picked":"SKIP","floor":49}],"player_experience":365692,"relics_obtained":[{"floor":7,"key":"sneckomod:UnknownEgg"},{"floor":9,"key":"Replay:WaspNest"},{"floor":11,"key":"reliquary:Knoch"},{"floor":14,"key":"Toy Ornithopter"},{"floor":24,"key":"Ancient Tea Set"},{"floor":31,"key":"reliquary:TuningFork"},{"floor":34,"key":"hubris:ToyBattleship"},{"floor":34,"key":"hubris:SlimyHat"},{"floor":36,"key":"hubris:Zylophone"},{"floor":37,"key":"SSSystem"},{"floor":41,"key":"Ginger"},{"floor":42,"key":"Counterbalance"},{"floor":45,"key":"hexamod:CandleOfCauterizing"}],"event_choices":[{"damage_healed":0,"gold_gain":0,"player_choice":"Relic","damage_taken":0,"max_hp_gain":0,"max_hp_loss":0,"event_name":"Wheel of Change","floor":37,"gold_loss":0}],"is_beta":false,"boss_relics":[{"not_picked":["Transparent","NightmareShop"],"picked":"construct:WeddingRing"},{"not_picked":["Ring of Chaos","AddBug"],"picked":"REME_LowDesire"}],"items_purged_floors":[],"is_endless":false,"potions_floor_spawned":[3,9,11,12,15,16,19,21,22,27,29,36,38,45],"ascension_level":0}}