{"host":"Berg","time":1613520390,"event":{"mods":["AchievementEnabler","BaseMod","Better Third Choice","Colored Map","Downfall","Gremlin Skip","Highlight Path","Minty Spire (QoL Compilation)","Relic Stats","StSLib"],"gold_per_floor":[349,361,461,476,490,490,514,546,546,169,183,211,111,58,72,172,172,172,191,191,191,208,208,208,237,237,269,281,293,314,327,338,440,440,440,457,476,476,37,52,52,52,2,2,22,22,33,33,46,46],"floor_reached":51,"language":"ENG","playtime":3782,"items_purged":["hexamod:Strike","hexamod:Strike","downfall:Aged"],"score":849,"play_id":"c9c5922b-4e2a-43d7-bcb6-0049f5a59178","local_time":"20210216190630","is_ascension_mode":true,"campfire_choices":[{"data":"hexamod:Sear","floor":1.0,"key":"SMITH"},{"floor":9.0,"key":"REST"},{"data":"hexamod:EtherealExpedition","floor":13.0,"key":"SMITH"},{"data":"hexamod:VolcanoVisage","floor":18.0,"key":"SMITH"},{"data":"expansioncontent:PrepareCrush","floor":23.0,"key":"SMITH"},{"floor":26.0,"key":"REST"},{"floor":35,"key":"RECALL"},{"floor":44,"key":"REST"}],"circlet_count":0,"master_deck":["hexamod:Strike","hexamod:Strike","hexamod:Defend+1","hexamod:Defend","hexamod:Defend","hexamod:Defend","hexamod:Sear+1","hexamod:Float","hexamod:NightmareStrike","hexamod:FlamesFromBeyond","hexamod:EmpoweredFlame","hexamod:Hexaguard","hexamod:WildfireWeapon","hexamod:EtherealExpedition+1","expansioncontent:PrepareCrush+1","hexamod:DynamicBlow","hexamod:SearingWound+1","hexamod:BurningTouch","hexamod:SoulSteal","hexamod:GhostShield","hexamod:RetreatToShadows","hexamod:FlamesFromBeyond+1","hexamod:EmpoweredFlame","hexamod:AdvancingGuard+1","hexamod:VolcanoVisage+1","hexamod:NightmareGuise","hexamod:GhostOfSpirePast","hexamod:AdvancingGuard+1","hexamod:AdvancingGuard+1","hexamod:NightmareGuise+1","hexamod:FourthSeal","hexamod:RecurringNightmare+1","hexamod:SearingWound+1","hexamod:ThermalTransfer+1","expansioncontent:PrepareCrush+1","expansioncontent:PolyBeam","Apotheosis+1","hexamod:ForkedFlame","hexamod:ShieldOfDarkness+1","Shame","hexamod:GiftsFromTheDead","hexamod:SwordOfDarkness+1","hexamod:Hexaguard+1"],"relics":["hexamod:SpiritBrand","Smiling Mask","Lantern","Pear","Happy Flower","Pen Nib","downfall:HeartBlessingGreen","SlaversCollar","downfall:ExtraCursedKey","Nilry\u0027s Codex","Toxic Egg 2","Letter Opener","hexamod:TheBrokenSeal","Snecko Eye","Medical Kit","Pantograph"],"acts_visited":["Exordium","TheCity","TheBeyond"],"potions_floor_usage":[30,32,33,36],"damage_taken":[{"damage":0.0,"enemies":"Jaw Worm","floor":2.0,"turns":3.0},{"damage":0.0,"enemies":"Cultist","floor":4.0,"turns":4.0},{"damage":10.0,"enemies":"2 Louse","floor":5.0,"turns":2.0},{"damage":3.0,"enemies":"Lagavulin","floor":8.0,"turns":3.0},{"damage":0.0,"enemies":"downfall:FleeingMerchant","floor":10.0,"turns":4.0},{"damage":1.0,"enemies":"Large Slime","floor":11.0,"turns":3.0},{"damage":15.0,"enemies":"Gremlin Nob","floor":12.0,"turns":4.0},{"damage":0.0,"enemies":"downfall:FleeingMerchant","floor":14.0,"turns":4.0},{"damage":0.0,"enemies":"2 Fungi Beasts","floor":15.0,"turns":3.0},{"damage":16.0,"enemies":"WA_ARCHETYPE_RETAIN","floor":16.0,"turns":6.0},{"damage":6.0,"enemies":"downfall:LooterAlt2","floor":19.0,"turns":3.0},{"damage":6.0,"enemies":"Shell Parasite","floor":22.0,"turns":4.0},{"damage":21.0,"enemies":"Book of Stabbing","floor":25.0,"turns":6.0},{"damage":26.0,"enemies":"Gremlin Leader","floor":27.0,"turns":7.0},{"damage":39.0,"enemies":"Shelled Parasite and Fungi","floor":28.0,"turns":3.0},{"damage":0.0,"enemies":"Snake Plant","floor":29.0,"turns":3.0},{"damage":12,"enemies":"Snecko","floor":30,"turns":7},{"damage":0,"enemies":"Sentry and Sphere","floor":31,"turns":5},{"damage":22,"enemies":"Cultist and Chosen","floor":32,"turns":5},{"damage":5,"enemies":"DF_ARCHETYPE_CLAW","floor":33,"turns":9},{"damage":19,"enemies":"3 Darklings","floor":36,"turns":5},{"damage":0,"enemies":"3 Shapes","floor":37,"turns":6},{"damage":0,"enemies":"downfall:FleeingMerchant","floor":39,"turns":3},{"damage":4,"enemies":"Jaw Worm Horde","floor":40,"turns":3},{"damage":0,"enemies":"Spire Growth","floor":45,"turns":3},{"damage":3,"enemies":"Transient","floor":47,"turns":5},{"damage":6,"enemies":"3 Darklings","floor":49,"turns":3},{"damage":4,"enemies":"SI_POISON_ARCHETYPE","floor":50,"turns":7}],"seed_played":"2587670768886296724","potions_obtained":[{"floor":2.0,"key":"AttackPotion"},{"floor":4.0,"key":"ColorlessPotion"},{"floor":8.0,"key":"Regen Potion"},{"floor":11.0,"key":"Slimebound:ThreeZeroPotion"},{"floor":15.0,"key":"Swift Potion"},{"floor":19.0,"key":"DistilledChaos"},{"floor":27.0,"key":"Dexterity Potion"},{"floor":27.0,"key":"EntropicBrew"},{"floor":29.0,"key":"FearPotion"},{"floor":31,"key":"Regen Potion"},{"floor":32,"key":"hexamod:EctoCoolerPotion"},{"floor":33,"key":"Swift Potion"},{"floor":36,"key":"Strength Potion"}],"is_trial":false,"path_per_floor":["R","M","?","M","M","?","T","E","R","$","M","E","R","$","M","B",null,"R","M","?","?","M","R","T","E","R","E","M","M","M","M","M","B",null,"R","M","M","?","$","M","T","?","$","R","M","?","M","?","M","B",null],"character_chosen":"THE_SPIRIT","items_purchased":["Happy Flower","expansioncontent:PrepareCrush","hexamod:DynamicBlow","hexamod:EmpoweredFlame","Apotheosis+1","Medical Kit","Pantograph","hexamod:ForkedFlame"],"campfire_rested":3,"item_purchase_floors":[10,10,10,14,39,39,39,39],"current_hp_per_floor":[63,63,63,63,53,28,28,35,56,56,55,47,47,54,61,52,73,73,67,67,51,52,52,52,38,59,40,1,13,83,83,70,65,83,83,64,64,59,59,55,55,55,55,79,79,79,76,83,77,79],"gold":46,"neow_bonus":"TWO_FIFTY_GOLD","is_daily":false,"chose_seed":false,"campfire_upgraded":4,"win_rate":0.0,"timestamp":1613520390,"path_taken":["R","M","?","?","M","?","T","E","R","$","M","E","R","$","M","BOSS","R","M","?","?","M","R","T","E","R","E","M","M","M","M","M","BOSS","R","M","M","?","$","M","T","?","?","R","?","?","M","?","M","BOSS"],"items_purchased_type":["Relic","Card","Card","Card","Card","Relic","Relic","Card"],"build_version":"2020-12-18","purchased_purges":3,"victory":true,"max_hp_per_floor":[63,63,63,63,63,63,63,73,73,73,73,73,73,73,73,73,73,73,73,73,73,73,73,73,73,73,73,73,73,83,83,83,83,83,83,83,83,83,83,83,83,83,83,83,83,83,83,83,83,83],"relic_stats":{"Happy Flower":[35],"counters":[28,123],"Pantograph":6,"Snecko Eye":[59,71,60,53],"Pen Nib":[10],"Letter Opener":[179],"Smiling Mask":150,"Medical Kit":[0],"obtain_stats":[{"Lantern":7,"Pear":8,"Happy Flower":10,"Nilry\u0027s Codex":21,"hexamod:TheBrokenSeal":30,"downfall:HeartBlessingGreen":13,"Pen Nib":12,"Letter Opener":27,"Smiling Mask":6,"Medical Kit":39,"SlaversCollar":17,"Pantograph":39,"Snecko Eye":34,"downfall:ExtraCursedKey":20,"Toxic Egg 2":25,"hexamod:SpiritBrand":0},{"Lantern":3,"Pear":4,"Happy Flower":5,"Nilry\u0027s Codex":11,"hexamod:TheBrokenSeal":17,"downfall:HeartBlessingGreen":7,"Pen Nib":7,"Letter Opener":14,"Smiling Mask":3,"Medical Kit":23,"SlaversCollar":10,"Pantograph":23,"Snecko Eye":20,"downfall:ExtraCursedKey":11,"Toxic Egg 2":13,"hexamod:SpiritBrand":0},{"Lantern":9,"Pear":12,"Happy Flower":16,"Nilry\u0027s Codex":39,"hexamod:TheBrokenSeal":69,"downfall:HeartBlessingGreen":23,"Pen Nib":23,"Letter Opener":56,"Smiling Mask":9,"Medical Kit":102,"SlaversCollar":36,"Pantograph":102,"Snecko Eye":88,"downfall:ExtraCursedKey":39,"Toxic Egg 2":49,"hexamod:SpiritBrand":0}]},"card_choices":[{"not_picked":["hexamod:EtherealExpedition","hexamod:FlamesFromBeyond"],"picked":"hexamod:ThirdSeal","floor":2.0},{"not_picked":["hexamod:Firestarter","hexamod:HauntingEcho"],"picked":"hexamod:NightmareStrike","floor":4.0},{"not_picked":["hexamod:GhostOfSpirePresent","hexamod:Haunt"],"picked":"hexamod:FlamesFromBeyond","floor":5.0},{"not_picked":["hexamod:HeatShield","hexamod:SuperheatedStrike"],"picked":"hexamod:EmpoweredFlame","floor":5.0},{"not_picked":["hexamod:FastForward","hexamod:InspiringFlames"],"picked":"hexamod:Hexaguard","floor":8.0},{"not_picked":["hexamod:Again","hexamod:SoulSteal"],"picked":"hexamod:WildfireWeapon","floor":8.0},{"not_picked":["hexamod:HauntingEcho","hexamod:NightmareStrike"],"picked":"hexamod:FirstSeal","floor":10.0},{"not_picked":["hexamod:ShieldOfDarkness","hexamod:BurningTouch"],"picked":"hexamod:EtherealExpedition","floor":10.0},{"not_picked":["hexamod:InspiringFlames","hexamod:BurningTouch"],"picked":"hexamod:SearingWound","floor":11.0},{"not_picked":["hexamod:BacktrackSmack","hexamod:NightmareStrike"],"picked":"hexamod:BurningTouch","floor":11.0},{"not_picked":["hexamod:ShieldOfDarkness","hexamod:RadiantFlame"],"picked":"hexamod:SoulSteal","floor":12.0},{"not_picked":["hexamod:AdvancingGuard","hexamod:NightmareStrike"],"picked":"hexamod:GhostShield","floor":12.0},{"not_picked":["hexamod:RainOfEmbers","hexamod:AdvancingGuard"],"picked":"hexamod:RetreatToShadows","floor":14.0},{"not_picked":["hexamod:HauntingEcho","hexamod:NightmareStrike"],"picked":"hexamod:FlamesFromBeyond","floor":14.0},{"not_picked":["hexamod:BurningTouch","hexamod:ThermalTransfer"],"picked":"hexamod:AdvancingGuard","floor":15.0},{"not_picked":["hexamod:GhostOfSpirePresent","hexamod:TimeWarp"],"picked":"hexamod:VolcanoVisage","floor":16.0},{"not_picked":["hexamod:WildfireWeapon","hexamod:TimeWarp"],"picked":"hexamod:SixthSeal","floor":16.0},{"not_picked":["hexamod:BurningTouch+1","hexamod:Hexaguard"],"picked":"hexamod:NightmareGuise","floor":19.0},{"not_picked":["hexamod:BurningTouch","hexamod:HeatMetal","hexamod:SuperheatedStrike"],"picked":"SKIP","floor":19.0},{"not_picked":["hexamod:FastForward","hexamod:EtherealExpedition"],"picked":"hexamod:FifthSeal","floor":22.0},{"not_picked":["hexamod:GhostLash","hexamod:ShieldOfDarkness","hexamod:FastForward+1"],"picked":"SKIP","floor":22.0},{"not_picked":["hexamod:HexaLevel","hexamod:BacktrackSmack"],"picked":"hexamod:GhostOfSpirePast","floor":25.0},{"not_picked":["hexamod:FirstSeal","hexamod:SecondSeal"],"picked":"hexamod:FourthSeal","floor":25.0},{"not_picked":["hexamod:FastForward+1","hexamod:GhostLash","hexamod:SpectralSpark+1"],"picked":"SKIP","floor":25.0},{"not_picked":["hexamod:SixthSeal","hexamod:FourthSeal"],"picked":"hexamod:SecondSeal","floor":27.0},{"not_picked":["hexamod:CatchUp+1","hexamod:NightmareStrike"],"picked":"hexamod:AdvancingGuard+1","floor":27.0},{"not_picked":["hexamod:SwordOfDarkness","hexamod:ThermalTransfer"],"picked":"hexamod:AdvancingGuard+1","floor":28.0},{"not_picked":["hexamod:InspiringFlames+1","hexamod:GhostLash","hexamod:FastForward+1"],"picked":"SKIP","floor":29.0},{"not_picked":["hexamod:AdvancingGuard+1","hexamod:Incineration"],"picked":"hexamod:NightmareGuise+1","floor":30},{"not_picked":["hexamod:PhantomFireball","hexamod:ExtraCrispy"],"picked":"hexamod:FourthSeal","floor":30},{"not_picked":["hexamod:GhostLash","hexamod:BurningTouch+1","hexamod:ThermalTransfer+1"],"picked":"SKIP","floor":31},{"not_picked":["hexamod:TimeWarp","hexamod:BurningTouch+1"],"picked":"hexamod:RecurringNightmare+1","floor":32},{"not_picked":["hexamod:SixthSeal","hexamod:HexaLevel"],"picked":"hexamod:SearingWound+1","floor":33},{"not_picked":["hexamod:ChargedBarrage+1","hexamod:Firestarter"],"picked":"hexamod:ThermalTransfer+1","floor":36},{"not_picked":["hexamod:AdvancingGuard+1","hexamod:Incineration+1","hexamod:SecondSeal"],"picked":"SKIP","floor":37},{"not_picked":["expansioncontent:LastStand","expansioncontent:HyperBeam"],"picked":"expansioncontent:PrepareCrush","floor":38},{"not_picked":["expansioncontent:AwakenDeath","expansioncontent:PrepareCrush"],"picked":"expansioncontent:PolyBeam","floor":38},{"not_picked":["hexamod:SpectralSpark+1","hexamod:PhantomFireball+1","hexamod:CatchUp+1"],"picked":"SKIP","floor":39},{"not_picked":["hexamod:SpectersWail+1","hexamod:NightmareStrike+1"],"picked":"hexamod:ShieldOfDarkness+1","floor":40},{"not_picked":["hexamod:SpectralSpark+1","hexamod:DynamicBlow"],"picked":"hexamod:GiftsFromTheDead","floor":45},{"not_picked":["hexamod:InspiringFlames+1","hexamod:AdvancingGuard+1"],"picked":"hexamod:SwordOfDarkness+1","floor":47},{"not_picked":["hexamod:ThermalTransfer","hexamod:FlamesFromBeyond+1"],"picked":"hexamod:Hexaguard+1","floor":49}],"player_experience":1404607,"relics_obtained":[{"floor":7.0,"key":"Lantern"},{"floor":8.0,"key":"Pear"},{"floor":12.0,"key":"Pen Nib"},{"floor":21.0,"key":"Nilry\u0027s Codex"},{"floor":25.0,"key":"Toxic Egg 2"},{"floor":27.0,"key":"Letter Opener"}],"event_choices":[{"damage_healed":0.0,"max_hp_gain":0.0,"max_hp_loss":0.0,"gold_gain":0.0,"event_name":"betterThird:BetterScrap","player_choice":"Relic ","floor":6.0,"gold_loss":0.0,"damage_taken":25.0,"cards_obtained":["Wallop"]},{"damage_healed":7,"gold_gain":0,"player_choice":"Full Heal","damage_taken":0,"max_hp_gain":0,"max_hp_loss":0,"event_name":"Wheel of Change","floor":48,"gold_loss":0}],"is_beta":true,"boss_relics":[{"not_picked":["Cursed Key","Black Star"],"picked":"SlaversCollar"},{"not_picked":["Pandora\u0027s Box","Coffee Dripper"],"picked":"Snecko Eye"}],"items_purged_floors":[10,39,43],"is_endless":false,"potions_floor_spawned":[2,4,8,11,15,19,27,28,32,45,47,49],"ascension_level":2}}