{"host":"p0hktren06injwdf","time":1613536822,"event":{"mods":["AchievementEnabler","BaseMod","Colored Map","DeckTracker","Minty Spire (QoL Compilation)","Permanent Neow","StSLib","SuperFastMode"],"gold_per_floor":[159,178,278,245,302,357,396,415,415,441,441,483,502,602,602,732,732,742,777,790,705,19,19,55,112,112,211,15,42,103,30,30,125,125,141,91,91,91,108,108,108,108,108,163,211,445,484,512,524,536],"floor_reached":51,"language":"KOR","playtime":1366,"items_purged":["Strike_G","Strike_G","Defend_G"],"score":762,"play_id":"edd684fb-8d3b-4c98-9caa-652199e4f08a","local_time":"20210217134022","is_ascension_mode":false,"campfire_choices":[{"data":"HandOfGreed","floor":11.0,"key":"SMITH"},{"data":"Malaise","floor":15.0,"key":"SMITH"},{"data":"Cloak And Dagger","floor":23,"key":"SMITH"},{"data":"Envenom","floor":32,"key":"SMITH"},{"data":"Envenom","floor":40,"key":"SMITH"},{"data":"Accuracy","floor":42,"key":"SMITH"},{"floor":49,"key":"REST"}],"circlet_count":0,"master_deck":["Strike_G","Strike_G","Strike_G","Defend_G","Defend_G","Defend_G","Defend_G","Survivor","Neutralize","HandOfGreed+1","Blade Dance","Dodge and Roll","Escape Plan","Malaise+1","Die Die Die","Footwork+1","Leg Sweep","Dagger Throw","Envenom+1","Cloak And Dagger+1","Backflip","Footwork","Blade Dance","Storm of Steel","Envenom+1","Escape Plan","PiercingWail","Accuracy+1","Corpse Explosion","Cloak And Dagger+1","Envenom","Leg Sweep+1"],"relics":["Ring of the Snake","Tingsha","Meat on the Bone","Smiling Mask","Black Star","Lizard Tail","Sundial","TwistedFunnel","Bronze Scales","Lantern","Bag of Marbles","Mummified Hand","DollysMirror","Red Mask","SlaversCollar","Calipers","MawBank","Strawberry","Prayer Wheel","Unceasing Top"],"acts_visited":["Exordium","TheCity","TheBeyond"],"potions_floor_usage":[25,25,50,50],"damage_taken":[{"damage":0.0,"enemies":"Small Slimes","floor":1.0,"turns":5.0},{"damage":0.0,"enemies":"Cultist","floor":2.0,"turns":4.0},{"damage":0.0,"enemies":"2 Louse","floor":5.0,"turns":4.0},{"damage":11.0,"enemies":"Lagavulin","floor":6.0,"turns":9.0},{"damage":0.0,"enemies":"Exordium Wildlife","floor":7.0,"turns":6.0},{"damage":4.0,"enemies":"Looter","floor":8.0,"turns":5.0},{"damage":9.0,"enemies":"3 Sentries","floor":10.0,"turns":6.0},{"damage":0.0,"enemies":"Large Slime","floor":12.0,"turns":9.0},{"damage":0.0,"enemies":"Lots of Slimes","floor":13.0,"turns":1.0},{"damage":3.0,"enemies":"The Guardian","floor":16.0,"turns":16.0},{"damage":15.0,"enemies":"Chosen","floor":18.0,"turns":6.0},{"damage":31.0,"enemies":"2 Thieves","floor":19.0,"turns":5.0},{"damage":16.0,"enemies":"Snecko","floor":20.0,"turns":9.0},{"damage":0,"enemies":"Snake Plant","floor":24,"turns":7},{"damage":7,"enemies":"Book of Stabbing","floor":25,"turns":6},{"damage":0,"enemies":"Masked Bandits","floor":29,"turns":2},{"damage":4,"enemies":"3 Cultists","floor":30,"turns":5},{"damage":31,"enemies":"Automaton","floor":33,"turns":11},{"damage":2,"enemies":"3 Shapes","floor":35,"turns":3},{"damage":9,"enemies":"Orb Walker","floor":39,"turns":4},{"damage":1,"enemies":"Giant Head","floor":44,"turns":8},{"damage":9,"enemies":"Jaw Worm Horde","floor":45,"turns":3},{"damage":6,"enemies":"Reptomancer","floor":47,"turns":6},{"damage":6,"enemies":"Maw","floor":48,"turns":6},{"damage":4,"enemies":"Time Eater","floor":50,"turns":13}],"seed_played":"1404246462304269836","potions_obtained":[{"floor":1.0,"key":"Poison Potion"},{"floor":2.0,"key":"Swift Potion"},{"floor":7.0,"key":"Weak Potion"},{"floor":8.0,"key":"Block Potion"},{"floor":20.0,"key":"BlessingOfTheForge"},{"floor":24,"key":"Block Potion"},{"floor":39,"key":"AttackPotion"},{"floor":47,"key":"Swift Potion"},{"floor":48,"key":"Regen Potion"}],"is_trial":false,"path_per_floor":["M","M","?","$","M","E","M","M","T","E","R","M","M","?","R","B",null,"M","M","M","?","$","R","M","E","T","?","$","?","M","$","R","B",null,"M","$","?","?","M","R","?","R","T","E","M","?","E","M","R","B",null],"character_chosen":"THE_SILENT","items_purchased":["Escape Plan","Sundial","TwistedFunnel","Footwork","Bronze Scales","DollysMirror","Accuracy"],"campfire_rested":1,"item_purchase_floors":[4,22,22,22,22,28,31],"current_hp_per_floor":[49,49,49,49,49,38,38,34,34,37,37,37,37,37,37,46,70,55,36,32,32,32,32,44,37,37,37,37,37,45,45,45,26,70,68,68,68,66,57,57,57,57,57,63,54,54,48,42,63,73],"gold":548,"neow_bonus":"RANDOM_COLORLESS_2","is_daily":false,"chose_seed":false,"campfire_upgraded":6,"win_rate":0.0,"timestamp":1613536822,"path_taken":["M","M","?","$","M","E","M","?","T","E","R","?","M","?","R","BOSS","M","M","?","?","$","R","M","E","T","?","?","?","M","$","R","BOSS","M","$","?","?","M","R","?","R","T","E","?","?","E","M","R","BOSS"],"items_purchased_type":["Card","Relic","Relic","Card","Relic","Relic","Card"],"build_version":"2020-12-22","purchased_purges":3,"victory":true,"max_hp_per_floor":[70,70,70,70,70,70,70,70,70,70,70,70,70,70,70,70,70,70,70,70,70,70,70,70,70,70,70,70,70,70,70,70,70,70,70,70,70,66,66,66,66,66,66,73,73,73,73,73,73,73],"card_choices":[{"not_picked":["Secret Weapon","The Bomb"],"picked":"HandOfGreed","floor":0.0},{"not_picked":["Bane","Underhanded Strike"],"picked":"Blade Dance","floor":1.0},{"not_picked":["Quick Slash","Bane"],"picked":"Dodge and Roll","floor":2.0},{"not_picked":["Flying Knee","Blade Dance"],"picked":"Malaise","floor":5.0},{"not_picked":["Deflect","Sucker Punch"],"picked":"Die Die Die","floor":6.0},{"not_picked":["Calculated Gamble","Dodge and Roll"],"picked":"Footwork","floor":7.0},{"not_picked":["Acrobatics","Tactician"],"picked":"Leg Sweep","floor":8.0},{"not_picked":["Quick Slash","Underhanded Strike","Riddle With Holes"],"picked":"SKIP","floor":10.0},{"not_picked":["Bane","Slice"],"picked":"Dagger Throw","floor":12.0},{"not_picked":["Prepared","Acrobatics","All Out Attack"],"picked":"SKIP","floor":13.0},{"not_picked":["Night Terror","Grand Finale"],"picked":"Envenom","floor":16.0},{"not_picked":["Dodge and Roll","Bane","Eviscerate"],"picked":"SKIP","floor":18.0},{"not_picked":["Poisoned Stab+1","Blade Dance+1"],"picked":"Cloak And Dagger","floor":19.0},{"not_picked":["Dagger Throw","Underhanded Strike+1"],"picked":"Backflip","floor":20.0},{"not_picked":["Slice","Blade Dance","Prepared+1"],"picked":"SKIP","floor":24},{"not_picked":["Slice","Prepared+1"],"picked":"Blade Dance","floor":24},{"not_picked":["Deadly Poison+1","Concentrate"],"picked":"Storm of Steel","floor":25},{"not_picked":["Reflex","Deadly Poison"],"picked":"Escape Plan","floor":29},{"not_picked":["Prepared+1","All Out Attack+1"],"picked":"PiercingWail","floor":30},{"not_picked":["Glass Knife","Tools of the Trade"],"picked":"Corpse Explosion","floor":33},{"not_picked":["Outmaneuver+1","Slice+1"],"picked":"Cloak And Dagger+1","floor":35},{"not_picked":["Cloak And Dagger","Riddle With Holes","Flying Knee+1"],"picked":"SKIP","floor":39},{"not_picked":["Flying Knee+1","Skewer+1"],"picked":"Envenom","floor":44},{"not_picked":["Concentrate+1","Cloak And Dagger+1","Slice+1"],"picked":"SKIP","floor":45},{"not_picked":["Sucker Punch+1","Flying Knee","Expertise+1"],"picked":"SKIP","floor":47},{"not_picked":["Poisoned Stab","Outmaneuver"],"picked":"Leg Sweep+1","floor":48},{"not_picked":["Slice+1","Skewer","Sucker Punch"],"picked":"SKIP","floor":48}],"player_experience":1074844,"relics_obtained":[{"floor":6.0,"key":"Tingsha"},{"floor":9.0,"key":"Meat on the Bone"},{"floor":10.0,"key":"Smiling Mask"},{"floor":25,"key":"Lantern"},{"floor":25,"key":"Bag of Marbles"},{"floor":26,"key":"Mummified Hand"},{"floor":29,"key":"Red Mask"},{"floor":43,"key":"Calipers"},{"floor":44,"key":"MawBank"},{"floor":44,"key":"Strawberry"},{"floor":47,"key":"Prayer Wheel"},{"floor":47,"key":"Unceasing Top"}],"event_choices":[{"damage_healed":0.0,"max_hp_gain":0.0,"max_hp_loss":0.0,"gold_gain":100.0,"event_name":"Golden Shrine","player_choice":"Pray","floor":3.0,"gold_loss":0.0,"damage_taken":0.0},{"damage_healed":0.0,"max_hp_gain":0.0,"max_hp_loss":0.0,"gold_gain":100.0,"event_name":"Golden Shrine","player_choice":"Pray","floor":14.0,"gold_loss":0.0,"damage_taken":0.0},{"damage_healed":0.0,"max_hp_gain":0.0,"max_hp_loss":0.0,"gold_gain":0.0,"event_name":"Addict","player_choice":"Obtained Relic","floor":21.0,"gold_loss":85.0,"damage_taken":0.0,"relics_obtained":["Lizard Tail"]},{"damage_healed":0,"gold_gain":99,"player_choice":"Stole From Cult","damage_taken":0,"max_hp_gain":0,"max_hp_loss":0,"event_name":"Nest","floor":27,"gold_loss":0},{"damage_healed":0,"gold_gain":0,"player_choice":"Fought Bandits","damage_taken":0,"max_hp_gain":0,"max_hp_loss":0,"event_name":"Masked Bandits","floor":29,"gold_loss":0},{"damage_healed":0,"gold_gain":0,"player_choice":"Memory 1","damage_taken":0,"max_hp_gain":0,"max_hp_loss":0,"event_name":"SensoryStone","floor":37,"gold_loss":0},{"damage_healed":0,"gold_gain":0,"player_choice":"Max HP","damage_taken":0,"max_hp_gain":0,"max_hp_loss":4,"event_name":"Winding Halls","floor":38,"gold_loss":0},{"damage_healed":0,"gold_gain":0,"player_choice":"Upgraded","damage_taken":0,"max_hp_gain":0,"max_hp_loss":0,"event_name":"Upgrade Shrine","floor":41,"gold_loss":0,"cards_upgraded":["Footwork"]},{"damage_healed":0,"gold_gain":222,"player_choice":"Wore Mask","damage_taken":0,"max_hp_gain":0,"max_hp_loss":0,"event_name":"Tomb of Lord Red Mask","floor":46,"gold_loss":0}],"is_beta":false,"boss_relics":[{"not_picked":["Fusion Hammer","Pandora\u0027s Box"],"picked":"Black Star"},{"not_picked":["Snecko Eye","Astrolabe"],"picked":"SlaversCollar"}],"items_purged_floors":[22,28,36],"is_endless":false,"potions_floor_spawned":[1,2,7,8,20,24,39,47,48],"ascension_level":0}}