{"host":"bsgp9wgausrmthh2","time":1613576966,"event":{"mods":["AchievementEnabler","BaseMod","Colored Map","Minty Spire (QoL Compilation)","StSLib"],"gold_per_floor":[116,127,145,145,67,94,94,54,99,119,119,96,171,171,171,171,171],"floor_reached":16,"language":"ENG","playtime":880,"items_purged":[],"score":98,"play_id":"a50e061f-cabe-4586-86cd-866d8b68327a","local_time":"20210217104926","is_ascension_mode":false,"campfire_choices":[{"floor":7,"key":"RECALL"},{"data":"Beam Cell","floor":11,"key":"SMITH"},{"floor":15,"key":"REST"}],"circlet_count":0,"master_deck":["Strike_B","Strike_B","Strike_B","Strike_B","Defend_B","Defend_B","Defend_B","Defend_B","Zap","Dualcast","BootSequence","Coolheaded","Sweeping Beam","Defragment","Steam","Redo","Glacier","Skim","Beam Cell+1","Barrage","Injury"],"relics":["Cracked Core","PreservedInsect","Golden Idol"],"acts_visited":["Exordium"],"potions_floor_usage":[],"damage_taken":[{"damage":0,"enemies":"Small Slimes","floor":1,"turns":2},{"damage":0,"enemies":"Cultist","floor":2,"turns":3},{"damage":0,"enemies":"Jaw Worm","floor":3,"turns":3},{"damage":33,"enemies":"Lagavulin","floor":6,"turns":9},{"damage":0,"enemies":"2 Fungi Beasts","floor":10,"turns":3},{"damage":42,"enemies":"The Guardian","floor":16,"turns":10}],"seed_played":"9162774198508501582","potions_obtained":[{"floor":3,"key":"Energy Potion"},{"floor":10,"key":"ColorlessPotion"}],"is_trial":false,"path_per_floor":["M","M","M","?","$","E","R","$","T","M","R","$","?","?","R","B"],"character_chosen":"DEFECT","items_purchased":["Steam","Redo","Skim","Barrage"],"campfire_rested":1,"item_purchase_floors":[5,5,8,12],"current_hp_per_floor":[75,75,75,75,75,42,42,42,42,42,42,42,31,31,53,11,11],"gold":171,"neow_bonus":"THREE_CARDS","is_daily":false,"chose_seed":false,"campfire_upgraded":1,"win_rate":0.0,"timestamp":1613576966,"path_taken":["M","M","M","?","?","E","R","$","T","M","R","$","?","?","R","BOSS"],"items_purchased_type":["Card","Card","Card","Card"],"build_version":"2020-12-22","purchased_purges":0,"victory":false,"max_hp_per_floor":[75,75,75,75,75,75,75,75,75,75,75,75,75,75,75,75,75],"card_choices":[{"not_picked":["Static Discharge","Consume"],"picked":"BootSequence","floor":0},{"not_picked":["Sweeping Beam","Steam"],"picked":"Coolheaded","floor":1},{"not_picked":["Stack","Compile Driver"],"picked":"Sweeping Beam","floor":2},{"not_picked":["Cold Snap","Go for the Eyes"],"picked":"Defragment","floor":3},{"not_picked":["Rebound","Beam Cell"],"picked":"Glacier","floor":6},{"not_picked":["Reprogram","Skim"],"picked":"Beam Cell","floor":10}],"player_experience":274233,"relics_obtained":[{"floor":6,"key":"PreservedInsect"}],"event_choices":[{"damage_healed":0,"gold_gain":0,"player_choice":"Bought 0 Potions","damage_taken":0,"max_hp_gain":0,"max_hp_loss":0,"event_name":"The Woman in Blue","floor":4,"gold_loss":0},{"damage_healed":0,"gold_gain":75,"player_choice":"Gather Gold","damage_taken":11,"max_hp_gain":0,"max_hp_loss":0,"event_name":"World of Goop","floor":13,"gold_loss":0},{"damage_healed":0,"gold_gain":0,"player_choice":"Take Wound","damage_taken":0,"relics_obtained":["Golden Idol"],"max_hp_gain":0,"max_hp_loss":0,"event_name":"Golden Idol","floor":14,"gold_loss":0,"cards_obtained":["Injury"]}],"is_beta":false,"boss_relics":[],"items_purged_floors":[],"is_endless":false,"potions_floor_spawned":[3,10],"killed_by":"The Guardian","ascension_level":0}}