{"host":"f8toxsj3bk02pkeu","time":1613560399,"event":{"mods":["BaseMod","Minty Spire (QoL Compilation)","Permanent Neow","Quick Restart","StSLib","SuperFastMode"],"gold_per_floor":[113,113,263,283,283,283,316,330,377,452,94,107,107,123,123,123,123],"floor_reached":16,"language":"ENG","playtime":292,"items_purged":["Doubt"],"score":250,"play_id":"23986334-1e36-44aa-83e2-2f1e987818ab","local_time":"20210217041319","is_ascension_mode":true,"campfire_choices":[{"data":"Neutralize","floor":6,"key":"SMITH"},{"data":"Caltrops","floor":15,"key":"SMITH"}],"circlet_count":0,"master_deck":["AscendersBane","Strike_G","Strike_G","Strike_G","Strike_G","Strike_G","Defend_G","Defend_G","Defend_G","Defend_G","Defend_G","Survivor","Neutralize+1","Deflect","Blade Dance","PiercingWail","Caltrops+1","Accuracy"],"relics":["Ring of the Snake","NeowsBlessing","Matryoshka","Centennial Puzzle","Bronze Scales","Bottled Lightning","Ninja Scroll"],"acts_visited":["Exordium"],"potions_floor_usage":[16,16],"damage_taken":[{"damage":0,"enemies":"Small Slimes","floor":1,"turns":1},{"damage":0,"enemies":"Jaw Worm","floor":4,"turns":1},{"damage":0,"enemies":"3 Sentries","floor":7,"turns":1},{"damage":0,"enemies":"Cultist","floor":8,"turns":4},{"damage":0,"enemies":"3 Louse","floor":12,"turns":3},{"damage":4,"enemies":"Large Slime","floor":14,"turns":6},{"damage":45,"enemies":"The Guardian","floor":16,"turns":12}],"seed_played":"-2131037837904309062","potions_obtained":[{"floor":7,"key":"ColorlessPotion"},{"floor":12,"key":"EntropicBrew"}],"is_trial":false,"path_per_floor":["M","$","?","M","T","R","E","M","T","?","$","M","$","M","R","B"],"character_chosen":"THE_SILENT","items_purchased":["Ninja Scroll"],"campfire_rested":0,"item_purchase_floors":[11],"current_hp_per_floor":[59,59,59,59,59,59,59,59,59,48,48,48,48,44,44,0,0],"gold":123,"neow_bonus":"THREE_ENEMY_KILL","is_daily":false,"chose_seed":false,"campfire_upgraded":2,"win_rate":0.0,"timestamp":1613560399,"path_taken":["M","$","?","M","?","R","E","M","T","?","$","M","?","M","R","BOSS"],"items_purchased_type":["Relic"],"build_version":"2020-12-22","purchased_purges":1,"victory":false,"max_hp_per_floor":[66,66,66,66,66,66,66,66,66,66,66,66,66,66,66,66,66],"card_choices":[{"not_picked":["Bane","Setup"],"picked":"Deflect","floor":1},{"not_picked":["Dash","Calculated Gamble","Heel Hook"],"picked":"SKIP","floor":4},{"not_picked":["Poisoned Stab","Caltrops"],"picked":"Blade Dance","floor":7},{"not_picked":["Heel Hook","Poisoned Stab"],"picked":"PiercingWail","floor":8},{"not_picked":["All Out Attack","Outmaneuver"],"picked":"Caltrops","floor":12},{"not_picked":["Underhanded Strike","Deflect"],"picked":"Accuracy","floor":14}],"player_experience":996557,"relics_obtained":[{"floor":5,"key":"Matryoshka"},{"floor":7,"key":"Centennial Puzzle"},{"floor":9,"key":"Bronze Scales"},{"floor":9,"key":"Bottled Lightning"}],"event_choices":[{"damage_healed":0,"gold_gain":150,"player_choice":"AGREE","damage_taken":0,"max_hp_gain":0,"max_hp_loss":0,"event_name":"Liars Game","floor":3,"gold_loss":0,"cards_obtained":["Doubt"]},{"damage_healed":0,"gold_gain":75,"player_choice":"Gather Gold","damage_taken":11,"max_hp_gain":0,"max_hp_loss":0,"event_name":"World of Goop","floor":10,"gold_loss":0}],"is_beta":false,"boss_relics":[],"items_purged_floors":[11],"is_endless":false,"potions_floor_spawned":[7,12,14],"killed_by":"The Guardian","ascension_level":20}}