{"host":"njb27ds59h4j3ikk","time":1613532289,"event":{"mods":["AchievementEnabler","BaseMod","Better Altar","Better Match","Better Note","Better Sensory Stone","Better Skull","Better Third Choice","BetterRewards","Downfall","Hermit","Hubris","Minty Spire (QoL Compilation)","Permanent Neow","Quarter Circle Forward PUNCH!","Quick Restart","Rare Cards Sparkle","Replay The Spire","Shop Mod","StSLib","Trackpad","Transform Curses"],"gold_per_floor":[118,130,130,141,158,190,202,202,226,3,82,111,12,43,43,138,138,218,234,234,40,40,40,68,68,68,68,84,116,135,168,168,266,266,276,201,251,64,74,105,105,121,121,121,132,132,166,965,965,965,965,965,229,229,229],"floor_reached":54,"language":"ENG","playtime":2640,"items_purged":[],"score":1520,"play_id":"72d18f90-b1fd-4cc9-9618-2600f478911a","local_time":"20210216222449","is_ascension_mode":true,"campfire_choices":[{"data":"hermit:Vantage","floor":8.0,"key":"SMITH"},{"data":"hermit:Maintenance","floor":15.0,"key":"SMITH"},{"data":"ReplayTheSpireMod:Necrogeddon","floor":23.0,"key":"SMITH"},{"data":"hermit:Midnight","floor":25.0,"key":"SMITH"},{"floor":27.0,"key":"RECALL"},{"floor":41.0,"key":"REST"},{"floor":44.0,"key":"REST"},{"data":"hermit:FlashPowder","floor":49,"key":"SMITH"},{"data":"hermit:Snipe","floor":52,"key":"SMITH"}],"circlet_count":0,"master_deck":["hermit:Strike_Hermit","hermit:Strike_Hermit","hermit:Strike_Hermit","hermit:Strike_Hermit","hermit:Defend_Hermit","hermit:Defend_Hermit","hermit:Defend_Hermit","hermit:Defend_Hermit","hermit:Snapshot","hermit:Covet","hermit:BigShot+1","hermit:Virtue","hermit:PistolWhip+1","hermit:Vantage+1","Flash of Steel","hermit:Headshot","ReplayTheSpireMod:Necrogeddon+1","Replay:Sssssssssstrike","Finesse","hermit:Glare","hermit:FlashPowder+1","hermit:CalledShot","hermit:Misfire","hermit:Midnight+1","hermit:Roughhouse","hermit:Maintenance+1","hermit:Brawl","hermit:DeadMansHand+1","hermit:WideOpen+1","hermit:Deadeye","hermit:HighNoon+1","hermit:Snipe+1","hermit:Showdown+1","hermit:Dissolve+1","hermit:Roulette+1","hermit:DeadOrAlive+1","hermit:Coalescence","hermit:Ricochet+1","hermit:NoHoldsBarred+1","hermit:FromBeyond+1","hermit:Manifest+1","hermit:FromBeyond+1","Discovery+1","hermit:BodyArmor+1","Crow Ritual+1","hermit:Dive+1","hermit:HeroicBravado+1","hermit:SprayPray+1","hermit:Cheat+1","hermit:Brawl+1","hermit:Enervate+1","The Bomb+1","ReplayTheSpireMod:Trickstab+1","hermit:Virtue+1","hermit:Brawl+1","hermit:Brawl+1","hermit:Gambit+1"],"relics":["hermit:Momento","trackpad:AdjectivePendant","Oddly Smooth Stone","MerchantsRug","Replay:Kaleidoscope","trackpad:RapidFire","qcfpunch:Broken_Tusk","trackpad:HandOfMidas","Iron Hammer","Golden Egg","trackpad:SappingStone","Bag of Marbles","hubris:TerracottaHorce","WarpedTongs","Replay:Baseball","trackpad:BottledTsunami","hermit:BartenderGlass","Pocketwatch","Blue Doll","qcfpunch:Fighting_Gloves","hubris:Icosahedron","ReplayTheSpireMod:TigerMarble"],"acts_visited":["Exordium","TheCity","TheBeyond","TheEnding"],"potions_floor_usage":[50,50,50,54,54],"damage_taken":[{"damage":0.0,"enemies":"Cultist","floor":1.0,"turns":3.0},{"damage":0.0,"enemies":"2 Louse","floor":2.0,"turns":2.0},{"damage":0.0,"enemies":"Jaw Worm","floor":4.0,"turns":1.0},{"damage":12.0,"enemies":"Blue Slaver","floor":5.0,"turns":3.0},{"damage":3.0,"enemies":"Gremlin Nob","floor":6.0,"turns":3.0},{"damage":0.0,"enemies":"Looter","floor":7.0,"turns":1.0},{"damage":0.0,"enemies":"Large Slime","floor":11.0,"turns":1.0},{"damage":11.0,"enemies":"Replay:BlueRogue","floor":12.0,"turns":3.0},{"damage":1.0,"enemies":"3 Sentries","floor":14.0,"turns":3.0},{"damage":39.0,"enemies":"Fading Forest","floor":16.0,"turns":11.0},{"damage":0.0,"enemies":"2 Thieves","floor":18.0,"turns":2.0},{"damage":0.0,"enemies":"Shell Parasite","floor":19.0,"turns":3.0},{"damage":9.0,"enemies":"Book of Stabbing","floor":24.0,"turns":3.0},{"damage":0.0,"enemies":"Centurion and Healer","floor":28.0,"turns":3.0},{"damage":0.0,"enemies":"Snake Plant","floor":29.0,"turns":1.0},{"damage":9.0,"enemies":"Snecko","floor":30.0,"turns":4.0},{"damage":20.0,"enemies":"Shelled Parasite and Fungi","floor":31.0,"turns":4.0},{"damage":24.0,"enemies":"Pondfish","floor":33.0,"turns":10.0},{"damage":0.0,"enemies":"3 Darklings","floor":35.0,"turns":2.0},{"damage":0.0,"enemies":"Mind Bloom Boss Battle","floor":37.0,"turns":6.0},{"damage":8.0,"enemies":"Orb Walker","floor":39.0,"turns":2.0},{"damage":40.0,"enemies":"Reptomancer","floor":40.0,"turns":7.0},{"damage":20.0,"enemies":"Sphere and 2 Shapes","floor":42.0,"turns":3.0},{"damage":19.0,"enemies":"Spire Growth","floor":45.0,"turns":3.0},{"damage":8,"enemies":"3 Darklings","floor":47,"turns":5},{"damage":0,"enemies":"Transient","floor":48,"turns":4},{"damage":32,"enemies":"Donu and Deca","floor":50,"turns":8},{"damage":95,"enemies":"Shield and Spear","floor":54,"turns":3}],"seed_played":"6179600926788209301","potions_obtained":[{"floor":5.0,"key":"DistilledChaos"},{"floor":16.0,"key":"Block Potion"},{"floor":19.0,"key":"Languid Potion"},{"floor":28.0,"key":"SteroidPotion"},{"floor":33.0,"key":"Toxic Potion"},{"floor":37.0,"key":"Cursed Concoction"},{"floor":42.0,"key":"DuplicationPotion"},{"floor":45.0,"key":"hexamod:SoulburnPotion"}],"is_trial":false,"path_per_floor":["M","M","?","M","M","E","M","R","T","$","M","E","$","E","R","B",null,"M","M","?","$","?","R","E","R","T","R","M","M","M","M","R","B",null,"M","?","?","$","M","E","R","M","T","R","M","?","M","M","R","B",null,"R","$","E"],"character_chosen":"HERMIT","items_purchased":["trackpad:AdjectivePendant","Oddly Smooth Stone","MerchantsRug","hermit:BigShot","hermit:Virtue","hermit:PistolWhip","Block Potion","hermit:Vantage","trackpad:RapidFire","qcfpunch:Broken_Tusk","Flash of Steel","AttackPotion","hermit:Headshot","ReplayTheSpireMod:ShopPack","Golden Egg","hermit:DeadMansHand+1","hermit:WideOpen","hermit:Dissolve","hermit:Roulette+1","Crow Ritual","hermit:Enervate","The Bomb","ReplayTheSpireMod:TigerMarble","ReplayTheSpireMod:Trickstab","hermit:Virtue","hermit:Brawl","hermit:Gambit+1","Venom Potion"],"campfire_rested":2,"item_purchase_floors":[0,0,0,0,0,0,0,0,0,0,0,0,0,0,10,13,13,21,21,38,53,53,53,53,53,53,53,53],"current_hp_per_floor":[75,75,75,75,63,60,60,60,60,60,60,49,49,48,48,17,61,61,61,61,61,61,61,52,52,52,52,52,52,43,23,45,21,62,62,62,62,62,54,14,36,16,16,38,19,19,67,67,67,35,65,65,65,0,0],"gold":229,"neow_bonus":"","is_daily":false,"chose_seed":false,"campfire_upgraded":6,"win_rate":0.0,"timestamp":1613532289,"path_taken":["M","?","?","M","M","E","M","R","T","$","M","E","$","E","R","BOSS","M","M","?","$","?","R","E","R","T","R","M","M","M","?","R","BOSS","M","?","?","$","M","E","R","M","T","R","M","?","?","M","R","BOSS","R","$","E"],"items_purchased_type":["Relic","Relic","Relic","Card","Card","Card","Potion","Card","Relic","Relic","Card","Potion","Card","Relic","Relic","Card","Card","Card","Card","Card","Card","Card","Relic","Card","Card","Card","Card","Potion"],"build_version":"2020-12-22","purchased_purges":0,"victory":false,"max_hp_per_floor":[75,75,75,75,75,75,75,75,75,75,75,75,75,75,75,75,75,75,75,75,75,75,75,75,75,75,75,75,75,75,75,75,75,75,75,75,75,75,75,75,75,75,75,75,75,75,75,75,75,75,75,75,75,75,75],"card_choices":[{"not_picked":["HandOfGreed","Secret Weapon"],"picked":"ReplayTheSpireMod:Necrogeddon","floor":0.0},{"not_picked":["Secret Weapon","Forethought"],"picked":"Replay:Sssssssssstrike","floor":0.0},{"not_picked":["The Bomb","Poisoned Strike"],"picked":"Finesse","floor":0.0},{"not_picked":["hermit:Quickdraw","hermit:Scavenge"],"picked":"hermit:Glare","floor":1.0},{"not_picked":["hermit:Manifest","hermit:Snipe"],"picked":"hermit:FlashPowder","floor":2.0},{"not_picked":["hermit:Snipe","hermit:TakeAim"],"picked":"hermit:CalledShot","floor":4.0},{"not_picked":["hermit:HighCaliber","hermit:ShadowCloak"],"picked":"hermit:Misfire","floor":5.0},{"not_picked":["hermit:Coalescence","hermit:TrackingShot"],"picked":"hermit:Midnight","floor":6.0},{"not_picked":["hermit:Roulette","hermit:Glare"],"picked":"hermit:Roughhouse","floor":7.0},{"not_picked":["hermit:GoldenBullet","hermit:GhostlyPresence"],"picked":"hermit:Maintenance","floor":11.0},{"not_picked":["hermit:Desperado","hermit:SprayPray"],"picked":"hermit:Brawl","floor":12.0},{"not_picked":["hermit:Virtue","hermit:LuckOfTheDraw"],"picked":"hermit:Deadeye","floor":14.0},{"not_picked":["hermit:HeroicBravado","hermit:FromBeyond"],"picked":"hermit:HighNoon","floor":16.0},{"not_picked":["hermit:DeadMansHand","hermit:Feint"],"picked":"hermit:Snipe","floor":18.0},{"not_picked":["hermit:Coalescence+1","hermit:FullyLoaded"],"picked":"hermit:Showdown+1","floor":19.0},{"not_picked":["hermit:Vantage+1","hermit:Grudge"],"picked":"hermit:DeadOrAlive","floor":24.0},{"not_picked":["hermit:BigShot","hermit:Vantage","hermit:LoneWolf"],"picked":"SKIP","floor":28.0},{"not_picked":["hermit:BigShot","hermit:Glare"],"picked":"hermit:Coalescence","floor":29.0},{"not_picked":["hermit:Glare","hermit:Gambit"],"picked":"hermit:Ricochet+1","floor":30.0},{"not_picked":["hermit:Glare","hermit:Feint"],"picked":"hermit:NoHoldsBarred","floor":31.0},{"not_picked":["hermit:HighNoon","hermit:FatalDesire"],"picked":"hermit:FromBeyond","floor":33.0},{"not_picked":["hermit:Headshot+1","hermit:SprayPray"],"picked":"hermit:Manifest+1","floor":35.0},{"not_picked":["hermit:FatalDesire","hermit:Reprieve"],"picked":"hermit:FromBeyond","floor":36.0},{"not_picked":["Purity","Replay:BasicMightCard"],"picked":"Discovery","floor":36.0},{"not_picked":["hermit:SprayPray+1","hermit:Virtue+1"],"picked":"hermit:BodyArmor+1","floor":37.0},{"not_picked":["hermit:Roulette+1","hermit:CalledShot+1"],"picked":"hermit:Dive+1","floor":39.0},{"not_picked":["hermit:LowProfile","hermit:Coalescence"],"picked":"hermit:HeroicBravado","floor":40.0},{"not_picked":["hermit:ItchyTrigger","hermit:Dive"],"picked":"hermit:SprayPray+1","floor":42.0},{"not_picked":["hermit:Glare+1","hermit:CalledShot"],"picked":"hermit:Cheat","floor":45.0},{"not_picked":["hermit:LowProfile","hermit:SprayPray+1","hermit:FullyLoaded"],"picked":"SKIP","floor":47},{"not_picked":["hermit:Vantage+1","hermit:Dive"],"picked":"hermit:Brawl+1","floor":48}],"player_experience":1366032,"relics_obtained":[{"floor":6.0,"key":"Iron Hammer"},{"floor":12.0,"key":"trackpad:SappingStone"},{"floor":14.0,"key":"Bag of Marbles"},{"floor":24.0,"key":"Replay:Baseball"},{"floor":26.0,"key":"trackpad:BottledTsunami"},{"floor":37.0,"key":"Pocketwatch"},{"floor":40.0,"key":"Blue Doll"},{"floor":43.0,"key":"qcfpunch:Fighting_Gloves"}],"event_choices":[{"damage_healed":0.0,"max_hp_gain":0.0,"max_hp_loss":0.0,"gold_gain":0.0,"event_name":"Living Wall","player_choice":"Grow","floor":3.0,"gold_loss":0.0,"damage_taken":0.0,"cards_upgraded":["hermit:PistolWhip"]},{"damage_healed":0.0,"max_hp_gain":0.0,"max_hp_loss":0.0,"gold_gain":0.0,"event_name":"Accursed Blacksmith","player_choice":"Rummage","floor":20.0,"gold_loss":0.0,"damage_taken":0.0,"relics_obtained":["WarpedTongs"],"cards_obtained":["Pain"]},{"cards_removed":["Pain"],"damage_healed":0.0,"max_hp_gain":0.0,"max_hp_loss":0.0,"gold_gain":0.0,"event_name":"Fountain of Cleansing","player_choice":"Removed Curses","floor":22.0,"gold_loss":0.0,"damage_taken":0.0},{"damage_healed":0.0,"max_hp_gain":0.0,"max_hp_loss":0.0,"gold_gain":0.0,"event_name":"betterMatch:BetterMatch","player_choice":"1","floor":36.0,"gold_loss":0.0,"damage_taken":0.0,"cards_obtained":["betterMatch:RareCard","betterMatch:ColorlessUncommonCard","betterMatch:UncommonCard","betterMatch:CommonCard"]},{"damage_healed":0.0,"max_hp_gain":0.0,"max_hp_loss":0.0,"gold_gain":0.0,"event_name":"MindBloom","player_choice":"Fight","floor":37.0,"gold_loss":0.0,"damage_taken":0.0}],"is_beta":false,"boss_relics":[{"not_picked":["Coffee Dripper","hubris:VirtuousBlindfold"],"picked":"hubris:TerracottaHorce"},{"not_picked":["Painkiller Herb","trackpad:Trackpad"],"picked":"hermit:BartenderGlass"}],"items_purged_floors":[],"is_endless":false,"potions_floor_spawned":[5,7,12,16,19,28,33,37,42,45,48],"killed_by":"Shield and Spear","ascension_level":5}}