{"host":"lly094a91h6n5nv5","time":1613548302,"event":{"mods":["AchievementEnabler","BaseMod","Block Reminder","Colored Map","Minty Spire (QoL Compilation)","Permanent Neow"],"gold_per_floor":[109,128,78,95,95,95,125,125,125,156,156,176,176,176,176,295,295,310,158,158,83,106,106,145,164,188,233,245,257,293,318,330,342,342],"floor_reached":33,"language":"ENG","playtime":1902,"items_purged":["Strike_G"],"score":454,"play_id":"50fbacf8-f701-4c35-a218-693412001d25","local_time":"20210217015142","is_ascension_mode":true,"campfire_choices":[{"data":"Neutralize","floor":6,"key":"SMITH"},{"data":"Deadly Poison","floor":8,"key":"SMITH"},{"data":"Predator","floor":13,"key":"SMITH"},{"data":"Corpse Explosion","floor":15,"key":"SMITH"},{"floor":23,"key":"DIG"},{"floor":29,"key":"DIG"},{"floor":32,"key":"DIG"}],"circlet_count":0,"master_deck":["AscendersBane","Defend_G","Defend_G","Survivor","Neutralize+1","Corpse Explosion+1","Glass Knife+1","Acrobatics","Deadly Poison+1","Predator+1","Terror+1","Expertise+1","Venomology+1","Backflip+1","Bouncing Flask+1","Endless Agony","Night Terror+1","Blur+1","Blade Dance+1","Leg Sweep+1","Catalyst+1","Deadly Poison+1","Dodge and Roll+1"],"relics":["Ring of the Snake","Shovel","Toxic Egg 2","InkBottle","Golden Idol","Philosopher\u0027s Stone","Bottled Flame","Kunai","MawBank","Singing Bowl","MealTicket","Ginger"],"acts_visited":["Exordium","TheCity"],"potions_floor_usage":[7,10,24,25,27,30,30,33,33,33],"damage_taken":[{"damage":0,"enemies":"Jaw Worm","floor":1,"turns":3},{"damage":0,"enemies":"2 Louse","floor":2,"turns":2},{"damage":0,"enemies":"Cultist","floor":4,"turns":3},{"damage":12,"enemies":"3 Sentries","floor":7,"turns":3},{"damage":12,"enemies":"Gremlin Nob","floor":10,"turns":3},{"damage":0,"enemies":"3 Louse","floor":12,"turns":1},{"damage":12,"enemies":"The Guardian","floor":16,"turns":7},{"damage":1,"enemies":"Chosen","floor":18,"turns":4},{"damage":0,"enemies":"3 Byrds","floor":22,"turns":1},{"damage":9,"enemies":"Book of Stabbing","floor":24,"turns":4},{"damage":0,"enemies":"Centurion and Healer","floor":25,"turns":2},{"damage":4,"enemies":"Slavers","floor":27,"turns":3},{"damage":2,"enemies":"Shelled Parasite and Fungi","floor":30,"turns":3},{"damage":3,"enemies":"Snake Plant","floor":31,"turns":3},{"damage":52,"enemies":"Champ","floor":33,"turns":9}],"seed_played":"-1256337540629713173","potions_obtained":[{"floor":2,"key":"Energy Potion"},{"floor":4,"key":"Regen Potion"},{"floor":12,"key":"Energy Potion"},{"floor":30,"key":"ColorlessPotion"}],"is_trial":false,"path_per_floor":["M","M","?","M","?","R","E","R","T","E","?","M","R","?","R","B",null,"M","$","?","?","M","R","E","M","T","E","?","R","M","M","R","B"],"character_chosen":"THE_SILENT","items_purchased":["Bouncing Flask+1"],"campfire_rested":0,"item_purchase_floors":[19],"current_hp_per_floor":[63,63,63,63,63,63,51,51,51,48,48,48,48,33,33,21,53,52,52,52,52,52,52,43,43,43,39,39,39,46,43,43,0,0],"gold":342,"neow_bonus":"TRANSFORM_TWO_CARDS","is_daily":false,"chose_seed":false,"campfire_upgraded":4,"win_rate":0.0,"timestamp":1613548302,"path_taken":["M","M","?","M","?","R","E","R","T","E","?","?","R","?","R","BOSS","M","$","?","?","M","R","E","M","T","E","?","R","M","M","R","BOSS"],"items_purchased_type":["Card"],"build_version":"2020-12-22","purchased_purges":1,"victory":false,"max_hp_per_floor":[63,63,63,63,63,63,63,63,63,63,63,63,63,63,63,63,63,63,63,63,63,63,63,63,63,63,63,63,63,63,63,63,63,63],"card_choices":[{"not_picked":["Choke","Heel Hook"],"picked":"Acrobatics","floor":1},{"not_picked":["Poisoned Stab","Slice"],"picked":"Deadly Poison","floor":2},{"not_picked":["Slice","Escape Plan","Poisoned Stab"],"picked":"SKIP","floor":4},{"not_picked":["Dodge and Roll","Endless Agony"],"picked":"Predator","floor":7},{"not_picked":["Flying Knee","Underhanded Strike"],"picked":"Terror+1","floor":10},{"not_picked":["Dagger Throw","Quick Slash","Blade Dance+1"],"picked":"SKIP","floor":12},{"not_picked":["Corpse Explosion+1","Envenom"],"picked":"Venomology+1","floor":16},{"not_picked":["Sucker Punch","Prepared+1"],"picked":"Backflip+1","floor":18},{"not_picked":["Prepared+1","Cloak And Dagger+1","Underhanded Strike"],"picked":"SKIP","floor":22},{"not_picked":["Backstab","Dagger Throw"],"picked":"Blur+1","floor":24},{"not_picked":["Underhanded Strike","Blade Dance+1","Setup+1"],"picked":"SKIP","floor":25},{"not_picked":["Underhanded Strike","Setup+1"],"picked":"Blade Dance+1","floor":25},{"not_picked":["Wraith Form v2","Bane+1"],"picked":"Leg Sweep+1","floor":27},{"not_picked":["Heel Hook","Finisher"],"picked":"Deadly Poison+1","floor":30},{"not_picked":["Poisoned Stab","Slice"],"picked":"Dodge and Roll+1","floor":31}],"player_experience":258068,"relics_obtained":[{"floor":7,"key":"Shovel"},{"floor":9,"key":"Toxic Egg 2"},{"floor":10,"key":"InkBottle"},{"floor":23,"key":"Bottled Flame"},{"floor":24,"key":"Kunai"},{"floor":26,"key":"MawBank"},{"floor":27,"key":"Singing Bowl"},{"floor":29,"key":"MealTicket"},{"floor":32,"key":"Ginger"}],"event_choices":[{"cards_removed":["Strike_G"],"damage_healed":0,"gold_gain":0,"player_choice":"Card Removal","damage_taken":0,"max_hp_gain":0,"max_hp_loss":0,"event_name":"The Cleric","floor":3,"gold_loss":50},{"damage_healed":0,"gold_gain":0,"player_choice":"Grow","damage_taken":0,"max_hp_gain":0,"max_hp_loss":0,"event_name":"Living Wall","floor":5,"gold_loss":0,"cards_upgraded":["Glass Knife"]},{"damage_healed":0,"gold_gain":0,"cards_transformed":["Strike_G"],"player_choice":"Transformed","damage_taken":0,"max_hp_gain":0,"max_hp_loss":0,"event_name":"Transmorgrifier","floor":11,"gold_loss":0,"cards_obtained":["Expertise"]},{"damage_healed":0,"gold_gain":0,"player_choice":"Take Damage","damage_taken":15,"relics_obtained":["Golden Idol"],"max_hp_gain":0,"max_hp_loss":0,"event_name":"Golden Idol","floor":14,"gold_loss":0},{"damage_healed":0,"gold_gain":0,"cards_transformed":["Defend_G","Strike_G"],"player_choice":"Became Test Subject","damage_taken":0,"max_hp_gain":0,"max_hp_loss":0,"event_name":"Drug Dealer","floor":20,"gold_loss":0,"cards_obtained":["Endless Agony","Night Terror"]},{"cards_removed":["Defend_G"],"damage_healed":0,"gold_gain":0,"player_choice":"Gave Gold","damage_taken":0,"max_hp_gain":0,"max_hp_loss":0,"event_name":"Beggar","floor":21,"gold_loss":75},{"damage_healed":0,"gold_gain":0,"player_choice":"Read","damage_taken":0,"max_hp_gain":0,"max_hp_loss":0,"event_name":"The Library","floor":28,"gold_loss":0,"cards_obtained":["Catalyst"]}],"is_beta":false,"boss_relics":[{"not_picked":["Black Star","Sozu"],"picked":"Philosopher\u0027s Stone"}],"items_purged_floors":[19],"is_endless":false,"potions_floor_spawned":[2,4,12,18,24,30],"killed_by":"Champ","ascension_level":11}}