{"host":"kg61lsvem4dxoat8","time":1613579697,"event":{"mods":["AchievementEnabler","BaseMod","Better Altar","Better Match","Better Sensory Stone","Better Skull","Block Reminder","Highlight Path","Minty Spire (QoL Compilation)","Quick Restart","Rare Cards Sparkle","Relic Sorter","Relic Stats","StSLib","Synergy Search","slay the spire mod where everything is the same but ironclad has a cowboy hat"],"gold_per_floor":[19,33,33,7,24,24,54,67,112,112,112,112,112,127,127,232,232,252,252,25,25,40,40,68,78,78,78,94,113,126,136,136,241,241,255,155,174,174,184,184,184,200,200,213,213,213,213],"floor_reached":46,"language":"ENG","playtime":1497,"items_purged":["Writhe","Strike_R"],"score":804,"play_id":"7908b2ef-92f9-4640-b8d4-91f85fce0d0f","local_time":"20210218003457","is_ascension_mode":true,"campfire_choices":[{"data":"Searing Blow","floor":6.0,"key":"SMITH"},{"data":"Searing Blow+1","floor":10.0,"key":"SMITH"},{"data":"Searing Blow+3","floor":13.0,"key":"SMITH"},{"data":"Searing Blow+4","floor":15.0,"key":"SMITH"},{"data":"Searing Blow+5","floor":23.0,"key":"SMITH"},{"data":"Searing Blow+6","floor":27,"key":"SMITH"},{"data":"Searing Blow+7","floor":32,"key":"SMITH"},{"data":"Searing Blow+8","floor":40,"key":"SMITH"},{"data":"Searing Blow+9","floor":45,"key":"SMITH"}],"circlet_count":0,"master_deck":["AscendersBane","Strike_R","Strike_R","Strike_R+1","Defend_R","Defend_R","Defend_R","Defend_R","Searing Blow+10","Armaments+1","Impervious","Barricade","Body Slam+1","True Grit"],"relics":["Burning Blood","Pocketwatch","Self Forming Clay","Happy Flower","Velvet Choker","Regal Pillow","Medical Kit","Nilry\u0027s Codex","Red Skull","Ancient Tea Set","Pen Nib"],"acts_visited":["Exordium","TheCity","TheBeyond"],"potions_floor_usage":[33,37,44,46],"damage_taken":[{"damage":3.0,"enemies":"Small Slimes","floor":1.0,"turns":3.0},{"damage":6.0,"enemies":"Cultist","floor":2.0,"turns":3.0},{"damage":10.0,"enemies":"2 Louse","floor":5.0,"turns":3.0},{"damage":51.0,"enemies":"Lagavulin","floor":7.0,"turns":6.0},{"damage":2.0,"enemies":"2 Fungi Beasts","floor":8.0,"turns":4.0},{"damage":3.0,"enemies":"Exordium Thugs","floor":14.0,"turns":4.0},{"damage":24.0,"enemies":"Slime Boss","floor":16.0,"turns":8.0},{"damage":0.0,"enemies":"Spheric Guardian","floor":18.0,"turns":3.0},{"damage":4.0,"enemies":"Shell Parasite","floor":22.0,"turns":3.0},{"damage":4.0,"enemies":"Slavers","floor":24.0,"turns":5.0},{"damage":0,"enemies":"Snake Plant","floor":25,"turns":1},{"damage":2,"enemies":"3 Cultists","floor":28,"turns":4},{"damage":15,"enemies":"Cultist and Chosen","floor":29,"turns":5},{"damage":0,"enemies":"Centurion and Healer","floor":30,"turns":3},{"damage":7,"enemies":"Chosen and Byrds","floor":31,"turns":4},{"damage":6,"enemies":"Champ","floor":33,"turns":5},{"damage":6,"enemies":"3 Shapes","floor":35,"turns":5},{"damage":31,"enemies":"3 Darklings","floor":37,"turns":6},{"damage":2,"enemies":"Transient","floor":39,"turns":5},{"damage":19,"enemies":"Jaw Worm Horde","floor":42,"turns":6},{"damage":32,"enemies":"3 Darklings","floor":44,"turns":5},{"damage":16,"enemies":"Reptomancer","floor":46,"turns":3}],"seed_played":"6418820858507468289","potions_obtained":[{"floor":8.0,"key":"BloodPotion"},{"floor":14.0,"key":"GamblersBrew"},{"floor":16.0,"key":"BlessingOfTheForge"},{"floor":22.0,"key":"Dexterity Potion"},{"floor":24.0,"key":"Dexterity Potion"},{"floor":29,"key":"Dexterity Potion"},{"floor":33,"key":"Energy Potion"},{"floor":39,"key":"Fire Potion"},{"floor":42,"key":"HeartOfIron"},{"floor":44,"key":"SpeedPotion"}],"is_trial":false,"path_per_floor":["M","M","?","$","M","R","E","M","T","R","?","?","R","M","R","B",null,"M","?","$","?","M","R","E","M","T","R","M","M","M","M","R","B",null,"M","$","M","?","M","R","?","M","T","M","R","E"],"character_chosen":"IRONCLAD","items_purchased":["Armaments","Medical Kit"],"campfire_rested":0,"item_purchase_floors":[4,20],"current_hp_per_floor":[75,75,75,75,71,71,26,30,30,30,30,14,14,17,17,15,64,70,70,70,54,56,56,58,64,64,64,68,59,65,64,64,64,76,76,76,51,51,55,55,55,42,42,16,16,0,0],"gold":213,"neow_bonus":"ONE_RARE_RELIC","is_daily":false,"chose_seed":false,"campfire_upgraded":9,"win_rate":0.0,"timestamp":1613579697,"path_taken":["M","M","?","$","?","R","E","M","T","R","?","?","R","M","R","BOSS","M","?","$","?","M","R","E","M","T","R","M","M","?","M","R","BOSS","M","$","?","?","M","R","?","?","T","M","R","E"],"items_purchased_type":["Card","Relic"],"build_version":"2020-12-22","purchased_purges":2,"victory":false,"max_hp_per_floor":[80,80,80,80,80,80,80,80,80,80,80,80,80,80,80,80,80,80,80,80,80,80,80,80,80,80,80,80,80,80,80,80,80,80,80,80,80,80,80,80,80,80,80,80,80,80,80],"relic_stats":{"Regal Pillow":0,"Happy Flower":[25],"counters":[22,94],"Self Forming Clay":[84],"Pen Nib":[1],"Medical Kit":[6],"obtain_stats":[{"Regal Pillow":19,"Happy Flower":9,"Self Forming Clay":7,"Nilry\u0027s Codex":21,"Velvet Choker":17,"Pen Nib":43,"Medical Kit":20,"Ancient Tea Set":26,"Burning Blood":0,"Red Skull":24,"Pocketwatch":0},{"Regal Pillow":8,"Happy Flower":5,"Self Forming Clay":4,"Nilry\u0027s Codex":8,"Velvet Choker":7,"Pen Nib":20,"Medical Kit":8,"Ancient Tea Set":11,"Burning Blood":0,"Red Skull":10,"Pocketwatch":0},{"Regal Pillow":34,"Happy Flower":19,"Self Forming Clay":15,"Nilry\u0027s Codex":34,"Velvet Choker":31,"Pen Nib":86,"Medical Kit":34,"Ancient Tea Set":43,"Burning Blood":0,"Red Skull":42,"Pocketwatch":0}],"Burning Blood":126,"Pocketwatch":[156]},"card_choices":[{"not_picked":["Havoc","Blood for Blood"],"picked":"Searing Blow","floor":1.0},{"not_picked":["Anger","Clothesline","Rampage"],"picked":"SKIP","floor":2.0},{"not_picked":["Clothesline","Dark Embrace","Entrench"],"picked":"SKIP","floor":5.0},{"not_picked":["Battle Trance","Bloodletting","Rampage"],"picked":"SKIP","floor":7.0},{"not_picked":["Perfected Strike","Double Tap","Pummel"],"picked":"SKIP","floor":8.0},{"not_picked":["Reckless Charge","Dark Embrace","Iron Wave"],"picked":"SKIP","floor":14.0},{"not_picked":["True Grit","Wild Strike","Twin Strike"],"picked":"SKIP","floor":18.0},{"not_picked":["Wild Strike+1","Bloodletting","Headbutt+1"],"picked":"SKIP","floor":22.0},{"not_picked":["Pummel+1","Searing Blow","Twin Strike+1"],"picked":"SKIP","floor":24.0},{"not_picked":["Warcry","Cleave","Evolve"],"picked":"SKIP","floor":25},{"not_picked":["Battle Trance","Body Slam"],"picked":"Impervious","floor":28},{"not_picked":["Pommel Strike","Cleave","Clothesline"],"picked":"SKIP","floor":29},{"not_picked":["Twin Strike+1","Shrug It Off","Uppercut"],"picked":"SKIP","floor":30},{"not_picked":["Entrench","Evolve","Armaments"],"picked":"SKIP","floor":31},{"not_picked":["Impervious","Brutality"],"picked":"Barricade","floor":33},{"not_picked":["Rampage+1","Combust","Iron Wave"],"picked":"SKIP","floor":35},{"not_picked":["Shrug It Off+1","Cleave"],"picked":"Body Slam+1","floor":37},{"not_picked":["Burning Pact","Anger"],"picked":"True Grit","floor":39},{"not_picked":["Wild Strike","Iron Wave","Perfected Strike"],"picked":"SKIP","floor":42},{"not_picked":["Perfected Strike+1","Havoc+1","Shrug It Off+1"],"picked":"SKIP","floor":44}],"player_experience":1554209,"relics_obtained":[{"floor":7.0,"key":"Self Forming Clay"},{"floor":9.0,"key":"Happy Flower"},{"floor":21.0,"key":"Nilry\u0027s Codex"},{"floor":24.0,"key":"Red Skull"},{"floor":26,"key":"Ancient Tea Set"},{"floor":43,"key":"Pen Nib"}],"event_choices":[{"cards_removed":["Strike_R"],"damage_healed":0.0,"max_hp_gain":0.0,"max_hp_loss":0.0,"gold_gain":0.0,"event_name":"Bonfire Elementals","player_choice":"Offered Basic","floor":3.0,"gold_loss":0.0,"damage_taken":0.0},{"damage_healed":0.0,"max_hp_gain":0.0,"max_hp_loss":0.0,"gold_gain":0.0,"event_name":"Living Wall","player_choice":"Grow","floor":11.0,"gold_loss":0.0,"damage_taken":0.0,"cards_upgraded":["Searing Blow"]},{"damage_healed":0.0,"max_hp_gain":0.0,"max_hp_loss":0.0,"gold_gain":0.0,"event_name":"Shining Light","player_choice":"Entered Light","floor":12.0,"gold_loss":0.0,"damage_taken":16.0,"cards_upgraded":["Strike_R","Armaments"]},{"damage_healed":0.0,"max_hp_gain":0.0,"max_hp_loss":0.0,"gold_gain":0.0,"event_name":"The Mausoleum","player_choice":"Opened","floor":19.0,"gold_loss":0.0,"damage_taken":0.0,"relics_obtained":["Regal Pillow"],"cards_obtained":["Writhe"]},{"damage_healed":0.0,"max_hp_gain":0.0,"max_hp_loss":0.0,"gold_gain":0.0,"event_name":"Cursed Tome","player_choice":"Obtained Book","floor":21.0,"gold_loss":0.0,"damage_taken":16.0},{"cards_removed":["Bash"],"damage_healed":0,"gold_gain":0,"player_choice":"Removed Attack","damage_taken":0,"max_hp_gain":0,"max_hp_loss":0,"event_name":"Falling","floor":38,"gold_loss":0},{"damage_healed":0,"gold_gain":0,"player_choice":"Ignored","damage_taken":0,"max_hp_gain":0,"max_hp_loss":0,"event_name":"Mysterious Sphere","floor":41,"gold_loss":0}],"is_beta":false,"boss_relics":[{"not_picked":["Black Star","Empty Cage"],"picked":"Velvet Choker"},{"not_picked":["Snecko Eye","Pandora\u0027s Box","Runic Dome"]}],"items_purged_floors":[20,36],"is_endless":false,"potions_floor_spawned":[8,14,16,22,24,29,33,39,42,44],"killed_by":"Reptomancer","ascension_level":11}}