{"host":"q4axc00jr2bozlh9","time":1613554749,"event":{"mods":["AchievementEnabler","BaseMod","Bestiary","Colored Map","Colored Powertips","Curses Come First","Minty Spire (QoL Compilation)","Relic Stats","StSLib","SuperFastMode","UnlockEverythingMod"],"gold_per_floor":[11,24,40,40,55,86,86,104,157,191,191,201,211,228,228,331,331,344,12,12,39,50,63,92,111,111,140,155,188,208,223,223,320,320,338,354,369,384,384,384,403,403,477,496,496,496],"floor_reached":45,"language":"ENG","playtime":3885,"items_purged":["Strike_R"],"score":497,"play_id":"f6f2abbf-bc56-4b5b-821e-09d67b4b8f5b","local_time":"20210217103909","is_ascension_mode":false,"campfire_choices":[{"data":"Limit Break","floor":7,"key":"SMITH"},{"data":"Armaments","floor":11,"key":"SMITH"},{"floor":15,"key":"REST"},{"floor":32,"key":"REST"},{"floor":40,"key":"RECALL"},{"data":"Limit Break","floor":42,"key":"SMITH"}],"circlet_count":0,"master_deck":["Strike_R+1","Strike_R+1","Strike_R","Strike_R","Defend_R","Defend_R","Defend_R","Defend_R","Bash","Limit Break+1","Metallicize","Cleave","Inflame","Battle Trance","Thunderclap","Armaments+1","Disarm","Limit Break+1","Inflame","True Grit+1","Reaper","Metallicize+1","Flex+1","Impervious","Spot Weakness","Uppercut","Bash","Parasite","Demon Form+1"],"relics":["Burning Blood","Whetstone","Ancient Tea Set","Paper Frog","Sozu","HornCleat","Mango","Red Mask","Bag of Preparation","Frozen Egg 2","Dream Catcher","Runic Cube","Pantograph"],"acts_visited":["Exordium","TheCity","TheBeyond"],"potions_floor_usage":[6,10,16,29,31],"damage_taken":[{"damage":2,"enemies":"2 Louse","floor":1,"turns":2},{"damage":1,"enemies":"Cultist","floor":2,"turns":5},{"damage":6,"enemies":"Jaw Worm","floor":3,"turns":5},{"damage":12,"enemies":"Exordium Wildlife","floor":5,"turns":6},{"damage":31,"enemies":"Lagavulin","floor":6,"turns":9},{"damage":5,"enemies":"Exordium Thugs","floor":8,"turns":5},{"damage":22,"enemies":"3 Sentries","floor":10,"turns":6},{"damage":3,"enemies":"Large Slime","floor":12,"turns":6},{"damage":9,"enemies":"Looter","floor":13,"turns":4},{"damage":3,"enemies":"2 Fungi Beasts","floor":14,"turns":4},{"damage":26,"enemies":"Hexaghost","floor":16,"turns":10},{"damage":3,"enemies":"Chosen","floor":18,"turns":4},{"damage":9,"enemies":"Masked Bandits","floor":21,"turns":3},{"damage":8,"enemies":"3 Byrds","floor":22,"turns":6},{"damage":6,"enemies":"Snake Plant","floor":23,"turns":5},{"damage":53,"enemies":"Slavers","floor":24,"turns":5},{"damage":16,"enemies":"Shelled Parasite and Fungi","floor":25,"turns":4},{"damage":11,"enemies":"Book of Stabbing","floor":27,"turns":6},{"damage":8,"enemies":"Cultist and Chosen","floor":28,"turns":6},{"damage":32,"enemies":"Slavers","floor":29,"turns":6},{"damage":9,"enemies":"Snake Plant","floor":30,"turns":5},{"damage":17,"enemies":"Chosen and Byrds","floor":31,"turns":8},{"damage":23,"enemies":"Champ","floor":33,"turns":9},{"damage":11,"enemies":"Orb Walker","floor":35,"turns":4},{"damage":33,"enemies":"3 Shapes","floor":36,"turns":6},{"damage":9,"enemies":"3 Darklings","floor":37,"turns":7},{"damage":31,"enemies":"Sphere and 2 Shapes","floor":38,"turns":8},{"damage":42,"enemies":"Spire Growth","floor":41,"turns":6},{"damage":45,"enemies":"Writhing Mass","floor":44,"turns":8},{"damage":71,"enemies":"Reptomancer","floor":45,"turns":3}],"seed_played":"8146172528253614090","potions_obtained":[{"floor":1,"key":"Explosive Potion"},{"floor":2,"key":"Weak Potion"},{"floor":4,"key":"GamblersBrew"},{"floor":10,"key":"Dexterity Potion"},{"floor":13,"key":"LiquidMemories"}],"is_trial":false,"path_per_floor":["M","M","M","?","M","E","R","M","T","E","R","M","M","M","R","B",null,"M","$","T","?","M","M","E","M","T","E","M","E","M","M","R","B",null,"M","M","M","M","?","R","M","R","T","M","E"],"character_chosen":"IRONCLAD","items_purchased":["HornCleat"],"campfire_rested":2,"item_purchase_floors":[19],"current_hp_per_floor":[80,80,80,80,74,49,49,50,50,34,34,37,34,37,61,41,80,80,80,94,91,89,89,42,32,32,38,48,40,37,38,66,84,94,89,73,94,75,75,75,81,81,81,70,0,0],"gold":496,"neow_bonus":"THREE_RARE_CARDS","is_daily":false,"chose_seed":false,"campfire_upgraded":3,"win_rate":0.0,"timestamp":1613554749,"path_taken":["M","M","M","?","M","E","R","M","T","E","R","M","M","M","R","BOSS","M","$","?","?","M","M","E","M","T","E","M","E","M","M","R","BOSS","M","M","M","M","?","R","?","R","T","M","E"],"items_purchased_type":["Relic"],"build_version":"2020-12-22","purchased_purges":1,"victory":false,"max_hp_per_floor":[80,80,80,80,80,80,80,80,80,80,80,80,80,80,80,80,80,80,80,94,94,94,94,94,94,94,94,94,94,94,94,94,94,94,94,94,94,94,94,94,94,94,94,94,94,94],"relic_stats":{"Sozu":7,"Dream Catcher":1,"counters":[30,171],"Pantograph":0,"Bag of Preparation":[28],"Whetstone":["Strike_R","Strike_R"],"obtain_stats":[{"Mango":20,"Bag of Preparation":24,"Whetstone":6,"Frozen Egg 2":27,"Ancient Tea Set":9,"Burning Blood":0,"Sozu":17,"Dream Catcher":29,"HornCleat":19,"Pantograph":43,"Red Mask":21,"Paper Frog":10,"Runic Cube":34},{"Mango":12,"Bag of Preparation":16,"Whetstone":5,"Frozen Egg 2":18,"Ancient Tea Set":6,"Burning Blood":0,"Sozu":11,"Dream Catcher":20,"HornCleat":12,"Pantograph":28,"Red Mask":13,"Paper Frog":7,"Runic Cube":23},{"Mango":66,"Bag of Preparation":85,"Whetstone":27,"Frozen Egg 2":95,"Ancient Tea Set":32,"Burning Blood":0,"Sozu":62,"Dream Catcher":107,"HornCleat":66,"Pantograph":160,"Red Mask":69,"Paper Frog":38,"Runic Cube":129}],"Burning Blood":160,"Runic Cube":[27]},"card_choices":[{"not_picked":["Fiend Fire","Double Tap"],"picked":"Limit Break","floor":0},{"not_picked":["Evolve","Second Wind"],"picked":"Metallicize","floor":1},{"not_picked":["Dropkick","Iron Wave"],"picked":"Cleave","floor":2},{"not_picked":["Clothesline","Searing Blow"],"picked":"Inflame","floor":3},{"not_picked":["Twin Strike","Clash"],"picked":"Battle Trance","floor":5},{"not_picked":["Reckless Charge","Havoc","Perfected Strike"],"picked":"SKIP","floor":6},{"not_picked":["Warcry","Whirlwind"],"picked":"Thunderclap","floor":8},{"not_picked":["Rampage","Dropkick"],"picked":"Armaments","floor":10},{"not_picked":["Thunderclap","Dark Embrace","Dual Wield"],"picked":"SKIP","floor":12},{"not_picked":["Warcry","Heavy Blade","Fire Breathing"],"picked":"SKIP","floor":13},{"not_picked":["Burning Pact","Havoc"],"picked":"Disarm","floor":14},{"not_picked":["Juggernaut","Brutality"],"picked":"Limit Break","floor":16},{"not_picked":["Headbutt+1","Reckless Charge"],"picked":"Inflame","floor":18},{"not_picked":["Anger","Clothesline","Searing Blow"],"picked":"SKIP","floor":22},{"not_picked":["Combust","Pummel+1","Wild Strike"],"picked":"SKIP","floor":23},{"not_picked":["Power Through+1","Second Wind+1"],"picked":"True Grit+1","floor":24},{"not_picked":["Clothesline+1","Pommel Strike+1"],"picked":"Reaper","floor":25},{"not_picked":["Whirlwind","Second Wind","Heavy Blade+1"],"picked":"SKIP","floor":27},{"not_picked":["Wild Strike+1","Perfected Strike","Blood for Blood"],"picked":"SKIP","floor":28},{"not_picked":["Searing Blow","Combust+1"],"picked":"Metallicize+1","floor":29},{"not_picked":["Perfected Strike+1","Pommel Strike+1","Dual Wield"],"picked":"SKIP","floor":30},{"not_picked":["Sword Boomerang","Clash"],"picked":"Flex+1","floor":31},{"not_picked":["Reaper","Bludgeon"],"picked":"Impervious","floor":33},{"not_picked":["Fire Breathing+1","Twin Strike+1"],"picked":"Spot Weakness","floor":35},{"not_picked":["Headbutt","Anger","Perfected Strike+1"],"picked":"SKIP","floor":36},{"not_picked":["Dark Embrace+1","Perfected Strike","Whirlwind"],"picked":"SKIP","floor":37},{"not_picked":["Twin Strike","Heavy Blade","Armaments+1"],"picked":"SKIP","floor":38},{"not_picked":["Havoc+1","True Grit+1","Heavy Blade+1"],"picked":"SKIP","floor":41},{"not_picked":["Cleave+1","Thunderclap"],"picked":"Demon Form+1","floor":44}],"player_experience":261581,"relics_obtained":[{"floor":6,"key":"Whetstone"},{"floor":9,"key":"Ancient Tea Set"},{"floor":10,"key":"Paper Frog"},{"floor":20,"key":"Mango"},{"floor":21,"key":"Red Mask"},{"floor":24,"key":"Bag of Preparation"},{"floor":27,"key":"Frozen Egg 2"},{"floor":29,"key":"Dream Catcher"},{"floor":43,"key":"Pantograph"}],"event_choices":[{"damage_healed":0,"gold_gain":0,"player_choice":"Got Potions","damage_taken":0,"max_hp_gain":0,"max_hp_loss":0,"event_name":"Lab","floor":4,"gold_loss":0},{"damage_healed":0,"gold_gain":0,"player_choice":"Fought Bandits","damage_taken":0,"max_hp_gain":0,"max_hp_loss":0,"event_name":"Masked Bandits","floor":21,"gold_loss":0},{"damage_healed":0,"gold_gain":0,"player_choice":"2 cards matched","damage_taken":0,"max_hp_gain":0,"max_hp_loss":0,"event_name":"Match and Keep!","floor":39,"gold_loss":0,"cards_obtained":["Uppercut","Bash"]}],"is_beta":false,"boss_relics":[{"not_picked":["Ectoplasm","Black Star"],"picked":"Sozu"},{"not_picked":["Tiny House","Mark of Pain"],"picked":"Runic Cube"}],"items_purged_floors":[19],"is_endless":false,"potions_floor_spawned":[1,2,10,13,14,24,25,27,28,31,35,41],"killed_by":"Reptomancer","ascension_level":0}}