{"host":"ee5exjejqz6r5zx9","time":1613580408,"event":{"mods":["ATMod(°¢èªMod)","Act Like it!","BaseMod","Card Forge","Colored Powertips","Custom Start","Gensokyo","HololiveMod","Minty Spire (QoL Compilation)","MostiFishMod","Quick Restart","Rare Cards Sparkle","Relic Filter Mod","Remove Card Discount Mod","Replay The Spire","RumiaBox-Â¶Ã×æ«µÄÉñÃØºÐ×Ó","Shop Mod","StSLib","TestMod","¡¾¹¦ÄÜMod¡¿»ìãçÖ®»·ÐÞ¸´²¹¶¡","¡¾ÒÅÎï¿¨ÅÆ¡¿REMEMod"],"gold_per_floor":[-1288,-1273,3333,3368,2920,2930,2957,2633,2633,2648,2682,2682,2709,2759,2759,2835,2835,2849,2799,2468,2568,2586,2586,2609,2641,2665,2698,2698,2713,2748,2811,2811,2900,2900,2921,2179,2195,2195,2215,2250,2269,2289,2289,2204,2204,2239,2239,2274,2274,2283,2301,2301,2301,1974,2000,2015],"floor_reached":57,"language":"ZHS","playtime":1804,"items_purged":[],"score":3691,"play_id":"c8e967e6-8344-4777-96c6-743d4501a8b6","local_time":"20210218004648","is_ascension_mode":true,"campfire_choices":[{"floor":15,"key":"RECALL"},{"floor":23,"key":"REST"},{"floor":28,"key":"REST"},{"floor":32,"key":"REST"},{"floor":45,"key":"REST"},{"floor":49,"key":"REST"},{"floor":53,"key":"REST"}],"circlet_count":0,"master_deck":["AscendersBane","Survivor+1","Neutralize+1","Acrobatics+1","Tactician+1","Well Laid Plans+1","Backflip+1","Acrobatics+1","Grand Finale+1","Escape Plan+1","AT_ChampionStep+1","Dagger Spray+1","Terror+1"],"relics":["Hammer of Thor","Seething Fire","Anvil of the Gods","testmod-TestBox","REME_ComplimentaryCards","DaveBox","AT_ATBox","testmod-Justice","SynthV:MejaisSoulstealer","xbg","SynthV:TestCard","Akabeko","testmod-Register","ReplayTheSpireMod:Lightbulb","Ornamental Fan","TheAbacus","BrkXgEgg","AT_ChloranthyRing","Golden Egg","Whetstone","testmod-Prudence","TungstenRod","Pondfish Scales","testmod-Fortitude","Nunchaku","Vajra","AT_RedTearstoneRing","Replay:Baseball","REME_ArchaeologicalTools","Sozu","Replay:Accelerometer","Paper Crane","Ying","War Paint","Unceasing Top","SSSystem","Potion Belt","HandDrill","Happy Flower","Art of War"],"acts_visited":["Gensokyo:Gensokyo","Gensokyo:Gensokyoer","Gensokyo:Gensokyoest","TheEnding"],"potions_floor_usage":[],"damage_taken":[{"damage":0.0,"enemies":"Gensokyo:2_Kodama","floor":1.0,"turns":4.0},{"damage":0,"enemies":"Gensokyo:Gryphon","floor":2,"turns":2},{"damage":0,"enemies":"Gensokyo:Python","floor":3,"turns":2},{"damage":0,"enemies":"Gensokyo:Cirno","floor":4,"turns":7},{"damage":0,"enemies":"Gensokyo:Gryphon_and_Rabbit","floor":6,"turns":2},{"damage":0,"enemies":"Gensokyo:Mamizou","floor":7,"turns":1},{"damage":0,"enemies":"Gensokyo:VengefulSpirit","floor":10,"turns":1},{"damage":0,"enemies":"Gensokyo:Cirno","floor":11,"turns":4},{"damage":0,"enemies":"Gensokyo:Aya","floor":13,"turns":2},{"damage":0,"enemies":"Gensokyo:Kokoro","floor":16,"turns":2},{"damage":0,"enemies":"Gensokyo:AngelMirror","floor":18,"turns":1},{"damage":0,"enemies":"Gensokyo:AngelMirror","floor":21,"turns":1},{"damage":0,"enemies":"Gensokyo:3_Dogs","floor":22,"turns":1},{"damage":0,"enemies":"Gensokyo:Koishi","floor":25,"turns":2},{"damage":0,"enemies":"Gensokyo:Reisen","floor":27,"turns":1},{"damage":0,"enemies":"Gensokyo:Slime_Group","floor":29,"turns":1},{"damage":0,"enemies":"Gensokyo:Koishi","floor":30,"turns":1},{"damage":0,"enemies":"Gensokyo:Wraith","floor":31,"turns":2},{"damage":0,"enemies":"Gensokyo:Eiki","floor":33,"turns":1},{"damage":0,"enemies":"Gensokyo:3_Boulders","floor":35,"turns":1},{"damage":0,"enemies":"Gensokyo:AncientGuardian","floor":37,"turns":1},{"damage":0,"enemies":"Gensokyo:Sharpion","floor":39,"turns":1},{"damage":0,"enemies":"Gensokyo:Kasen","floor":40,"turns":2},{"damage":0,"enemies":"Gensokyo:4_Bats","floor":41,"turns":1},{"damage":0,"enemies":"Gensokyo:Dusk_and_Dawn","floor":42,"turns":1},{"damage":0,"enemies":"Gensokyo:Marisa","floor":46,"turns":1},{"damage":0,"enemies":"Gensokyo:Kasen","floor":48,"turns":1},{"damage":0,"enemies":"Gensokyo:Scarlet_Devils","floor":50,"turns":1},{"damage":0,"enemies":"Gensokyo:Shinki","floor":51,"turns":3},{"damage":0,"enemies":"Shield and Spear","floor":55,"turns":1},{"damage":0,"enemies":"The Heart","floor":56,"turns":4}],"seed_played":"-8817724209802355731","potions_obtained":[{"floor":1,"key":"Ancient Potion"},{"floor":2,"key":"Elixir"},{"floor":14,"key":"FearPotion"},{"floor":16,"key":"Adrenaline Potion"},{"floor":18,"key":"GhostInAJar"}],"is_trial":false,"path_per_floor":["M","M","M","?","$","M","E","COS","T","M","E","?","E","?","R","B",null,"M","?","$","?","M","R","T","E","T","E","R","M","E","M","R","B",null,"M","$","M","?","M","E","M","M","T","$","R","E","$","E","R","B","B",null,"R","$","E","B",null],"character_chosen":"THE_SILENT","items_purchased":["Blade Dance","testmod-Register","ReplayTheSpireMod:Lightbulb","TungstenRod","Replay:Accelerometer","Paper Crane","Ying","Terror","HandDrill","Happy Flower"],"campfire_rested":6,"item_purchase_floors":[5,5,5,20,36,36,36,44,54,54],"current_hp_per_floor":[59,59,59,59,59,59,59,59,59,59,59,59,59,59,59,59,64,64,71,71,71,71,73,73,73,73,73,73,73,73,73,73,73,73,73,73,73,73,73,73,73,73,73,73,73,73,73,73,73,73,73,73,73,73,73,73],"gold":2015,"neow_bonus":"BOSS_RELIC","is_daily":false,"chose_seed":false,"campfire_upgraded":0,"win_rate":0.0,"timestamp":1613580408,"path_taken":["M","M","M","?","$","M","E","COS","T","M","E","?","E","?","R","BOSS","M","?","$","?","M","R","?","E","T","E","R","M","E","M","R","BOSS","M","$","M","?","M","E","M","M","T","$","R","E","?","E","R","BOSS","BOSS","R","$","E","BOSS"],"items_purchased_type":["Card","Relic","Relic","Relic","Relic","Relic","Relic","Card","Relic","Relic"],"build_version":"2020-12-22","purchased_purges":0,"victory":true,"max_hp_per_floor":[66,66,66,66,66,66,66,66,66,66,66,66,66,66,66,66,66,66,73,73,73,73,73,73,73,73,73,73,73,73,73,73,73,73,73,73,73,73,73,73,73,73,73,73,73,73,73,73,73,73,73,73,73,73,73,73],"card_choices":[{"not_picked":["Blade Dance","MostiFishMod:ThornCasing"],"picked":"Acrobatics","floor":1},{"not_picked":["Accuracy","Outmaneuver","AT_WomanClash","Flechettes","PiercingWail"],"picked":"SKIP","floor":2},{"not_picked":["Dodge and Roll","Flying Knee","Deadly Poison","Dash"],"picked":"Tactician","floor":3},{"not_picked":["Deflect","Dagger Throw","Underhanded Strike","Flying Knee"],"picked":"Dash","floor":4},{"not_picked":["Deadly Poison","Flying Knee","REME_ShadowStrike","Deflect"],"picked":"Well Laid Plans","floor":6},{"not_picked":["MostiFishMod:HiddenBlade","Heel Hook","Underhanded Strike","Outmaneuver"],"picked":"Backflip","floor":7},{"not_picked":["Blade Dance","Sucker Punch","AT_WindFlip","REME_CopyPotion+1","AT_TinkerSharpsword"],"picked":"SKIP","floor":10},{"not_picked":["MostiFishMod:PerfectParry","AT_TinkerSharpsword","Prepared","Bane"],"picked":"Acrobatics","floor":11},{"not_picked":["Acrobatics","ReplayTheSpireMod:Tripwire","MostiFishMod:Wind+1","Predator","Endless Agony"],"picked":"SKIP","floor":13},{"not_picked":["Bullet Time+1","Corpse Explosion+1","Envenom+1","MostiFishMod:FullyArmed+1"],"picked":"Grand Finale+1","floor":16},{"not_picked":["ReplayTheSpireMod:Scrap Shanks","Dagger Spray","MostiFishMod:FrostNova","Fluid Movement"],"picked":"Escape Plan","floor":18},{"not_picked":["Hidden Blade","MostiFishMod:ShivMaster+1","Cloak And Dagger","Finisher","PiercingWail"],"picked":"SKIP","floor":22},{"not_picked":["Backflip+1","ReplayTheSpireMod:Scrap Shanks","Prepared","PiercingWail","Deflect"],"picked":"SKIP","floor":25},{"not_picked":["Dodge and Roll","Envenom+1","Acrobatics","Cloak And Dagger","Expertise"],"picked":"SKIP","floor":27},{"not_picked":["Deadly Poison","MostiFishMod:PerfectParry","Endless Agony","Blade Dance","Escape Plan"],"picked":"SKIP","floor":29},{"not_picked":["Cloak And Dagger","ReplayTheSpireMod:The Works","Hidden Blade+1","Eviscerate","AT_TinkerSharpsword"],"picked":"SKIP","floor":30},{"not_picked":["Leg Sweep","Backflip","REME_GreenPollution+1","Underhanded Strike+1","Outmaneuver+1"],"picked":"SKIP","floor":31},{"not_picked":["Slice+1","Flying Knee","Blade Dance+1","Deadly Poison","Expertise"],"picked":"SKIP","floor":35},{"not_picked":["AT_KneejerkReflex","Sucker Punch","Escape Plan+1","Accuracy","Dagger Spray"],"picked":"SKIP","floor":37},{"not_picked":["AT_KneejerkReflex","Sucker Punch","Escape Plan+1","Accuracy"],"picked":"Dagger Spray","floor":37},{"not_picked":["Bane","Slice","AT_MyraUnstableElement+1","Prepared","Blur+1"],"picked":"SKIP","floor":39},{"not_picked":["Sucker Punch","Draining Mist","ReplayTheSpireMod:Shiv Toss+1","Infinite Blades+1","Eviscerate"],"picked":"SKIP","floor":40},{"not_picked":["Slice","Quick Slash+1","Deadly Poison","Sucker Punch","Prepared+1"],"picked":"SKIP","floor":41},{"not_picked":["PiercingWail","Reflex","MostiFishMod:WinterMarkForm+1","Flying Knee","ReplayTheSpireMod:The Works"],"picked":"SKIP","floor":42},{"not_picked":["Cloak And Dagger","Deflect","Blade Dance","Riddle With Holes","REME_LeechingPoison+1"],"picked":"SKIP","floor":46},{"not_picked":["MostiFishMod:ThornCasing+1","Catalyst","AT_WindFlip+1","MostiFishMod:VineMother","Poisoned Stab"],"picked":"SKIP","floor":48},{"not_picked":["All Out Attack+1","MostiFishMod:Confrontation+1","Deadly Poison","Outmaneuver+1","Prepared+1"],"picked":"SKIP","floor":55}],"player_experience":457827,"relics_obtained":[{"floor":1,"key":"SynthV:TestCard"},{"floor":4,"key":"Akabeko"},{"floor":7,"key":"Ornamental Fan"},{"floor":13,"key":"Golden Egg"},{"floor":14,"key":"Whetstone"},{"floor":21,"key":"Pondfish Scales"},{"floor":21,"key":"testmod-Fortitude"},{"floor":24,"key":"Nunchaku"},{"floor":25,"key":"Vajra"},{"floor":26,"key":"AT_RedTearstoneRing"},{"floor":27,"key":"Replay:Baseball"},{"floor":30,"key":"REME_ArchaeologicalTools"},{"floor":40,"key":"War Paint"},{"floor":43,"key":"Unceasing Top"},{"floor":46,"key":"SSSystem"},{"floor":48,"key":"Potion Belt"},{"floor":55,"key":"Art of War"}],"event_choices":[],"is_beta":false,"boss_relics":[{"not_picked":["Coffee Dripper","Painkiller Herb"],"picked":"testmod-Prudence"},{"not_picked":["GuanYuAspect","Replay:Grab Bag"],"picked":"Sozu"}],"items_purged_floors":[],"is_endless":false,"potions_floor_spawned":[1,2,7,11,13,16,18,22,31,37,39,41,46],"ascension_level":20}}