{"host":"2c84cb4cp1emursg","time":1613590230,"event":{"mods":["Act Like it!","BaseMod","Better Third Choice","Bossed Relics","Hermit","Mimic Mod","Minty Spire (QoL Compilation)","Permanent Neow","StSLib"],"gold_per_floor":[113,126,144,162,223,257,257,269,294,329,348,381,393,405,417,429,429],"floor_reached":16,"language":"ENG","playtime":1097,"items_purged":[],"score":134,"play_id":"c13b232f-eb57-43b7-8448-acdac46ecc16","local_time":"20210217123030","is_ascension_mode":true,"campfire_choices":[{"data":"hermit:Showdown","floor":7,"key":"SMITH"},{"data":"hermit:DeadMansHand","floor":13,"key":"SMITH"},{"data":"hermit:HighCaliber","floor":15,"key":"SMITH"}],"circlet_count":0,"master_deck":["hermit:Strike_Hermit","hermit:Strike_Hermit","hermit:Strike_Hermit","hermit:Strike_Hermit","hermit:Defend_Hermit","hermit:Defend_Hermit","hermit:Defend_Hermit","hermit:Defend_Hermit","hermit:Snapshot","hermit:Covet","hermit:DeadMansHand+1","hermit:Showdown+1","hermit:Snipe","hermit:WideOpen","hermit:HighCaliber+1","hermit:Deadeye","hermit:HighCaliber","hermit:GoldenBullet"],"relics":["hermit:Momento","HornCleat","Bag of Marbles","Lantern","MawBank"],"acts_visited":["Exordium"],"potions_floor_usage":[4,10,16],"damage_taken":[{"damage":3,"enemies":"2 Louse","floor":1,"turns":3},{"damage":13,"enemies":"Jaw Worm","floor":2,"turns":4},{"damage":1,"enemies":"Cultist","floor":3,"turns":3},{"damage":2,"enemies":"3 Louse","floor":4,"turns":3},{"damage":21,"enemies":"Lagavulin","floor":6,"turns":6},{"damage":0,"enemies":"2 Fungi Beasts","floor":8,"turns":3},{"damage":2,"enemies":"Gremlin Nob","floor":10,"turns":3},{"damage":0,"enemies":"Blue Slaver","floor":11,"turns":2},{"damage":9,"enemies":"3 Sentries","floor":12,"turns":5},{"damage":26,"enemies":"Hexaghost","floor":16,"turns":7}],"seed_played":"-2852816173170761439","potions_obtained":[{"floor":3,"key":"SteroidPotion"},{"floor":4,"key":"SpeedPotion"},{"floor":8,"key":"Swift Potion"},{"floor":12,"key":"SmokeBomb"}],"is_trial":false,"path_per_floor":["M","M","M","M","?","E","R","M","T","E","M","E","R","$","R","B"],"character_chosen":"HERMIT","items_purchased":[],"campfire_rested":0,"item_purchase_floors":[],"current_hp_per_floor":[72,59,58,56,56,35,35,35,35,33,33,24,24,24,24,0,0],"gold":429,"neow_bonus":"THREE_CARDS","is_daily":false,"chose_seed":false,"campfire_upgraded":3,"win_rate":0.0,"timestamp":1613590230,"path_taken":["M","M","M","M","?","E","R","M","T","E","M","E","R","$","R","BOSS"],"items_purchased_type":[],"build_version":"2020-12-22","purchased_purges":0,"victory":false,"max_hp_per_floor":[75,75,75,75,75,75,75,75,75,75,75,75,75,75,75,75,75],"card_choices":[{"not_picked":["hermit:Headshot","hermit:Snipe"],"picked":"hermit:DeadMansHand","floor":0},{"not_picked":["hermit:Headshot","hermit:HighCaliber"],"picked":"hermit:Showdown","floor":1},{"not_picked":["hermit:Roughhouse","hermit:SprayPray"],"picked":"hermit:Snipe","floor":2},{"not_picked":["hermit:Misfire","hermit:Manifest"],"picked":"hermit:WideOpen","floor":3},{"not_picked":["hermit:CursedWeapon","hermit:Brawl"],"picked":"hermit:HighCaliber","floor":4},{"not_picked":["hermit:Reprieve","hermit:BodyArmor"],"picked":"hermit:Deadeye","floor":6},{"not_picked":["hermit:BodyArmor","hermit:BigShot"],"picked":"hermit:HighCaliber","floor":8},{"not_picked":["hermit:TakeAim","hermit:CalledShot"],"picked":"hermit:GoldenBullet","floor":10},{"not_picked":["hermit:EternalForm","hermit:Desperado","hermit:Roulette"],"picked":"SKIP","floor":11},{"not_picked":["hermit:EternalForm","hermit:Coalescence","hermit:CalledShot"],"picked":"SKIP","floor":12}],"player_experience":523445,"relics_obtained":[{"floor":6,"key":"HornCleat"},{"floor":9,"key":"Bag of Marbles"},{"floor":10,"key":"Lantern"},{"floor":12,"key":"MawBank"}],"event_choices":[{"damage_healed":0,"gold_gain":61,"player_choice":"Gained Gold","damage_taken":0,"max_hp_gain":0,"max_hp_loss":0,"event_name":"Golden Wing","floor":5,"gold_loss":0}],"is_beta":false,"boss_relics":[],"items_purged_floors":[],"is_endless":false,"potions_floor_spawned":[3,4,8,12],"killed_by":"Hexaghost","ascension_level":2}}