{"host":"5dk97cf2ubw2v967","time":1613596713,"event":{"mods":["AlwaysNeverKeys","BaseMod","Better Altar","Better Vampires","Block Reminder","Card Filter","Colored Powertips","Downfall","Googly Eyes","Highlight Path","Minty Spire (QoL Compilation)","Permanent Neow","Potion Indicator Mod","Quick Restart","Relic Filter","Relic Stats","Say the Spire","Spicy Shops","StSLib","Waifu the Spire","everything is the same but u backflip on backflip"],"gold_per_floor":[19,19,19,19,31,31,62,27,27,27,27,27,41,76,76,76,76],"floor_reached":16,"language":"ENG","playtime":372,"items_purged":[],"score":212,"play_id":"ab1ce775-21a1-4cd6-91c1-9cc50a37dc92","local_time":"20210217211833","is_ascension_mode":true,"campfire_choices":[{"data":"Searing Blow","floor":6,"key":"SMITH"},{"floor":12,"key":"REST"},{"data":"Searing Blow+1","floor":15,"key":"SMITH"}],"circlet_count":0,"master_deck":["AscendersBane","Strike_R","Strike_R","Strike_R","Strike_R","Defend_R","Defend_R","Defend_R","Bash","Double Tap","Shrug It Off","Searing Blow+2","Thunderclap+1","Wild Strike+1","Evolve"],"relics":["Burning Blood","Molten Egg 2","Toy Ornithopter","Anchor","Bottled Lightning","Art of War"],"acts_visited":["Exordium"],"potions_floor_usage":[7,14,16],"damage_taken":[{"damage":14,"enemies":"Jaw Worm","floor":1,"turns":3},{"damage":1,"enemies":"2 Louse","floor":5,"turns":4},{"damage":55,"enemies":"Gremlin Nob","floor":7,"turns":5},{"damage":12,"enemies":"Small Slimes","floor":13,"turns":4},{"damage":25,"enemies":"3 Sentries","floor":14,"turns":7},{"damage":12,"enemies":"Hexaghost","floor":16,"turns":7}],"seed_played":"282203100119641369","potions_obtained":[{"floor":5,"key":"SkillPotion"},{"floor":7,"key":"FearPotion"},{"floor":14,"key":"DistilledChaos"}],"is_trial":false,"path_per_floor":["M","?","?","$","M","R","E","?","T","?","T","R","M","E","R","B"],"character_chosen":"IRONCLAD","items_purchased":[],"campfire_rested":1,"item_purchase_floors":[],"current_hp_per_floor":[60,60,53,53,58,58,9,27,27,16,16,38,32,18,18,11,11],"gold":76,"neow_bonus":"THREE_RARE_CARDS","is_daily":false,"chose_seed":false,"campfire_upgraded":2,"win_rate":0.0,"timestamp":1613596713,"path_taken":["M","?","?","?","?","R","E","?","T","?","?","R","M","E","R","BOSS"],"items_purchased_type":[],"build_version":"2020-12-22","purchased_purges":0,"victory":false,"max_hp_per_floor":[75,75,75,75,75,75,75,75,75,75,75,75,75,75,75,75,75],"relic_stats":{"counters":[6,30],"Art of War":[0],"obtain_stats":[{"Anchor":10,"Molten Egg 2":7,"Art of War":14,"Bottled Lightning":11,"Burning Blood":0,"Toy Ornithopter":9},{"Anchor":3,"Molten Egg 2":3,"Art of War":5,"Bottled Lightning":3,"Burning Blood":0,"Toy Ornithopter":3},{"Anchor":12,"Molten Egg 2":12,"Art of War":23,"Bottled Lightning":12,"Burning Blood":0,"Toy Ornithopter":12}],"Burning Blood":30,"Toy Ornithopter":10},"card_choices":[{"not_picked":["Impervious","Immolate"],"picked":"Double Tap","floor":0},{"not_picked":["Anger","Iron Wave"],"picked":"Shrug It Off","floor":1},{"not_picked":["Thunderclap","Dropkick"],"picked":"Searing Blow","floor":5},{"not_picked":["Searing Blow+1","Clash+1"],"picked":"Thunderclap+1","floor":7},{"not_picked":["Dark Embrace","Bloodletting"],"picked":"Wild Strike+1","floor":13},{"not_picked":["Hemokinesis+1","Heavy Blade+1"],"picked":"Evolve","floor":14}],"player_experience":1335253,"relics_obtained":[{"floor":7,"key":"Molten Egg 2"},{"floor":9,"key":"Toy Ornithopter"},{"floor":11,"key":"Bottled Lightning"},{"floor":14,"key":"Art of War"}],"event_choices":[{"cards_removed":["Strike_R"],"damage_healed":0,"gold_gain":0,"player_choice":"Forget","damage_taken":0,"max_hp_gain":0,"max_hp_loss":0,"event_name":"Living Wall","floor":2,"gold_loss":0},{"cards_removed":["Defend_R"],"damage_healed":0,"gold_gain":0,"player_choice":"Card Removal","damage_taken":7,"max_hp_gain":0,"max_hp_loss":0,"event_name":"Golden Wing","floor":3,"gold_loss":0},{"damage_healed":18,"gold_gain":0,"player_choice":"Healed","damage_taken":0,"max_hp_gain":0,"max_hp_loss":0,"event_name":"The Cleric","floor":8,"gold_loss":35},{"damage_healed":0,"gold_gain":0,"player_choice":"Success","damage_taken":11,"relics_obtained":["Anchor"],"max_hp_gain":0,"max_hp_loss":0,"event_name":"Scrap Ooze","floor":10,"gold_loss":0}],"is_beta":false,"boss_relics":[],"items_purged_floors":[],"is_endless":false,"potions_floor_spawned":[5,7,14],"killed_by":"Hexaghost","ascension_level":20}}