{"host":"sum4dy402bbv9y4o","time":1613592377,"event":{"mods":["Aspiration","BaseMod","Conspire","Highlight Path","Minty Spire (QoL Compilation)","StSLib"],"gold_per_floor":[111,111,126,37,52,84,103,103,103,137,149,149,119,139,139,139,139],"floor_reached":16,"language":"ENG","playtime":540,"items_purged":[],"score":224,"play_id":"f5b4a84c-4c5a-4ac0-9c66-54c6a850c731","local_time":"20210217230617","is_ascension_mode":true,"campfire_choices":[{"floor":8,"key":"REST"},{"floor":12,"key":"REST"},{"data":"SashWhip","floor":15,"key":"SMITH"}],"circlet_count":0,"master_deck":["AscendersBane","Strike_P","Strike_P","Strike_P","Strike_P","Defend_P","Defend_P","Defend_P","Defend_P","Eruption+1","Vigilance","MentalFortress","FlurryOfBlows","Adaptation","FlurryOfBlows","SashWhip+1","EmptyFist","EmptyBody","FlyingSleeves"],"relics":["PureWater","conspire:GiftBox","Ornamental Fan","Blood Vial"],"acts_visited":["Exordium"],"potions_floor_usage":[6,11,14,14,14,16],"damage_taken":[{"damage":19,"enemies":"Jaw Worm","floor":1,"turns":4},{"damage":1,"enemies":"Small Slimes","floor":3,"turns":3},{"damage":0,"enemies":"Cultist","floor":5,"turns":3},{"damage":28,"enemies":"Gremlin Nob","floor":6,"turns":4},{"damage":8,"enemies":"2 Fungi Beasts","floor":7,"turns":3},{"damage":23,"enemies":"Lagavulin","floor":10,"turns":9},{"damage":0,"enemies":"Looter","floor":11,"turns":3},{"damage":22,"enemies":"Gremlin Gang","floor":14,"turns":5},{"damage":30,"enemies":"Hexaghost","floor":16,"turns":9}],"seed_played":"3387566315909198512","potions_obtained":[{"floor":5,"key":"Swift Potion"},{"floor":6,"key":"EssenceOfSteel"},{"floor":13,"key":"PowerPotion"},{"floor":13,"key":"EntropicBrew"}],"is_trial":false,"path_per_floor":["M","?","M","$","M","E","M","R","T","E","M","R","?","M","R","B"],"character_chosen":"WATCHER","items_purchased":["Adaptation"],"campfire_rested":2,"item_purchase_floors":[4],"current_hp_per_floor":[42,42,41,41,41,13,5,25,25,2,4,24,24,25,25,0,0],"gold":139,"neow_bonus":"UPGRADE_CARD","is_daily":false,"chose_seed":false,"campfire_upgraded":1,"win_rate":0.0,"timestamp":1613592377,"path_taken":["M","?","M","$","M","E","M","R","T","E","M","R","?","M","R","BOSS"],"items_purchased_type":["Card"],"build_version":"2020-12-22","purchased_purges":0,"victory":false,"max_hp_per_floor":[68,68,68,68,68,68,68,68,68,68,68,68,68,68,68,68,68],"card_choices":[{"not_picked":["FollowUp","WaveOfTheHand"],"picked":"MentalFortress","floor":1},{"not_picked":["Conclude","FlyingSleeves"],"picked":"FlurryOfBlows","floor":3},{"not_picked":["WindmillStrike","ThirdEye"],"picked":"FlurryOfBlows","floor":5},{"not_picked":["ThirdEye","Worship"],"picked":"SashWhip","floor":6},{"not_picked":["Conclude","JustLucky"],"picked":"EmptyFist","floor":7},{"not_picked":["CrushJoints","Evaluate"],"picked":"EmptyBody","floor":10},{"not_picked":["SignatureMove","CrushJoints","Pray"],"picked":"SKIP","floor":11},{"not_picked":["DeusExMachina","JustLucky"],"picked":"FlyingSleeves","floor":14}],"player_experience":3108543,"relics_obtained":[{"floor":6,"key":"conspire:GiftBox"},{"floor":9,"key":"Ornamental Fan"},{"floor":10,"key":"Blood Vial"}],"event_choices":[{"damage_healed":0,"gold_gain":0,"player_choice":"Bought 2 Potions","damage_taken":0,"max_hp_gain":0,"max_hp_loss":0,"event_name":"The Woman in Blue","floor":13,"gold_loss":0}],"is_beta":false,"boss_relics":[],"items_purged_floors":[],"is_endless":false,"potions_floor_spawned":[5,6],"killed_by":"Hexaghost","ascension_level":20}}