{"host":"4ojbxe11utoi7geq","time":1613546555,"event":{"mods":["2.2 Compatiblity","Act Like it!","Aspiration","Astrologer","Bard","BaseMod","Challenge The Spire","ChefMod","Colored Map","Colored Powertips","Conspire","Elementarium","Energized Spire","Gensokyo","GifTheSpireLib","Halation","Hallownest","Hermit","Hubris","Infinite Spire","Jedi Mod","Jorbs\u0027s Wanderer Trilogy","Marisa（霧雨　魔理沙）","Marked Mod","Menagerie","Minty Spire (QoL Compilation)","Permanent Neow","Reliquary","Replay The Spire","Robot Space Explorer","Ruina","Spicy Shops","Spire Arcade","StSLib","Stuff the Spire","The Blue Laboratory","The Bug Knight","The Construct","The Disciple","The Hayseed","The Hierophant","The Marked","The Runesmith","The Sage","TheFirefly"],"gold_per_floor":[110,130,140,140,155,155,187,187,187,187,207,226,254,265,265,362,362,377,377,35,67,84,112,112,122,122,122,155,155,155,155,259,259,269,285,200,100,100,100,100,100,128,128,3,17,17,17],"floor_reached":51,"language":"ENG","playtime":4009,"items_purged":["Strike_G","Strike_G","Strike_G","Strike_G"],"score":771,"play_id":"6a1efcad-9d96-4ac9-b8b0-ce0e54498323","local_time":"20210217022235","is_ascension_mode":false,"campfire_choices":[{"data":"Neutralize","floor":6,"key":"SMITH"},{"data":"conspire:PoisonWeapons","floor":8,"key":"SMITH"},{"data":"Noxious Fumes","floor":10,"key":"SMITH"},{"data":"Deflect","floor":15,"key":"SMITH"},{"data":"Malaise","floor":24,"key":"SMITH"},{"data":"Footwork","floor":32,"key":"SMITH"},{"data":"Hallownest:skillKingdomsEdgeMap","floor":40,"key":"SMITH"},{"data":"Caltrops","floor":42,"key":"SMITH"},{"floor":45,"key":"REST"},{"data":"Survivor","floor":49,"key":"SMITH"}],"circlet_count":0,"master_deck":["Strike_G+1","Defend_G","Defend_G+2","Defend_G+2","Defend_G+1","Defend_G+3","Survivor+1","Neutralize+1","Deflect+1","StuffTheSpire:Incantation","Noxious Fumes+1","StuffTheSpire:Shiver","conspire:PoisonWeapons+1","PiercingWail+1","jedi:pocketpoison+1","Flechettes+1","Dagger Spray+1","Malaise+1","Slice+1","Footwork+1","Panacea+1","Backflip","Caltrops+1","Sucker Punch+1","jedi:pocketpoison+1","Blur+1","infinitespire:Gouge+1","Die Die Die+1","Flying Knee+1","Dagger Throw+1","Hallownest:skillKingdomsEdgeMap+1","infinitespire:SevenWalls+1","StuffTheSpire:ReptileScales+1","Outmaneuver+1"],"relics":["Ring of the Snake","Simple Rune","Hallownest:DreamNailRelic","infinitespire:Satchel","Molten Egg 2","Blue Doll","Runic Pyramid","Hallownest:WatcherSealRelic","Ornamental Fan","Golden Egg","hubris:Teleporter","sagemod:Falmels_Amulet","construct:FoamFinger","hubris:Towel","reliquary:Buckler","halation:HeavySnake","infinitespire:WardingShard","Chameleon Ring","reliquary:PrincelyHelmet"],"acts_visited":["Exordium","Hallownest:Greenpath","Hallownest:CityofTears"],"potions_floor_usage":[7,13,21,23,36,50],"damage_taken":[{"damage":0,"enemies":"Hallownest:monsterHuskWarrior","floor":1,"turns":4},{"damage":2,"enemies":"Hallownest:monsterHuskGuard","floor":2,"turns":8},{"damage":0,"enemies":"2_ Uuma","floor":3,"turns":6},{"damage":0,"enemies":"Hallownest:monsterMossCharger","floor":5,"turns":7},{"damage":5,"enemies":"Hallownest:eliteMossKnight","floor":7,"turns":9},{"damage":1,"enemies":"Hallownest:Guard_and_Warrior","floor":11,"turns":5},{"damage":0,"enemies":"Hallownest:monsterFoolEater","floor":12,"turns":4},{"damage":4,"enemies":"Hallownest:eliteCrystalGuardian","floor":13,"turns":5},{"damage":0,"enemies":"Hallownest:2_Tiktiks_1_Baldur_1_Crawlid","floor":14,"turns":4},{"damage":4,"enemies":"Hallownest:BossBrokenVessel","floor":16,"turns":8},{"damage":0,"enemies":"Hallownest:2_Mistakes","floor":18,"turns":3},{"damage":3,"enemies":"conspire:MimicChest","floor":21,"turns":4},{"damage":3,"enemies":"Hallownest:Guard_and_Sentry","floor":22,"turns":6},{"damage":0,"enemies":"Hallownest:Nosk","floor":23,"turns":5},{"damage":1,"enemies":"Hallownest:monsterShrumalOgre","floor":25,"turns":4},{"damage":0,"enemies":"Hallownest:eliteSoulWarrior","floor":28,"turns":7},{"damage":20,"enemies":"Hallownest:BossSoulMaster","floor":33,"turns":6},{"damage":3,"enemies":"Hallownest:2_Littles","floor":35,"turns":6},{"damage":17,"enemies":"Hallownest:3_Siblings","floor":36,"turns":5},{"damage":0,"enemies":"Nightmare","floor":44,"turns":5},{"damage":0,"enemies":"Hallownest:monsterPrimalAspid","floor":47,"turns":3},{"damage":2,"enemies":"Hallownest:BossGreyPrinceZote","floor":50,"turns":7}],"seed_played":"8708801513154850817","potions_obtained":[{"floor":3,"key":"Ancient Potion"},{"floor":5,"key":"blueLaboratory:SavagePotion"},{"floor":12,"key":"blueLaboratory:HorrorPotion"},{"floor":13,"key":"blueLaboratory:SavagePotion"},{"floor":14,"key":"blueLaboratory:Virophage"},{"floor":18,"key":"Reflective Coating"},{"floor":21,"key":"Poison Potion"},{"floor":33,"key":"FearPotion"},{"floor":44,"key":"blueLaboratory:HummingbirdPotion"}],"is_trial":false,"path_per_floor":["M","M","M","?","M","R","E","R","T","R","M","M","E","M","R","B",null,"M","?","$","?","M","E","R","M","T","AVR","E","?","?","R","B",null,"M","M","?","$","?","R","R","T","NM","R","$","M","R","B",null],"character_chosen":"THE_SILENT","items_purchased":["Footwork","Panacea","Backflip"],"campfire_rested":1,"item_purchase_floors":[20,20,20],"current_hp_per_floor":[70,68,68,68,68,68,63,63,63,63,62,62,58,58,58,54,70,70,70,70,67,64,64,64,63,63,63,63,63,48,48,28,70,67,50,50,50,50,50,50,50,50,70,70,70,70,68],"gold":17,"neow_bonus":"RANDOM_COMMON_RELIC","is_daily":false,"chose_seed":false,"campfire_upgraded":9,"win_rate":0.0,"timestamp":1613546555,"path_taken":["M","M","M","?","M","R","E","R","T","R","M","M","E","?","R","BOSS","M","?","$","?","M","E","R","M","T","AVR","E","?","?","R","BOSS","M","?","?","?","?","R","R","T","NM","R","$","?","R","BOSS"],"items_purchased_type":["Card","Card","Card"],"build_version":"2020-12-22","purchased_purges":4,"victory":true,"max_hp_per_floor":[70,70,70,70,70,70,70,70,70,70,70,70,70,70,70,70,70,70,70,70,70,70,70,70,70,70,70,70,70,70,70,70,70,70,70,70,70,70,70,70,70,70,70,70,70,70,70],"card_choices":[{"not_picked":["StuffTheSpire:Injection","Prepared"],"picked":"Deflect","floor":1},{"not_picked":["hubris:SlightOfHand","Finisher"],"picked":"StuffTheSpire:Incantation","floor":2},{"not_picked":["Dodge and Roll","Distraction"],"picked":"Noxious Fumes","floor":3},{"not_picked":["hubris:TrickCloak","Prepared"],"picked":"StuffTheSpire:Shiver","floor":5},{"not_picked":["hubris:SlightOfHand","Endless Agony"],"picked":"conspire:PoisonWeapons","floor":7},{"not_picked":["Atom Bomb+1","StuffTheSpire:ClusterCrunch+1"],"picked":"PiercingWail","floor":11},{"not_picked":["Outmaneuver","StuffTheSpire:Python"],"picked":"jedi:pocketpoison","floor":12},{"not_picked":["Blade Dance","StuffTheSpire:DoubleShiv"],"picked":"Flechettes+1","floor":13},{"not_picked":["StuffTheSpire:Python","Deflect"],"picked":"Dagger Spray+1","floor":14},{"not_picked":["Adrenaline","Poison Darts"],"picked":"Malaise","floor":16},{"not_picked":["Flying Knee+1","Sneak Up+1"],"picked":"Slice+1","floor":18},{"not_picked":["hubris:SlightOfHand","hubris:Counter+1"],"picked":"Caltrops","floor":21},{"not_picked":["Dagger Throw+1","Backflip"],"picked":"Sucker Punch+1","floor":22},{"not_picked":["jedi:brewingpoison","Distraction"],"picked":"jedi:pocketpoison","floor":23},{"not_picked":["jedi:collectorvenom","hubris:SlightOfHand"],"picked":"Blur+1","floor":25},{"not_picked":["jedi:pocketpoison","hubris:Counter+1","Acrobatics"],"picked":"SKIP","floor":28},{"not_picked":["Phantasmal Killer","jedi:studypoison"],"picked":"Die Die Die+1","floor":33},{"not_picked":["Slice+1","Sucker Punch+1"],"picked":"Flying Knee+1","floor":35},{"not_picked":["Flying Knee+1","Acrobatics"],"picked":"Dagger Throw+1","floor":36},{"not_picked":["infinitespire:Gouge","ReplayTheSpireMod:Black Plague"],"picked":"infinitespire:SevenWalls","floor":44},{"not_picked":["hubris:SlightOfHand+1","Dodge and Roll"],"picked":"StuffTheSpire:ReptileScales+1","floor":44},{"not_picked":["StuffTheSpire:ClusterCrunch+1","Blade Dance"],"picked":"Outmaneuver+1","floor":47}],"player_experience":12999,"relics_obtained":[{"floor":7,"key":"infinitespire:Satchel"},{"floor":9,"key":"Molten Egg 2"},{"floor":13,"key":"Blue Doll"},{"floor":21,"key":"Ornamental Fan"},{"floor":23,"key":"Golden Egg"},{"floor":26,"key":"hubris:Teleporter"},{"floor":28,"key":"construct:FoamFinger"},{"floor":43,"key":"Chameleon Ring"},{"floor":44,"key":"reliquary:PrincelyHelmet"}],"event_choices":[],"is_beta":false,"boss_relics":[{"not_picked":["energizedSpire:OgreHead","reliquary:WritOfMandamus"],"picked":"Runic Pyramid"},{"not_picked":["construct:ClawGrip","halation:Risk"],"picked":"halation:HeavySnake"}],"items_purged_floors":[20,27,38,46],"is_endless":false,"potions_floor_spawned":[3,5,12,13,14,18,21,33,44,47],"ascension_level":0}}