{"host":"gyvm9iplrwbfzexe","time":1613531109,"event":{"mods":["BaseMod","Minty Spire (QoL Compilation)","StSLib"],"gold_per_floor":[109,109,109,109,128,128,157,157,157,169,169,202,229,2,2,99,99,110,120,133,148,160,160,160],"floor_reached":23,"language":"ENG","playtime":1001,"items_purged":[],"score":262,"play_id":"204d3e8f-8f63-4a5f-a5f2-94494e7dac85","local_time":"20210216210509","is_ascension_mode":true,"campfire_choices":[{"data":"Cloak And Dagger","floor":6,"key":"SMITH"},{"data":"Dagger Throw","floor":8,"key":"SMITH"},{"data":"Storm of Steel","floor":15,"key":"SMITH"}],"circlet_count":0,"master_deck":["Strike_G","Strike_G","Strike_G","Strike_G+1","Strike_G+1","Defend_G","Defend_G","Defend_G+1","Defend_G+1","Defend_G","Survivor","Neutralize+1","Dagger Throw+1","Cloak And Dagger+1","Acrobatics","Prepared","Storm of Steel+1","Blur","After Image","Well Laid Plans","Reflex","A Thousand Cuts","Cloak And Dagger+1"],"relics":["Ring of the Snake","NeowsBlessing","War Paint","Boot","The Specimen","Kunai","MawBank","Ornamental Fan","Runic Pyramid"],"acts_visited":["Exordium","TheCity"],"potions_floor_usage":[16,16,21,23],"damage_taken":[{"damage":0,"enemies":"Jaw Worm","floor":1,"turns":1},{"damage":0,"enemies":"2 Louse","floor":5,"turns":1},{"damage":0,"enemies":"3 Sentries","floor":7,"turns":1},{"damage":0,"enemies":"Cultist","floor":10,"turns":3},{"damage":15,"enemies":"Gremlin Nob","floor":12,"turns":5},{"damage":3,"enemies":"Blue Slaver","floor":13,"turns":2},{"damage":16,"enemies":"Slime Boss","floor":16,"turns":9},{"damage":0,"enemies":"Chosen","floor":18,"turns":3},{"damage":12,"enemies":"2 Thieves","floor":19,"turns":5},{"damage":7,"enemies":"Snake Plant","floor":20,"turns":6},{"damage":19,"enemies":"Centurion and Healer","floor":21,"turns":5},{"damage":6,"enemies":"3 Cultists","floor":22,"turns":4},{"damage":40,"enemies":"Book of Stabbing","floor":23,"turns":5}],"seed_played":"332965524447720964","potions_obtained":[{"floor":5,"key":"LiquidMemories"},{"floor":7,"key":"Regen Potion"},{"floor":20,"key":"Regen Potion"},{"floor":21,"key":"GhostInAJar"}],"is_trial":false,"path_per_floor":["M","?","?","T","M","R","E","R","T","M","?","E","M","$","R","B",null,"M","M","M","M","M","E"],"character_chosen":"THE_SILENT","items_purchased":["Ornamental Fan"],"campfire_rested":0,"item_purchase_floors":[14],"current_hp_per_floor":[70,58,58,58,58,58,58,58,58,58,44,29,26,26,26,25,70,70,58,51,46,40,0,0],"gold":160,"neow_bonus":"THREE_ENEMY_KILL","is_daily":false,"chose_seed":false,"campfire_upgraded":3,"win_rate":0.0,"timestamp":1613531109,"path_taken":["M","?","?","?","?","R","E","R","T","M","?","E","M","?","R","BOSS","M","?","M","M","M","E"],"items_purchased_type":["Relic"],"build_version":"2020-12-22","purchased_purges":0,"victory":false,"max_hp_per_floor":[70,70,70,70,70,70,70,70,70,70,70,70,70,70,70,70,70,70,70,70,70,70,70,70],"card_choices":[{"not_picked":["Deadly Poison","Slice"],"picked":"Dagger Throw","floor":1},{"not_picked":["Outmaneuver","Catalyst"],"picked":"Cloak And Dagger","floor":5},{"not_picked":["Dagger Spray","Outmaneuver"],"picked":"Acrobatics","floor":7},{"not_picked":["Crippling Poison","Dash"],"picked":"Prepared","floor":10},{"not_picked":["Dagger Throw","Slice"],"picked":"Storm of Steel","floor":12},{"not_picked":["Backflip","Footwork"],"picked":"Blur","floor":13},{"not_picked":["Adrenaline","Venomology"],"picked":"After Image","floor":16},{"not_picked":["Leg Sweep","Sucker Punch"],"picked":"Well Laid Plans","floor":18},{"not_picked":["Distraction","Flying Knee"],"picked":"Reflex","floor":19},{"not_picked":["Bouncing Flask","Backflip+1"],"picked":"A Thousand Cuts","floor":20},{"not_picked":["Acrobatics","Blur"],"picked":"Cloak And Dagger+1","floor":21},{"not_picked":["Dodge and Roll","Poisoned Stab+1","Heel Hook"],"picked":"SKIP","floor":22}],"player_experience":47417,"relics_obtained":[{"floor":4,"key":"Boot"},{"floor":7,"key":"The Specimen"},{"floor":9,"key":"Kunai"},{"floor":12,"key":"MawBank"}],"event_choices":[{"damage_healed":0,"gold_gain":0,"player_choice":"Success","damage_taken":12,"relics_obtained":["War Paint"],"max_hp_gain":0,"max_hp_loss":0,"event_name":"Scrap Ooze","floor":2,"gold_loss":0},{"damage_healed":0,"gold_gain":0,"player_choice":"Grow","damage_taken":0,"max_hp_gain":0,"max_hp_loss":0,"event_name":"Living Wall","floor":3,"gold_loss":0,"cards_upgraded":["Neutralize"]},{"damage_healed":0,"gold_gain":0,"player_choice":"Entered Light","damage_taken":14,"max_hp_gain":0,"max_hp_loss":0,"event_name":"Shining Light","floor":11,"gold_loss":0,"cards_upgraded":["Strike_G","Strike_G"]}],"is_beta":false,"boss_relics":[{"not_picked":["Ectoplasm","Astrolabe"],"picked":"Runic Pyramid"}],"items_purged_floors":[],"is_endless":false,"potions_floor_spawned":[5,7,20,21],"killed_by":"Book of Stabbing","ascension_level":3}}