{"host":"121m0oxswv9tg9hk","time":1613598999,"event":{"mods":["AchievementEnabler","BaseMod","Better Third Choice","Hermit","Hubris","Minty Spire (QoL Compilation)","Replay The Spire","Shade Mod","StSLib","The Cursed","The Hierophant"],"gold_per_floor":[117,117,117,136,151,186,186,217,217,246,246,266,290,290,290,390,390,406,331,347,376,388,423,423,457,484,484,493,493,493,538,538,651,678,698,708,708,930,830,830,867,894,968,1007,763,783,783,806,806,806,806,806,449,442,442],"floor_reached":56,"language":"ENG","playtime":4007,"items_purged":["TheCursedMod:Defend_TheCursed","TheCursedMod:Defend_TheCursed"],"score":2084,"play_id":"83c12421-d8da-4cf3-81fb-d1b3a414b127","local_time":"20210217225639","is_ascension_mode":true,"campfire_choices":[{"floor":7,"key":"REST"},{"data":"TheCursedMod:CleanUpWorkshop","floor":11,"key":"SMITH"},{"floor":15,"key":"REST"},{"data":"TheCursedMod:StingEye","floor":24,"key":"SMITH"},{"data":"TheCursedMod:FleshFromBone","floor":27,"key":"SMITH"},{"data":"TheCursedMod:LuckyCharm","floor":32,"key":"SMITH"},{"floor":40,"key":"RECALL"},{"data":"Deep Breath","floor":47,"key":"SMITH"},{"floor":49,"key":"DIG"},{"data":"hubris:Insight","floor":52,"key":"SMITH"}],"circlet_count":0,"master_deck":["TheCursedMod:Strike_TheCursed","TheCursedMod:Defend_TheCursed","TheCursedMod:Defend_TheCursed","TheCursedMod:CleanUpWorkshop+1","TheCursedMod:Dregs","TheCursedMod:CursedMace","TheCursedMod:LuckyCharm+1","TheCursedMod:SpitefulStrike","TheCursedMod:RapidMovement","TheCursedMod:FleshFromBone+1","TheCursedMod:SpreadPlague","TheCursedMod:VoidForm","TheCursedMod:TacticalStrike+1","TheCursedMod:StingEye+1","TheCursedMod:SoulReap","TheCursedMod:WearCloak+1","Pain","ReplayTheSpireMod:Splinters","TheCursedMod:VoidForm","hubris:Disease","CommonCold","hubris:Despair","TheCursedMod:LuckyCharm+1","hubris:Insight+1","Deep Breath+1","Panacea","TheCursedMod:SmokeScreen+1","Finesse","TheCursedMod:WearCloak","TheCursedMod:WearCloak","TheCursedMod:HellsGateOpen","TheCursedMod:FleshFromBone","TheCursedMod:RapidMovement","TheCursedMod:RapidMovement","TheCursedMod:HellfireBreathing","Apotheosis","TheCursedMod:Obscuration+1"],"relics":["TheCursedMod:BlackMagic101","Bag of Preparation","Oddly Smooth Stone","Replay:Mystery Machine","hubris:OldNail","Juzu Bracelet","Ring of Misfortune","Black Star","Red Mask","Art of War","Replay:Baseball","PreservedInsect","CeramicFish","Bronze Scales","WarpedTongs","hubris:CuriousFeather","Replay:Ancient Bell","hubris:TenFootPole","Pear","Replay:Towering Pillar of Hats","hubris:Icosahedron","TungstenRod","Mirror","hubris:CrystalStatue","hubris:MedicalManual","Bag of Marbles","Snack Pack","Orichalcum"],"acts_visited":["Exordium","TheCity","TheBeyond","TheEnding"],"potions_floor_usage":[8,10,16,16,21,21,25,41,54,55,55],"damage_taken":[{"damage":0,"enemies":"Jaw Worm","floor":1,"turns":3},{"damage":0,"enemies":"2 Louse","floor":4,"turns":2},{"damage":0,"enemies":"Small Slimes","floor":5,"turns":2},{"damage":15,"enemies":"Lagavulin","floor":6,"turns":9},{"damage":17,"enemies":"Replay:BlueRogue","floor":8,"turns":4},{"damage":26,"enemies":"Lagavulin","floor":10,"turns":7},{"damage":0,"enemies":"Exordium Thugs","floor":12,"turns":4},{"damage":0,"enemies":"Slime Boss","floor":16,"turns":13},{"damage":9,"enemies":"2 Thieves","floor":18,"turns":4},{"damage":4,"enemies":"Spheric Guardian","floor":20,"turns":4},{"damage":2,"enemies":"Masked Bandits","floor":21,"turns":6},{"damage":0,"enemies":"Chosen and Byrds","floor":22,"turns":7},{"damage":22,"enemies":"Slavers","floor":23,"turns":10},{"damage":0,"enemies":"Book of Stabbing","floor":25,"turns":6},{"damage":0,"enemies":"Champ","floor":33,"turns":6},{"damage":0,"enemies":"3 Darklings","floor":35,"turns":4},{"damage":0,"enemies":"3 Shapes","floor":36,"turns":5},{"damage":0,"enemies":"R_Hoarder","floor":41,"turns":5},{"damage":0,"enemies":"Reptomancer","floor":44,"turns":7},{"damage":0,"enemies":"Transient","floor":46,"turns":5},{"damage":6,"enemies":"Writhing Mass","floor":48,"turns":4},{"damage":0,"enemies":"hubris:GrandSnecko","floor":50,"turns":4},{"damage":0,"enemies":"Shield and Spear","floor":54,"turns":3},{"damage":9,"enemies":"The Heart","floor":55,"turns":8}],"seed_played":"3221741516510211501","potions_obtained":[{"floor":4,"key":"EntropicBrew"},{"floor":6,"key":"FearPotion"},{"floor":8,"key":"Weak Potion"},{"floor":16,"key":"Dexterity Potion"},{"floor":18,"key":"TheCursedMod:DregsPotion"},{"floor":23,"key":"Regen Potion"},{"floor":25,"key":"Strength Potion"},{"floor":33,"key":"Strength Potion"},{"floor":35,"key":"Toxic Potion"},{"floor":44,"key":"Strength Potion"},{"floor":48,"key":"Venom Potion"}],"is_trial":false,"path_per_floor":["M","?","?","M","M","E","R","E","T","E","R","M","T","?","R","B",null,"M","?","M","?","M","E","R","E","T","R","?","?","?","?","R","B",null,"M","M","?","?","NS","R","E","?","T","E","$","M","R","M","R","B",null,"R","$","E","B",null],"character_chosen":"THE_CURSED","items_purchased":["Finesse","TheCursedMod:WearCloak","TheCursedMod:HellsGateOpen","TheCursedMod:RapidMovement","TheCursedMod:HellfireBreathing","Apotheosis"],"campfire_rested":2,"item_purchase_floors":[45,45,45,53,53,53],"current_hp_per_floor":[68,61,61,61,61,46,68,51,51,25,25,25,25,25,47,47,68,59,59,55,53,53,37,37,59,59,59,59,59,59,59,59,75,85,85,85,85,85,85,85,85,81,81,81,81,85,85,79,79,85,85,85,85,85,76],"gold":442,"neow_bonus":"UPGRADE_CARD","is_daily":false,"chose_seed":false,"campfire_upgraded":6,"win_rate":0.0,"timestamp":1613598999,"path_taken":["M","?","?","M","M","E","R","E","T","E","R","M","?","?","R","BOSS","M","?","M","?","M","E","R","E","T","R","?","?","?","?","R","BOSS","M","M","?","?","NS","R","E","?","T","E","$","M","R","M","R","BOSS","R","$","E","BOSS"],"items_purchased_type":["Card","Card","Card","Card","Card","Card"],"build_version":"2020-12-22","purchased_purges":2,"victory":true,"max_hp_per_floor":[75,75,75,75,75,75,75,75,75,75,75,75,75,75,75,75,75,75,75,75,75,75,75,75,75,75,75,75,75,75,75,75,75,85,85,85,85,85,85,85,85,85,85,85,85,85,85,85,85,85,85,85,85,85,85],"card_choices":[{"not_picked":["TheCursedMod:FleshFromBone","TheCursedMod:Obscuration"],"picked":"TheCursedMod:TacticalStrike","floor":1},{"not_picked":["TheCursedMod:Evocation","TheCursedMod:SaltUponWound"],"picked":"TheCursedMod:CursedMace","floor":4},{"not_picked":["TheCursedMod:AbyssShockwave","TheCursedMod:ReleasedKnowledge"],"picked":"TheCursedMod:LuckyCharm","floor":5},{"not_picked":["TheCursedMod:Stigma","TheCursedMod:CursedBoomerang"],"picked":"TheCursedMod:SpitefulStrike","floor":6},{"not_picked":["TheCursedMod:HellsGateOpen","TheCursedMod:ParallelWorld"],"picked":"TheCursedMod:RapidMovement","floor":8},{"not_picked":["TheCursedMod:CircleOfFlame","TheCursedMod:SoulCrush"],"picked":"TheCursedMod:FleshFromBone","floor":10},{"not_picked":["TheCursedMod:AshesToAshes","TheCursedMod:FuryStrike"],"picked":"TheCursedMod:SpreadPlague","floor":12},{"not_picked":["TheCursedMod:ShockAndAwe","TheCursedMod:OutForBlood"],"picked":"TheCursedMod:VoidForm","floor":16},{"not_picked":["TheCursedMod:CircleOfFlame","TheCursedMod:SpitefulPray"],"picked":"TheCursedMod:TacticalStrike+1","floor":18},{"not_picked":["TheCursedMod:CursedMace","TheCursedMod:HellsGateOpen+1","TheCursedMod:FleshFromBone"],"picked":"SKIP","floor":20},{"not_picked":["TheCursedMod:SurpriseAttack","TheCursedMod:CursedMace"],"picked":"TheCursedMod:StingEye","floor":21},{"not_picked":["TheCursedMod:Wield","TheCursedMod:SpitefulStrike"],"picked":"TheCursedMod:SoulReap","floor":22},{"not_picked":["TheCursedMod:CircleOfCorruption+1","TheCursedMod:Obscuration","TheCursedMod:UltimatePain"],"picked":"SKIP","floor":23},{"not_picked":["TheCursedMod:RapidMovement+1","TheCursedMod:Grudge+1"],"picked":"TheCursedMod:WearCloak+1","floor":25},{"not_picked":["TheCursedMod:CircleOfAbyss","TheCursedMod:DemonSword"],"picked":"TheCursedMod:VoidForm","floor":33},{"not_picked":["Replay:Hysterical Blindness","hubris:Lust"],"picked":"hubris:Disease","floor":34},{"not_picked":["ReplayTheSpireMod:Doomed","hubris:Compulsion"],"picked":"CommonCold","floor":34},{"not_picked":["hubris:Lust","Hallucinations"],"picked":"hubris:Despair","floor":34},{"not_picked":["TheCursedMod:Mangle","TheCursedMod:CircleOfBlood","TheCursedMod:Wield"],"picked":"SKIP","floor":35},{"not_picked":["TheCursedMod:CursedAmulet+1","TheCursedMod:CursedShiv+1","TheCursedMod:CircleOfFlame+1"],"picked":"SKIP","floor":36},{"not_picked":["TheCursedMod:Mangle","TheCursedMod:CursedSpellbook"],"picked":"TheCursedMod:LuckyCharm+1","floor":41},{"not_picked":["Jack Of All Trades","Discovery"],"picked":"hubris:Insight","floor":42},{"not_picked":["Transmutation","HandOfGreed"],"picked":"Deep Breath","floor":42},{"not_picked":["Replay:Parry","Transmutation"],"picked":"Panacea","floor":42},{"not_picked":["TheCursedMod:SaltUponWound","TheCursedMod:BlessingInDisguise+1"],"picked":"TheCursedMod:SmokeScreen+1","floor":44},{"not_picked":["TheCursedMod:DoubleShield","TheCursedMod:SaltUponWound","TheCursedMod:HellsGateOpen"],"picked":"SKIP","floor":46},{"not_picked":["TheCursedMod:ManaBullet","TheCursedMod:ReleasedKnowledge"],"picked":"TheCursedMod:FleshFromBone","floor":48},{"not_picked":["TheCursedMod:Stigma","TheCursedMod:Wield"],"picked":"TheCursedMod:Obscuration+1","floor":54}],"player_experience":2430002,"relics_obtained":[{"floor":6,"key":"Bag of Preparation"},{"floor":8,"key":"Oddly Smooth Stone"},{"floor":9,"key":"Replay:Mystery Machine"},{"floor":10,"key":"hubris:OldNail"},{"floor":13,"key":"Juzu Bracelet"},{"floor":14,"key":"Ring of Misfortune"},{"floor":21,"key":"Red Mask"},{"floor":23,"key":"Art of War"},{"floor":23,"key":"Replay:Baseball"},{"floor":25,"key":"PreservedInsect"},{"floor":25,"key":"CeramicFish"},{"floor":26,"key":"Bronze Scales"},{"floor":31,"key":"hubris:CuriousFeather"},{"floor":41,"key":"TungstenRod"},{"floor":41,"key":"Mirror"},{"floor":44,"key":"hubris:CrystalStatue"},{"floor":44,"key":"hubris:MedicalManual"},{"floor":49,"key":"Bag of Marbles"},{"floor":54,"key":"Snack Pack"},{"floor":54,"key":"Orichalcum"}],"event_choices":[{"cards_removed":["TheCursedMod:Strike_TheCursed"],"damage_healed":0,"gold_gain":0,"player_choice":"Card Removal","damage_taken":7,"max_hp_gain":0,"max_hp_loss":0,"event_name":"Golden Wing","floor":2,"gold_loss":0},{"damage_healed":0,"gold_gain":0,"player_choice":"Grow","damage_taken":0,"max_hp_gain":0,"max_hp_loss":0,"event_name":"Living Wall","floor":3,"gold_loss":0,"cards_upgraded":["TheCursedMod:TacticalStrike"]},{"cards_removed":["TheCursedMod:Strike_TheCursed"],"damage_healed":0,"gold_gain":0,"player_choice":"Gave Gold","damage_taken":0,"max_hp_gain":0,"max_hp_loss":0,"event_name":"Beggar","floor":19,"gold_loss":75},{"damage_healed":0,"gold_gain":0,"player_choice":"Fought Bandits","damage_taken":0,"max_hp_gain":0,"max_hp_loss":0,"event_name":"Masked Bandits","floor":21,"gold_loss":0},{"damage_healed":0,"gold_gain":0,"player_choice":"Rummage","damage_taken":0,"relics_obtained":["WarpedTongs"],"max_hp_gain":0,"max_hp_loss":0,"event_name":"Accursed Blacksmith","floor":28,"gold_loss":0,"cards_obtained":["Pain"]},{"damage_healed":0,"gold_gain":0,"player_choice":"Ignored","damage_taken":0,"max_hp_gain":0,"max_hp_loss":0,"event_name":"Vampires","floor":29,"gold_loss":0},{"cards_removed":["TheCursedMod:Strike_TheCursed"],"damage_healed":0,"gold_gain":0,"player_choice":"Purged","damage_taken":0,"max_hp_gain":0,"max_hp_loss":0,"event_name":"Purifier","floor":30,"gold_loss":0},{"damage_healed":0,"gold_gain":222,"player_choice":"Wore Mask","damage_taken":0,"max_hp_gain":0,"max_hp_loss":0,"event_name":"Tomb of Lord Red Mask","floor":38,"gold_loss":0},{"damage_healed":0,"gold_gain":0,"player_choice":"Memory 3","damage_taken":10,"max_hp_gain":0,"max_hp_loss":0,"event_name":"SensoryStone","floor":42,"gold_loss":0}],"is_beta":false,"boss_relics":[{"not_picked":["hubris:BlackHole","Replay:Bronze Core"],"picked":"Black Star"},{"not_picked":["hubris:GrandSneckoEye","Runic Dome"],"picked":"Replay:Ancient Bell"},{"not_picked":["War Paint","Boot"],"picked":"hubris:TenFootPole"},{"not_picked":["TheCursedMod:DemonicMark","Darkstone Periapt"],"picked":"Pear"},{"not_picked":["hubris:FunFungus","Replay:Kaleidoscope"],"picked":"Replay:Towering Pillar of Hats"}],"items_purged_floors":[45,53],"is_endless":false,"potions_floor_spawned":[4,6,8,16,18,23,25,33,35,44,48],"ascension_level":6}}