{"host":"yn1175etg9ni8l0q","time":1613546892,"event":{"mods":["AchievementEnabler","BaseMod","Colored Map","Colored Powertips","DeckTracker","Minty Spire (QoL Compilation)","Rare Cards Sparkle","Relic Stats","SuperFastMode","everything is the same but u backflip on backflip"],"gold_per_floor":[11,11,61,81,6,6,25,51,51,80,80,114,131,151,151,228,228,238,238,238,250,82,109,123,135,161,173,185,197,49,66,66,142,142,154,154,165,190,190,190],"floor_reached":39,"language":"KOR","playtime":896,"items_purged":["Strike_R","Strike_R"],"score":733,"play_id":"cfd5a41c-90a1-44da-9100-7b07f3765ed5","local_time":"20210217162812","is_ascension_mode":true,"campfire_choices":[{"data":"Carnage","floor":6.0,"key":"SMITH"},{"data":"Whirlwind","floor":11.0,"key":"SMITH"},{"data":"Fire Breathing","floor":15.0,"key":"SMITH"},{"floor":28,"key":"REST"},{"floor":32,"key":"REST"}],"circlet_count":0,"master_deck":["AscendersBane","Strike_R+1","Defend_R","Defend_R","Defend_R","Bash","Fire Breathing+1","Clash+1","Carnage+1","Wild Strike","Whirlwind+1","Second Wind","Impervious","RitualDagger","Corruption","Dark Embrace","Feel No Pain","Barricade","Shrug It Off","Immolate","Shrug It Off","Disarm+1"],"relics":["Burning Blood","Question Card","MealTicket","Gremlin Horn","Whetstone","Mark of Pain","Ice Cream","MawBank","Runic Cube","Charon\u0027s Ashes"],"acts_visited":["Exordium","TheCity","TheBeyond"],"potions_floor_usage":[24,33,39,39],"damage_taken":[{"damage":4.0,"enemies":"2 Louse","floor":1.0,"turns":4.0},{"damage":7.0,"enemies":"Jaw Worm","floor":4.0,"turns":2.0},{"damage":0.0,"enemies":"Cultist","floor":7.0,"turns":3.0},{"damage":8.0,"enemies":"Gremlin Nob","floor":8.0,"turns":3.0},{"damage":20.0,"enemies":"3 Sentries","floor":10.0,"turns":4.0},{"damage":16.0,"enemies":"Gremlin Nob","floor":12.0,"turns":3.0},{"damage":0.0,"enemies":"Large Slime","floor":13.0,"turns":3.0},{"damage":1.0,"enemies":"3 Louse","floor":14.0,"turns":2.0},{"damage":13.0,"enemies":"Slime Boss","floor":16.0,"turns":5.0},{"damage":7.0,"enemies":"Chosen","floor":18.0,"turns":4.0},{"damage":7.0,"enemies":"3 Byrds","floor":21.0,"turns":3.0},{"damage":62.0,"enemies":"Book of Stabbing","floor":23.0,"turns":6.0},{"damage":13,"enemies":"Centurion and Healer","floor":24,"turns":4},{"damage":10,"enemies":"3 Cultists","floor":25,"turns":4},{"damage":21,"enemies":"Chosen and Byrds","floor":31,"turns":5},{"damage":48,"enemies":"Automaton","floor":33,"turns":11},{"damage":15,"enemies":"Orb Walker","floor":35,"turns":4},{"damage":26,"enemies":"3 Darklings","floor":37,"turns":4},{"damage":6,"enemies":"Mind Bloom Boss Battle","floor":38,"turns":9},{"damage":71,"enemies":"Transient","floor":39,"turns":5}],"seed_played":"4547022297429890411","potions_obtained":[{"floor":7.0,"key":"Dexterity Potion"},{"floor":10.0,"key":"SpeedPotion"},{"floor":16.0,"key":"DuplicationPotion"},{"floor":25,"key":"BloodPotion"},{"floor":33,"key":"SkillPotion"}],"is_trial":false,"path_per_floor":["M","?","?","M","$","R","M","E","T","E","R","E","M","M","R","B",null,"M","?","?","M","$","E","M","M","T","?","R","?","$","M","R","B",null,"M","?","M","?","M"],"character_chosen":"IRONCLAD","items_purchased":["Feel No Pain","Immolate"],"campfire_rested":2,"item_purchase_floors":[22,30],"current_hp_per_floor":[70,70,70,69,69,69,75,73,73,59,59,49,55,60,60,53,70,69,63,63,62,75,19,12,8,8,8,30,30,45,30,52,10,59,50,50,30,30,0,0],"gold":190,"neow_bonus":"REMOVE_TWO","is_daily":false,"chose_seed":false,"campfire_upgraded":3,"win_rate":0.0,"timestamp":1613546892,"path_taken":["M","?","?","M","$","R","M","E","T","E","R","E","M","?","R","BOSS","M","?","?","M","$","E","M","?","T","?","R","?","?","M","R","BOSS","M","?","M","?","M"],"items_purchased_type":["Card","Card"],"build_version":"2020-12-22","purchased_purges":2,"victory":false,"max_hp_per_floor":[75,75,75,75,75,75,75,75,75,75,75,75,75,75,75,75,75,75,75,75,75,75,75,75,75,75,75,75,75,75,75,75,75,75,75,75,75,75,75,75],"relic_stats":{"Gremlin Horn":[12,12],"counters":[20,88],"MealTicket":28,"Charon\u0027s Ashes":[12],"Whetstone":["Clash","Strike_R"],"Question Card":15,"MawBank":48,"obtain_stats":[{"Ice Cream":23,"Gremlin Horn":10,"MealTicket":9,"Mark of Pain":17,"Charon\u0027s Ashes":38,"Whetstone":12,"Question Card":8,"MawBank":26,"Burning Blood":0,"Runic Cube":34},{"Ice Cream":12,"Gremlin Horn":5,"MealTicket":4,"Mark of Pain":9,"Charon\u0027s Ashes":19,"Whetstone":6,"Question Card":4,"MawBank":14,"Burning Blood":0,"Runic Cube":16},{"Ice Cream":42,"Gremlin Horn":16,"MealTicket":12,"Mark of Pain":29,"Charon\u0027s Ashes":83,"Whetstone":19,"Question Card":12,"MawBank":50,"Burning Blood":0,"Runic Cube":66}],"Burning Blood":114,"Runic Cube":[11]},"card_choices":[{"not_picked":["Cleave","Armaments"],"picked":"Fire Breathing","floor":1.0},{"not_picked":["Twin Strike","Heavy Blade"],"picked":"Carnage","floor":4.0},{"not_picked":["True Grit","Anger"],"picked":"Wild Strike","floor":7.0},{"not_picked":["Thunderclap","Corruption","Spot Weakness"],"picked":"SKIP","floor":8.0},{"not_picked":["Burning Pact","Dual Wield","Limit Break"],"picked":"Whirlwind","floor":10.0},{"not_picked":["Clash","Armaments","Whirlwind","Havoc"],"picked":"SKIP","floor":12.0},{"not_picked":["Seeing Red","Warcry","Sword Boomerang","Pommel Strike"],"picked":"SKIP","floor":13.0},{"not_picked":["Clothesline","Entrench","Rage"],"picked":"Second Wind","floor":14.0},{"not_picked":["Juggernaut","Limit Break","Reaper"],"picked":"Impervious","floor":16.0},{"not_picked":["Perfected Strike","Headbutt","Armaments","Iron Wave+1"],"picked":"SKIP","floor":18.0},{"not_picked":["Seeing Red","Cleave+1","Havoc"],"picked":"Dark Embrace","floor":21.0},{"not_picked":["Heavy Blade","Iron Wave","Body Slam"],"picked":"Barricade","floor":23.0},{"not_picked":["Infernal Blade","Dark Embrace+1","Warcry","Uppercut"],"picked":"SKIP","floor":24},{"not_picked":["Inflame","Infernal Blade","Dual Wield"],"picked":"Shrug It Off","floor":25},{"not_picked":["Rampage","Sword Boomerang","True Grit","Iron Wave"],"picked":"SKIP","floor":31},{"not_picked":["Armaments","Pummel+1","Sever Soul"],"picked":"Shrug It Off","floor":35},{"not_picked":["Cleave","Twin Strike","Rage+1","Pommel Strike+1"],"picked":"SKIP","floor":37},{"not_picked":["Clothesline","Entrench","Anger+1"],"picked":"Disarm+1","floor":38}],"player_experience":390841,"relics_obtained":[{"floor":8.0,"key":"Question Card"},{"floor":9.0,"key":"MealTicket"},{"floor":10.0,"key":"Gremlin Horn"},{"floor":12.0,"key":"Whetstone"},{"floor":23.0,"key":"Ice Cream"},{"floor":26,"key":"MawBank"},{"floor":38,"key":"Charon\u0027s Ashes"}],"event_choices":[{"damage_healed":0.0,"max_hp_gain":0.0,"max_hp_loss":0.0,"gold_gain":0.0,"cards_transformed":["Strike_R"],"event_name":"Living Wall","player_choice":"Change","floor":2.0,"gold_loss":0.0,"damage_taken":0.0,"cards_obtained":["Clash"]},{"damage_healed":0.0,"max_hp_gain":0.0,"max_hp_loss":0.0,"gold_gain":50.0,"event_name":"Golden Shrine","player_choice":"Pray","floor":3.0,"gold_loss":0.0,"damage_taken":0.0},{"damage_healed":0.0,"max_hp_gain":0.0,"max_hp_loss":0.0,"gold_gain":0.0,"event_name":"Nest","player_choice":"Joined the Cult","floor":19.0,"gold_loss":0.0,"damage_taken":6.0,"cards_obtained":["RitualDagger"]},{"damage_healed":0.0,"max_hp_gain":0.0,"max_hp_loss":0.0,"gold_gain":0.0,"event_name":"Match and Keep!","player_choice":"1 cards matched","floor":20.0,"gold_loss":0.0,"damage_taken":0.0,"cards_obtained":["Corruption"]},{"damage_healed":0,"gold_gain":0,"player_choice":"Ignored","damage_taken":0,"max_hp_gain":0,"max_hp_loss":0,"event_name":"Cursed Tome","floor":27,"gold_loss":0},{"damage_healed":0,"gold_gain":0,"player_choice":"Ignored","damage_taken":0,"max_hp_gain":0,"max_hp_loss":0,"event_name":"Vampires","floor":29,"gold_loss":0},{"damage_healed":0,"gold_gain":0,"player_choice":"Ignored","damage_taken":0,"max_hp_gain":0,"max_hp_loss":0,"event_name":"Tomb of Lord Red Mask","floor":36,"gold_loss":0},{"damage_healed":0,"gold_gain":0,"player_choice":"Fight","damage_taken":0,"max_hp_gain":0,"max_hp_loss":0,"event_name":"MindBloom","floor":38,"gold_loss":0}],"is_beta":false,"boss_relics":[{"not_picked":["Snecko Eye","Tiny House"],"picked":"Mark of Pain"},{"not_picked":["Cursed Key","Busted Crown"],"picked":"Runic Cube"}],"items_purged_floors":[5,22],"is_endless":false,"potions_floor_spawned":[7,10,14,16,18,23,25,33],"killed_by":"Transient","ascension_level":15}}