{"host":"7rmsgc3rayi00cdt","time":1613587417,"event":{"mods":["BaseMod","Minty Spire (QoL Compilation)"],"gold_per_floor":[110,185,185,198,210,210,244,244,244,229,247,267,298,309,309,413,413,427,352,352,352,371,399,424,424,499,527,527,538,165,178,178,278,278,290,290,306,216,231,264,274,28,28,37,37,62,62,62,62,62,62],"floor_reached":50,"language":"ENG","playtime":2771,"items_purged":["Pain"],"score":853,"play_id":"100d9ad3-fcad-4a5b-930e-ffd9533073b2","local_time":"20210217184337","is_ascension_mode":true,"campfire_choices":[{"floor":6,"key":"REST"},{"floor":8,"key":"REST"},{"floor":15,"key":"REST"},{"floor":25,"key":"REST"},{"floor":28,"key":"REST"},{"floor":32,"key":"REST"},{"floor":47,"key":"REST"},{"floor":49,"key":"REST"}],"circlet_count":0,"master_deck":["AscendersBane","Strike_P","Strike_P","Strike_P","Strike_P","Defend_P","Defend_P","Defend_P","Defend_P","Eruption","Vigilance","TalkToTheHand","FollowUp","SandsOfTime","SashWhip","LikeWater","FlurryOfBlows","FearNoEvil","TalkToTheHand","Establishment","FlyingSleeves","Evaluate","Swivel+1","Fasting2","Judgement","DeceiveReality+1","ClearTheMind+1","Finesse","JustLucky+1","Protect+1","Violence"],"relics":["HolyWater","WarpedTongs","Yang","Gremlin Horn","Dead Branch","Lantern","Omamori","Darkstone Periapt","PreservedInsect","ClockworkSouvenir","Nunchaku","VioletLotus","Peace Pipe","Mercury Hourglass","CeramicFish","Toy Ornithopter"],"acts_visited":["Exordium","TheCity","TheBeyond"],"potions_floor_usage":[13,22,27,33,41],"damage_taken":[{"damage":17,"enemies":"Jaw Worm","floor":1,"turns":6},{"damage":14,"enemies":"2 Louse","floor":4,"turns":3},{"damage":2,"enemies":"Cultist","floor":5,"turns":2},{"damage":21,"enemies":"Lagavulin","floor":7,"turns":5},{"damage":1,"enemies":"Exordium Thugs","floor":10,"turns":4},{"damage":9,"enemies":"Looter","floor":11,"turns":4},{"damage":6,"enemies":"Blue Slaver","floor":12,"turns":5},{"damage":10,"enemies":"3 Sentries","floor":13,"turns":8},{"damage":9,"enemies":"Exordium Thugs","floor":14,"turns":3},{"damage":10,"enemies":"Hexaghost","floor":16,"turns":10},{"damage":1,"enemies":"Shell Parasite","floor":18,"turns":2},{"damage":1,"enemies":"2 Thieves","floor":22,"turns":3},{"damage":25,"enemies":"Gremlin Leader","floor":23,"turns":7},{"damage":23,"enemies":"Slavers","floor":27,"turns":6},{"damage":0,"enemies":"3 Cultists","floor":29,"turns":6},{"damage":21,"enemies":"Centurion and Healer","floor":31,"turns":5},{"damage":11,"enemies":"Champ","floor":33,"turns":12},{"damage":5,"enemies":"Orb Walker","floor":35,"turns":5},{"damage":3,"enemies":"3 Darklings","floor":37,"turns":7},{"damage":5,"enemies":"Sphere and 2 Shapes","floor":39,"turns":6},{"damage":20,"enemies":"Reptomancer","floor":40,"turns":7},{"damage":1,"enemies":"Maw","floor":41,"turns":9},{"damage":19,"enemies":"Giant Head","floor":46,"turns":9},{"damage":84,"enemies":"Time Eater","floor":50,"turns":6}],"seed_played":"-533073582286542669","potions_obtained":[{"floor":1,"key":"SkillPotion"},{"floor":4,"key":"FairyPotion"},{"floor":14,"key":"SteroidPotion"},{"floor":18,"key":"CultistPotion"},{"floor":22,"key":"StancePotion"},{"floor":29,"key":"LiquidBronze"},{"floor":36,"key":"AttackPotion"},{"floor":39,"key":"Fire Potion"}],"is_trial":false,"path_per_floor":["M","?","?","M","M","R","E","R","T","M","M","M","E","M","R","B",null,"M","$","?","?","M","E","T","R","T","E","R","M","$","M","R","B",null,"M","?","M","$","M","E","M","$","T","?","?","E","R","$","R","B"],"character_chosen":"WATCHER","items_purchased":["ClockworkSouvenir","Fasting2","Nunchaku","Finesse","Mercury Hourglass"],"campfire_rested":8,"item_purchase_floors":[30,30,30,38,42],"current_hp_per_floor":[55,44,44,30,28,51,30,53,53,52,43,37,27,18,41,31,67,66,66,66,51,50,25,25,50,50,27,52,52,52,31,56,45,74,69,69,66,66,61,41,40,40,40,40,61,42,67,67,84,0,0],"gold":62,"neow_bonus":"TEN_PERCENT_HP_BONUS","is_daily":false,"chose_seed":false,"campfire_upgraded":0,"win_rate":0.0,"timestamp":1613587417,"path_taken":["M","?","?","M","M","R","E","R","T","M","?","M","E","M","R","BOSS","M","$","?","?","M","E","?","R","T","E","R","M","$","?","R","BOSS","M","?","M","$","?","E","M","$","T","?","?","E","R","$","R","BOSS"],"items_purchased_type":["Relic","Card","Relic","Card","Relic"],"build_version":"2020-12-22","purchased_purges":1,"victory":false,"max_hp_per_floor":[79,79,79,79,79,79,79,79,79,79,79,79,79,79,79,79,79,79,79,79,84,84,84,84,84,84,84,84,84,84,84,84,84,84,84,84,84,84,84,84,84,84,84,84,84,84,84,84,84,84,84],"card_choices":[{"not_picked":["EmptyMind","FlurryOfBlows"],"picked":"TalkToTheHand","floor":1},{"not_picked":["EmptyBody","Protect"],"picked":"FollowUp","floor":4},{"not_picked":["Collect","Indignation"],"picked":"SandsOfTime","floor":5},{"not_picked":["Vault","Crescendo"],"picked":"SashWhip","floor":7},{"not_picked":["SashWhip","Prostrate"],"picked":"LikeWater","floor":10},{"not_picked":["WreathOfFlame","Collect","PathToVictory"],"picked":"SKIP","floor":11},{"not_picked":["JustLucky","EmptyFist"],"picked":"FlurryOfBlows","floor":12},{"not_picked":["Wireheading","Evaluate"],"picked":"FearNoEvil","floor":13},{"not_picked":["Protect","EmptyMind"],"picked":"TalkToTheHand","floor":14},{"not_picked":["Blasphemy","MasterReality"],"picked":"Establishment","floor":16},{"not_picked":["EmptyFist+1","DeceiveReality"],"picked":"FlyingSleeves","floor":18},{"not_picked":["CutThroughFate","Vengeance"],"picked":"Evaluate","floor":22},{"not_picked":["Vault","Crescendo+1"],"picked":"Swivel+1","floor":23},{"not_picked":["EmptyFist+1","EmptyBody","Halt"],"picked":"SKIP","floor":27},{"not_picked":["ThirdEye","Wallop","CutThroughFate"],"picked":"SKIP","floor":29},{"not_picked":["SashWhip","PathToVictory","Pray"],"picked":"SKIP","floor":31},{"not_picked":["Wish","Brilliance"],"picked":"Judgement","floor":33},{"not_picked":["MentalFortress+1","CutThroughFate+1"],"picked":"DeceiveReality+1","floor":35},{"not_picked":["FollowUp","Conclude+1"],"picked":"ClearTheMind+1","floor":37},{"not_picked":["Tantrum+1","Halt+1"],"picked":"JustLucky+1","floor":39},{"not_picked":["BowlingBash","InnerPeace+1","Tantrum"],"picked":"SKIP","floor":40},{"not_picked":["CrushJoints","DeceiveReality+1"],"picked":"Protect+1","floor":41},{"not_picked":["Forethought","Dramatic Entrance"],"picked":"Violence","floor":44},{"not_picked":["Scrawl","Wireheading","FlyingSleeves"],"picked":"SKIP","floor":46}],"player_experience":821178,"relics_obtained":[{"floor":7,"key":"Yang"},{"floor":9,"key":"Gremlin Horn"},{"floor":13,"key":"Dead Branch"},{"floor":23,"key":"Lantern"},{"floor":24,"key":"Omamori"},{"floor":26,"key":"Darkstone Periapt"},{"floor":27,"key":"PreservedInsect"},{"floor":40,"key":"Peace Pipe"},{"floor":43,"key":"CeramicFish"},{"floor":46,"key":"Toy Ornithopter"}],"event_choices":[{"damage_healed":0,"gold_gain":75,"player_choice":"Gather Gold","damage_taken":11,"max_hp_gain":0,"max_hp_loss":0,"event_name":"World of Goop","floor":2,"gold_loss":0},{"damage_healed":0,"gold_gain":0,"player_choice":"Rummage","damage_taken":0,"relics_obtained":["WarpedTongs"],"max_hp_gain":0,"max_hp_loss":0,"event_name":"Accursed Blacksmith","floor":3,"gold_loss":0,"cards_obtained":["Pain"]},{"damage_healed":0,"gold_gain":0,"player_choice":"Ignored","damage_taken":0,"max_hp_gain":0,"max_hp_loss":0,"event_name":"Ghosts","floor":20,"gold_loss":0},{"damage_healed":0,"gold_gain":0,"player_choice":"Shed Blood","damage_taken":20,"max_hp_gain":5,"max_hp_loss":0,"event_name":"Forgotten Altar","floor":21,"gold_loss":0},{"damage_healed":0,"gold_gain":0,"player_choice":"Got Potions","damage_taken":0,"max_hp_gain":0,"max_hp_loss":0,"event_name":"Lab","floor":36,"gold_loss":0},{"damage_healed":0,"gold_gain":0,"player_choice":"Memory 1","damage_taken":0,"max_hp_gain":0,"max_hp_loss":0,"event_name":"SensoryStone","floor":44,"gold_loss":0},{"damage_healed":21,"gold_gain":0,"player_choice":"Writhe","damage_taken":0,"max_hp_gain":0,"max_hp_loss":0,"event_name":"Winding Halls","floor":45,"gold_loss":0,"cards_obtained":["Writhe"]}],"is_beta":false,"boss_relics":[{"not_picked":["Cursed Key","Astrolabe"],"picked":"HolyWater"},{"not_picked":["Busted Crown","Snecko Eye"],"picked":"VioletLotus"}],"items_purged_floors":[19],"is_endless":false,"potions_floor_spawned":[1,4,7,14,18,22,29,39],"killed_by":"Time Eater","ascension_level":11}}