{"host":"hd6x97p58c0rxspr","time":1613587303,"event":{"mods":["AchievementEnabler","Aspiration","Bard","BaseMod","Better Note","Better Skull","BetterRewards","Colored Powertips","Conspire","Downfall","Energized Spire","Halation","Hermit","Hubris","Infinite Spire","Jorbs\u0027s Wanderer Trilogy","Marisa????????","Marked Mod","Minty Spire (QoL Compilation)","Permanent Neow","Replay The Spire","Shop Mod","Spicy Shops","StSLib","The Animator","The Blue Laboratory","The Cursed","The Hierophant","The Runesmith","Wandering Minibosses"],"gold_per_floor":[110,123,123,141,141,180,180,180,205,219,219,219,219,244,244,374,374,404,364,396,456,495,495,525,561,561,561,561,561],"floor_reached":28,"language":"ENG","playtime":1788,"items_purged":[],"score":222,"play_id":"04925f54-6127-4b06-8251-326940488051","local_time":"20210217124143","is_ascension_mode":false,"campfire_choices":[{"floor":8,"key":"REST"},{"floor":15,"key":"REST"},{"floor":23,"key":"REST"}],"circlet_count":0,"master_deck":["hermit:Strike_Hermit","hermit:Strike_Hermit","hermit:Strike_Hermit","hermit:Strike_Hermit","hermit:Defend_Hermit","hermit:Defend_Hermit","hermit:Defend_Hermit","hermit:Snapshot","hermit:Covet","hermit:ShadowCloak","hermit:WideOpen","Injury","hermit:Determination","hermit:Vantage+1","hermit:Desperado","hermit:HoleUp","hermit:DeadOrAlive","hermit:HoleUp","hermit:Glare","hermit:Shortfuse","Heavy Blade","hermit:LowProfile","hermit:Combo","hermit:FatalDesire"],"relics":["conspire:SlowCooker","Golden Idol","halation:EternalFortune","hubris:GlazedTorus","hubris:DisguiseKit","Replay:Baseball","halation:PinkSoulGem","Philosopher\u0027s Stone","halation:WeightlessCrab"],"acts_visited":["Exordium","TheCity"],"potions_floor_usage":[4,16,20,20,21,24],"damage_taken":[{"damage":8,"enemies":"Jaw Worm","floor":1,"turns":4},{"damage":11,"enemies":"2 Louse","floor":2,"turns":3},{"damage":3,"enemies":"Small Slimes","floor":4,"turns":3},{"damage":48,"enemies":"3 Sentries","floor":6,"turns":13},{"damage":4,"enemies":"2 Fungi Beasts","floor":10,"turns":4},{"damage":4,"enemies":"Blue Slaver","floor":14,"turns":4},{"damage":21,"enemies":"Hexaghost","floor":16,"turns":9},{"damage":25,"enemies":"Spheric Guardian","floor":18,"turns":4},{"damage":0,"enemies":"Chosen","floor":20,"turns":5},{"damage":35,"enemies":"Snake Plant","floor":21,"turns":7},{"damage":17,"enemies":"conspire:HollyBat","floor":22,"turns":7},{"damage":1,"enemies":"Snecko","floor":24,"turns":4},{"damage":28,"enemies":"3 Cultists","floor":25,"turns":7},{"damage":4,"enemies":"hubris:Merchant","floor":28,"turns":2}],"seed_played":"-720292062946635510","potions_obtained":[{"floor":1,"key":"SkillPotion"},{"floor":6,"key":"SkillPotion"},{"floor":19,"key":"blueLaboratory:LouseDecoction"},{"floor":19,"key":"Languid Potion"},{"floor":19,"key":"blueLaboratory:ImpenetrablePotion"},{"floor":21,"key":"Venom Potion"},{"floor":22,"key":"hermit:Tonic"},{"floor":25,"key":"Languid Potion"}],"is_trial":false,"path_per_floor":["M","M","?","M","?","E","T","R","T","M","?","?","?","M","R","B",null,"M","?","M","M","M","R","M","M","T","?","$"],"character_chosen":"HERMIT","items_purchased":[],"campfire_rested":3,"item_purchase_floors":[],"current_hp_per_floor":[67,56,56,53,56,8,8,31,31,30,30,30,30,26,50,29,81,59,59,59,24,7,32,31,3,3,3,0,0],"gold":561,"neow_bonus":"BOSS_RELIC","is_daily":false,"chose_seed":false,"campfire_upgraded":0,"win_rate":0.0,"timestamp":1613587303,"path_taken":["M","M","?","M","?","E","?","R","T","M","?","?","?","?","R","BOSS","M","?","M","M","M","R","M","M","T","?","$"],"items_purchased_type":[],"build_version":"2020-12-22","purchased_purges":0,"victory":false,"max_hp_per_floor":[75,75,75,75,78,78,78,78,78,81,81,81,81,81,81,81,81,84,84,84,84,84,84,84,84,84,84,84,84],"card_choices":[{"not_picked":["hermit:SprayPray","hermit:Glare"],"picked":"hermit:ShadowCloak","floor":1},{"not_picked":["hermit:ItchyTrigger","hermit:HoleUp"],"picked":"hermit:WideOpen","floor":2},{"not_picked":["hermit:DeadMansHand","hermit:FullyLoaded"],"picked":"hermit:Determination","floor":4},{"not_picked":["hermit:OverwhelmingPower","hermit:FullyLoaded"],"picked":"hermit:Vantage","floor":6},{"not_picked":["hermit:Ricochet","hermit:TrackingShot","Sever Soul"],"picked":"hermit:Desperado","floor":10},{"not_picked":["hermit:TrackingShot","hermit:WideOpen","Anger"],"picked":"hermit:HoleUp","floor":14},{"not_picked":["hermit:Magnum","hermit:Adapt","Hemogenesis"],"picked":"hermit:DeadOrAlive","floor":16},{"not_picked":["hermit:Horror","hermit:ItchyTrigger","Flame Barrier"],"picked":"hermit:HoleUp","floor":18},{"not_picked":["hermit:Manifest","hermit:Adapt","Cleave"],"picked":"hermit:Glare","floor":20},{"not_picked":["hermit:HighCaliber","hermit:Roulette","Flame Barrier"],"picked":"hermit:Shortfuse","floor":21},{"not_picked":["hermit:HighCaliber","hermit:Dive+1","hermit:Maintenance+1"],"picked":"Heavy Blade","floor":22},{"not_picked":["hermit:GoldenBullet","hermit:Ricochet","ReplayTheSpireMod:Strike From Hell"],"picked":"hermit:LowProfile","floor":24},{"not_picked":["hermit:EternalForm","hermit:HighCaliber","Clash"],"picked":"hermit:Combo","floor":25}],"player_experience":865819,"relics_obtained":[{"floor":6,"key":"hubris:GlazedTorus"},{"floor":7,"key":"hubris:DisguiseKit"},{"floor":9,"key":"Replay:Baseball"},{"floor":10,"key":"halation:EternalFortune"},{"floor":18,"key":"halation:EternalFortune"},{"floor":26,"key":"halation:WeightlessCrab"}],"event_choices":[{"damage_healed":0,"gold_gain":0,"player_choice":"Take Wound","damage_taken":0,"relics_obtained":["Golden Idol"],"max_hp_gain":0,"max_hp_loss":0,"event_name":"Golden Idol","floor":3,"gold_loss":0,"cards_obtained":["Injury"]},{"damage_healed":0,"gold_gain":0,"player_choice":"Grow","damage_taken":0,"max_hp_gain":0,"max_hp_loss":0,"event_name":"Living Wall","floor":13,"gold_loss":0,"cards_upgraded":["hermit:Vantage"]},{"damage_healed":0,"gold_gain":0,"player_choice":"Bought 3 Potions","damage_taken":0,"max_hp_gain":0,"max_hp_loss":0,"event_name":"The Woman in Blue","floor":19,"gold_loss":0},{"damage_healed":0,"gold_gain":0,"cards_transformed":["hermit:Defend_Hermit"],"player_choice":"Transformed","damage_taken":0,"max_hp_gain":0,"max_hp_loss":0,"event_name":"Transmorgrifier","floor":27,"gold_loss":0,"cards_obtained":["hermit:FatalDesire"]}],"is_beta":false,"boss_relics":[{"not_picked":["Kintsugi","aspiration:SecretTechniqueScroll"],"picked":"Philosopher\u0027s Stone"}],"items_purged_floors":[],"is_endless":false,"potions_floor_spawned":[1,6,21,22,25],"killed_by":"hubris:Merchant","ascension_level":0}}