{"host":"o88u0awh8mkwl1l8","time":1613550188,"event":{"mods":["BaseMod","Colored Map","Highlight Path","Minty Spire (QoL Compilation)","Relic Sorter"],"gold_per_floor":[111,125,145,145,70,70,105,105,105,105,137,137,152,183,183,259,259,273,173,188,188,198,198,217,250,274,291,8,20,20,39,39,115,115,135,145,157,175,224,249,263,263,341,370,370,401,421,20,20,20,20,20,20,20,49,49,49],"floor_reached":56,"language":"JPN","playtime":4415,"items_purged":["Defend_P","FlurryOfBlows","Defend_P"],"score":2283,"play_id":"9fa553f6-705a-46de-a315-f4138e94b279","local_time":"20210217172308","is_ascension_mode":true,"campfire_choices":[{"data":"BowlingBash","floor":6.0,"key":"SMITH"},{"data":"Evaluate","floor":8.0,"key":"SMITH"},{"floor":15.0,"key":"REST"},{"data":"Wallop","floor":23.0,"key":"SMITH"},{"data":"LessonLearned","floor":30.0,"key":"SMITH"},{"data":"Protect","floor":32.0,"key":"SMITH"},{"floor":42.0,"key":"RECALL"},{"data":"DevaForm","floor":49.0,"key":"SMITH"},{"data":"Blasphemy","floor":53,"key":"SMITH"}],"circlet_count":0,"master_deck":["AscendersBane","Strike_P+1","Strike_P+1","Strike_P+1","Defend_P","Eruption+1","Vigilance","Bandage Up","BowlingBash+1","ClearTheMind","Evaluate+1","InnerPeace+1","CutThroughFate+1","Protect+1","BowlingBash+1","Vault","WheelKick+1","Wallop+1","SandsOfTime+1","Ragnarok","LessonLearned+1","Protect+1","DevaForm+1","Fasting2","Blasphemy+1","Parasite","Wireheading+1"],"relics":["PureWater","Pen Nib","Du-Vu Doll","Prayer Wheel","Dream Catcher","Snecko Eye","Strawberry","Busted Crown","Dead Branch","Singing Bowl","Mercury Hourglass","Orichalcum","Ornamental Fan","Lee\u0027s Waffle","Potion Belt","Whetstone"],"acts_visited":["Exordium","TheCity","TheBeyond","TheEnding"],"potions_floor_usage":[55],"damage_taken":[{"damage":8.0,"enemies":"Small Slimes","floor":1.0,"turns":5.0},{"damage":2.0,"enemies":"Cultist","floor":2.0,"turns":3.0},{"damage":13.0,"enemies":"2 Louse","floor":3.0,"turns":3.0},{"damage":3.0,"enemies":"Gremlin Nob","floor":7.0,"turns":3.0},{"damage":11.0,"enemies":"Lagavulin","floor":11.0,"turns":8.0},{"damage":6.0,"enemies":"2 Fungi Beasts","floor":13.0,"turns":2.0},{"damage":27.0,"enemies":"3 Sentries","floor":14.0,"turns":6.0},{"damage":0.0,"enemies":"Slime Boss","floor":16.0,"turns":5.0},{"damage":5.0,"enemies":"2 Thieves","floor":18.0,"turns":3.0},{"damage":6.0,"enemies":"3 Byrds","floor":20.0,"turns":5.0},{"damage":0.0,"enemies":"Snecko","floor":22.0,"turns":3.0},{"damage":0.0,"enemies":"Chosen and Byrds","floor":24.0,"turns":2.0},{"damage":0.0,"enemies":"Book of Stabbing","floor":25.0,"turns":2.0},{"damage":0.0,"enemies":"Shelled Parasite and Fungi","floor":27.0,"turns":1.0},{"damage":0.0,"enemies":"3 Cultists","floor":29.0,"turns":3.0},{"damage":22.0,"enemies":"Centurion and Healer","floor":31.0,"turns":6.0},{"damage":0.0,"enemies":"Collector","floor":33.0,"turns":5.0},{"damage":5.0,"enemies":"3 Darklings","floor":35.0,"turns":3.0},{"damage":0.0,"enemies":"3 Shapes","floor":36.0,"turns":4.0},{"damage":0.0,"enemies":"3 Darklings","floor":37.0,"turns":4.0},{"damage":0.0,"enemies":"Spire Growth","floor":38.0,"turns":3.0},{"damage":0.0,"enemies":"2 Orb Walkers","floor":39.0,"turns":3.0},{"damage":0.0,"enemies":"Nemesis","floor":40.0,"turns":1.0},{"damage":3.0,"enemies":"Maw","floor":41.0,"turns":5.0},{"damage":57.0,"enemies":"Giant Head","floor":44.0,"turns":7.0},{"damage":0.0,"enemies":"Reptomancer","floor":46.0,"turns":2.0},{"damage":0.0,"enemies":"Writhing Mass","floor":47.0,"turns":3.0},{"damage":36.0,"enemies":"Time Eater","floor":50.0,"turns":7.0},{"damage":12,"enemies":"Donu and Deca","floor":51,"turns":6},{"damage":49,"enemies":"Shield and Spear","floor":55,"turns":4},{"damage":92,"enemies":"The Heart","floor":56,"turns":3}],"seed_played":"-5825285398188205968","potions_obtained":[{"floor":2.0,"key":"Swift Potion"},{"floor":3.0,"key":"SpeedPotion"},{"floor":13.0,"key":"DuplicationPotion"},{"floor":14.0,"key":"ColorlessPotion"},{"floor":18.0,"key":"Dexterity Potion"},{"floor":20.0,"key":"DistilledChaos"},{"floor":25.0,"key":"FairyPotion"},{"floor":44.0,"key":"Regen Potion"}],"is_trial":false,"path_per_floor":["M","M","M","?","$","R","E","R","T","?","E","?","M","E","R","B",null,"M","$","M","?","M","R","M","E","T","M","$","M","R","M","R","B",null,"M","M","M","M","?","E","M","R","T","E","?","E","M","$","R","B","B",null,"R","$","E","B"],"character_chosen":"WATCHER","items_purchased":["LessonLearned","Lee\u0027s Waffle","Potion Belt","DuplicationPotion"],"campfire_rested":1,"item_purchase_floors":[28,48,48,48],"current_hp_per_floor":[57,59,50,50,50,50,51,51,51,56,49,49,47,24,45,49,67,66,66,64,64,64,64,64,75,75,75,75,79,79,57,57,57,74,69,73,73,73,77,79,82,82,82,31,31,33,46,99,99,63,55,88,88,88,39,0,0],"gold":49,"neow_bonus":"RANDOM_COLORLESS","is_daily":false,"chose_seed":false,"campfire_upgraded":7,"win_rate":0.0,"timestamp":1613550188,"path_taken":["M","M","M","?","$","R","E","R","T","?","E","?","M","E","R","BOSS","M","$","M","?","M","R","M","E","T","M","$","M","R","M","R","BOSS","M","M","M","M","?","E","M","R","T","E","?","E","M","$","R","BOSS","BOSS","R","$","E","BOSS"],"items_purchased_type":["Card","Relic","Relic","Potion"],"build_version":"2020-12-22","purchased_purges":3,"victory":false,"max_hp_per_floor":[68,68,68,68,68,68,68,68,68,73,73,73,73,73,73,73,73,73,73,73,73,73,73,73,80,80,80,80,80,80,80,80,80,80,80,80,80,80,80,82,84,84,84,86,86,88,92,99,99,99,99,99,99,99,99,99,99],"card_choices":[{"not_picked":["Deep Breath","Panacea"],"picked":"Bandage Up","floor":0.0},{"not_picked":["SashWhip","PathToVictory"],"picked":"FlurryOfBlows","floor":1.0},{"not_picked":["WreathOfFlame","FlurryOfBlows"],"picked":"BowlingBash","floor":2.0},{"not_picked":["ReachHeaven","PathToVictory"],"picked":"ClearTheMind","floor":3.0},{"not_picked":["Evaluate","JustLucky","Conclude"],"picked":"SKIP","floor":7.0},{"not_picked":["JustLucky","Conclude"],"picked":"Evaluate","floor":7.0},{"not_picked":["JustLucky","EmptyFist"],"picked":"InnerPeace","floor":11.0},{"not_picked":["Pray","Halt"],"picked":"CutThroughFate","floor":13.0},{"not_picked":["ThirdEye","WaveOfTheHand","Omniscience"],"picked":"SKIP","floor":13.0},{"not_picked":["FlyingSleeves","WindmillStrike"],"picked":"Protect","floor":14.0},{"not_picked":["SashWhip","CutThroughFate"],"picked":"BowlingBash","floor":15.0},{"not_picked":["ConjureBlade","Wish"],"picked":"Vault","floor":16.0},{"not_picked":["BowlingBash","ThirdEye+1","Collect"],"picked":"SKIP","floor":18.0},{"not_picked":["CutThroughFate","ClearTheMind","Study"],"picked":"SKIP","floor":18.0},{"not_picked":["BowlingBash","ThirdEye+1","Collect"],"picked":"SKIP","floor":18.0},{"not_picked":["CutThroughFate","ClearTheMind","Study"],"picked":"SKIP","floor":18.0},{"not_picked":["BattleHymn","BowlingBash"],"picked":"WheelKick","floor":20.0},{"not_picked":["Prostrate+1","Tantrum","Consecrate"],"picked":"SKIP","floor":20.0},{"not_picked":["Evaluate","FollowUp+1","Conclude"],"picked":"SKIP","floor":22.0},{"not_picked":["WaveOfTheHand","FlurryOfBlows","Halt"],"picked":"SKIP","floor":22.0},{"not_picked":["BowlingBash","BattleHymn"],"picked":"SandsOfTime","floor":24.0},{"not_picked":["CutThroughFate+1","Protect","Consecrate"],"picked":"SKIP","floor":24.0},{"not_picked":["Evaluate","Wireheading","ReachHeaven"],"picked":"SKIP","floor":25.0},{"not_picked":["Sanctity","Evaluate"],"picked":"Ragnarok","floor":27.0},{"not_picked":["DeceiveReality","Nirvana","Collect"],"picked":"SKIP","floor":27.0},{"not_picked":["Consecrate","CarveReality","Halt"],"picked":"SKIP","floor":29.0},{"not_picked":["Weave","EmptyMind","Tantrum"],"picked":"SKIP","floor":29.0},{"not_picked":["BowlingBash","JustLucky+1"],"picked":"Protect","floor":31.0},{"not_picked":["BowlingBash+1","CrushJoints","WindmillStrike"],"picked":"SKIP","floor":31.0},{"not_picked":["LessonLearned","Scrawl"],"picked":"DevaForm","floor":33.0},{"not_picked":["WindmillStrike+1"],"picked":"SKIP","floor":35.0},{"not_picked":["Study"],"picked":"SKIP","floor":35.0},{"not_picked":["Weave+1"],"picked":"SKIP","floor":36.0},{"not_picked":["Pray"],"picked":"SKIP","floor":36.0},{"not_picked":["FollowUp+1"],"picked":"SKIP","floor":37.0},{"not_picked":["SignatureMove"],"picked":"SKIP","floor":37.0},{"not_picked":["WaveOfTheHand"],"picked":"SKIP","floor":38.0},{"not_picked":["EmptyBody"],"picked":"SKIP","floor":38.0},{"not_picked":["Tantrum"],"picked":"Singing Bowl","floor":40.0},{"not_picked":["Perseverance"],"picked":"Singing Bowl","floor":41.0},{"not_picked":[],"picked":"Fasting2","floor":41.0},{"not_picked":["Conclude"],"picked":"Singing Bowl","floor":44.0},{"not_picked":["SignatureMove"],"picked":"Singing Bowl","floor":46.0},{"not_picked":["CrushJoints"],"picked":"Singing Bowl","floor":47.0},{"not_picked":["FlurryOfBlows"],"picked":"Singing Bowl","floor":47.0},{"not_picked":[],"picked":"Wireheading+1","floor":55}],"player_experience":1294199,"relics_obtained":[{"floor":7.0,"key":"Du-Vu Doll"},{"floor":9.0,"key":"Prayer Wheel"},{"floor":11.0,"key":"Dream Catcher"},{"floor":14.0,"key":"Pen Nib"},{"floor":25.0,"key":"Strawberry"},{"floor":39.0,"key":"Dead Branch"},{"floor":40.0,"key":"Singing Bowl"},{"floor":43.0,"key":"Mercury Hourglass"},{"floor":44.0,"key":"Orichalcum"},{"floor":46.0,"key":"Ornamental Fan"},{"floor":55,"key":"Whetstone"}],"event_choices":[{"cards_removed":["Strike_P"],"damage_healed":0.0,"max_hp_gain":0.0,"max_hp_loss":0.0,"gold_gain":0.0,"event_name":"Living Wall","player_choice":"Forget","floor":4.0,"gold_loss":0.0,"damage_taken":0.0},{"damage_healed":0.0,"max_hp_gain":5.0,"max_hp_loss":0.0,"gold_gain":0.0,"event_name":"Big Fish","player_choice":"Donut","floor":10.0,"gold_loss":0.0,"damage_taken":0.0},{"damage_healed":0.0,"max_hp_gain":0.0,"max_hp_loss":0.0,"gold_gain":0.0,"cards_transformed":["Defend_P"],"event_name":"Transmorgrifier","player_choice":"Transformed","floor":12.0,"gold_loss":0.0,"damage_taken":0.0,"cards_obtained":["Nirvana"]},{"damage_healed":0.0,"max_hp_gain":0.0,"max_hp_loss":0.0,"gold_gain":0.0,"event_name":"The Library","player_choice":"Read","floor":21.0,"gold_loss":0.0,"damage_taken":0.0,"cards_obtained":["Wallop"]},{"damage_healed":0.0,"max_hp_gain":0.0,"max_hp_loss":0.0,"gold_gain":0.0,"event_name":"Mysterious Sphere","player_choice":"Fight","floor":39.0,"gold_loss":0.0,"damage_taken":0.0},{"damage_healed":0.0,"max_hp_gain":0.0,"max_hp_loss":0.0,"gold_gain":0.0,"cards_transformed":["Nirvana"],"event_name":"Transmorgrifier","player_choice":"Transformed","floor":45.0,"gold_loss":0.0,"damage_taken":0.0,"cards_obtained":["Blasphemy"]}],"is_beta":false,"boss_relics":[{"not_picked":["SacredBark","Velvet Choker"],"picked":"Snecko Eye"},{"not_picked":["Runic Dome","Empty Cage"],"picked":"Busted Crown"}],"items_purged_floors":[5,19,28],"is_endless":false,"potions_floor_spawned":[2,3,13,14,18,20,25,29,31,37,39,44,46],"killed_by":"The Heart","ascension_level":20}}