{"host":"2cc5p8abrq83pe05","time":1613596659,"event":{"mods":["AchievementEnabler","BaseMod","Colored Map","Colored Powertips","DeckTracker","Duelist Mod","Googly Eyes","Minty Spire (QoL Compilation)","Quick Restart","StSLib","The Servant 0.9.4","everything is the same but u backflip on backflip"],"gold_per_floor":[112,187,202,221,170,198,209,221,221,247,262,277,304,324,324,422,422,438,438,455,472,75,106,119,153,153,179,179,194,194,214,214,310,310,330,345,395,395,412,412,412],"floor_reached":40,"language":"ENG","playtime":2707,"items_purged":["ReturningBlade"],"score":653,"play_id":"84d1aa6b-a63a-4052-8c56-159ecc643c06","local_time":"20210217141739","is_ascension_mode":true,"campfire_choices":[{"data":"SoulSculpture","floor":15,"key":"SMITH"},{"data":"Sunlight","floor":28,"key":"SMITH"},{"data":"BestPractice","floor":30,"key":"SMITH"},{"data":"Embodiment","floor":32,"key":"SMITH"}],"circlet_count":0,"master_deck":["KidneyShot","Exchange","TimeWarp","ShatteredReality","Replace","BottledTime","SoulSculpture+1","ShatteredReality","TimeWarp","Initiator","Ricochet","Alleviate","Potential","ShatteredReality","Embodiment+1","MoonPhase","Solidify","Revamp","Sunlight+1","Rewind","Dilation","SurpressingFire","ShatteredReality","Luminosity","Comet","Hightail","TimeWarp","DoubleEdge+1","InstantArmor","BestPractice+1","BottledTime","FloweringNight","FastForward","Barrier+1","Misdirection+1","Madness","Madness","DualDimension"],"relics":["SplendidAttire","Ancient Tea Set","FossilizedHelix","Bronze Scales","PreservedInsect","Meat on the Bone","Pandora\u0027s Box","Gremlin Horn","StoneCalendar","Eternal Feather","Calipers","MealTicket","TungstenRod"],"acts_visited":["Exordium","TheCity","TheBeyond"],"potions_floor_usage":[6,16,25,27,27],"damage_taken":[{"damage":5,"enemies":"Jaw Worm","floor":1,"turns":6},{"damage":0,"enemies":"Small Slimes","floor":3,"turns":3},{"damage":1,"enemies":"2 Louse","floor":4,"turns":2},{"damage":19,"enemies":"3 Sentries","floor":6,"turns":10},{"damage":2,"enemies":"Exordium Wildlife","floor":7,"turns":4},{"damage":0,"enemies":"Looter","floor":8,"turns":2},{"damage":6,"enemies":"Lagavulin","floor":10,"turns":5},{"damage":0,"enemies":"2 Fungi Beasts","floor":11,"turns":2},{"damage":0,"enemies":"Blue Slaver","floor":12,"turns":1},{"damage":0,"enemies":"Gremlin Nob","floor":13,"turns":3},{"damage":0,"enemies":"Looter","floor":14,"turns":2},{"damage":6,"enemies":"The Guardian","floor":16,"turns":9},{"damage":19,"enemies":"Shell Parasite","floor":18,"turns":4},{"damage":0,"enemies":"Chosen","floor":20,"turns":3},{"damage":4,"enemies":"Centurion and Healer","floor":21,"turns":4},{"damage":0,"enemies":"Gremlin Leader","floor":23,"turns":4},{"damage":9,"enemies":"Snecko","floor":24,"turns":4},{"damage":0,"enemies":"theDuelist:KaibaA2","floor":25,"turns":3},{"damage":0,"enemies":"Slavers","floor":27,"turns":1},{"damage":3,"enemies":"3 Cultists","floor":29,"turns":3},{"damage":0,"enemies":"Cultist and Chosen","floor":31,"turns":4},{"damage":3,"enemies":"Champ","floor":33,"turns":10},{"damage":18,"enemies":"3 Shapes","floor":35,"turns":3},{"damage":0,"enemies":"3 Darklings","floor":36,"turns":4},{"damage":33,"enemies":"2 Orb Walkers","floor":37,"turns":4},{"damage":11,"enemies":"4 Shapes","floor":39,"turns":3},{"damage":28,"enemies":"Nemesis","floor":40,"turns":2}],"seed_played":"-1682389000504721692","potions_obtained":[{"floor":1,"key":"EssenceOfSteel"},{"floor":4,"key":"DistilledChaos"},{"floor":10,"key":"BlessingOfTheForge"},{"floor":11,"key":"Energy Potion"},{"floor":16,"key":"Swift Potion"},{"floor":27,"key":"Fire Potion"}],"is_trial":false,"path_per_floor":["M","?","M","M","$","E","M","M","T","E","M","M","E","M","R","B",null,"M","?","M","M","$","E","M","E","T","E","R","M","R","M","R","B",null,"M","M","?","?","M","E"],"character_chosen":"THE_SERVANT","items_purchased":["BottledTime","Gremlin Horn","Hightail"],"campfire_rested":0,"item_purchase_floors":[5,22,22],"current_hp_per_floor":[60,49,49,48,48,29,27,27,27,21,21,21,21,33,33,39,65,46,46,46,42,42,42,33,33,33,33,48,45,63,63,65,62,65,47,47,26,19,20,0,0],"gold":412,"neow_bonus":"RANDOM_COMMON_RELIC","is_daily":false,"chose_seed":false,"campfire_upgraded":4,"win_rate":0.0,"timestamp":1613596659,"path_taken":["M","?","M","M","$","E","M","M","T","E","M","M","E","M","R","BOSS","M","?","M","M","$","E","M","E","T","E","R","M","R","M","R","BOSS","M","M","?","?","M","E"],"items_purchased_type":["Card","Relic","Card"],"build_version":"2020-12-22","purchased_purges":1,"victory":false,"max_hp_per_floor":[65,65,65,65,65,65,65,65,65,65,65,65,65,65,65,65,65,65,65,65,65,65,65,65,65,65,65,65,65,65,65,65,65,65,65,65,65,65,65,65,65],"card_choices":[{"not_picked":["WasteNot","Rearm"],"picked":"TimeWarp","floor":1},{"not_picked":["Starlight","TimeWarp"],"picked":"ShatteredReality","floor":3},{"not_picked":["Starlight","FastForward"],"picked":"Replace","floor":4},{"not_picked":["Shuttle","Hightail"],"picked":"SoulSculpture","floor":6},{"not_picked":["Alleviate","StarChef"],"picked":"ShatteredReality","floor":7},{"not_picked":["Moonlight","Rearm"],"picked":"TimeWarp","floor":8},{"not_picked":["Collapse","DoubleEdge"],"picked":"Initiator","floor":10},{"not_picked":["Defy","Gouge"],"picked":"Ricochet","floor":11},{"not_picked":["Defy","ReturningBlade"],"picked":"Alleviate","floor":12},{"not_picked":["ReturningBlade","Rewind"],"picked":"Potential","floor":13},{"not_picked":["Defy","Alleviate"],"picked":"ShatteredReality","floor":14},{"not_picked":["Solidify","Sunlight"],"picked":"Embodiment","floor":16},{"not_picked":["Defy","Rewind"],"picked":"ShatteredReality","floor":18},{"not_picked":["Rewind","Rearm"],"picked":"Luminosity","floor":20},{"not_picked":["Manipulate","Rewind"],"picked":"Comet","floor":21},{"not_picked":["FastForward","Rearm"],"picked":"TimeWarp","floor":23},{"not_picked":["Snipe+1","Rearm","Rewind"],"picked":"SKIP","floor":24},{"not_picked":["Snipe","Spin"],"picked":"DoubleEdge+1","floor":25},{"not_picked":["Defy","Initiator"],"picked":"InstantArmor","floor":27},{"not_picked":["Starlight","MoonPhase"],"picked":"BestPractice","floor":29},{"not_picked":["ShatteredReality","Replace+1"],"picked":"BottledTime","floor":31},{"not_picked":["Sunlight","Initiator"],"picked":"FloweringNight","floor":33},{"not_picked":["Revamp","ShatteredReality+1"],"picked":"FastForward","floor":35},{"not_picked":["ShatteredReality","Starlight"],"picked":"Barrier+1","floor":36},{"not_picked":["Rearm","BestPractice"],"picked":"Misdirection+1","floor":37},{"not_picked":["ShatteredReality+1","Comet+1"],"picked":"DualDimension","floor":39}],"player_experience":169152,"relics_obtained":[{"floor":6,"key":"FossilizedHelix"},{"floor":9,"key":"Bronze Scales"},{"floor":10,"key":"PreservedInsect"},{"floor":13,"key":"Meat on the Bone"},{"floor":23,"key":"StoneCalendar"},{"floor":25,"key":"Eternal Feather"},{"floor":26,"key":"Calipers"},{"floor":27,"key":"MealTicket"},{"floor":37,"key":"TungstenRod"}],"event_choices":[{"damage_healed":0,"gold_gain":75,"player_choice":"Gather Gold","damage_taken":11,"max_hp_gain":0,"max_hp_loss":0,"event_name":"World of Goop","floor":2,"gold_loss":0},{"damage_healed":0,"gold_gain":0,"player_choice":"Ignored","damage_taken":0,"max_hp_gain":0,"max_hp_loss":0,"event_name":"Vampires","floor":19,"gold_loss":0},{"damage_healed":0,"gold_gain":0,"player_choice":"Fight","damage_taken":0,"max_hp_gain":0,"max_hp_loss":0,"event_name":"Mysterious Sphere","floor":37,"gold_loss":0},{"damage_healed":0,"gold_gain":0,"player_choice":"Embrace Madness","damage_taken":8,"max_hp_gain":0,"max_hp_loss":0,"event_name":"Winding Halls","floor":38,"gold_loss":0,"cards_obtained":["Madness","Madness"]}],"is_beta":false,"boss_relics":[{"not_picked":["SlaversCollar","Velvet Choker"],"picked":"Pandora\u0027s Box"},{"not_picked":["Astrolabe","Empty Cage"],"picked":"SplendidAttire"}],"items_purged_floors":[22],"is_endless":false,"potions_floor_spawned":[1,4,10,11,12,16,18,23,24,27],"killed_by":"Nemesis","ascension_level":1}}