{"host":"13crfpsgpirtz3r4","time":1613570393,"event":{"mods":["Act Like it!","Ascension Reborn","Aspiration","BaseMod","BetterRewards","CapriCore","Colored Powertips","Downfall","Friendly Minions","Gold Saver","GungeonMod","Hermit","Highlight Path","Hubris","Jorbs\u0027s Wanderer Trilogy","Marisa????????","Minty Spire (QoL Compilation)","READ ME - Guardian Mod","READ ME - Snecko Mod","Rare Cards Sparkle","Replay The Spire","Shop Mod","StSLib","The Animator","The Bug Knight","The Construct","The Cursed","The Disciple","The Hierophant","The Immortal","The Necromancer","The Runesmith","TheBandit","Wandering Minibosses","everything is the same but u backflip on backflip","slay the spire mod where everything is the same but ironclad has a cowboy hat"],"gold_per_floor":[547,557,261,261,261,261,272,272,272,272,268,273,2,28,28,123,123,127,127,139,882,187,216,226,238,238,41,41,59,75,14,14,116,116,127,147,0,0,0,0,30,30,57,106,122,140,166,177,177,177,177,177,129,155,155],"floor_reached":56,"language":"ENG","playtime":8435,"items_purged":["Amnesia"],"score":1329,"play_id":"890f9819-ac88-47fb-a420-03e71351f2bd","local_time":"20210217055953","is_ascension_mode":true,"campfire_choices":[{"floor":6,"key":"RECALL"},{"data":"MokouMod:Overheat","floor":15,"key":"SMITH"},{"data":"MokouMod:IgnitionBlast","floor":28,"key":"SMITH"},{"data":"MokouMod:ImperishableFlame","floor":32,"key":"SMITH"},{"floor":40,"key":"REST"},{"floor":42,"key":"REST"},{"floor":49,"key":"REST"},{"floor":52,"key":"REST"}],"circlet_count":0,"master_deck":["MokouMod:Strike","MokouMod:Strike","MokouMod:Strike","MokouMod:Strike+1","MokouMod:Strike","MokouMod:Defend","MokouMod:Defend","MokouMod:Defend","MokouMod:Defend","MokouMod:HeatSpark","MokouMod:HeatTransfer","MokouMod:EternalBurstReactor","MokouMod:FlickeringFlame","MokouMod:Sear","MokouMod:IndiscriminateIgnition","MokouMod:RisingSunBarrier","Bandage Up","Apotheosis+1","MokouMod:IndiscriminateIgnition","MokouMod:IndiscriminateIgnition","MokouMod:AdaptivePyromancy","MokouMod:Overheat+1","MokouMod:Singe","MokouMod:Ventilation","MokouMod:CrimsonArmoury","MokouMod:RetainTemperature+1","MokouMod:PhoenixForm","MokouMod:IndiscriminateIgnition","MokouMod:IgnitionBlast","MokouMod:Rekindle","MokouMod:Rekindle","MokouMod:ScorchingColumn","MokouMod:Ember","Flash of Steel","DemoMod:Invincible","MokouMod:Fireball","MokouMod:IgnitionBlast","MokouMod:IndiscriminateIgnition+1","MokouMod:IgnitionBlast+1","MokouMod:Firecracker","MokouMod:IgneousBlow+1","MokouMod:ImperishableFlame+1","MokouMod:DanceofFlames","Bandage Up","MokouMod:SacredFire","MokouMod:RoaringFlare","MokouMod:Afterburner","MokouMod:ScorchingColumn+1","hubris:Lust","MokouMod:Wildfire+1","MokouMod:RetainTemperature+1","MokouMod:Combust","MokouMod:CrimsonArmoury","MokouMod:ResoluteFlare+1","MokouMod:Firecracker","MokouMod:EternalBurstReactor","MokouMod:ImperishableFlame+1"],"relics":["MokouMod:PhoenixFeather","BargainBundle","hubris:TenFootPole","Ring of Peace","Onion Ring","Lantern","Shuriken","Sozu","wanderingMiniBosses:MasterThiefsPresence","Membership Card","DemoMod:MemoryAlloy","Letter Opener","DemoMod:MonsterBlood","DemoMod:PinkGuonStone","Replay:Grab Bag","Fusion Hammer","Cursed Key","aspiration:MobileForge","Red Mask","ReplayTheSpireMod:TigerMarble","Replay:Baseball","CatCart","Runesmith:Nanobots","Blue Doll"],"acts_visited":["Exordium","TheCity","TheBeyond","TheEnding"],"potions_floor_usage":[14,16],"damage_taken":[{"damage":0,"enemies":"Small Slimes","floor":1,"turns":3},{"damage":4,"enemies":"Jaw Worm","floor":2,"turns":4},{"damage":0,"enemies":"2 Louse","floor":7,"turns":2},{"damage":3,"enemies":"Large Slime","floor":11,"turns":8},{"damage":6,"enemies":"Looter","floor":12,"turns":4},{"damage":0,"enemies":"HollowMod:MossKnight","floor":14,"turns":6},{"damage":8,"enemies":"Fading Forest","floor":16,"turns":11},{"damage":11,"enemies":"2 Thieves","floor":18,"turns":5},{"damage":4,"enemies":"Shell Parasite","floor":20,"turns":3},{"damage":18,"enemies":"Sentry and Sphere","floor":21,"turns":6},{"damage":11,"enemies":"HollowMod:Nosk","floor":23,"turns":8},{"damage":10,"enemies":"Snake Plant","floor":24,"turns":2},{"damage":0,"enemies":"Centurion and Healer","floor":25,"turns":4},{"damage":0,"enemies":"Cultist and Chosen","floor":29,"turns":5},{"damage":0,"enemies":"Snake Plant","floor":30,"turns":3},{"damage":62,"enemies":"Collector","floor":33,"turns":7},{"damage":11,"enemies":"3 Shapes","floor":35,"turns":5},{"damage":10,"enemies":"3 Darklings","floor":36,"turns":4},{"damage":15,"enemies":"Nemesis","floor":41,"turns":7},{"damage":0,"enemies":"Orin","floor":44,"turns":6},{"damage":26,"enemies":"Maw","floor":45,"turns":8},{"damage":0,"enemies":"Transient","floor":46,"turns":5},{"damage":16,"enemies":"HollowMod:StalkingDevout","floor":47,"turns":4},{"damage":0,"enemies":"3 Darklings","floor":48,"turns":2},{"damage":63,"enemies":"Donu and Deca","floor":50,"turns":7},{"damage":15,"enemies":"Shield and Spear","floor":54,"turns":3},{"damage":137,"enemies":"The Heart","floor":55,"turns":11}],"seed_played":"9219166770950188422","potions_obtained":[{"floor":2,"key":"Languid Potion"},{"floor":11,"key":"DuplicationPotion"}],"is_trial":false,"path_per_floor":["M","M","$","?","?","R","M","?","T","?","M","M","$","E","R","B",null,"M","?","M","M","$","E","M","M","T","$","R","M","M","$","R","B",null,"M","M","?","?","$","R","E","R","T","?","M","M","E","M","R","B",null,"R","$","E","B",null],"character_chosen":"MKU","items_purchased":["BargainBundle","MokouMod:EternalBurstReactor","MokouMod:FlickeringFlame","MokouMod:Sear","MokouMod:IndiscriminateIgnition","MokouMod:RisingSunBarrier","Bandage Up","Apotheosis","champ:CounterPotion","Lantern","MokouMod:Overheat","Membership Card","MokouMod:IndiscriminateIgnition","MokouMod:IgnitionBlast","MokouMod:Rekindle","MokouMod:ScorchingColumn","MokouMod:Ember","Flash of Steel","DemoMod:Invincible","DemoMod:MemoryAlloy","Letter Opener","MokouMod:IgnitionBlast","MokouMod:Firecracker","DemoMod:PinkGuonStone","MokouMod:DanceofFlames","Bandage Up","MokouMod:Firecracker","MokouMod:EternalBurstReactor"],"campfire_rested":4,"item_purchase_floors":[3,3,3,3,3,3,3,3,3,13,13,22,22,22,22,22,22,22,22,22,22,27,27,27,31,31,53,53],"current_hp_per_floor":[82,78,78,78,66,66,70,70,70,70,71,71,71,77,77,74,82,75,75,71,57,57,57,51,51,51,58,58,58,58,58,58,8,96,89,79,79,79,79,96,90,96,96,96,70,70,58,64,92,75,96,96,96,82,40],"gold":155,"neow_bonus":"TEN_PERCENT_HP_BONUS","is_daily":false,"chose_seed":false,"campfire_upgraded":3,"win_rate":0.0,"timestamp":1613570393,"path_taken":["M","M","$","?","?","R","M","?","T","?","M","M","$","E","R","BOSS","M","?","M","M","$","E","M","M","T","$","R","M","M","$","R","BOSS","M","M","?","?","$","R","E","R","T","?","M","M","E","M","R","BOSS","R","$","E","BOSS"],"items_purchased_type":["Relic","Card","Card","Card","Card","Card","Card","Card","Potion","Relic","Card","Relic","Card","Card","Card","Card","Card","Card","Card","Relic","Relic","Card","Card","Relic","Card","Card","Card","Card"],"build_version":"2020-12-22","purchased_purges":1,"victory":true,"max_hp_per_floor":[82,82,82,82,82,82,82,82,82,82,82,82,82,82,82,82,82,82,82,82,82,82,89,89,89,89,96,96,96,96,96,96,96,96,96,96,96,96,96,96,96,96,96,96,96,96,96,96,96,96,96,96,96,94,94],"card_choices":[{"not_picked":["MokouMod:Firecracker","MokouMod:UncontrollableSolarReaction"],"picked":"MokouMod:Ember","floor":1},{"not_picked":["MokouMod:UncontrollableSolarReaction","MokouMod:Burn"],"picked":"MokouMod:HeatTransfer","floor":2},{"not_picked":["MokouMod:Trailblazer","MokouMod:InfernalWave"],"picked":"MokouMod:IndiscriminateIgnition","floor":7},{"not_picked":["MokouMod:RoaringFlare","MokouMod:FlamingFireTalons"],"picked":"MokouMod:IndiscriminateIgnition","floor":11},{"not_picked":["MokouMod:Ember","MokouMod:IllusoryBattlefield"],"picked":"MokouMod:AdaptivePyromancy","floor":12},{"not_picked":["MokouMod:Sear","MokouMod:Firecracker"],"picked":"MokouMod:Singe","floor":14},{"not_picked":["MokouMod:Geothermal","MokouMod:Rebirth"],"picked":"MokouMod:Ventilation","floor":16},{"not_picked":["MokouMod:CrimsonFlare","MokouMod:UncontrollableSolarReaction"],"picked":"MokouMod:CrimsonArmoury","floor":18},{"not_picked":["MokouMod:FlickeringFlame","MokouMod:AdaptivePyromancy"],"picked":"MokouMod:RetainTemperature+1","floor":20},{"not_picked":["MokouMod:BlazingComet","MokouMod:GuidingSmoke"],"picked":"MokouMod:PhoenixForm","floor":21},{"not_picked":["MokouMod:Sear","MokouMod:GuidingSmoke"],"picked":"MokouMod:Fireball","floor":23},{"not_picked":["MokouMod:AdaptivePyromancy+1","MokouMod:FusionFlare"],"picked":"MokouMod:IgnitionBlast","floor":24},{"not_picked":["MokouMod:ShiftIgnition","MokouMod:Fireball"],"picked":"MokouMod:IndiscriminateIgnition+1","floor":25},{"not_picked":["MokouMod:SearingShot+1","MokouMod:DanceofFlames"],"picked":"MokouMod:IgneousBlow+1","floor":29},{"not_picked":["MokouMod:Stoke","MokouMod:Overheat"],"picked":"MokouMod:ImperishableFlame","floor":30},{"not_picked":["MokouMod:Ventilation","MokouMod:BurningHiddenBullet"],"picked":"MokouMod:SacredFire","floor":33},{"not_picked":["MokouMod:TemporalFireSeal","MokouMod:Overheat+1"],"picked":"MokouMod:RoaringFlare","floor":35},{"not_picked":["MokouMod:IndiscriminateIgnition","MokouMod:HeatCyclone"],"picked":"MokouMod:Afterburner","floor":36},{"not_picked":["MokouMod:UncontrollableSolarReaction","MokouMod:AdaptivePyromancy+1"],"picked":"MokouMod:ScorchingColumn+1","floor":41},{"not_picked":["MokouMod:Stoke","MokouMod:ScorchingColumn+1"],"picked":"MokouMod:Wildfire+1","floor":44},{"not_picked":["MokouMod:Overheat+1","MokouMod:Firecracker"],"picked":"MokouMod:RetainTemperature+1","floor":45},{"not_picked":["MokouMod:SearingBlow","MokouMod:GuidingSmoke+1"],"picked":"MokouMod:Combust","floor":46},{"not_picked":["MokouMod:RisingSunBarrier","MokouMod:BurningDraft"],"picked":"MokouMod:CrimsonArmoury","floor":47},{"not_picked":["MokouMod:ScorchingColumn+1","MokouMod:Stoke+1"],"picked":"MokouMod:ResoluteFlare+1","floor":48},{"not_picked":["MokouMod:Overheat","MokouMod:BurningDraft"],"picked":"MokouMod:ImperishableFlame+1","floor":54}],"player_experience":121901,"relics_obtained":[{"floor":8,"key":"Ring of Peace"},{"floor":9,"key":"Onion Ring"},{"floor":14,"key":"Shuriken"},{"floor":21,"key":"wanderingMiniBosses:MasterThiefsPresence"},{"floor":23,"key":"DemoMod:MonsterBlood"},{"floor":41,"key":"ReplayTheSpireMod:TigerMarble"},{"floor":43,"key":"Replay:Baseball"},{"floor":44,"key":"CatCart"},{"floor":47,"key":"Runesmith:Nanobots"},{"floor":54,"key":"Blue Doll"}],"event_choices":[{"damage_healed":0,"gold_gain":0,"player_choice":"Grow","damage_taken":0,"max_hp_gain":0,"max_hp_loss":0,"event_name":"Living Wall","floor":4,"gold_loss":0,"cards_upgraded":["Apotheosis"]},{"damage_healed":0,"gold_gain":0,"player_choice":"Success","damage_taken":12,"relics_obtained":["hubris:TenFootPole"],"max_hp_gain":0,"max_hp_loss":0,"event_name":"Scrap Ooze","floor":5,"gold_loss":0},{"damage_healed":0,"gold_gain":0,"player_choice":"Paid","damage_taken":0,"relics_obtained":["Red Mask"],"max_hp_gain":0,"max_hp_loss":0,"event_name":"Tomb of Lord Red Mask","floor":37,"gold_loss":147},{"cards_removed":["MokouMod:Ember"],"damage_healed":0,"gold_gain":0,"player_choice":"Removed Attack","damage_taken":0,"max_hp_gain":0,"max_hp_loss":0,"event_name":"Falling","floor":38,"gold_loss":0},{"damage_healed":0,"gold_gain":0,"player_choice":"Fight","damage_taken":0,"max_hp_gain":0,"max_hp_loss":0,"event_name":"OrinTheCat","floor":44,"gold_loss":0}],"is_beta":false,"boss_relics":[{"not_picked":["Painkiller Herb","hubris:GrandSneckoEye"],"picked":"Sozu"},{"not_picked":["hubris:TerracottaHorce","Busted Crown"],"picked":"Replay:Grab Bag"},{"not_picked":["ReplayTheSpireMod:DimensionalGlitch","ChewingGum"],"picked":"Fusion Hammer"},{"not_picked":["Replay:Wanted Poster","hubris:CrackedHourglass"],"picked":"Cursed Key"},{"not_picked":["hubris:HollowSoul","hubris:ScarierMask"],"picked":"aspiration:MobileForge"}],"items_purged_floors":[13],"is_endless":false,"potions_floor_spawned":[2,7,11,12,23,25,29,35,44,46,48],"ascension_level":0}}