{"host":"Doisman","time":1613539071,"event":{"mods":["AchievementEnabler","BaseMod","Better Note","Curses Come First","Minty Spire (QoL Compilation)","Permanent Neow","Quick Restart","Relic Stats","Replay The Spire","StSLib","slay the spire mod where everything is the same but ironclad has a cowboy hat"],"gold_per_floor":[114,182,30,45,60,60,90,90,90,105,120,135,135,150,150,270,270,285,285,300,27,126,126,126,126],"floor_reached":24,"language":"ENG","playtime":539,"items_purged":["Strike_R","Eruption"],"score":273,"play_id":"36a7dc28-0cfb-4a34-8da5-35f2cac6231e","local_time":"20210216231751","daily_mods":["Chimera","Uncertain Future","Terminal"],"is_ascension_mode":false,"campfire_choices":[{"data":"Crescendo","floor":6,"key":"SMITH"},{"data":"BowlingBash","floor":8,"key":"SMITH"},{"data":"ForeignInfluence","floor":15,"key":"SMITH"},{"data":"Wallop","floor":23,"key":"SMITH"}],"circlet_count":0,"master_deck":["Bash","Survivor","Zap","Defend_R","Defend_G","Defend_P","BowlingBash+1","ReachHeaven","Crescendo+1","Wallop+1","CutThroughFate","Evaluate","JustLucky","Halt","ForeignInfluence+1","DevaForm","WindmillStrike+1","Bite","Bite","Bite","Bite","Bite","JustLucky","ClearTheMind"],"relics":["PureWater","Replay:Rubber Ducky","Damaru","Bottled Lightning","Runic Pyramid","Blood Vial"],"acts_visited":["Exordium","TheCity"],"potions_floor_usage":[7,7,20,24,24],"damage_taken":[{"damage":0,"enemies":"2 Louse","floor":1,"turns":1},{"damage":0,"enemies":"Small Slimes","floor":4,"turns":3},{"damage":0,"enemies":"Cultist","floor":5,"turns":3},{"damage":8,"enemies":"Lagavulin","floor":7,"turns":3},{"damage":0,"enemies":"Looter","floor":10,"turns":1},{"damage":0,"enemies":"2 Fungi Beasts","floor":11,"turns":2},{"damage":0,"enemies":"Blue Slaver","floor":12,"turns":2},{"damage":0,"enemies":"Red Slaver","floor":14,"turns":1},{"damage":0,"enemies":"Slime Boss","floor":16,"turns":4},{"damage":13,"enemies":"Spheric Guardian","floor":18,"turns":3},{"damage":13,"enemies":"2 Thieves","floor":20,"turns":3},{"damage":0,"enemies":"Book of Stabbing","floor":24,"turns":2}],"seed_played":"6706742764168558924","potions_obtained":[{"floor":1,"key":"LiquidMemories"},{"floor":2,"key":"GamblersBrew"},{"floor":2,"key":"LiquidMemories"},{"floor":5,"key":"Fire Potion"},{"floor":10,"key":"ColorlessPotion"},{"floor":11,"key":"Explosive Potion"},{"floor":16,"key":"ColorlessPotion"},{"floor":20,"key":"Venom Potion"}],"is_trial":false,"path_per_floor":["M","?","$","M","M","R","E","R","T","M","M","M","?","M","R","B",null,"M","?","M","$","?","R","E"],"character_chosen":"WATCHER","items_purchased":["ReachHeaven","Blood Vial","ClearTheMind"],"campfire_rested":0,"item_purchase_floors":[3,21,21],"current_hp_per_floor":[70,53,53,53,53,53,45,45,45,45,45,45,45,45,45,45,54,41,36,29,29,29,29,32,32],"gold":126,"neow_bonus":"","is_daily":true,"chose_seed":false,"campfire_upgraded":4,"win_rate":0.0,"timestamp":1613539071,"path_taken":["M","?","$","M","?","R","E","R","T","M","M","M","?","M","R","BOSS","M","?","M","$","?","R","E"],"items_purchased_type":["Card","Relic","Card"],"build_version":"2020-12-18","purchased_purges":2,"victory":false,"max_hp_per_floor":[70,69,68,67,66,65,64,63,62,61,60,59,58,57,56,55,54,53,36,35,34,33,32,32,32],"relic_stats":{"Blood Vial":2,"counters":[12,28],"obtain_stats":[{"Blood Vial":21,"Damaru":7,"Bottled Lightning":9,"PureWater":0,"Replay:Rubber Ducky":2,"Runic Pyramid":17},{"Blood Vial":11,"Damaru":4,"Bottled Lightning":4,"PureWater":0,"Replay:Rubber Ducky":1,"Runic Pyramid":9},{"Blood Vial":26,"Damaru":10,"Bottled Lightning":10,"PureWater":0,"Replay:Rubber Ducky":1,"Runic Pyramid":20}]},"card_choices":[{"not_picked":["Replay:Anticipation","PathToVictory","WreathOfFlame"],"picked":"SKIP","floor":1},{"not_picked":["Halt","CrushJoints"],"picked":"BowlingBash","floor":2},{"not_picked":["CrushJoints","EmptyMind"],"picked":"Crescendo","floor":4},{"not_picked":["JustLucky","Replay:BluntJabs"],"picked":"Wallop","floor":5},{"not_picked":["LikeWater","Conclude"],"picked":"CutThroughFate","floor":7},{"not_picked":["Replay:Vibes","FearNoEvil"],"picked":"Evaluate","floor":10},{"not_picked":["Replay:BluntJabs","Replay:Vibes"],"picked":"JustLucky","floor":11},{"not_picked":["InnerPeace","BowlingBash"],"picked":"Halt","floor":12},{"not_picked":["Indignation","PathToVictory"],"picked":"ForeignInfluence","floor":14},{"not_picked":["MasterReality","SpiritShield"],"picked":"DevaForm","floor":16},{"not_picked":["FlurryOfBlows","Weave"],"picked":"WindmillStrike+1","floor":18},{"not_picked":["WreathOfFlame","Weave"],"picked":"JustLucky","floor":20}],"player_experience":741595,"relics_obtained":[{"floor":2,"key":"Replay:Rubber Ducky"},{"floor":7,"key":"Damaru"},{"floor":9,"key":"Bottled Lightning"}],"event_choices":[{"damage_healed":0,"gold_gain":0,"player_choice":"Became a vampire","damage_taken":0,"max_hp_gain":0,"max_hp_loss":16,"event_name":"Vampires","floor":19,"gold_loss":0,"cards_obtained":["Bite","Bite","Bite","Bite","Bite"]},{"damage_healed":0,"gold_gain":99,"player_choice":"Stole From Cult","damage_taken":0,"max_hp_gain":0,"max_hp_loss":0,"event_name":"Nest","floor":22,"gold_loss":0}],"is_beta":true,"boss_relics":[{"not_picked":["SlaversCollar","Kintsugi"],"picked":"Runic Pyramid"}],"items_purged_floors":[3,21],"is_endless":false,"potions_floor_spawned":[1,5,10,11,16,20],"killed_by":"Book of Stabbing","ascension_level":0}}