{"host":"9bcwdp8h7kwcxx90","time":1613594422,"event":{"mods":["2.2 Compatiblity","BaseMod","Colored Map","Colored Powertips","Downfall","Infinite Spire","Minty Spire (QoL Compilation)","Permanent Neow","Quick Restart","Random Character Button","Relic Sorter","Relic Stats","Reliquary","Shop Mod","StSLib","Unknown Chances"],"gold_per_floor":[99,111,126,126,139,172,172,72,103,103,133,158,170,42,57,153,153,153,165,79,99,99,130,198,217,217,217,23,48,48,33,53,148,148,48,65,80,230,247,297,324,224,256,273,273,273,273,273,285,285,285,285],"floor_reached":50,"language":"ENG","playtime":6741,"items_purged":["downfall:Malfunctioning","Guardian:Defend_Guardian","Guardian:Strike_Guardian","Guardian:Strike_Guardian"],"score":581,"play_id":"1921444e-86e8-4e0e-a898-7a202ee68bc5","local_time":"20210217144022","is_ascension_mode":true,"campfire_choices":[{"floor":1.0,"key":"RECALL"},{"data":"Guardian:ShieldCharger","floor":8.0,"key":"SMITH"},{"data":"Guardian:DecasProtection","floor":18.0,"key":"SMITH"},{"data":"Guardian:ExploitGems","floor":35.0,"key":"SMITH"},{"data":"Guardian:PrismaticBarrier","floor":42.0,"key":"SMITH"}],"circlet_count":0,"master_deck":["Guardian:Strike_Guardian","Guardian:Defend_Guardian","Guardian:Defend_Guardian","Guardian:Defend_Guardian+1","Guardian:CurlUp","Guardian:TwinSlam","Guardian:GatlingBeam+1","Guardian:TemporalShield+1","Guardian:ShieldCharger+1","Guardian:TemporalStrike+1","Guardian:SentryBeam","Guardian:PrismaticBarrier+1","Guardian:TemporalShield","Guardian:TemporalStrike+1","Guardian:DecasProtection+1","Guardian:VentSteam","Guardian:PiercingHide","Guardian:ExploitGems+1","Guardian:PrismaticBarrier+1","Guardian:BodySlam","infinitespire:Collect","Guardian:Planning","Guardian:GatlingBeam+1","Guardian:TimeBomb","Guardian:Gem_Red","Guardian:Suspension+1","Guardian:WalkerClaw+1","Guardian:Gem_Green","Guardian:Gem_Green","Guardian:PrismaticBarrier","downfall:Aged","Guardian:Gem_Red"],"relics":["Guardian:ModeShifter","infinitespire:CursedDice","Ginger","downfall:HeartBlessingRed","Guardian:SackOfGems","MawBank","downfall:BrokenWingStatue","Coffee Dripper","infinitespire:EmpoweringShard","infinitespire:Lychee Nut","Bag of Marbles","Sozu","downfall:HeartBlessingGreen","Whetstone","downfall:HeartBlessingBlue","reliquary:Firecrackers","infinitespire:Golems Mask","Guardian:StasisEgg"],"acts_visited":["Exordium","TheCity","TheBeyond"],"potions_floor_usage":[],"damage_taken":[{"damage":1.0,"enemies":"Jaw Worm","floor":2.0,"turns":4.0},{"damage":7.0,"enemies":"2 Louse","floor":3.0,"turns":4.0},{"damage":2.0,"enemies":"Small Slimes","floor":5.0,"turns":4.0},{"damage":5.0,"enemies":"Lagavulin","floor":6.0,"turns":9.0},{"damage":9.0,"enemies":"3 Sentries","floor":9.0,"turns":8.0},{"damage":13.0,"enemies":"Lagavulin","floor":11.0,"turns":7.0},{"damage":0.0,"enemies":"Exordium Wildlife","floor":12.0,"turns":4.0},{"damage":0.0,"enemies":"downfall:FleeingMerchant","floor":14.0,"turns":4.0},{"damage":0.0,"enemies":"Gremlin Gang","floor":15.0,"turns":4.0},{"damage":4.0,"enemies":"SI_SHIV_ARCHETYPE","floor":16.0,"turns":7.0},{"damage":12.0,"enemies":"3 Byrds","floor":19.0,"turns":4.0},{"damage":0.0,"enemies":"downfall:FleeingMerchant","floor":20.0,"turns":4.0},{"damage":12.0,"enemies":"Spheric Guardian","floor":21.0,"turns":6.0},{"damage":37.0,"enemies":"Gremlin Leader","floor":23.0,"turns":12.0},{"damage":0.0,"enemies":"Snecko","floor":25.0,"turns":4.0},{"damage":0.0,"enemies":"downfall:FleeingMerchant","floor":28.0,"turns":4.0},{"damage":10.0,"enemies":"Nightmare","floor":29.0,"turns":8.0},{"damage":20.0,"enemies":"downfall:FleeingMerchant","floor":31.0,"turns":4.0},{"damage":6.0,"enemies":"Snake Plant","floor":32.0,"turns":3.0},{"damage":3.0,"enemies":"WA_ARCHETYPE_CALM","floor":33.0,"turns":7.0},{"damage":0.0,"enemies":"3 Shapes","floor":36.0,"turns":4.0},{"damage":9.0,"enemies":"3 Darklings","floor":37.0,"turns":3.0},{"damage":10.0,"enemies":"Writhing Mass","floor":39.0,"turns":4.0},{"damage":43.0,"enemies":"Reptomancer","floor":43.0,"turns":6.0},{"damage":19.0,"enemies":"Jaw Worm Horde","floor":44.0,"turns":3.0},{"damage":8,"enemies":"Sphere and 2 Shapes","floor":49,"turns":4},{"damage":18,"enemies":"IC_BLOCK_ARCHETYPE","floor":50,"turns":6}],"seed_played":"4169668780519614339","potions_obtained":[{"floor":2.0,"key":"LiquidMemories"},{"floor":11.0,"key":"Guardian:AcceleratePotion"},{"floor":12.0,"key":"Guardian:AcceleratePotion"},{"floor":16.0,"key":"DistilledChaos"},{"floor":25.0,"key":"CultistPotion"},{"floor":29.0,"key":"infinitespire:BlackPotion"},{"floor":33.0,"key":"PowerPotion"}],"is_trial":false,"path_per_floor":["R","M","M","?","M","E","T","R","E","?","E","M","?","$","M","B",null,"R","M","$","M","?","E","T","M","?","AVR","$","NM","?","$","M","B",null,"R","M","M","?","M","T","T","R","E","M","?","AVR","?","?","M","B"],"character_chosen":"GUARDIAN","items_purchased":["Guardian:VentSteam","Guardian:PrismaticBarrier","Guardian:BodySlam"],"campfire_rested":0,"item_purchase_floors":[14,20,28],"current_hp_per_floor":[80,79,72,72,70,65,65,65,56,56,43,43,43,43,43,39,80,80,68,68,56,56,19,19,19,19,19,25,21,21,7,6,9,60,60,60,53,53,49,49,49,59,22,8,8,8,8,8,6,0,0,0],"gold":285,"neow_bonus":"ONE_RANDOM_RARE_CARD","is_daily":false,"chose_seed":false,"campfire_upgraded":4,"win_rate":0.0,"timestamp":1613594422,"path_taken":["R","M","M","?","M","E","T","R","E","?","E","M","?","$","M","BOSS","R","M","$","M","?","E","T","M","?","AVR","?","NM","?","$","M","BOSS","R","M","M","?","?","?","T","R","E","M","?","AVR","?","?","M","BOSS"],"items_purchased_type":["Card","Card","Card"],"build_version":"2020-12-22","purchased_purges":4,"victory":false,"max_hp_per_floor":[80,80,80,80,80,80,80,80,80,80,80,80,80,80,80,80,80,80,80,80,80,80,80,80,80,80,60,60,60,60,60,60,60,60,60,60,60,60,60,60,60,70,70,70,70,70,70,70,70,70,70,70],"relic_stats":{"Sozu":7,"counters":[27,133],"Ginger":[24],"Whetstone":["Guardian:GatlingBeam","Guardian:TemporalStrike"],"MawBank":36,"obtain_stats":[{"downfall:HeartBlessingRed":8,"infinitespire:CursedDice":6,"Guardian:StasisEgg":47,"reliquary:Firecrackers":43,"Guardian:ModeShifter":0,"Guardian:SackOfGems":9,"downfall:HeartBlessingGreen":35,"Ginger":7,"Whetstone":41,"MawBank":11,"Sozu":34,"downfall:BrokenWingStatue":13,"infinitespire:Lychee Nut":27,"downfall:HeartBlessingBlue":42,"reliquary:Buckler":23,"infinitespire:Golems Mask":46,"Coffee Dripper":17,"infinitespire:EmpoweringShard":24,"Bag of Marbles":29},{"downfall:HeartBlessingRed":4,"infinitespire:CursedDice":4,"Guardian:StasisEgg":25,"reliquary:Firecrackers":24,"Guardian:ModeShifter":0,"Guardian:SackOfGems":5,"downfall:HeartBlessingGreen":20,"Ginger":4,"Whetstone":23,"MawBank":6,"Sozu":20,"downfall:BrokenWingStatue":7,"infinitespire:Lychee Nut":15,"downfall:HeartBlessingBlue":23,"reliquary:Buckler":14,"infinitespire:Golems Mask":25,"Coffee Dripper":10,"infinitespire:EmpoweringShard":14,"Bag of Marbles":17},{"downfall:HeartBlessingRed":19,"infinitespire:CursedDice":19,"Guardian:StasisEgg":124,"reliquary:Firecrackers":121,"Guardian:ModeShifter":0,"Guardian:SackOfGems":26,"downfall:HeartBlessingGreen":105,"Ginger":19,"Whetstone":115,"MawBank":33,"Sozu":105,"downfall:BrokenWingStatue":36,"infinitespire:Lychee Nut":79,"downfall:HeartBlessingBlue":115,"reliquary:Buckler":75,"infinitespire:Golems Mask":124,"Coffee Dripper":50,"infinitespire:EmpoweringShard":75,"Bag of Marbles":91}]},"card_choices":[{"not_picked":["Guardian:WalkerClaw","Guardian:RollAttack"],"picked":"Guardian:TemporalShield","floor":2.0},{"not_picked":["Guardian:CrystalBeam","Guardian:Gem_Green"],"picked":"Guardian:ShieldCharger","floor":3.0},{"not_picked":["Guardian:ShieldCharger","Guardian:Gem_Yellow"],"picked":"Guardian:TemporalStrike","floor":5.0},{"not_picked":["Guardian:RollAttack","Guardian:PrismaticBarrier"],"picked":"Guardian:SentryBeam","floor":6.0},{"not_picked":["Guardian:Orbwalk","Guardian:Gem_Cyan"],"picked":"Guardian:PrismaticBarrier","floor":9.0},{"not_picked":["Guardian:Gem_Green","Guardian:Gem_Lightblue"],"picked":"Guardian:TemporalShield","floor":11.0},{"not_picked":["Guardian:ConstructionForm","Guardian:WalkerClaw"],"picked":"Guardian:TemporalStrike","floor":12.0},{"not_picked":["Guardian:WalkerClaw","Guardian:RollAttack"],"picked":"Guardian:DecasProtection","floor":14.0},{"not_picked":["Guardian:Gem_Green","Guardian:Incinerate"],"picked":"Guardian:PiercingHide","floor":15.0},{"not_picked":["Guardian:AncientConstruct","Guardian:StasisEngine"],"picked":"Guardian:ExploitGems","floor":16.0},{"not_picked":["Guardian:RollAttack","Guardian:Suspension"],"picked":"Guardian:Gem_Cyan","floor":19.0},{"not_picked":["Guardian:Incinerate","Guardian:PrimingBeam"],"picked":"Guardian:Gem_Red","floor":20.0},{"not_picked":["Guardian:SpikerProtocol+1","Guardian:PrimingBeam+1"],"picked":"Guardian:Gem_Blue","floor":21.0},{"not_picked":["Guardian:Harden","Guardian:Orbwalk"],"picked":"Guardian:Gem_Red","floor":23.0},{"not_picked":["Guardian:Gem_Fragmented","Guardian:PrimingBeam"],"picked":"Guardian:Gem_Cyan","floor":25.0},{"not_picked":["Guardian:VentSteam","Guardian:Gem_Blue"],"picked":"Guardian:GemFinder","floor":28.0},{"not_picked":["infinitespire:Execution","infinitespire:FinalStrike"],"picked":"infinitespire:Collect","floor":29.0},{"not_picked":["Guardian:Gem_Lightblue","Guardian:Gem_Cyan"],"picked":"Guardian:Gem_Red","floor":29.0},{"not_picked":["Guardian:DecasProtection","Guardian:Suspension"],"picked":"Guardian:Gem_White","floor":29.0},{"not_picked":["Guardian:RefractedBeam","Guardian:PrimingBeam+1"],"picked":"Guardian:Gem_Synthetic","floor":31.0},{"not_picked":["Guardian:Gem_Lightblue","Guardian:Gem_Red"],"picked":"Guardian:Gem_Cyan","floor":32.0},{"not_picked":["Guardian:Incinerate","Guardian:BronzeOrb"],"picked":"Guardian:Planning","floor":32.0},{"not_picked":["Guardian:GemFire","Guardian:HyperBeam_Guardian"],"picked":"Guardian:GatlingBeam","floor":33.0},{"not_picked":["Guardian:Gem_Green","Guardian:Gem_Lightblue"],"picked":"Guardian:Gem_Cyan","floor":33.0},{"not_picked":["Guardian:Gem_Red","Guardian:Gem_Cyan"],"picked":"Guardian:Gem_Green","floor":36.0},{"not_picked":["Guardian:Gem_White","Guardian:Emergency+1"],"picked":"Guardian:Gem_Green","floor":36.0},{"not_picked":["Guardian:Incinerate+1","Guardian:CrystalBeam"],"picked":"Guardian:TimeBomb","floor":37.0},{"not_picked":["Guardian:Gem_Cyan","Guardian:Gem_Lightblue"],"picked":"Guardian:Gem_Red","floor":39.0},{"not_picked":["Guardian:Gem_Crimson","Guardian:TemporalShield"],"picked":"Guardian:Suspension+1","floor":39.0},{"not_picked":["Guardian:CrystalBeam+1","Guardian:ShieldCharger+1"],"picked":"Guardian:WalkerClaw+1","floor":43.0},{"not_picked":["Guardian:Gem_Red","Guardian:Gem_Lightblue"],"picked":"Guardian:Gem_Green","floor":43.0},{"not_picked":["Guardian:Gem_Lightblue","Guardian:Gem_Cyan"],"picked":"Guardian:Gem_Green","floor":44.0},{"not_picked":["Guardian:PrismaticBeam+1","Guardian:Gem_Purple"],"picked":"Guardian:PrismaticBarrier","floor":44.0},{"not_picked":["Guardian:TemporalStrike","Guardian:Orbwalk+1"],"picked":"Guardian:Gem_Red","floor":49}],"player_experience":289431,"relics_obtained":[{"floor":6.0,"key":"infinitespire:CursedDice"},{"floor":7.0,"key":"Ginger"},{"floor":9.0,"key":"Guardian:SackOfGems"},{"floor":11.0,"key":"MawBank"},{"floor":23.0,"key":"reliquary:Buckler"},{"floor":24.0,"key":"infinitespire:EmpoweringShard"},{"floor":29.0,"key":"Bag of Marbles"},{"floor":41.0,"key":"Whetstone"},{"floor":43.0,"key":"reliquary:Firecrackers"}],"event_choices":[{"damage_healed":0.0,"max_hp_gain":0.0,"max_hp_loss":0.0,"gold_gain":0.0,"event_name":"Vampires","player_choice":"Ignored","floor":26.0,"gold_loss":0.0,"damage_taken":0.0},{"cards_removed":["Guardian:GemFinder"],"damage_healed":0.0,"max_hp_gain":0.0,"max_hp_loss":0.0,"gold_gain":0.0,"event_name":"Falling","player_choice":"Removed Power","floor":45.0,"gold_loss":0.0,"damage_taken":0.0},{"damage_healed":0,"gold_gain":0,"player_choice":"Got Potions","damage_taken":0,"max_hp_gain":0,"max_hp_loss":0,"event_name":"Lab","floor":48,"gold_loss":0}],"is_beta":false,"boss_relics":[{"not_picked":["Philosopher\u0027s Stone","Velvet Choker"],"picked":"Coffee Dripper"},{"not_picked":["infinitespire:Cupcake","reliquary:ThirdArm"],"picked":"Sozu"}],"items_purged_floors":[14,27,28,46],"is_endless":false,"potions_floor_spawned":[2,11,12,16,25,29,33,36,39,43,49],"killed_by":"IC_BLOCK_ARCHETYPE","ascension_level":1}}