{"host":"ypzb5vvnu9f3ii1t","time":1613550107,"event":{"mods":["AchievementEnabler","BaseMod","Colored Map","DeckTracker","Keyboard Shortcuts","Minty Spire (QoL Compilation)","Permanent Neow","Quick Restart","SuperFastMode"],"gold_per_floor":[109,109,284,209,233,267,267,294,294,138,153,171,196,215,215,310,310,324,324,224,239,256,256,290,290,290,290,305,319,338,59,59,155,155,169,222,238,88,138,170,170,170,170,185,185,185,185,113,113,113,113,113,16,44,44],"floor_reached":56,"language":"KOR","playtime":1640,"items_purged":["Doubt","Strike_P","Strike_P+1","Defend_P"],"score":1825,"play_id":"6d208721-8603-4073-b2ed-086efd409f8a","local_time":"20210217172146","is_ascension_mode":true,"campfire_choices":[{"data":"Eruption","floor":7.0,"key":"SMITH"},{"floor":15.0,"key":"REST"},{"floor":23.0,"key":"REST"},{"data":"Adaptation","floor":25.0,"key":"SMITH"},{"floor":32.0,"key":"REST"},{"data":"Defend_P","floor":45.0,"key":"PURGE"},{"data":"Strike_P+1","floor":47.0,"key":"PURGE"},{"floor":49.0,"key":"RECALL"},{"data":"ThirdEye+1","floor":52.0,"key":"PURGE"}],"circlet_count":0,"master_deck":["Eruption+1","Adaptation+1","InnerPeace+1","Ragnarok+1","Adaptation","Vault","MentalFortress"],"relics":["PureWater","NeowsBlessing","Whetstone","Ginger","Sundial","Ice Cream","Medical Kit","Incense Burner","Astrolabe","Bag of Preparation","Eternal Feather","Lantern","Philosopher\u0027s Stone","FossilizedHelix","Peace Pipe","Shuriken","Pear"],"acts_visited":["Exordium","TheCity","TheBeyond","TheEnding"],"potions_floor_usage":[55,55,55,55],"damage_taken":[{"damage":0.0,"enemies":"Jaw Worm","floor":1.0,"turns":1.0},{"damage":0.0,"enemies":"Lagavulin","floor":6.0,"turns":1.0},{"damage":0.0,"enemies":"3 Sentries","floor":8.0,"turns":1.0},{"damage":7.0,"enemies":"2 Louse","floor":11.0,"turns":2.0},{"damage":0.0,"enemies":"Cultist","floor":12.0,"turns":2.0},{"damage":16.0,"enemies":"Gremlin Nob","floor":13.0,"turns":3.0},{"damage":8.0,"enemies":"Gremlin Gang","floor":14.0,"turns":2.0},{"damage":2.0,"enemies":"Slime Boss","floor":16.0,"turns":7.0},{"damage":12.0,"enemies":"Chosen","floor":18.0,"turns":4.0},{"damage":2.0,"enemies":"Spheric Guardian","floor":21.0,"turns":3.0},{"damage":11.0,"enemies":"3 Cultists","floor":22.0,"turns":5.0},{"damage":21.0,"enemies":"Gremlin Leader","floor":24.0,"turns":4.0},{"damage":0.0,"enemies":"Cultist and Chosen","floor":28.0,"turns":1.0},{"damage":14.0,"enemies":"Snake Plant","floor":29.0,"turns":3.0},{"damage":0.0,"enemies":"Snecko","floor":30.0,"turns":2.0},{"damage":0.0,"enemies":"Collector","floor":33.0,"turns":1.0},{"damage":0.0,"enemies":"3 Darklings","floor":35.0,"turns":2.0},{"damage":0.0,"enemies":"2 Orb Walkers","floor":36.0,"turns":2.0},{"damage":28.0,"enemies":"3 Shapes","floor":37.0,"turns":3.0},{"damage":0.0,"enemies":"Mind Bloom Boss Battle","floor":39.0,"turns":2.0},{"damage":0.0,"enemies":"Nemesis","floor":40.0,"turns":1.0},{"damage":0.0,"enemies":"Spire Growth","floor":44.0,"turns":1.0},{"damage":0.0,"enemies":"Donu and Deca","floor":50.0,"turns":1.0},{"damage":0.0,"enemies":"Shield and Spear","floor":54.0,"turns":2.0},{"damage":11,"enemies":"The Heart","floor":55,"turns":5}],"seed_played":"-4858889996259450736","potions_obtained":[{"floor":1.0,"key":"Swift Potion"},{"floor":11.0,"key":"Dexterity Potion"},{"floor":13.0,"key":"Block Potion"},{"floor":21.0,"key":"Dexterity Potion"},{"floor":24.0,"key":"FearPotion"},{"floor":37.0,"key":"CultistPotion"}],"is_trial":false,"path_per_floor":["M","?","?","$","T","E","R","E","T","$","M","M","E","M","R","B",null,"M","?","$","M","M","R","E","R","T","?","M","M","M","$","R","B",null,"M","?","M","$","?","E","$","$","T","M","R","?","R","$","R","B",null,"R","$","E","B",null],"character_chosen":"WATCHER","items_purchased":["Medical Kit","Lantern","MentalFortress","EntropicBrew"],"campfire_rested":3,"item_purchase_floors":[10,31,48,53],"current_hp_per_floor":[65,70,70,70,70,70,70,70,70,70,63,63,47,39,62,60,73,61,61,61,59,48,71,50,50,50,50,50,36,36,36,62,62,73,73,73,45,45,45,45,45,45,45,45,48,48,51,51,54,54,71,74,74,84,73],"gold":44,"neow_bonus":"THREE_ENEMY_KILL","is_daily":false,"chose_seed":false,"campfire_upgraded":2,"win_rate":0.0,"timestamp":1613550106,"path_taken":["M","?","?","$","?","E","R","E","T","$","M","M","E","?","R","BOSS","M","?","$","M","M","R","E","R","T","?","?","?","M","$","R","BOSS","M","?","M","$","?","E","?","$","T","M","R","?","R","$","R","BOSS","R","$","E","BOSS"],"items_purchased_type":["Relic","Relic","Card","Potion"],"build_version":"2020-12-22","purchased_purges":4,"victory":true,"max_hp_per_floor":[72,77,77,77,77,77,77,77,77,77,77,77,77,77,77,77,77,77,77,77,77,77,77,77,77,77,77,77,77,77,77,77,77,77,77,77,77,77,77,77,77,77,77,77,77,77,77,77,77,77,77,77,77,87,87],"card_choices":[{"not_picked":["Sanctity","SandsOfTime","ThirdEye"],"picked":"SKIP","floor":1.0},{"not_picked":["Crescendo","CutThroughFate","FlyingSleeves"],"picked":"SKIP","floor":6.0},{"not_picked":["EmptyFist","EmptyBody"],"picked":"Adaptation","floor":8.0},{"not_picked":["CutThroughFate","Nirvana","EmptyMind"],"picked":"SKIP","floor":11.0},{"not_picked":["Halt","PathToVictory","CarveReality"],"picked":"SKIP","floor":12.0},{"not_picked":["LikeWater","Perseverance","Conclude"],"picked":"SKIP","floor":13.0},{"not_picked":["Prostrate","Consecrate","DeusExMachina"],"picked":"SKIP","floor":14.0},{"not_picked":["EmptyBody","Prostrate","JustLucky"],"picked":"SKIP","floor":18.0},{"not_picked":["FlyingSleeves","Evaluate","JustLucky"],"picked":"SKIP","floor":21.0},{"not_picked":["PathToVictory","Blasphemy","Consecrate"],"picked":"SKIP","floor":22.0},{"not_picked":["SandsOfTime+1","FlurryOfBlows","WaveOfTheHand"],"picked":"SKIP","floor":24.0},{"not_picked":["TalkToTheHand","FlurryOfBlows","Protect+1"],"picked":"SKIP","floor":28.0},{"not_picked":["PathToVictory+1","FearNoEvil","SashWhip"],"picked":"SKIP","floor":29.0},{"not_picked":["CrushJoints+1","SashWhip","Halt"],"picked":"SKIP","floor":30.0},{"not_picked":["ConjureBlade","Wish"],"picked":"Vault","floor":33.0},{"not_picked":["FollowUp","Collect+1","Tantrum"],"picked":"SKIP","floor":35.0},{"not_picked":["EmptyBody+1","Protect+1","Worship"],"picked":"SKIP","floor":37.0},{"not_picked":["Wallop+1","FollowUp+1","PathToVictory"],"picked":"SKIP","floor":40.0},{"not_picked":["Adaptation+1","SandsOfTime+1","Alpha"],"picked":"SKIP","floor":44.0},{"not_picked":["Prostrate+1","BattleHymn","EmptyMind"],"picked":"SKIP","floor":54.0}],"player_experience":235730,"relics_obtained":[{"floor":5.0,"key":"Whetstone"},{"floor":6.0,"key":"Ginger"},{"floor":8.0,"key":"Sundial"},{"floor":9.0,"key":"Ice Cream"},{"floor":13.0,"key":"Incense Burner"},{"floor":24.0,"key":"Bag of Preparation"},{"floor":26.0,"key":"Eternal Feather"},{"floor":36.0,"key":"FossilizedHelix"},{"floor":39.0,"key":"Peace Pipe"},{"floor":40.0,"key":"Shuriken"},{"floor":54.0,"key":"Pear"}],"event_choices":[{"damage_healed":0.0,"max_hp_gain":5.0,"max_hp_loss":0.0,"gold_gain":0.0,"event_name":"Big Fish","player_choice":"Donut","floor":2.0,"gold_loss":0.0,"damage_taken":0.0},{"damage_healed":0.0,"max_hp_gain":0.0,"max_hp_loss":0.0,"gold_gain":175.0,"event_name":"Liars Game","player_choice":"AGREE","floor":3.0,"gold_loss":0.0,"damage_taken":0.0,"cards_obtained":["Doubt"]},{"damage_healed":0.0,"max_hp_gain":0.0,"max_hp_loss":0.0,"gold_gain":0.0,"event_name":"The Library","player_choice":"Read","floor":19.0,"gold_loss":0.0,"damage_taken":0.0,"cards_obtained":["Adaptation"]},{"cards_removed":["Vigilance"],"damage_healed":0.0,"max_hp_gain":0.0,"max_hp_loss":0.0,"gold_gain":0.0,"event_name":"Purifier","player_choice":"Purged","floor":27.0,"gold_loss":0.0,"damage_taken":0.0},{"damage_healed":0.0,"max_hp_gain":0.0,"max_hp_loss":0.0,"gold_gain":0.0,"event_name":"Mysterious Sphere","player_choice":"Fight","floor":36.0,"gold_loss":0.0,"damage_taken":0.0},{"damage_healed":0.0,"max_hp_gain":0.0,"max_hp_loss":0.0,"gold_gain":0.0,"event_name":"MindBloom","player_choice":"Fight","floor":39.0,"gold_loss":0.0,"damage_taken":0.0},{"damage_healed":0.0,"max_hp_gain":0.0,"max_hp_loss":0.0,"gold_gain":0.0,"event_name":"Tomb of Lord Red Mask","player_choice":"Ignored","floor":46.0,"gold_loss":0.0,"damage_taken":0.0}],"is_beta":false,"boss_relics":[{"not_picked":["Velvet Choker","HolyWater"],"picked":"Astrolabe"},{"not_picked":["Fusion Hammer","Snecko Eye"],"picked":"Philosopher\u0027s Stone"}],"items_purged_floors":[4,20,31,38],"is_endless":false,"potions_floor_spawned":[1,11,13,21,24,29,33,37,44],"ascension_level":7}}