{"host":"nbofzmb1hl9rnais","time":1613539227,"event":{"mods":["BaseMod","Colored Map","Minty Spire (QoL Compilation)","StSLib"],"gold_per_floor":[114,134,149,99,99,127,127,158,183,183,197,197,217,252,252,352,352,366,366,166,152,152,152,179,179,179,197,208,233,233,252,252,349,349,360,360,0,18,18,43,43,68,68,68,78,28,128,139,139,139,139,139,89,122,122,122],"floor_reached":55,"language":"ENG","playtime":3381,"items_purged":["Strike_R","Strike_R","Berserk+1","Armaments+1"],"score":834,"play_id":"bf848e53-3374-4bf7-8065-eefd74c5ae7f","local_time":"20210216212027","is_ascension_mode":true,"campfire_choices":[{"data":"Armaments","floor":7,"key":"SMITH"},{"data":"Demon Form","floor":12,"key":"SMITH"},{"data":"Berserk","floor":15,"key":"SMITH"},{"data":"Reaper","floor":23,"key":"SMITH"},{"floor":25,"key":"REST"},{"data":"True Grit","floor":30,"key":"SMITH"},{"data":"Bash","floor":32,"key":"SMITH"},{"data":"Fire Breathing","floor":41,"key":"SMITH"},{"floor":49,"key":"RECALL"},{"data":"Evolve","floor":52,"key":"SMITH"}],"circlet_count":0,"master_deck":["Defend_R+1","Defend_R+1","Defend_R","Bash+1","Pummel","Wild Strike","Armaments+1","Demon Form+1","Evolve+1","Dropkick","Reaper+1","Shrug It Off+1","Headbutt+1","Twin Strike+1","Cleave","True Grit+1","Warcry+1","Feed","Limit Break","Battle Trance+1","Fire Breathing+1"],"relics":["Burning Blood","Strawberry","War Paint","Happy Flower","Smiling Mask","Mark of Pain","Whetstone","Red Skull","Meat on the Bone","CaptainsWheel","SacredBark","Mummified Hand","Bottled Lightning","Toy Ornithopter","White Beast Statue"],"acts_visited":["Exordium","TheCity","TheBeyond","TheEnding"],"potions_floor_usage":[8,14,24,24,24,24,29,33,50],"damage_taken":[{"damage":5,"enemies":"2 Louse","floor":1,"turns":3},{"damage":12,"enemies":"Small Slimes","floor":2,"turns":5},{"damage":4,"enemies":"Cultist","floor":3,"turns":3},{"damage":42,"enemies":"3 Sentries","floor":6,"turns":11},{"damage":32,"enemies":"Lagavulin","floor":8,"turns":6},{"damage":6,"enemies":"3 Louse","floor":11,"turns":3},{"damage":14,"enemies":"Blue Slaver","floor":13,"turns":4},{"damage":29,"enemies":"Gremlin Nob","floor":14,"turns":4},{"damage":3,"enemies":"Hexaghost","floor":16,"turns":5},{"damage":32,"enemies":"Spheric Guardian","floor":18,"turns":5},{"damage":36,"enemies":"2 Thieves","floor":21,"turns":4},{"damage":40,"enemies":"Gremlin Leader","floor":24,"turns":6},{"damage":13,"enemies":"Snecko","floor":27,"turns":3},{"damage":19,"enemies":"Sentry and Sphere","floor":28,"turns":5},{"damage":44,"enemies":"Slavers","floor":29,"turns":4},{"damage":7,"enemies":"Cultist and Chosen","floor":31,"turns":4},{"damage":71,"enemies":"Champ","floor":33,"turns":8},{"damage":57,"enemies":"3 Shapes","floor":35,"turns":3},{"damage":53,"enemies":"3 Darklings","floor":38,"turns":5},{"damage":38,"enemies":"Giant Head","floor":40,"turns":7},{"damage":79,"enemies":"Reptomancer","floor":42,"turns":7},{"damage":23,"enemies":"Maw","floor":45,"turns":5},{"damage":32,"enemies":"4 Shapes","floor":48,"turns":7},{"damage":91,"enemies":"Awakened One","floor":50,"turns":9},{"damage":69,"enemies":"Shield and Spear","floor":54,"turns":6},{"damage":60,"enemies":"The Heart","floor":55,"turns":2}],"seed_played":"-3186696025542481301","potions_obtained":[{"floor":2,"key":"EntropicBrew"},{"floor":6,"key":"LiquidMemories"},{"floor":13,"key":"Strength Potion"},{"floor":14,"key":"Swift Potion"},{"floor":24,"key":"FairyPotion"},{"floor":28,"key":"Ancient Potion"},{"floor":31,"key":"LiquidMemories"},{"floor":40,"key":"BlessingOfTheForge"},{"floor":45,"key":"Strength Potion"}],"is_trial":false,"path_per_floor":["M","M","M","?","?","E","R","E","T","?","M","R","M","E","R","B",null,"M","?","$","M","?","R","E","R","T","M","M","E","R","M","R","B",null,"M","?","$","M","$","E","R","E","T","?","M","$","?","M","R","B",null,"R","$","E","B"],"character_chosen":"IRONCLAD","items_purchased":["Whetstone","Mummified Hand","Fire Breathing"],"campfire_rested":1,"item_purchase_floors":[20,37,37],"current_hp_per_floor":[80,74,76,76,69,40,40,14,14,43,43,43,35,12,12,15,87,61,61,61,31,31,31,12,38,38,59,53,47,47,58,58,24,91,70,70,70,68,68,68,68,61,61,61,66,66,66,91,91,94,94,94,94,43,0,0],"gold":122,"neow_bonus":"TRANSFORM_TWO_CARDS","is_daily":false,"chose_seed":false,"campfire_upgraded":8,"win_rate":0.0,"timestamp":1613539227,"path_taken":["M","M","M","?","?","E","R","E","T","?","M","R","M","E","R","BOSS","M","?","$","M","?","R","E","R","T","M","?","E","R","M","R","BOSS","M","?","$","M","$","E","R","E","T","?","M","?","?","M","R","BOSS","R","$","E","BOSS"],"items_purchased_type":["Relic","Relic","Card"],"build_version":"2020-12-22","purchased_purges":4,"victory":false,"max_hp_per_floor":[80,80,80,80,80,87,87,87,87,87,87,87,87,87,87,87,87,87,87,87,87,87,87,87,87,87,87,87,87,87,87,87,91,91,91,86,86,86,86,86,86,90,90,90,90,90,90,94,94,94,94,94,94,94,94,94],"card_choices":[{"not_picked":["Perfected Strike","Body Slam"],"picked":"Pummel","floor":1},{"not_picked":["Havoc","Iron Wave"],"picked":"Wild Strike","floor":2},{"not_picked":["Pommel Strike","Clash"],"picked":"Armaments","floor":3},{"not_picked":["Intimidate","Carnage"],"picked":"Warcry","floor":6},{"not_picked":["Clash","Armaments","Warcry"],"picked":"SKIP","floor":8},{"not_picked":["Havoc","Rampage"],"picked":"Demon Form","floor":11},{"not_picked":["Perfected Strike","Iron Wave"],"picked":"Evolve","floor":13},{"not_picked":["Clash","Reckless Charge"],"picked":"Dropkick","floor":14},{"not_picked":["Corruption","Juggernaut"],"picked":"Reaper","floor":16},{"not_picked":["Ghostly Armor+1","Headbutt+1"],"picked":"Shrug It Off","floor":18},{"not_picked":["Whirlwind","Sentinel"],"picked":"Cleave","floor":21},{"not_picked":["Clothesline","Headbutt"],"picked":"True Grit","floor":24},{"not_picked":["Body Slam+1","Warcry","Clash"],"picked":"SKIP","floor":27},{"not_picked":["Burning Pact","Dual Wield","Clash"],"picked":"SKIP","floor":28},{"not_picked":["Searing Blow","Sentinel"],"picked":"Warcry+1","floor":29},{"not_picked":["Wild Strike","Havoc"],"picked":"Feed","floor":31},{"not_picked":["Berserk","Feed"],"picked":"Limit Break","floor":33},{"not_picked":["Evolve","Headbutt+1"],"picked":"Battle Trance+1","floor":35},{"not_picked":["Fire Breathing+1","Warcry","Cleave"],"picked":"SKIP","floor":38},{"not_picked":["Searing Blow+1","Clothesline","Shrug It Off"],"picked":"SKIP","floor":40},{"not_picked":["Searing Blow+1","Immolate","Havoc+1"],"picked":"SKIP","floor":42},{"not_picked":["Evolve+1","Entrench"],"picked":"Armaments+1","floor":45},{"not_picked":["Clothesline+1","Infernal Blade+1","Perfected Strike+1"],"picked":"SKIP","floor":48},{"not_picked":["Evolve","Rampage","Whirlwind+1"],"picked":"SKIP","floor":54}],"player_experience":116680,"relics_obtained":[{"floor":6,"key":"Strawberry"},{"floor":8,"key":"War Paint"},{"floor":9,"key":"Happy Flower"},{"floor":14,"key":"Smiling Mask"},{"floor":24,"key":"Red Skull"},{"floor":26,"key":"Meat on the Bone"},{"floor":29,"key":"CaptainsWheel"},{"floor":40,"key":"Bottled Lightning"},{"floor":42,"key":"Toy Ornithopter"},{"floor":54,"key":"White Beast Statue"}],"event_choices":[{"cards_removed":["Doubt"],"damage_healed":0,"gold_gain":0,"player_choice":"Card Removal","damage_taken":0,"max_hp_gain":0,"max_hp_loss":0,"event_name":"The Cleric","floor":4,"gold_loss":50},{"cards_removed":["Strike_R"],"damage_healed":0,"gold_gain":0,"player_choice":"Card Removal","damage_taken":7,"max_hp_gain":0,"max_hp_loss":0,"event_name":"Golden Wing","floor":5,"gold_loss":0},{"damage_healed":29,"gold_gain":0,"player_choice":"Banana","damage_taken":0,"max_hp_gain":0,"max_hp_loss":0,"event_name":"Big Fish","floor":10,"gold_loss":0},{"damage_healed":0,"gold_gain":0,"cards_transformed":["Body Slam","Strike_R"],"player_choice":"Became Test Subject","damage_taken":0,"max_hp_gain":0,"max_hp_loss":0,"event_name":"Drug Dealer","floor":19,"gold_loss":0,"cards_obtained":["Headbutt","Twin Strike"]},{"damage_healed":0,"gold_gain":0,"player_choice":"Upgraded","damage_taken":0,"max_hp_gain":0,"max_hp_loss":0,"event_name":"Upgrade Shrine","floor":22,"gold_loss":0,"cards_upgraded":["Shrug It Off"]},{"damage_healed":0,"gold_gain":0,"player_choice":"Max HP","damage_taken":0,"max_hp_gain":0,"max_hp_loss":5,"event_name":"Winding Halls","floor":36,"gold_loss":0},{"cards_removed":["Warcry"],"damage_healed":0,"gold_gain":0,"player_choice":"Removed Skill","damage_taken":0,"max_hp_gain":0,"max_hp_loss":0,"event_name":"Falling","floor":44,"gold_loss":0},{"damage_healed":0,"gold_gain":100,"player_choice":"Pray","damage_taken":0,"max_hp_gain":0,"max_hp_loss":0,"event_name":"Golden Shrine","floor":47,"gold_loss":0}],"is_beta":false,"boss_relics":[{"not_picked":["Coffee Dripper","Empty Cage"],"picked":"Mark of Pain"},{"not_picked":["SlaversCollar","Runic Cube"],"picked":"SacredBark"}],"items_purged_floors":[20,37,46,53],"is_endless":false,"potions_floor_spawned":[2,6,13,14,24,28,31,40,45],"killed_by":"The Heart","ascension_level":2}}