{"host":"8p5c6x4qt9411139","time":1613549276,"event":{"mods":["Aspiration","BaseMod","BetterRewards","Conspire","Friendly Minions","Hubris","Infinite Spire","Minty Spire (QoL Compilation)","Quick Restart","Relic Stats","Replay The Spire","Shop Mod","Spire Arcade","StSLib","The Jungle"],"gold_per_floor":[116,116,132,148,148,148,183,183,194,194,194,194,225,237,249,261,350,362,388,400,412,424,456,497,526,538,629,641,653,665,677,689,689],"floor_reached":32,"language":"ENG","playtime":986,"items_purged":["Strike_R","Defend_R","Strike_R","Strike_R"],"score":648,"play_id":"51ea33d1-0a4e-41f6-8e1c-0e932e9ae650","local_time":"20210217000756","is_ascension_mode":true,"campfire_choices":[{"data":"infinitespire:OneForAll","floor":6.0,"key":"SMITH"},{"floor":8.0,"key":"DIG"},{"floor":12.0,"key":"DIG"},{"data":"Bludgeon","floor":14.0,"key":"SMITH"},{"data":"hubris:ReadiedAction","floor":16.0,"key":"SMITH"},{"floor":26,"key":"DIG"},{"floor":28,"key":"DIG"},{"floor":30,"key":"DIG"}],"circlet_count":0,"master_deck":["AscendersBane","Strike_R","Defend_R","Defend_R","Bash+1","Shrug It Off","Bludgeon+1","hubris:ReadiedAction+1","Thunderclap","infinitespire:OneForAll+1","Headbutt","ReplayTheSpireMod:Stacked"],"relics":["Burning Blood","FossilizedHelix","hubris:BundleOfHerbs","hubris:TinFlute","Orrery","Turnip","Shovel","aspiration:StickyExplosives_weak","hubris:Towel","Replay:Bottled Snecko","hubris:FunFungus","ReplayTheSpireMod:Lightbulb","MawBank","ChewingGum","CaptainsWheel","infinitespire:Golems Mask","infinitespire:ShieldingShard","BranchBurnRelic","MealTicket","WingedGreaves","aspiration:ChemicalBlood"],"acts_visited":["TheCity"],"potions_floor_usage":[],"damage_taken":[{"damage":0.0,"enemies":"Cultist","floor":1.0,"turns":3.0},{"damage":0.0,"enemies":"2 Louse","floor":3.0,"turns":4.0},{"damage":0.0,"enemies":"Small Slimes","floor":4.0,"turns":3.0},{"damage":0.0,"enemies":"Gremlin Nob","floor":7.0,"turns":3.0},{"damage":0.0,"enemies":"3 Louse","floor":9.0,"turns":2.0},{"damage":0.0,"enemies":"Red Slaver","floor":13.0,"turns":3.0},{"damage":47.0,"enemies":"The Guardian","floor":17.0,"turns":6.0},{"damage":6.0,"enemies":"2 Thieves","floor":19.0,"turns":3.0},{"damage":0,"enemies":"Shell Parasite","floor":23,"turns":2},{"damage":18,"enemies":"Slavers","floor":24,"turns":5},{"damage":21,"enemies":"conspire:HollyBat","floor":25,"turns":5},{"damage":46,"enemies":"Book of Stabbing","floor":32,"turns":5}],"seed_played":"9182527303113449256","potions_obtained":[{"floor":1.0,"key":"Strength Potion"},{"floor":3.0,"key":"DistilledChaos"},{"floor":7.0,"key":"Reflective Coating"},{"floor":19.0,"key":"Adrenaline Potion"},{"floor":32,"key":"DistilledChaos"}],"is_trial":false,"path_per_floor":["M","T","M","M","?","R","E","R","M","T","?","R","M","R","$","R","B",null,"M","?","AVR","?","M","E","M","R","T","R","T","R","?","E"],"character_chosen":"IRONCLAD","items_purchased":["FossilizedHelix","Shrug It Off","hubris:TinFlute","Orrery","Shovel","infinitespire:OneForAll"],"campfire_rested":0,"item_purchase_floors":[0,0,0,0,0,0],"current_hp_per_floor":[27,27,33,39,39,39,45,45,52,52,52,52,63,63,63,63,23,62,63,63,63,63,70,62,51,51,51,51,51,51,51,25,25],"gold":689,"neow_bonus":"","is_daily":false,"chose_seed":false,"campfire_upgraded":3,"win_rate":0.0,"timestamp":1613549276,"path_taken":["M","?","M","M","?","R","E","R","M","T","?","R","?","R","$","R","BOSS","M","?","AVR","?","?","E","M","R","T","R","?","R","?","E"],"items_purchased_type":["Relic","Card","Relic","Relic","Relic","Card"],"build_version":"2020-12-22","purchased_purges":4,"victory":false,"max_hp_per_floor":[75,75,75,75,75,75,75,75,75,75,75,75,75,75,75,75,75,75,75,75,75,75,75,75,75,75,75,75,75,75,75,75,75],"relic_stats":{"Shovel":14,"counters":[87,261],"MealTicket":0,"Turnip":[1],"MawBank":240,"obtain_stats":[{"infinitespire:BottledMercury":10,"CeramicFish":13,"Vajra":29,"Whetstone":9,"hubris:MysteriousPyramids":8,"Sling":55,"Replay:Ringing Soul":61,"infinitespire:ShieldingShard":27,"DollysMirror":31,"Strawberry":49,"MealTicket":49,"hubris:DeckOfHolding":27,"infinitespire:Golems Mask":25,"Philosopher\u0027s Stone":52,"Iron Hammer":41,"Kunai":11,"aspiration:DSix":6,"hubris:TinFlute":49,"hubris:MobiusCoin":10,"MerchantsRug":41,"Pear":48,"Astrolabe":36,"Blue Candle":46,"Dead Branch":26,"Oddly Smooth Stone":45,"Pen Nib":45,"infinitespire:Magic Flask":30,"War Paint":16,"Du-Vu Doll":26,"Runic Dome":37,"ReplayTheSpireMod:Spearhead":35,"Bottled Flame":40,"Replay:Baseball":47,"ReplayTheSpireMod:Shallot":10,"MutagenicStrength":21,"ReplayTheSpireMod:TigerMarble":0,"Grinning Jar":31,"infinitespire:PuzzleCube":27,"infinitespire:Cupcake":18,"Meat on the Bone":47,"aspiration:Lifesprig":7,"Lantern":40,"aspiration:TomeofQuesting":33,"Juzu Bracelet":40,"Replay:Multitool":0,"hubris:SlimyHat":7,"hubris:RunicObelisk":18,"Ancient Tea Set":32,"Burning Blood":0,"aspiration:StickyExplosives_weak":2,"BranchBurnRelic":28,"Dream Catcher":44,"Matryoshka":31,"hubris:Icosahedron":39,"hubris:Backtick":49,"Shovel":0,"Tiny Chest":27,"hubris:IronBody":25,"hubris:FunFungus":8,"WingedGreaves":29,"Red Mask":21,"Replay:Bottled Snecko":7,"Red Skull":53,"aspiration:ChemicalBlood":22,"Lee\u0027s Waffle":41,"hubris:64BitClover":42,"Self Forming Clay":29,"Guide Book":43,"Thread and Needle":0,"PreservedInsect":38,"hubris:MedicalManual":0,"aspiration:HummingbirdHeart":0,"Odd Mushroom":60,"hubris:Towel":5,"MawBank":12,"Pondfish Scales":0,"Anchor":59,"CaptainsWheel":21,"infinitespire:WardingShard":46,"infinitespire:Satchel":52,"Orrery":0,"ChewingGum":18,"hubris:BundleOfHerbs":0,"Turnip":0,"Bag of Marbles":0,"Coffee Dripper":18,"Art of War":28,"Membership Card":0,"Bottled Lightning":9,"ReplayTheSpireMod:Lightbulb":10,"Toy Ornithopter":30,"FossilizedHelix":49,"hubris:OldNail":12},{"infinitespire:BottledMercury":4,"CeramicFish":6,"Vajra":34,"Whetstone":4,"hubris:MysteriousPyramids":47,"Sling":70,"Replay:Ringing Soul":74,"infinitespire:ShieldingShard":86,"DollysMirror":12,"Strawberry":67,"MealTicket":19,"hubris:DeckOfHolding":33,"infinitespire:Golems Mask":55,"Philosopher\u0027s Stone":68,"Iron Hammer":38,"Kunai":48,"aspiration:DSix":46,"hubris:TinFlute":19,"hubris:MobiusCoin":25,"MerchantsRug":38,"Pear":38,"Astrolabe":15,"Blue Candle":18,"Dead Branch":86,"Oddly Smooth Stone":18,"Pen Nib":18,"infinitespire:Magic Flask":56,"War Paint":51,"Du-Vu Doll":55,"Runic Dome":36,"ReplayTheSpireMod:Spearhead":35,"Bottled Flame":38,"Replay:Baseball":38,"ReplayTheSpireMod:Shallot":48,"MutagenicStrength":10,"ReplayTheSpireMod:TigerMarble":21,"Grinning Jar":12,"infinitespire:PuzzleCube":55,"infinitespire:Cupcake":28,"Meat on the Bone":65,"aspiration:Lifesprig":4,"Lantern":16,"aspiration:TomeofQuesting":58,"Juzu Bracelet":16,"Replay:Multitool":42,"hubris:SlimyHat":46,"hubris:RunicObelisk":52,"Ancient Tea Set":13,"Burning Blood":0,"aspiration:StickyExplosives_weak":76,"BranchBurnRelic":86,"Dream Catcher":63,"Matryoshka":12,"hubris:Icosahedron":16,"hubris:Backtick":19,"Shovel":42,"Tiny Chest":12,"hubris:IronBody":12,"hubris:FunFungus":79,"WingedGreaves":86,"Red Mask":54,"Replay:Bottled Snecko":79,"Red Skull":41,"aspiration:ChemicalBlood":10,"Lee\u0027s Waffle":38,"hubris:64BitClover":17,"Self Forming Clay":56,"Guide Book":38,"Thread and Needle":21,"PreservedInsect":16,"hubris:MedicalManual":21,"aspiration:HummingbirdHeart":0,"Odd Mushroom":74,"hubris:Towel":78,"MawBank":80,"Pondfish Scales":0,"Anchor":73,"CaptainsWheel":83,"infinitespire:WardingShard":64,"infinitespire:Satchel":41,"Orrery":75,"ChewingGum":82,"hubris:BundleOfHerbs":75,"Turnip":75,"Bag of Marbles":0,"Coffee Dripper":9,"Art of War":55,"Membership Card":21,"Bottled Lightning":25,"ReplayTheSpireMod:Lightbulb":80,"Toy Ornithopter":12,"FossilizedHelix":39,"hubris:OldNail":49},{"infinitespire:BottledMercury":12,"CeramicFish":17,"Vajra":127,"Whetstone":12,"hubris:MysteriousPyramids":170,"Sling":211,"Replay:Ringing Soul":216,"infinitespire:ShieldingShard":256,"DollysMirror":42,"Strawberry":208,"MealTicket":72,"hubris:DeckOfHolding":124,"infinitespire:Golems Mask":191,"Philosopher\u0027s Stone":209,"Iron Hammer":149,"Kunai":172,"aspiration:DSix":167,"hubris:TinFlute":72,"hubris:MobiusCoin":93,"MerchantsRug":149,"Pear":149,"Astrolabe":57,"Blue Candle":70,"Dead Branch":256,"Oddly Smooth Stone":70,"Pen Nib":70,"infinitespire:Magic Flask":192,"War Paint":179,"Du-Vu Doll":191,"Runic Dome":138,"ReplayTheSpireMod:Spearhead":128,"Bottled Flame":149,"Replay:Baseball":149,"ReplayTheSpireMod:Shallot":172,"MutagenicStrength":32,"ReplayTheSpireMod:TigerMarble":87,"Grinning Jar":42,"infinitespire:PuzzleCube":191,"infinitespire:Cupcake":102,"Meat on the Bone":205,"aspiration:Lifesprig":12,"Lantern":62,"aspiration:TomeofQuesting":195,"Juzu Bracelet":62,"Replay:Multitool":155,"hubris:SlimyHat":167,"hubris:RunicObelisk":181,"Ancient Tea Set":47,"Burning Blood":0,"aspiration:StickyExplosives_weak":221,"BranchBurnRelic":256,"Dream Catcher":203,"Matryoshka":42,"hubris:Icosahedron":62,"hubris:Backtick":72,"Shovel":155,"Tiny Chest":42,"hubris:IronBody":42,"hubris:FunFungus":230,"WingedGreaves":256,"Red Mask":189,"Replay:Bottled Snecko":230,"Red Skull":153,"aspiration:ChemicalBlood":32,"Lee\u0027s Waffle":149,"hubris:64BitClover":67,"Self Forming Clay":192,"Guide Book":149,"Thread and Needle":87,"PreservedInsect":62,"hubris:MedicalManual":87,"aspiration:HummingbirdHeart":0,"Odd Mushroom":216,"hubris:Towel":227,"MawBank":232,"Pondfish Scales":0,"Anchor":214,"CaptainsWheel":244,"infinitespire:WardingShard":204,"infinitespire:Satchel":153,"Orrery":218,"ChewingGum":241,"hubris:BundleOfHerbs":218,"Turnip":218,"Bag of Marbles":0,"Coffee Dripper":30,"Art of War":191,"Membership Card":87,"Bottled Lightning":93,"ReplayTheSpireMod:Lightbulb":232,"Toy Ornithopter":42,"FossilizedHelix":150,"hubris:OldNail":173}],"Burning Blood":348},"card_choices":[{"not_picked":["Twin Strike","Run Through"],"picked":"Bludgeon","floor":0.0},{"not_picked":["Carnage","Replay:Undeath\u0027s Touch"],"picked":"hubris:ReadiedAction","floor":0.0},{"not_picked":["Inflame","Pommel Strike"],"picked":"Thunderclap","floor":0.0},{"not_picked":["Twin Strike","conspire:HitWhereItHurts","Perfected Strike"],"picked":"SKIP","floor":1.0},{"not_picked":["ReplayTheSpireMod:Limb From Limb","conspire:ExplosiveBarrier","Clash"],"picked":"SKIP","floor":3.0},{"not_picked":["Heavy Blade","hubris:SharpeningStone","Burning Pact"],"picked":"SKIP","floor":4.0},{"not_picked":["Dual Wield","Flame Barrier"],"picked":"Headbutt","floor":7.0},{"not_picked":["True Grit","ReplayTheSpireMod:Strike From Hell"],"picked":"ReplayTheSpireMod:Stacked","floor":9.0},{"not_picked":["Sword Boomerang","Heavy Blade","Thunderclap"],"picked":"SKIP","floor":13.0},{"not_picked":["Perfected Strike","Abandon","ReplayTheSpireMod:Strike From Hell"],"picked":"SKIP","floor":19.0},{"not_picked":["Feel No Pain","Uppercut","ReplayTheSpireMod:Limb From Limb"],"picked":"SKIP","floor":23},{"not_picked":["Hemogenesis","Clash+1","Armaments"],"picked":"SKIP","floor":24},{"not_picked":["Heavy Blade+1","Entrench","ReplayTheSpireMod:Strike From Hell"],"picked":"SKIP","floor":25}],"player_experience":435656,"relics_obtained":[{"floor":2.0,"key":"aspiration:StickyExplosives_weak"},{"floor":7.0,"key":"Replay:Bottled Snecko"},{"floor":8.0,"key":"hubris:FunFungus"},{"floor":10.0,"key":"ReplayTheSpireMod:Lightbulb"},{"floor":12.0,"key":"MawBank"},{"floor":24,"key":"infinitespire:Golems Mask"},{"floor":26,"key":"Dead Branch"},{"floor":27,"key":"infinitespire:ShieldingShard"},{"floor":28,"key":"MealTicket"},{"floor":29,"key":"WingedGreaves"},{"floor":30,"key":"aspiration:ChemicalBlood"}],"event_choices":[{"cards_removed":["Defend_R"],"damage_healed":0.0,"max_hp_gain":0.0,"max_hp_loss":0.0,"gold_gain":0.0,"event_name":"Bonfire Elementals","player_choice":"Offered Basic","floor":11.0,"gold_loss":0.0,"damage_taken":0.0},{"cards_removed":["Strike_R"],"damage_healed":0.0,"max_hp_gain":0.0,"max_hp_loss":0.0,"gold_gain":0.0,"event_name":"Back to Basics","player_choice":"Elegance","floor":20.0,"gold_loss":0.0,"damage_taken":0.0},{"damage_healed":0,"gold_gain":0,"player_choice":"Ignored","damage_taken":0,"max_hp_gain":0,"max_hp_loss":0,"event_name":"Transmorgrifier","floor":22,"gold_loss":0}],"is_beta":false,"boss_relics":[{"not_picked":["Mark of Pain","hubris:HollowSoul"],"picked":"ChewingGum"}],"items_purged_floors":[0,0,0,21],"is_endless":false,"potions_floor_spawned":[1,3,7,19,24],"killed_by":"Book of Stabbing","ascension_level":14}}