{"host":"v86vpwf004p2esb7","time":1613533705,"event":{"mods":["AchievementEnabler","BaseMod","BetterRewards","Colored Powertips","Minty Spire (QoL Compilation)","Quick Restart","StSLib","Transform Curses"],"gold_per_floor":[118,135,152,152,166,200,200,218,245,258,270,345,345,375,375,474,474,488,488,165,165,80,111,126,161,184,209,209,9,9,9,9,108,108,124,139,189,201,201,201,201],"floor_reached":40,"language":"ENG","playtime":1730,"items_purged":[],"score":572,"play_id":"29bb7501-a882-4ef1-be03-b60d37378a12","local_time":"20210216194825","is_ascension_mode":true,"campfire_choices":[{"floor":7,"key":"REST"},{"floor":13,"key":"REST"},{"data":"Burst","floor":15,"key":"SMITH"},{"floor":28,"key":"RECALL"},{"data":"Mayhem","floor":30,"key":"SMITH"},{"data":"Infinite Blades","floor":32,"key":"SMITH"}],"circlet_count":0,"master_deck":["Defend_G","Defend_G","Defend_G","Defend_G","Defend_G","Survivor","Neutralize","Blade Dance","Infinite Blades","Poisoned Stab","Blade Dance","Accuracy","Well Laid Plans","Finisher","Burst+1","Blade Dance","Blur","Dodge and Roll","Dodge and Roll","Adrenaline","Caltrops+1","Bite","Bite","Bite","Bite","Bite","Accuracy","Accuracy+1","Deflect+1","Dodge and Roll","Infinite Blades+1","Mayhem+1","Burst","Concentrate+1","Dagger Spray+1","Finisher+1","Terror"],"relics":["Ring of the Snake","Incense Burner","Calipers","Potion Belt","MealTicket","Black Star","Question Card","Boot","CaptainsWheel","Du-Vu Doll","Happy Flower","InkBottle","PreservedInsect","Peace Pipe","Oddly Smooth Stone","Nilry\u0027s Codex","WristBlade","Prayer Wheel","Ancient Tea Set"],"acts_visited":["Exordium","TheCity","TheBeyond"],"potions_floor_usage":[6],"damage_taken":[{"damage":1,"enemies":"Cultist","floor":1,"turns":3},{"damage":0,"enemies":"2 Louse","floor":2,"turns":2},{"damage":0,"enemies":"Small Slimes","floor":3,"turns":3},{"damage":6,"enemies":"2 Fungi Beasts","floor":5,"turns":4},{"damage":2,"enemies":"Gremlin Nob","floor":6,"turns":3},{"damage":3,"enemies":"Looter","floor":8,"turns":3},{"damage":0,"enemies":"Large Slime","floor":10,"turns":4},{"damage":0,"enemies":"2 Fungi Beasts","floor":11,"turns":2},{"damage":6,"enemies":"Lagavulin","floor":14,"turns":5},{"damage":37,"enemies":"The Guardian","floor":16,"turns":8},{"damage":17,"enemies":"Spheric Guardian","floor":18,"turns":5},{"damage":17,"enemies":"Slavers","floor":23,"turns":5},{"damage":2,"enemies":"Chosen","floor":24,"turns":3},{"damage":4,"enemies":"Gremlin Leader","floor":25,"turns":5},{"damage":29,"enemies":"Slavers","floor":27,"turns":5},{"damage":14,"enemies":"Champ","floor":33,"turns":8},{"damage":19,"enemies":"3 Shapes","floor":35,"turns":4},{"damage":17,"enemies":"3 Darklings","floor":36,"turns":2},{"damage":6,"enemies":"Mind Bloom Boss Battle","floor":37,"turns":4},{"damage":10,"enemies":"Jaw Worm Horde","floor":38,"turns":3},{"damage":73,"enemies":"Giant Head","floor":40,"turns":6}],"seed_played":"-6414692283161457952","potions_obtained":[{"floor":2,"key":"Fire Potion"},{"floor":6,"key":"Strength Potion"},{"floor":11,"key":"Ancient Potion"},{"floor":16,"key":"DuplicationPotion"},{"floor":25,"key":"AttackPotion"},{"floor":33,"key":"BlessingOfTheForge"},{"floor":37,"key":"DuplicationPotion"}],"is_trial":false,"path_per_floor":["M","M","M","?","M","E","R","M","T","M","M","?","R","E","R","B",null,"M","?","$","?","?","E","M","E","T","E","R","$","R","?","R","B",null,"M","M","?","M","?","E"],"character_chosen":"THE_SILENT","items_purchased":["Incense Burner","Calipers","Blade Dance","FairyPotion","Infinite Blades","Accuracy","Question Card","Infinite Blades","Mayhem"],"campfire_rested":2,"item_purchase_floors":[0,0,0,0,0,20,20,29,29],"current_hp_per_floor":[37,37,37,37,31,29,50,47,47,47,47,36,57,51,51,14,70,53,49,49,49,49,38,40,46,46,25,25,40,40,24,24,16,49,32,15,13,9,9,0,0],"gold":201,"neow_bonus":"","is_daily":false,"chose_seed":false,"campfire_upgraded":3,"win_rate":0.0,"timestamp":1613533705,"path_taken":["M","M","?","?","M","E","R","M","T","M","M","?","R","E","R","BOSS","M","?","$","?","?","E","M","E","T","E","R","$","R","?","R","BOSS","M","M","?","M","?","E"],"items_purchased_type":["Relic","Relic","Card","Potion","Card","Card","Relic","Card","Card"],"build_version":"2020-12-22","purchased_purges":0,"victory":false,"max_hp_per_floor":[70,70,70,70,70,70,70,70,70,70,70,70,70,70,70,70,70,70,49,49,49,49,49,49,49,49,49,49,49,49,49,49,49,49,49,49,49,49,49,49,49],"card_choices":[{"not_picked":["PiercingWail","Dagger Throw"],"picked":"Blade Dance","floor":1},{"not_picked":["Bane","Underhanded Strike"],"picked":"Accuracy","floor":2},{"not_picked":["Quick Slash","Acrobatics"],"picked":"Well Laid Plans","floor":3},{"not_picked":["Bane","Cloak And Dagger"],"picked":"Finisher","floor":5},{"not_picked":["Dagger Throw","Endless Agony"],"picked":"Burst","floor":6},{"not_picked":["Flying Knee","Dagger Spray"],"picked":"Blade Dance","floor":8},{"not_picked":["Heel Hook","Reflex"],"picked":"Blur","floor":10},{"not_picked":["Prepared","Sucker Punch"],"picked":"Dodge and Roll","floor":11},{"not_picked":["Endless Agony","Masterful Stab"],"picked":"Dodge and Roll","floor":14},{"not_picked":["Unload","Night Terror"],"picked":"Adrenaline","floor":16},{"not_picked":["Tactician+1","Bouncing Flask"],"picked":"Caltrops+1","floor":18},{"not_picked":["A Thousand Cuts","Prepared","Bouncing Flask","Flying Knee"],"picked":"SKIP","floor":23},{"not_picked":["Sucker Punch","Flechettes+1","Distraction"],"picked":"Accuracy+1","floor":24},{"not_picked":["Underhanded Strike","Blur","Sucker Punch"],"picked":"Deflect+1","floor":25},{"not_picked":["Bane","Prepared","Dagger Throw+1"],"picked":"Dodge and Roll","floor":27},{"not_picked":["Unload","Doppelganger","Tools of the Trade"],"picked":"Burst","floor":33},{"not_picked":["Dagger Spray+1","Deadly Poison","Quick Slash+1"],"picked":"Concentrate+1","floor":35},{"not_picked":["Poisoned Stab","Backflip","Well Laid Plans"],"picked":"Dagger Spray+1","floor":36},{"not_picked":["Dagger Spray","Dagger Throw+1","Noxious Fumes+1"],"picked":"Finisher+1","floor":37},{"not_picked":["Prepared","Dagger Throw","Flying Knee+1"],"picked":"Terror","floor":38},{"not_picked":["Backflip+1","Venomology","Quick Slash","Deadly Poison"],"picked":"SKIP","floor":38}],"player_experience":278664,"relics_obtained":[{"floor":6,"key":"Potion Belt"},{"floor":14,"key":"MealTicket"},{"floor":23,"key":"CaptainsWheel"},{"floor":23,"key":"Du-Vu Doll"},{"floor":25,"key":"Happy Flower"},{"floor":25,"key":"InkBottle"},{"floor":26,"key":"PreservedInsect"},{"floor":27,"key":"Peace Pipe"},{"floor":27,"key":"Oddly Smooth Stone"},{"floor":31,"key":"Nilry\u0027s Codex"},{"floor":37,"key":"Prayer Wheel"}],"event_choices":[{"damage_healed":0,"gold_gain":0,"player_choice":"Ignored","damage_taken":0,"max_hp_gain":0,"max_hp_loss":0,"event_name":"Golden Wing","floor":4,"gold_loss":0},{"damage_healed":0,"gold_gain":75,"player_choice":"Gather Gold","damage_taken":11,"max_hp_gain":0,"max_hp_loss":0,"event_name":"World of Goop","floor":12,"gold_loss":0},{"damage_healed":0,"gold_gain":0,"player_choice":"Became a vampire","damage_taken":0,"max_hp_gain":0,"max_hp_loss":21,"event_name":"Vampires","floor":19,"gold_loss":0,"cards_obtained":["Bite","Bite","Bite","Bite","Bite"]},{"damage_healed":0,"gold_gain":0,"player_choice":"Ignored","damage_taken":0,"max_hp_gain":0,"max_hp_loss":0,"event_name":"Ghosts","floor":21,"gold_loss":0},{"damage_healed":0,"gold_gain":0,"player_choice":"Obtained Relic","damage_taken":0,"relics_obtained":["Boot"],"max_hp_gain":0,"max_hp_loss":0,"event_name":"Addict","floor":22,"gold_loss":85},{"damage_healed":0,"gold_gain":0,"player_choice":"Obtained Book","damage_taken":16,"max_hp_gain":0,"max_hp_loss":0,"event_name":"Cursed Tome","floor":31,"gold_loss":0},{"damage_healed":0,"gold_gain":0,"player_choice":"Fight","damage_taken":0,"max_hp_gain":0,"max_hp_loss":0,"event_name":"MindBloom","floor":37,"gold_loss":0},{"damage_healed":0,"gold_gain":0,"player_choice":"Gave Potion","damage_taken":0,"relics_obtained":["Ancient Tea Set"],"max_hp_gain":0,"max_hp_loss":0,"event_name":"WeMeetAgain","floor":39,"gold_loss":0}],"is_beta":false,"boss_relics":[{"not_picked":["SlaversCollar","Cursed Key"],"picked":"Black Star"},{"not_picked":["Coffee Dripper","Empty Cage"],"picked":"WristBlade"}],"items_purged_floors":[],"is_endless":false,"potions_floor_spawned":[2,6,11,16,25,27,33,37],"killed_by":"Giant Head","ascension_level":3}}