{"host":"o9lehcdjc4u6j9un","time":1613591246,"event":{"mods":["Aspiration","BaseMod","Better-Laid Plans","Bossed Relics","Colored Map","Downfall","Gremlin Mod","Hermit","Marisa£®ÏF”Í°°ƒß¿Ì…≥£©","Minty Spire (QoL Compilation)","Reimu£®≤©¿ˆ¡È√Œ£©","Remilia£®¿Ÿ√◊¿Ú—«£©","StSLib","The Alterego","The Hierophant","The Jungle","The Marked","The Runesmith","The Senshi","The Servant 0.9.4","Yakumo Yukari mod","Youmu£®ªÍ∆«—˝√Œ£©","≤–¡Ù÷ÆŒÔ"],"gold_per_floor":[116,128,128,28,42,81,97,137,184,209,209,227,260,283,283,404,404,423,436,436,450,103,103,103],"floor_reached":23,"language":"ZHS","playtime":2363,"items_purged":["theSenshi:SailorKick","Shame"],"score":215,"play_id":"6c8b18ba-52f9-44a3-ba9f-f087460b3c09","local_time":"20210218034726","is_ascension_mode":false,"campfire_choices":[{"floor":11,"key":"REST"},{"floor":15,"key":"REST"}],"circlet_count":0,"master_deck":["theSenshi:SailorKick","theSenshi:SailorKick","theSenshi:SailorKick","theSenshi:SailorBlock","theSenshi:SailorBlock","theSenshi:SailorBlock","theSenshi:SailorBlock","theSenshi:RoseThrow","theSenshi:MoonPrismPowerMakeUp","Forethought","theSenshi:CrisisMakeUp","theSenshi:MoonTwilightFlash","theSenshi:SailorMarsAssists","theSenshi:SailorMarsAssists","theSenshi:SailorMercuryAssists","theSenshi:MoonTiaraMagic","theSenshi:GatheringStrength","theSenshi:MoonKick","theSenshi:SchoolBag","theSenshi:LateForSchool","theSenshi:SteeledNerves","theSenshi:JupitersPower","theSenshi:MoonsReflection+1","theSenshi:Sidestep","theSenshi:TuxedoSmokingBomber+1"],"relics":["theSenshi:TransformationBroochRelic","Golden Idol","Question Card","Pantograph","Blood Vial","Mastiff:ReiMu","Black Star","theJungle:PaperFaux","Bottled Flame"],"acts_visited":["Exordium","Exordium"],"potions_floor_usage":[6,6,10,16],"damage_taken":[{"damage":1,"enemies":"2 Louse","floor":1,"turns":4},{"damage":1,"enemies":"Jaw Worm","floor":2,"turns":6},{"damage":2,"enemies":"Small Slimes","floor":5,"turns":4},{"damage":2,"enemies":"Lagavulin","floor":6,"turns":7},{"damage":4,"enemies":"Looter","floor":7,"turns":3},{"damage":27,"enemies":"Gremlin Nob","floor":8,"turns":4},{"damage":10,"enemies":"Large Slime","floor":10,"turns":5},{"damage":1,"enemies":"Blue Slaver","floor":12,"turns":4},{"damage":36,"enemies":"3 Sentries","floor":13,"turns":9},{"damage":14,"enemies":"Exordium Thugs","floor":14,"turns":5},{"damage":33,"enemies":"The Guardian","floor":16,"turns":12},{"damage":7,"enemies":"theJungle:GiantWrat","floor":18,"turns":6},{"damage":29,"enemies":"theJungle:MUSHROOMGANG","floor":19,"turns":6},{"damage":40,"enemies":"theJungle:Snecko_Cultist_And_Trap","floor":21,"turns":10},{"damage":29,"enemies":"theJungle:MamaSnecko","floor":23,"turns":4}],"seed_played":"-1506715336706024127","potions_obtained":[{"floor":1,"key":"Regen Potion"},{"floor":5,"key":"Weak Potion"},{"floor":7,"key":"PowerPotion"},{"floor":14,"key":"Fire Potion"},{"floor":16,"key":"Dexterity Potion"},{"floor":18,"key":"Ancient Potion"}],"is_trial":false,"path_per_floor":["M","M","?","$","M","E","M","E","T","M","R","M","E","M","R","B",null,"M","M","?","M","$","E"],"character_chosen":"THE_SENSHI","items_purchased":["theSenshi:SailorMarsAssists","Bottled Flame"],"campfire_rested":2,"item_purchase_floors":[4,22],"current_hp_per_floor":[74,73,55,55,53,63,59,32,32,24,46,47,13,1,23,17,75,68,41,41,3,3,0,0],"gold":103,"neow_bonus":"RANDOM_COLORLESS","is_daily":false,"chose_seed":false,"campfire_upgraded":0,"win_rate":0.0,"timestamp":1613591246,"path_taken":["M","M","?","$","M","E","M","E","T","M","R","M","E","M","R","BOSS","M","M","?","M","$","E"],"items_purchased_type":["Card","Relic"],"build_version":"2020-12-22","purchased_purges":2,"victory":false,"max_hp_per_floor":[75,75,75,75,75,75,75,75,75,75,75,75,75,75,75,75,75,75,75,75,75,75,75,75],"card_choices":[{"not_picked":["Deep Breath","Mind Blast"],"picked":"Forethought","floor":0},{"not_picked":["theSenshi:MoonHealingEscalation","theSenshi:Sidestep"],"picked":"theSenshi:CrisisMakeUp","floor":1},{"not_picked":["theSenshi:DramaticEntrance","theSenshi:TuxedoSmokingBomber"],"picked":"theSenshi:MoonTwilightFlash","floor":2},{"not_picked":["theSenshi:MoonsReflection","theSenshi:Sidestep"],"picked":"theSenshi:SailorMarsAssists","floor":5},{"not_picked":["theSenshi:MoonSpiralHeartAttack","theSenshi:HesSoDreamy"],"picked":"theSenshi:SailorMercuryAssists","floor":6},{"not_picked":["theSenshi:MoonSpiralHeartAttack","theSenshi:SaturnsMystery","theSenshi:LunaWiseMentor"],"picked":"theSenshi:MoonTiaraMagic","floor":7},{"not_picked":["theSenshi:MoonPower","theSenshi:Sidestep","theSenshi:SailorCosmosAssists"],"picked":"theSenshi:GatheringStrength","floor":8},{"not_picked":["theSenshi:SailorPlanetPower","theSenshi:SailorChibiMoonAssists","theSenshi:MoonPower"],"picked":"theSenshi:MoonKick","floor":10},{"not_picked":["theSenshi:MoonlightKnight","theSenshi:EncouragingSpeech","theSenshi:PlutosSolemnity"],"picked":"theSenshi:SchoolBag","floor":12},{"not_picked":["theSenshi:WarriorOfTheMoon","theSenshi:SupersonicWaves","theSenshi:TuxedoSmokingBomber"],"picked":"theSenshi:LateForSchool","floor":13},{"not_picked":["theSenshi:Sidestep","theSenshi:LateForSchool","theSenshi:MercurysCunning"],"picked":"theSenshi:SteeledNerves","floor":14},{"not_picked":["theSenshi:SailorStarHealerAssists","theSenshi:FatedKiss","theSenshi:StudyParty"],"picked":"theSenshi:JupitersPower","floor":16},{"not_picked":["theSenshi:MoonTiaraMagic","theSenshi:SupersonicWaves","theSenshi:HesSoDreamy"],"picked":"theSenshi:MoonsReflection+1","floor":18},{"not_picked":["theSenshi:MoonPunch","theSenshi:SailorStarMakerAssists+1","theSenshi:SailorChibiMoonAssists"],"picked":"theSenshi:Sidestep","floor":19},{"not_picked":["theSenshi:SaturnsMystery","theSenshi:HesSoDreamy","theSenshi:DramaticEntrance+1"],"picked":"theSenshi:TuxedoSmokingBomber+1","floor":21}],"player_experience":327111,"relics_obtained":[{"floor":6,"key":"Question Card"},{"floor":8,"key":"Pantograph"},{"floor":9,"key":"Blood Vial"},{"floor":13,"key":"Mastiff:ReiMu"}],"event_choices":[{"damage_healed":0,"gold_gain":0,"player_choice":"Take Damage","damage_taken":18,"relics_obtained":["Golden Idol"],"max_hp_gain":0,"max_hp_loss":0,"event_name":"Golden Idol","floor":3,"gold_loss":0}],"is_beta":false,"boss_relics":[{"not_picked":["sneckomod:SneckoTalon","aspiration:RunicSpoon"],"picked":"Black Star"}],"items_purged_floors":[4,22],"is_endless":false,"potions_floor_spawned":[1,5,7,14,16,18],"killed_by":"theJungle:MamaSnecko","ascension_level":0}}