{"host":"5hsgormuu0lj4iiq","time":1613520946,"event":{"mods":["AchievementEnabler","BaseMod","Colored Map","Colored Powertips","Minty Spire (QoL Compilation)","Quick Restart","Relic Stats","SuperFastMode","everything is the same but u backflip on backflip","slay the spire mod where everything is the same but ironclad has a cowboy hat"],"gold_per_floor":[118,118,45,120,120,153,173,208,282,282,67,67,79,114,114,185,185,175,175,175,191,191,191],"floor_reached":22,"language":"ENG","playtime":460,"items_purged":[],"score":371,"play_id":"e99a7505-c0ef-4994-a0e0-4f1f2647bca6","local_time":"20210216191546","is_ascension_mode":true,"campfire_choices":[{"data":"Capacitor","floor":10,"key":"SMITH"},{"floor":15,"key":"REST"}],"circlet_count":0,"master_deck":["AscendersBane","Strike_B+1","Strike_B+1","Strike_B+1","Defend_B+1","Defend_B+1","Defend_B+1","Defend_B+1","Zap","Dualcast+1","Turbo","Capacitor+1","Rip and Tear","Skim","Coolheaded+1","Biased Cognition","Undo","Defragment","Seek","Turbo"],"relics":["Cracked Core","NeowsBlessing","Vajra","Thread and Needle","Ornamental Fan","Torii","Inserter"],"acts_visited":["Exordium","TheCity"],"potions_floor_usage":[14],"damage_taken":[{"damage":0,"enemies":"Jaw Worm","floor":1,"turns":1},{"damage":0,"enemies":"Gremlin Nob","floor":6,"turns":1},{"damage":0,"enemies":"2 Louse","floor":7,"turns":1},{"damage":33,"enemies":"Lagavulin","floor":8,"turns":6},{"damage":0,"enemies":"Cultist","floor":13,"turns":3},{"damage":1,"enemies":"3 Sentries","floor":14,"turns":7},{"damage":27,"enemies":"Slime Boss","floor":16,"turns":7},{"damage":31,"enemies":"2 Thieves","floor":18,"turns":5},{"damage":0,"enemies":"Chosen","floor":21,"turns":4},{"damage":11,"enemies":"Centurion and Healer","floor":22,"turns":8}],"seed_played":"-318918908420912567","potions_obtained":[{"floor":7,"key":"Energy Potion"},{"floor":8,"key":"Fire Potion"},{"floor":16,"key":"SkillPotion"},{"floor":21,"key":"FocusPotion"}],"is_trial":false,"path_per_floor":["M","?","$","?","?","E","M","E","T","R","$","?","M","E","R","B",null,"M","?","?","M","M"],"character_chosen":"DEFECT","items_purchased":["Capacitor","Biased Cognition","Undo"],"campfire_rested":1,"item_purchase_floors":[3,11,11],"current_hp_per_floor":[68,73,73,62,62,62,62,29,29,29,29,13,13,12,36,9,62,31,31,31,31,20,20],"gold":191,"neow_bonus":"THREE_ENEMY_KILL","is_daily":false,"chose_seed":false,"campfire_upgraded":1,"win_rate":0.0,"timestamp":1613520946,"path_taken":["M","?","$","?","?","E","?","E","T","R","$","?","M","E","R","BOSS","M","?","?","?","M"],"items_purchased_type":["Card","Card","Card"],"build_version":"2020-12-22","purchased_purges":0,"victory":false,"max_hp_per_floor":[75,80,80,80,80,80,80,80,80,80,80,80,80,80,80,80,80,80,80,80,80,80,80],"relic_stats":{"Inserter":[8],"Torii":3,"counters":[10,43],"Ornamental Fan":[4],"obtain_stats":[{"Inserter":17,"NeowsBlessing":0,"Torii":14,"Ornamental Fan":9,"Vajra":6,"Thread and Needle":8,"Cracked Core":0},{"Inserter":7,"NeowsBlessing":0,"Torii":6,"Ornamental Fan":4,"Vajra":2,"Thread and Needle":4,"Cracked Core":0},{"Inserter":26,"NeowsBlessing":0,"Torii":19,"Ornamental Fan":9,"Vajra":2,"Thread and Needle":9,"Cracked Core":0}]},"card_choices":[{"not_picked":["Coolheaded","Hologram"],"picked":"Turbo","floor":1},{"not_picked":["FTL","Conserve Battery"],"picked":"Rip and Tear","floor":6},{"not_picked":["Hologram","Compile Driver"],"picked":"Skim","floor":7},{"not_picked":["Hologram","Beam Cell"],"picked":"Coolheaded","floor":8},{"not_picked":["Stack","Steam","Blizzard"],"picked":"SKIP","floor":13},{"not_picked":["Self Repair","Echo Form"],"picked":"Defragment","floor":14},{"not_picked":["Rainbow","Thunder Strike"],"picked":"Seek","floor":16},{"not_picked":["Go for the Eyes","Conserve Battery"],"picked":"Turbo","floor":18},{"not_picked":["Undo","Streamline","Steam+1"],"picked":"SKIP","floor":21}],"player_experience":742279,"relics_obtained":[{"floor":6,"key":"Vajra"},{"floor":8,"key":"Thread and Needle"},{"floor":9,"key":"Ornamental Fan"},{"floor":14,"key":"Torii"}],"event_choices":[{"damage_healed":0,"gold_gain":0,"player_choice":"Donut","damage_taken":0,"max_hp_gain":5,"max_hp_loss":0,"event_name":"Big Fish","floor":2,"gold_loss":0},{"damage_healed":0,"gold_gain":75,"player_choice":"Gather Gold","damage_taken":11,"max_hp_gain":0,"max_hp_loss":0,"event_name":"World of Goop","floor":4,"gold_loss":0},{"cards_removed":["Strike_B"],"damage_healed":0,"gold_gain":0,"player_choice":"Offered Basic","damage_taken":0,"max_hp_gain":0,"max_hp_loss":0,"event_name":"Bonfire Elementals","floor":5,"gold_loss":0},{"damage_healed":0,"gold_gain":0,"player_choice":"Entered Light","damage_taken":16,"max_hp_gain":0,"max_hp_loss":0,"event_name":"Shining Light","floor":12,"gold_loss":0,"cards_upgraded":["Coolheaded","Dualcast"]},{"damage_healed":0,"gold_gain":0,"player_choice":"Simplicity","damage_taken":0,"max_hp_gain":0,"max_hp_loss":0,"event_name":"Back to Basics","floor":19,"gold_loss":0,"cards_upgraded":["Strike_B","Strike_B","Strike_B","Defend_B","Defend_B","Defend_B","Defend_B"]},{"damage_healed":0,"gold_gain":0,"player_choice":"Ignored","damage_taken":0,"max_hp_gain":0,"max_hp_loss":0,"event_name":"Vampires","floor":20,"gold_loss":0}],"is_beta":false,"boss_relics":[{"not_picked":["Ectoplasm","Fusion Hammer"],"picked":"Inserter"}],"items_purged_floors":[],"is_endless":false,"potions_floor_spawned":[7,8,13,16,18,21],"killed_by":"Centurion and Healer","ascension_level":13}}