{"host":"4i5my69dv6e41930","time":1613553260,"event":{"mods":["AchievementEnabler","BaseMod","Minty Spire (QoL Compilation)","Relic Stats"],"gold_per_floor":[114,15,25,39,56,56,86,103,177,177,193,193,210,239,239,318,318,318,318,318,189,189,189,189,189,189,189,189,189,189,189,189,189,189,189,189,50,50,50,50,50,50,50,50,50,50,50,50,50,50,50],"floor_reached":50,"language":"ENG","playtime":3664,"items_purged":["Strike_G","Strike_G+1"],"score":1045,"play_id":"809db111-79bb-45fb-82b6-b92abfbb8ea9","local_time":"20210217041420","is_ascension_mode":true,"campfire_choices":[{"data":"Skewer","floor":6.0,"key":"SMITH"},{"data":"Dagger Spray","floor":15.0,"key":"SMITH"},{"data":"Crippling Poison","floor":23.0,"key":"SMITH"},{"data":"Neutralize","floor":25.0,"key":"SMITH"},{"floor":30.0,"key":"REST"},{"data":"Well Laid Plans","floor":32.0,"key":"SMITH"},{"data":"Crippling Poison","floor":41.0,"key":"SMITH"},{"floor":44.0,"key":"REST"},{"floor":49.0,"key":"RECALL"}],"circlet_count":0,"master_deck":["AscendersBane","Strike_G+1","Strike_G+1","Defend_G+1","Defend_G+1","Defend_G+1","Defend_G+1","Defend_G+1","Survivor","Neutralize+1","Dagger Spray+1","Noxious Fumes+1","Poisoned Stab","Quick Slash","Skewer+1","Blade Dance","Backstab","Cloak And Dagger+1","Die Die Die","Crippling Poison+1","Backflip+1","Cloak And Dagger","Well Laid Plans+1","Crippling Poison+1","Master of Strategy","Acrobatics","Dash+1","Acrobatics","Escape Plan"],"relics":["Ring of the Snake","NeowsBlessing","Gremlin Horn","Paper Crane","Pocketwatch","Ectoplasm","Red Mask","Omamori","HoveringKite","War Paint","CeramicFish","Lantern","Vajra"],"acts_visited":["Exordium","TheCity","TheBeyond"],"potions_floor_usage":[50,50],"damage_taken":[{"damage":0.0,"enemies":"Cultist","floor":1.0,"turns":1.0},{"damage":0.0,"enemies":"2 Louse","floor":3.0,"turns":1.0},{"damage":0.0,"enemies":"Jaw Worm","floor":4.0,"turns":1.0},{"damage":1.0,"enemies":"Looter","floor":5.0,"turns":4.0},{"damage":30.0,"enemies":"Gremlin Nob","floor":7.0,"turns":4.0},{"damage":3.0,"enemies":"Blue Slaver","floor":8.0,"turns":5.0},{"damage":1.0,"enemies":"Red Slaver","floor":11.0,"turns":4.0},{"damage":0.0,"enemies":"3 Louse","floor":13.0,"turns":3.0},{"damage":7.0,"enemies":"3 Sentries","floor":14.0,"turns":5.0},{"damage":12.0,"enemies":"Slime Boss","floor":16.0,"turns":7.0},{"damage":20.0,"enemies":"Spheric Guardian","floor":18.0,"turns":4.0},{"damage":0.0,"enemies":"Chosen","floor":19.0,"turns":3.0},{"damage":4.0,"enemies":"Masked Bandits","floor":20.0,"turns":3.0},{"damage":3.0,"enemies":"Centurion and Healer","floor":22.0,"turns":6.0},{"damage":4.0,"enemies":"Slavers","floor":24.0,"turns":5.0},{"damage":1.0,"enemies":"3 Cultists","floor":27.0,"turns":4.0},{"damage":8.0,"enemies":"Snecko","floor":29.0,"turns":5.0},{"damage":3.0,"enemies":"Sentry and Sphere","floor":31.0,"turns":4.0},{"damage":5.0,"enemies":"Automaton","floor":33.0,"turns":10.0},{"damage":9.0,"enemies":"3 Darklings","floor":35.0,"turns":5.0},{"damage":0.0,"enemies":"3 Shapes","floor":40.0,"turns":3.0},{"damage":32.0,"enemies":"Reptomancer","floor":42.0,"turns":6.0},{"damage":24.0,"enemies":"Spire Growth","floor":45.0,"turns":7.0},{"damage":1.0,"enemies":"Nemesis","floor":46.0,"turns":7.0},{"damage":0.0,"enemies":"Sphere and 2 Shapes","floor":47.0,"turns":3.0},{"damage":0.0,"enemies":"4 Shapes","floor":48.0,"turns":5.0},{"damage":29,"enemies":"Donu and Deca","floor":50,"turns":7}],"seed_played":"7694803832568500665","potions_obtained":[{"floor":1.0,"key":"Dexterity Potion"},{"floor":3.0,"key":"Regen Potion"},{"floor":8.0,"key":"Ancient Potion"},{"floor":13.0,"key":"LiquidMemories"},{"floor":18.0,"key":"SpeedPotion"},{"floor":27.0,"key":"Strength Potion"},{"floor":33.0,"key":"SteroidPotion"},{"floor":35.0,"key":"LiquidBronze"},{"floor":45.0,"key":"FearPotion"},{"floor":47.0,"key":"LiquidBronze"}],"is_trial":false,"path_per_floor":["M","$","M","M","M","R","E","M","T","?","M","?","M","E","R","B",null,"M","M","?","$","M","R","E","R","T","M","?","M","R","M","R","B",null,"M","?","$","?","T","M","R","E","T","R","M","E","M","M","R","B"],"character_chosen":"THE_SILENT","items_purchased":["Noxious Fumes","Poisoned Stab","Backflip","Crippling Poison"],"campfire_rested":2,"item_purchase_floors":[2,2,21,37],"current_hp_per_floor":[59,59,59,59,58,58,28,39,39,39,38,38,38,31,31,19,54,34,34,30,30,27,27,23,23,23,22,22,14,33,30,30,25,56,47,60,60,60,60,60,60,28,28,47,23,22,22,22,22,0,0],"gold":50,"neow_bonus":"THREE_ENEMY_KILL","is_daily":false,"chose_seed":false,"campfire_upgraded":6,"win_rate":0.0,"timestamp":1613553260,"path_taken":["M","$","?","M","M","R","E","M","T","?","M","?","M","E","R","BOSS","M","?","?","$","M","R","E","R","T","M","?","M","R","M","R","BOSS","M","?","$","?","?","M","R","E","T","R","?","E","M","M","R","BOSS"],"items_purchased_type":["Card","Card","Card","Card"],"build_version":"2020-12-22","purchased_purges":2,"victory":false,"max_hp_per_floor":[66,66,66,66,66,66,66,66,66,66,66,66,66,66,66,66,66,66,66,66,66,66,66,66,66,66,66,66,66,66,66,66,66,66,66,66,66,66,66,66,66,66,66,66,66,66,66,66,66,66,66],"relic_stats":{"Gremlin Horn":[29,29],"counters":[27,122],"CeramicFish":0,"HoveringKite":[14],"Ectoplasm":473,"War Paint":["Cloak And Dagger","Backflip"],"obtain_stats":[{"Lantern":43,"NeowsBlessing":0,"Gremlin Horn":7,"CeramicFish":42,"HoveringKite":34,"Vajra":46,"Omamori":24,"Paper Crane":9,"War Paint":39,"Ectoplasm":17,"Red Mask":20,"Ring of the Snake":0,"Pocketwatch":14},{"Lantern":22,"NeowsBlessing":0,"Gremlin Horn":5,"CeramicFish":22,"HoveringKite":19,"Vajra":24,"Omamori":15,"Paper Crane":6,"War Paint":20,"Ectoplasm":10,"Red Mask":13,"Ring of the Snake":0,"Pocketwatch":9},{"Lantern":93,"NeowsBlessing":0,"Gremlin Horn":11,"CeramicFish":93,"HoveringKite":79,"Vajra":107,"Omamori":56,"Paper Crane":16,"War Paint":84,"Ectoplasm":35,"Red Mask":45,"Ring of the Snake":0,"Pocketwatch":28}],"Ring of the Snake":[54],"Pocketwatch":[44]},"card_choices":[{"not_picked":["Quick Slash","Backflip"],"picked":"Dagger Spray","floor":1.0},{"not_picked":["Infinite Blades","Deflect"],"picked":"Quick Slash","floor":3.0},{"not_picked":["Slice","Poisoned Stab","Setup"],"picked":"SKIP","floor":4.0},{"not_picked":["Underhanded Strike","PiercingWail"],"picked":"Skewer","floor":5.0},{"not_picked":["Underhanded Strike","Dagger Spray","Dagger Throw"],"picked":"SKIP","floor":7.0},{"not_picked":["Night Terror","Masterful Stab"],"picked":"Blade Dance","floor":8.0},{"not_picked":["Concentrate","Masterful Stab","Eviscerate"],"picked":"SKIP","floor":11.0},{"not_picked":["Flying Knee","Prepared"],"picked":"Backstab","floor":13.0},{"not_picked":["Quick Slash","Setup"],"picked":"Cloak And Dagger","floor":14.0},{"not_picked":["Doppelganger","Bullet Time"],"picked":"Die Die Die","floor":16.0},{"not_picked":["Concentrate","Acrobatics"],"picked":"Crippling Poison","floor":18.0},{"not_picked":["Prepared","Blade Dance","Poisoned Stab+1"],"picked":"SKIP","floor":19.0},{"not_picked":["Flying Knee","Terror+1"],"picked":"Cloak And Dagger","floor":22.0},{"not_picked":["Doppelganger","Reflex","Predator"],"picked":"SKIP","floor":24.0},{"not_picked":["Poisoned Stab","Calculated Gamble","Quick Slash"],"picked":"SKIP","floor":27.0},{"not_picked":["Caltrops","Quick Slash","Flying Knee"],"picked":"SKIP","floor":29.0},{"not_picked":["Cloak And Dagger","Dodge and Roll"],"picked":"Well Laid Plans","floor":31.0},{"not_picked":["Slice","Deflect","Dagger Throw"],"picked":"SKIP","floor":35.0},{"not_picked":["Slice","Deflect","Dagger Throw"],"picked":"SKIP","floor":35.0},{"not_picked":["Sadistic Nature","Transmutation"],"picked":"Master of Strategy","floor":38.0},{"not_picked":["Dagger Throw","Slice"],"picked":"Acrobatics","floor":40.0},{"not_picked":["Sucker Punch+1","Backstab","Skewer"],"picked":"SKIP","floor":42.0},{"not_picked":["Poisoned Stab","Dagger Throw","Underhanded Strike"],"picked":"SKIP","floor":45.0},{"not_picked":["Choke","Grand Finale"],"picked":"Dash+1","floor":46.0},{"not_picked":["Flying Knee+1","Noxious Fumes+1"],"picked":"Acrobatics","floor":47.0},{"not_picked":["Riddle With Holes","Backstab"],"picked":"Escape Plan","floor":48.0}],"player_experience":22830,"relics_obtained":[{"floor":7.0,"key":"Gremlin Horn"},{"floor":9.0,"key":"Paper Crane"},{"floor":14.0,"key":"Pocketwatch"},{"floor":20.0,"key":"Red Mask"},{"floor":24.0,"key":"Omamori"},{"floor":39.0,"key":"War Paint"},{"floor":42.0,"key":"CeramicFish"},{"floor":43.0,"key":"Lantern"},{"floor":46.0,"key":"Vajra"}],"event_choices":[{"damage_healed":0.0,"max_hp_gain":0.0,"max_hp_loss":0.0,"gold_gain":0.0,"event_name":"Living Wall","player_choice":"Grow","floor":10.0,"gold_loss":0.0,"damage_taken":0.0,"cards_upgraded":["Noxious Fumes"]},{"cards_removed":["Strike_G"],"damage_healed":0.0,"max_hp_gain":0.0,"max_hp_loss":0.0,"gold_gain":0.0,"event_name":"Purifier","player_choice":"Purged","floor":12.0,"gold_loss":0.0,"damage_taken":0.0},{"damage_healed":0.0,"max_hp_gain":0.0,"max_hp_loss":0.0,"gold_gain":0.0,"event_name":"Masked Bandits","player_choice":"Fought Bandits","floor":20.0,"gold_loss":0.0,"damage_taken":0.0},{"damage_healed":0.0,"max_hp_gain":0.0,"max_hp_loss":0.0,"gold_gain":0.0,"event_name":"Back to Basics","player_choice":"Simplicity","floor":28.0,"gold_loss":0.0,"damage_taken":0.0,"cards_upgraded":["Strike_G","Strike_G","Strike_G","Defend_G","Defend_G","Defend_G","Defend_G","Defend_G"]},{"damage_healed":13.0,"max_hp_gain":0.0,"max_hp_loss":0.0,"gold_gain":0.0,"event_name":"Winding Halls","player_choice":"Writhe","floor":36.0,"gold_loss":0.0,"damage_taken":0.0,"cards_obtained":["Writhe"]},{"damage_healed":0.0,"max_hp_gain":0.0,"max_hp_loss":0.0,"gold_gain":0.0,"event_name":"SensoryStone","player_choice":"Memory 1","floor":38.0,"gold_loss":0.0,"damage_taken":0.0}],"is_beta":false,"boss_relics":[{"not_picked":["Pandora\u0027s Box","SacredBark"],"picked":"Ectoplasm"},{"not_picked":["Runic Dome","WristBlade"],"picked":"HoveringKite"}],"items_purged_floors":[21,37],"is_endless":false,"potions_floor_spawned":[1,3,8,11,13,18,19,27,33,35,45,47],"killed_by":"Donu and Deca","ascension_level":19}}