{"host":"5tzvto3beate6p8b","time":1613574729,"event":{"mods":["BaseMod","Colored Map","Minty Spire (QoL Compilation)","StSLib","SuperFastMode"],"gold_per_floor":[112,125,23,23,39,39,74,74,144,161,176,176,189,221,221,295,295,310,46,58,72,122,122,157,167,167,185,185,197,207,220,220,294,294,311,328,353,367,297,297,338,36,63,63,100,129,157,11,11,11],"floor_reached":51,"language":"ENG","playtime":3438,"items_purged":["Strike_B"],"score":1293,"play_id":"8f8cfd3f-2d3a-41c9-9bba-a5d15dd65d9e","local_time":"20210218001209","is_ascension_mode":true,"campfire_choices":[{"data":"Blind","floor":6.0,"key":"SMITH"},{"floor":8.0,"key":"REST"},{"floor":15.0,"key":"REST"},{"data":"Sunder","floor":23,"key":"SMITH"},{"floor":28,"key":"REST"},{"floor":32,"key":"REST"},{"data":"Zap","floor":40,"key":"SMITH"},{"floor":44,"key":"REST"},{"floor":49,"key":"REST"}],"circlet_count":0,"master_deck":["AscendersBane","Strike_B","Strike_B+1","Strike_B+1","Defend_B","Defend_B","Defend_B+1","Defend_B","Zap+1","Dualcast+1","Blind+1","Fusion","FTL","Streamline","Chill","Rip and Tear","Auto Shields","Reboot","Reinforced Body","Sunder+1","All For One","Sweeping Beam+1","Glacier","Steam Power","Chill+1","Beam Cell","Echo Form","Core Surge","Go for the Eyes","Turbo","Hologram","Beam Cell","Machine Learning","Auto Shields","Beam Cell","Chill","Streamline+1","Capacitor","Good Instincts","Turbo","Defragment+1","Streamline"],"relics":["Cracked Core","War Paint","Bottled Flame","Incense Burner","Nuclear Battery","Orrery","Cables","Singing Bowl","Runic Pyramid","Torii","CeramicFish","Boot","DataDisk","Centennial Puzzle","Eternal Feather","Regal Pillow"],"acts_visited":["Exordium","TheCity","TheBeyond"],"potions_floor_usage":[33,33,41],"damage_taken":[{"damage":0.0,"enemies":"Jaw Worm","floor":1.0,"turns":3.0},{"damage":4.0,"enemies":"Small Slimes","floor":2.0,"turns":3.0},{"damage":8.0,"enemies":"2 Louse","floor":5.0,"turns":2.0},{"damage":26.0,"enemies":"Lagavulin","floor":7.0,"turns":9.0},{"damage":0.0,"enemies":"Gremlin Gang","floor":10.0,"turns":3.0},{"damage":14.0,"enemies":"Large Slime","floor":11.0,"turns":7.0},{"damage":0.0,"enemies":"2 Fungi Beasts","floor":13.0,"turns":2.0},{"damage":0.0,"enemies":"Red Slaver","floor":14.0,"turns":1.0},{"damage":13,"enemies":"Slime Boss","floor":16,"turns":14},{"damage":2,"enemies":"Chosen","floor":18,"turns":4},{"damage":4,"enemies":"2 Thieves","floor":20,"turns":4},{"damage":6,"enemies":"Snecko","floor":21,"turns":4},{"damage":30,"enemies":"Gremlin Leader","floor":24,"turns":8},{"damage":3,"enemies":"3 Cultists","floor":25,"turns":6},{"damage":0,"enemies":"Centurion and Healer","floor":27,"turns":5},{"damage":21,"enemies":"Snake Plant","floor":29,"turns":3},{"damage":11,"enemies":"Shelled Parasite and Fungi","floor":30,"turns":6},{"damage":1,"enemies":"Centurion and Healer","floor":31,"turns":4},{"damage":26,"enemies":"Champ","floor":33,"turns":12},{"damage":0,"enemies":"3 Shapes","floor":35,"turns":6},{"damage":0,"enemies":"3 Darklings","floor":36,"turns":4},{"damage":0,"enemies":"Mind Bloom Boss Battle","floor":37,"turns":7},{"damage":0,"enemies":"Jaw Worm Horde","floor":38,"turns":4},{"damage":28,"enemies":"Reptomancer","floor":41,"turns":11},{"damage":33,"enemies":"Giant Head","floor":45,"turns":9},{"damage":0,"enemies":"4 Shapes","floor":46,"turns":4},{"damage":1,"enemies":"Sphere and 2 Shapes","floor":47,"turns":10},{"damage":2,"enemies":"Awakened One","floor":50,"turns":19}],"seed_played":"-4058041388070776330","potions_obtained":[{"floor":7.0,"key":"CultistPotion"},{"floor":10.0,"key":"Swift Potion"},{"floor":13.0,"key":"ColorlessPotion"},{"floor":16,"key":"FocusPotion"},{"floor":33,"key":"LiquidBronze"},{"floor":37,"key":"SpeedPotion"},{"floor":45,"key":"FearPotion"}],"is_trial":false,"path_per_floor":["M","M","$","?","M","R","E","R","T","M","M","?","M","M","R","B",null,"M","$","M","M","?","R","E","M","T","M","R","M","M","M","R","B",null,"M","M","?","M","?","R","E","$","T","R","E","M","M","$","R","B",null],"character_chosen":"DEFECT","items_purchased":["Explosive Potion","Streamline","Glacier","Orrery","Capacitor","Good Instincts","DataDisk","Regal Pillow"],"campfire_rested":6,"item_purchase_floors":[3,3,19,19,42,42,42,48],"current_hp_per_floor":[64,60,60,39,31,31,5,26,26,26,12,1,1,1,22,9,56,54,54,50,44,44,44,14,11,11,13,34,15,6,5,28,2,58,58,58,58,60,60,60,32,32,32,55,22,22,21,21,79,77],"gold":11,"neow_bonus":"RANDOM_COLORLESS","is_daily":false,"chose_seed":false,"campfire_upgraded":3,"win_rate":0.0,"timestamp":1613574729,"path_taken":["M","M","$","?","M","R","E","R","T","M","M","?","M","M","R","BOSS","M","$","M","M","?","R","E","M","T","M","R","M","M","M","R","BOSS","M","?","?","M","?","R","E","$","T","R","E","M","M","$","R","BOSS"],"items_purchased_type":["Potion","Card","Card","Relic","Card","Card","Relic","Relic"],"build_version":"2020-12-22","purchased_purges":1,"victory":true,"max_hp_per_floor":[71,71,71,71,71,71,71,71,71,71,71,71,71,71,71,71,71,71,71,71,71,71,71,71,71,71,73,73,75,77,77,77,77,77,77,77,77,79,79,79,79,79,79,79,79,79,79,79,79,79],"card_choices":[{"not_picked":["Jack Of All Trades","Panacea"],"picked":"Blind","floor":0.0},{"not_picked":["Compile Driver","Redo"],"picked":"Fusion","floor":1.0},{"not_picked":["Rebound","Cold Snap"],"picked":"FTL","floor":2.0},{"not_picked":["Auto Shields","Conserve Battery"],"picked":"Chill","floor":5.0},{"not_picked":["Redo","Storm"],"picked":"Rip and Tear","floor":7.0},{"not_picked":["Skim","Conserve Battery"],"picked":"Auto Shields","floor":10.0},{"not_picked":["Stack","Recycle"],"picked":"Reboot","floor":11.0},{"not_picked":["Cold Snap","Coolheaded"],"picked":"Reinforced Body","floor":13.0},{"not_picked":["Conserve Battery","Redo"],"picked":"Sunder","floor":14.0},{"not_picked":["Biased Cognition","Thunder Strike"],"picked":"All For One","floor":16},{"not_picked":["Force Field","Conserve Battery"],"picked":"Sweeping Beam+1","floor":18},{"not_picked":["Lockon","FTL"],"picked":"Steam Power","floor":19},{"not_picked":["Undo","BootSequence"],"picked":"Chill+1","floor":19},{"not_picked":["Steam+1","Heatsinks"],"picked":"Beam Cell","floor":19},{"not_picked":["Conserve Battery","Sunder"],"picked":"Echo Form","floor":19},{"not_picked":["Leap","Ball Lightning+1"],"picked":"Core Surge","floor":19},{"not_picked":["Ball Lightning","Compile Driver","Chaos"],"picked":"SKIP","floor":20},{"not_picked":["Ball Lightning","Barrage"],"picked":"Go for the Eyes","floor":21},{"not_picked":["Rainbow","Stack+1"],"picked":"Turbo","floor":24},{"not_picked":["Leap","Barrage"],"picked":"Hologram","floor":25},{"not_picked":["Multi-Cast","Chaos","Leap+1"],"picked":"Singing Bowl","floor":27},{"not_picked":["Recycle","Rebound","Melter"],"picked":"Singing Bowl","floor":29},{"not_picked":["Rip and Tear","Chaos","Stack"],"picked":"Singing Bowl","floor":30},{"not_picked":["Capacitor","Consume"],"picked":"Beam Cell","floor":31},{"not_picked":["Multi-Cast","Thunder Strike"],"picked":"Machine Learning","floor":33},{"not_picked":["Aggregate","Cold Snap"],"picked":"Auto Shields","floor":35},{"not_picked":["Streamline","Sweeping Beam"],"picked":"Beam Cell","floor":36},{"not_picked":["Coolheaded","Stack+1"],"picked":"Chill","floor":37},{"not_picked":["Undo+1","Compile Driver","Coolheaded"],"picked":"Singing Bowl","floor":38},{"not_picked":["Leap","Chill"],"picked":"Streamline+1","floor":41},{"not_picked":["Streamline+1","Skim"],"picked":"Turbo","floor":45},{"not_picked":["Skim","Chill+1"],"picked":"Defragment+1","floor":46},{"not_picked":["Conserve Battery","Reprogram"],"picked":"Streamline","floor":47}],"player_experience":763296,"relics_obtained":[{"floor":7.0,"key":"War Paint"},{"floor":9.0,"key":"Bottled Flame"},{"floor":24,"key":"Cables"},{"floor":26,"key":"Singing Bowl"},{"floor":37,"key":"Torii"},{"floor":41,"key":"Boot"},{"floor":43,"key":"Centennial Puzzle"},{"floor":45,"key":"Eternal Feather"}],"event_choices":[{"damage_healed":0.0,"max_hp_gain":0.0,"max_hp_loss":0.0,"gold_gain":0.0,"event_name":"Shining Light","player_choice":"Entered Light","floor":4.0,"gold_loss":0.0,"damage_taken":21.0,"cards_upgraded":["Strike_B","Strike_B"]},{"damage_healed":0.0,"max_hp_gain":0.0,"max_hp_loss":0.0,"gold_gain":0.0,"event_name":"Scrap Ooze","player_choice":"Success","floor":12.0,"gold_loss":0.0,"damage_taken":11.0,"relics_obtained":["Incense Burner"]},{"damage_healed":0,"gold_gain":50,"player_choice":"Pray","damage_taken":0,"max_hp_gain":0,"max_hp_loss":0,"event_name":"Golden Shrine","floor":22,"gold_loss":0},{"damage_healed":0,"gold_gain":0,"player_choice":"Fight","damage_taken":0,"max_hp_gain":0,"max_hp_loss":0,"event_name":"MindBloom","floor":37,"gold_loss":0},{"damage_healed":0,"gold_gain":0,"player_choice":"Paid Gold","damage_taken":0,"relics_obtained":["CeramicFish"],"max_hp_gain":0,"max_hp_loss":0,"event_name":"WeMeetAgain","floor":39,"gold_loss":70}],"is_beta":false,"boss_relics":[{"not_picked":["Sozu","SlaversCollar"],"picked":"Nuclear Battery"},{"not_picked":["Coffee Dripper","Empty Cage"],"picked":"Runic Pyramid"}],"items_purged_floors":[19],"is_endless":false,"potions_floor_spawned":[7,10,11,13,16,18,20,24,29,33,37,45,46,47],"ascension_level":15}}