{"host":"pyjsji1xtq3ga0i3","time":1613532964,"event":{"mods":["AchievementEnabler","BaseMod","Block Reminder","Colored Map","Colored Powertips","Highlight Path","Minty Spire (QoL Compilation)","Relic Sorter"],"gold_per_floor":[111,124,142,217,2,2,22,39,92,92,105,105,30,42,42,118,118,132,47,0,12,27,56,56,56,56,56,56,68,68,68],"floor_reached":30,"language":"ENG","playtime":1911,"items_purged":["Strike_G"],"score":460,"play_id":"e46a27da-8b4f-45c2-818e-eb5e3ae3f142","local_time":"20210216223604","is_ascension_mode":true,"campfire_choices":[{"data":"Deadly Poison","floor":6.0,"key":"SMITH"},{"data":"Footwork","floor":12.0,"key":"SMITH"},{"data":"Leg Sweep","floor":15.0,"key":"SMITH"},{"data":"Dodge and Roll","floor":25.0,"key":"SMITH"},{"data":"Deadly Poison","floor":28.0,"key":"SMITH"}],"circlet_count":0,"master_deck":["AscendersBane","Strike_G","Strike_G","Strike_G","Strike_G+1","Defend_G","Defend_G","Defend_G","Defend_G","Defend_G","Survivor","Neutralize","Sucker Punch","Deadly Poison+1","Noxious Fumes","PiercingWail","Footwork+1","Dodge and Roll+1","Deadly Poison+1","Leg Sweep+1","Glass Knife+1","Dagger Spray+1","PiercingWail","Footwork+1"],"relics":["Ring of the Snake","NeowsBlessing","Medical Kit","Snake Skull","InkBottle","Busted Crown","Eternal Feather","Whetstone","Torii"],"acts_visited":["Exordium","TheCity"],"potions_floor_usage":[30],"damage_taken":[{"damage":0.0,"enemies":"Cultist","floor":1.0,"turns":1.0},{"damage":0.0,"enemies":"Small Slimes","floor":2.0,"turns":1.0},{"damage":0.0,"enemies":"Jaw Worm","floor":3.0,"turns":1.0},{"damage":2.0,"enemies":"Blue Slaver","floor":7.0,"turns":4.0},{"damage":12.0,"enemies":"Red Slaver","floor":8.0,"turns":4.0},{"damage":5.0,"enemies":"3 Louse","floor":11.0,"turns":4.0},{"damage":26.0,"enemies":"Exordium Thugs","floor":14.0,"turns":7.0},{"damage":49.0,"enemies":"Slime Boss","floor":16.0,"turns":10.0},{"damage":14.0,"enemies":"Shell Parasite","floor":18.0,"turns":5.0},{"damage":7.0,"enemies":"3 Byrds","floor":21.0,"turns":5.0},{"damage":12.0,"enemies":"Sentry and Sphere","floor":22.0,"turns":4.0},{"damage":14.0,"enemies":"Gremlin Leader","floor":23.0,"turns":6.0},{"damage":2.0,"enemies":"Snecko","floor":29.0,"turns":6.0},{"damage":42,"enemies":"Slavers","floor":30,"turns":4}],"seed_played":"1158579590308872957","potions_obtained":[{"floor":1.0,"key":"FairyPotion"},{"floor":8.0,"key":"FearPotion"},{"floor":14.0,"key":"Fire Potion"},{"floor":16.0,"key":"ColorlessPotion"},{"floor":18.0,"key":"Fruit Juice"},{"floor":22.0,"key":"Explosive Potion"}],"is_trial":false,"path_per_floor":["M","M","M","?","$","R","M","M","T","T","M","R","$","M","R","B",null,"M","?","?","M","M","E","$","R","T","?","R","M","E"],"character_chosen":"THE_SILENT","items_purchased":["Medical Kit","PiercingWail"],"campfire_rested":0,"item_purchase_floors":[5,5],"current_hp_per_floor":[59,59,59,48,48,48,46,34,34,34,29,29,29,3,3,8,52,38,38,38,31,19,5,5,17,17,17,29,27,0,0],"gold":68,"neow_bonus":"THREE_ENEMY_KILL","is_daily":false,"chose_seed":false,"campfire_upgraded":5,"win_rate":0.0,"timestamp":1613532964,"path_taken":["M","M","?","?","$","R","M","M","T","?","M","R","?","?","R","BOSS","M","?","?","M","M","E","$","R","T","?","R","?","E"],"items_purchased_type":["Relic","Card"],"build_version":"2020-12-22","purchased_purges":1,"victory":false,"max_hp_per_floor":[66,66,66,66,66,66,66,66,66,66,66,66,66,66,66,66,66,66,66,66,66,66,66,66,66,66,66,66,66,71,71],"card_choices":[{"not_picked":["Finisher","Quick Slash"],"picked":"Sucker Punch","floor":1.0},{"not_picked":["Expertise","Dodge and Roll"],"picked":"Deadly Poison","floor":2.0},{"not_picked":["Dash","Backflip"],"picked":"Noxious Fumes","floor":3.0},{"not_picked":["Underhanded Strike","Slice"],"picked":"Footwork","floor":7.0},{"not_picked":["Tactician","Leg Sweep"],"picked":"Dodge and Roll","floor":8.0},{"not_picked":["Slice","Venomology"],"picked":"Deadly Poison","floor":11.0},{"not_picked":["Reflex","Dodge and Roll"],"picked":"Leg Sweep","floor":14.0},{"not_picked":["Tools of the Trade","Envenom"],"picked":"Glass Knife","floor":16.0},{"not_picked":[],"picked":"Dagger Spray+1","floor":18.0},{"not_picked":["Tactician"],"picked":"SKIP","floor":21.0},{"not_picked":[],"picked":"PiercingWail","floor":22.0},{"not_picked":["Blade Dance"],"picked":"SKIP","floor":23.0},{"not_picked":["Sucker Punch"],"picked":"SKIP","floor":29.0}],"player_experience":484440,"relics_obtained":[{"floor":9.0,"key":"Snake Skull"},{"floor":10.0,"key":"InkBottle"},{"floor":23.0,"key":"Whetstone"},{"floor":26.0,"key":"Torii"}],"event_choices":[{"damage_healed":0.0,"max_hp_gain":0.0,"max_hp_loss":0.0,"gold_gain":75.0,"event_name":"World of Goop","player_choice":"Gather Gold","floor":4.0,"gold_loss":0.0,"damage_taken":11.0},{"damage_healed":0.0,"max_hp_gain":0.0,"max_hp_loss":0.0,"gold_gain":0.0,"event_name":"Addict","player_choice":"Obtained Relic","floor":19.0,"gold_loss":85.0,"damage_taken":0.0,"relics_obtained":["Eternal Feather"]},{"damage_healed":0.0,"max_hp_gain":0.0,"max_hp_loss":0.0,"gold_gain":0.0,"event_name":"Masked Bandits","player_choice":"Paid Fearfully","floor":20.0,"gold_loss":47.0,"damage_taken":0.0},{"damage_healed":0.0,"max_hp_gain":0.0,"max_hp_loss":0.0,"gold_gain":0.0,"event_name":"Duplicator","player_choice":"Copied","floor":27.0,"gold_loss":0.0,"damage_taken":0.0,"cards_obtained":["Footwork"]}],"is_beta":false,"boss_relics":[{"not_picked":["Empty Cage","Calling Bell"],"picked":"Busted Crown"}],"items_purged_floors":[13],"is_endless":false,"potions_floor_spawned":[1,8,14,16,18,22],"killed_by":"Slavers","ascension_level":18}}