{"host":"qe5t0t54rc9uejrt","time":1613523443,"event":{"mods":["Act Like it!","Aspiration","BaseMod","Colored Powertips","Hunter 猎人","Jedi Mod","Marked Mod","Minty Spire (QoL Compilation)","Replay The Spire","Shop Mod","Spicy Shops","StSLib","TestMod","The Administrix","The Cursed","The Hierophant","The Runesmith"],"gold_per_floor":[111,128,98,110,124,124,150,150,150,181,194,219,238,257,257,358,358,374,374,60,74,74,103,114,133,133,133,159,179,196,208,208,313,313,328,328,1,1,1,32,32,32,55,55,65,65,98,126,126,126],"floor_reached":51,"language":"ZHS","playtime":2741,"items_purged":["Strike_R","Strike_R"],"score":951,"play_id":"40e3704a-e370-48a3-89d9-311a0c79fce9","local_time":"20210217085723","is_ascension_mode":true,"campfire_choices":[{"data":"jedi:fear","floor":6.0,"key":"SMITH"},{"data":"Inflame","floor":8.0,"key":"SMITH"},{"data":"Havoc","floor":15.0,"key":"SMITH"},{"floor":27.0,"key":"REST"},{"floor":32.0,"key":"REST"},{"floor":42,"key":"REST"},{"data":"Double Tap","floor":44,"key":"SMITH"},{"floor":46,"key":"REST"},{"floor":49,"key":"REST"}],"circlet_count":0,"master_deck":["Strike_R","Strike_R","Defend_R","Defend_R","Defend_R","Bash","Inflame+1","Havoc+1","jedi:fear+1","Hemogenesis","Combust","Combust","Demon Form","jedi:controlledanger","Battle Trance","Blood for Blood","Rupture+1","Double Tap+1","Sword Boomerang+1","Amnesia","Rupture+1","Hemokinesis+1","Massacre"],"relics":["Burning Blood","testmod-TestBox","testmod-Brilliant","aspiration:Nostalgia","Sizzling Blood","Replay:Kaleidoscope","testmod-HeartOfDaVinci","jedi:rubbersling","King of Hearts","Empty Cage","Nilry\u0027s Codex","Counterbalance","Gremlin Horn","Ornamental Fan","Lantern","aspiration:FutureDiary","ClockworkSouvenir","testmod-AssaultLearning","Ring of Searing","Ring of Fury","testmod-TestBox","Runesmith:MiniCore","jedi:cryingmask","ReplayTheSpireMod:Spearhead"],"acts_visited":["Exordium","TheCity","TheBeyond"],"potions_floor_usage":[50],"damage_taken":[{"damage":7.0,"enemies":"Jaw Worm","floor":1.0,"turns":3.0},{"damage":0.0,"enemies":"Cultist","floor":2.0,"turns":2.0},{"damage":0.0,"enemies":"2 Louse","floor":4.0,"turns":1.0},{"damage":0.0,"enemies":"2 Fungi Beasts","floor":5.0,"turns":1.0},{"damage":24.0,"enemies":"Gremlin Nob","floor":7.0,"turns":4.0},{"damage":26.0,"enemies":"Replay:BlueRogue","floor":10.0,"turns":4.0},{"damage":0.0,"enemies":"Large Slime","floor":11.0,"turns":3.0},{"damage":10.0,"enemies":"3 Sentries","floor":12.0,"turns":2.0},{"damage":8.0,"enemies":"Looter","floor":13.0,"turns":2.0},{"damage":0.0,"enemies":"Exordium Thugs","floor":14.0,"turns":1.0},{"damage":44.0,"enemies":"The Guardian","floor":16.0,"turns":7.0},{"damage":6.0,"enemies":"Spheric Guardian","floor":18.0,"turns":3.0},{"damage":22.0,"enemies":"3 Byrds","floor":21.0,"turns":3.0},{"damage":34.0,"enemies":"Replay:Snechameleon","floor":23.0,"turns":6.0},{"damage":32.0,"enemies":"Snecko","floor":24.0,"turns":4.0},{"damage":23.0,"enemies":"Centurion and Healer","floor":25.0,"turns":4.0},{"damage":13.0,"enemies":"Gremlin Leader","floor":28.0,"turns":3.0},{"damage":27.0,"enemies":"Snake Plant","floor":29.0,"turns":4.0},{"damage":2.0,"enemies":"Snecko","floor":30.0,"turns":3.0},{"damage":10.0,"enemies":"3 Cultists","floor":31.0,"turns":3.0},{"damage":60.0,"enemies":"Automaton","floor":33.0,"turns":7.0},{"damage":13,"enemies":"3 Darklings","floor":35,"turns":2},{"damage":79,"enemies":"Nemesis","floor":40,"turns":5},{"damage":12,"enemies":"3 Shapes","floor":45,"turns":2},{"damage":33,"enemies":"R_Hoarder","floor":47,"turns":5},{"damage":7,"enemies":"Giant Head","floor":48,"turns":5},{"damage":60,"enemies":"Donu and Deca","floor":50,"turns":4}],"seed_played":"1387041717427774326","potions_obtained":[{"floor":1.0,"key":"ColorlessPotion"},{"floor":3.0,"key":"Fire Potion"},{"floor":3.0,"key":"CultistPotion"},{"floor":4.0,"key":"Fruit Juice"},{"floor":5.0,"key":"Elixir"},{"floor":10.0,"key":"testmod-TimePotion"},{"floor":23.0,"key":"testmod-TestPotion"},{"floor":24.0,"key":"PowerPotion"},{"floor":28.0,"key":"Milkshake"},{"floor":31.0,"key":"LifebloodPotion"},{"floor":35,"key":"Strength Potion"},{"floor":45,"key":"jedi:wingpotion"}],"is_trial":false,"path_per_floor":["M","M","?","M","M","R","E","R","T","E","M","E","M","M","R","B",null,"M","?","$","M","?","E","M","M","T","R","E","M","M","M","R","B",null,"M","?","$","?","?","E","?","R","T","R","M","R","E","E","R","B",null],"character_chosen":"IRONCLAD","items_purchased":["Strawberry","Counterbalance","ClockworkSouvenir","testmod-AssaultLearning"],"campfire_rested":5,"item_purchase_floors":[20,20,37,37],"current_hp_per_floor":[84,84,84,89,89,89,75,75,75,64,74,74,76,86,86,61,89,89,73,80,68,68,49,27,14,14,42,39,27,40,40,68,25,96,93,93,93,93,93,29,29,56,56,56,61,88,65,68,91,46],"gold":126,"neow_bonus":"NOSTALGIA","is_daily":false,"chose_seed":false,"campfire_upgraded":4,"win_rate":0.0,"timestamp":1613523443,"path_taken":["M","M","?","M","M","R","E","R","T","E","M","E","?","M","R","BOSS","M","?","$","M","?","E","M","M","T","R","E","M","?","M","R","BOSS","M","?","$","?","?","E","?","R","T","R","?","R","E","E","R","BOSS"],"items_purchased_type":["Relic","Relic","Relic","Relic"],"build_version":"2020-12-22","purchased_purges":2,"victory":true,"max_hp_per_floor":[84,84,84,89,89,89,89,89,89,89,89,89,89,89,89,89,89,89,89,96,96,96,96,96,96,96,96,96,96,96,96,96,96,96,96,96,96,96,96,96,91,91,91,91,91,91,91,91,91,91],"card_choices":[{"not_picked":["Flex","Clash"],"picked":"Inflame","floor":1.0},{"not_picked":["Flame Barrier","Disarm"],"picked":"Havoc","floor":2.0},{"not_picked":["Sword Boomerang","Ghostly Armor"],"picked":"jedi:fear","floor":4.0},{"not_picked":["Reckless Charge","Clash"],"picked":"Hemogenesis","floor":5.0},{"not_picked":["ReplayTheSpireMod:Limb From Limb","Metallicize","Reckless Charge"],"picked":"SKIP","floor":7.0},{"not_picked":["Cleave","Sentinel"],"picked":"Combust","floor":10.0},{"not_picked":["Metallicize","Burning Pact","Iron Wave"],"picked":"SKIP","floor":11.0},{"not_picked":["jedi:collectorstrike","jedi:hate"],"picked":"Combust","floor":12.0},{"not_picked":["Headbutt","True Grit","Havoc"],"picked":"SKIP","floor":13.0},{"not_picked":["Perfected Strike","Heavy Blade","Replay:Undeath\u0027s Touch"],"picked":"SKIP","floor":14.0},{"not_picked":["Corruption","Replay:Many Hands"],"picked":"Demon Form","floor":16.0},{"not_picked":["Havoc","Rage+1"],"picked":"jedi:controlledanger","floor":18.0},{"not_picked":["Disarm","Searing Blow","Reckless Charge"],"picked":"SKIP","floor":21.0},{"not_picked":["Sever Soul","Fire Breathing","jedi:collectorstrike+1"],"picked":"SKIP","floor":23.0},{"not_picked":["Shrug It Off+1","Iron Wave+1"],"picked":"Battle Trance","floor":24.0},{"not_picked":["Inflame","Body Slam","Perfected Strike"],"picked":"SKIP","floor":25.0},{"not_picked":["Pommel Strike+1","Evolve","Battle Trance"],"picked":"SKIP","floor":28.0},{"not_picked":["Thunderclap","ReplayTheSpireMod:Muscle Training"],"picked":"Blood for Blood","floor":29.0},{"not_picked":["Dropkick","Clash","Havoc"],"picked":"SKIP","floor":30.0},{"not_picked":["ReplayTheSpireMod:Strike From Hell","Berserk"],"picked":"Rupture+1","floor":31.0},{"not_picked":["Exhume","Fiend Fire"],"picked":"Double Tap","floor":33.0},{"not_picked":["Body Slam","Shrug It Off"],"picked":"Sword Boomerang+1","floor":35},{"not_picked":["Headbutt+1","Second Wind","Clothesline"],"picked":"SKIP","floor":40},{"not_picked":["Shockwave+1","True Grit+1"],"picked":"Rupture+1","floor":45},{"not_picked":["Carnage","Eclipse"],"picked":"Hemokinesis+1","floor":47},{"not_picked":["Iron Wave+1","Sword Boomerang"],"picked":"Massacre","floor":48}],"player_experience":217976,"relics_obtained":[{"floor":7.0,"key":"Replay:Kaleidoscope"},{"floor":9.0,"key":"testmod-HeartOfDaVinci"},{"floor":10.0,"key":"jedi:rubbersling"},{"floor":12.0,"key":"King of Hearts"},{"floor":19.0,"key":"Nilry\u0027s Codex"},{"floor":23.0,"key":"Gremlin Horn"},{"floor":26.0,"key":"Ornamental Fan"},{"floor":28.0,"key":"Lantern"},{"floor":38,"key":"Ring of Searing"},{"floor":38,"key":"Ring of Fury"},{"floor":43,"key":"Runesmith:MiniCore"},{"floor":47,"key":"jedi:cryingmask"},{"floor":48,"key":"ReplayTheSpireMod:Spearhead"}],"event_choices":[{"damage_healed":0.0,"max_hp_gain":0.0,"max_hp_loss":0.0,"gold_gain":0.0,"event_name":"The Woman in Blue","player_choice":"Bought 2 Potions","floor":3.0,"gold_loss":0.0,"damage_taken":0.0},{"damage_healed":0.0,"max_hp_gain":0.0,"max_hp_loss":0.0,"gold_gain":0.0,"event_name":"Cursed Tome","player_choice":"Obtained Book","floor":19.0,"gold_loss":0.0,"damage_taken":16.0},{"cards_removed":["Strike_R"],"damage_healed":0.0,"max_hp_gain":0.0,"max_hp_loss":0.0,"gold_gain":0.0,"event_name":"Bonfire Elementals","player_choice":"Offered Basic","floor":22.0,"gold_loss":0.0,"damage_taken":0.0},{"damage_healed":0,"gold_gain":0,"player_choice":"Ignored","damage_taken":0,"max_hp_gain":0,"max_hp_loss":0,"event_name":"Tomb of Lord Red Mask","floor":36,"gold_loss":0},{"damage_healed":0,"gold_gain":0,"player_choice":"Swap Relic","damage_taken":0,"relics_obtained":["testmod-TestBox"],"max_hp_gain":0,"max_hp_loss":0,"event_name":"给自己的盒子","floor":39,"relics_lost":["Strawberry"],"gold_loss":0},{"damage_healed":0,"gold_gain":0,"player_choice":"Max HP","damage_taken":0,"max_hp_gain":0,"max_hp_loss":5,"event_name":"Winding Halls","floor":41,"gold_loss":0}],"is_beta":false,"boss_relics":[{"not_picked":["jedi:hotpepper","Replay:Drink Me"],"picked":"Empty Cage"},{"not_picked":["testmod-GoldenSoul","Runic Pyramid"],"picked":"aspiration:FutureDiary"}],"items_purged_floors":[20,37],"is_endless":false,"potions_floor_spawned":[1,4,5,10,13,21,23,24,28,31,35,45],"ascension_level":4}}