{"host":"ws4y0tr7jc7plfod","time":1613533409,"event":{"mods":["AchievementEnabler","BaseMod","Bestiary","Colored Map","Downfall","Duelist Mod","Friendly Minions","GifTheSpireLib","Googly Eyes","Infinite Spire","Marisa????????","Minty Spire (QoL Compilation)","Quick Restart","Reliquary","Replay The Spire","Robot Space Explorer","StSLib","The Blackbeard","The Construct","The Cursed","The Disciple","The Marked","The Mystic","The Servant 0.9.4"],"gold_per_floor":[119,119,119,136,86,116,116,126,153,153,179,221,221,260,260,373,373,417,417,417,459,459,459,519,556,556,587,628,628,628,657,657,783,783,819,819,856,888,382,382,94,94,121,121,163,216,242,242,242,262,262],"floor_reached":50,"language":"ENG","playtime":4293,"items_purged":["RobotSpaceExplorer:Defend","RobotSpaceExplorer:Strike"],"score":524,"play_id":"f0e1cf3f-c876-4bcb-b3f4-75836945b0f8","local_time":"20210216224329","is_ascension_mode":false,"campfire_choices":[{"data":"RobotSpaceExplorer:Calculate","floor":7,"key":"SMITH"},{"data":"RobotSpaceExplorer:FreezingShield","floor":10,"key":"SMITH"},{"data":"RobotSpaceExplorer:Autoloader","floor":13,"key":"SMITH"},{"floor":15,"key":"REST"},{"data":"RobotSpaceExplorer:ChargingLaser","floor":23,"key":"SMITH"},{"floor":29,"key":"REST"},{"floor":32,"key":"REST"},{"floor":40,"key":"RECALL"},{"data":"RobotSpaceExplorer:Explosion","floor":42,"key":"SMITH"},{"floor":49,"key":"REST"}],"circlet_count":0,"master_deck":["RobotSpaceExplorer:Strike","RobotSpaceExplorer:Strike","RobotSpaceExplorer:Defend","RobotSpaceExplorer:Scan","RobotSpaceExplorer:MiniLasers","RobotSpaceExplorer:SlimeMissile+1","RobotSpaceExplorer:MiniDrones","RobotSpaceExplorer:Calculate+1","RobotSpaceExplorer:FreezingShield+1","RobotSpaceExplorer:Autoloader+1","RobotSpaceExplorer:SurgingStrike","RobotSpaceExplorer:ChargingLaser+1","RobotSpaceExplorer:StunGrenade","RobotSpaceExplorer:ToxicBomb","RobotSpaceExplorer:PlasmaMissile","RobotSpaceExplorer:TurboDodge+1","RobotSpaceExplorer:GlueShot","RobotSpaceExplorer:FranticSearch+1","infinitespire:TheBestDefense","RobotSpaceExplorer:Ammunition","RobotSpaceExplorer:Explosion+1","RobotSpaceExplorer:DoubleBlock+1","infinitespire:Menacing","RobotSpaceExplorer:GearShield+1","RobotSpaceExplorer:ScrapToss+1","ReplayTheSpireMod:Book of Names","RobotSpaceExplorer:SlimeMissile+1","RobotSpaceExplorer:DoubleBlock+1","RobotSpaceExplorer:ChargingLaser"],"relics":["RobotSpaceExplorer:RoboCore","NeowsBlessing","reliquary:PorcupineQuills","Replay:Bandana","Honey Jar","Blue Candle","ReplayTheSpireMod:TigerMarble","Nunchaku","Boot","Pen Nib","reliquary:Craggleroot","Ice Cream","Simple Rune"],"acts_visited":["Exordium","TheCity","TheBeyond"],"potions_floor_usage":[11,11,16,16,31,31,33,33,33,50,50,50],"damage_taken":[{"damage":0,"enemies":"Small Slimes","floor":1,"turns":1},{"damage":0,"enemies":"2 Louse","floor":4,"turns":1},{"damage":0,"enemies":"Gremlin Nob","floor":6,"turns":1},{"damage":0,"enemies":"Cultist","floor":8,"turns":3},{"damage":25,"enemies":"3 Sentries","floor":11,"turns":8},{"damage":0,"enemies":"Blue Slaver","floor":12,"turns":4},{"damage":0,"enemies":"2 Fungi Beasts","floor":14,"turns":3},{"damage":48,"enemies":"Hexaghost","floor":16,"turns":15},{"damage":0,"enemies":"Chosen","floor":18,"turns":4},{"damage":13,"enemies":"2 Thieves","floor":21,"turns":4},{"damage":24,"enemies":"Slavers","floor":24,"turns":5},{"damage":6,"enemies":"Cultist and Chosen","floor":25,"turns":5},{"damage":0,"enemies":"Snake Plant","floor":27,"turns":5},{"damage":1,"enemies":"Centurion and Healer","floor":28,"turns":6},{"damage":1,"enemies":"Shelled Parasite and Fungi","floor":31,"turns":5},{"damage":13,"enemies":"Collector","floor":33,"turns":8},{"damage":7,"enemies":"Orb Walker","floor":35,"turns":2},{"damage":11,"enemies":"3 Shapes","floor":37,"turns":2},{"damage":9,"enemies":"Writhing Mass","floor":38,"turns":6},{"damage":12,"enemies":"Spire Growth","floor":45,"turns":3},{"damage":0,"enemies":"3 Darklings","floor":46,"turns":2},{"damage":10,"enemies":"Transient","floor":47,"turns":5},{"damage":49,"enemies":"infinitespire:MassOfShapes","floor":50,"turns":6}],"seed_played":"-7167259659651621117","potions_obtained":[{"floor":4,"key":"hexamod:SoulburnPotion"},{"floor":6,"key":"hexamod:SoulburnPotion"},{"floor":12,"key":"Dexterity Potion"},{"floor":14,"key":"Block Potion"},{"floor":21,"key":"SteroidPotion"},{"floor":25,"key":"hexamod:SoulburnPotion"},{"floor":28,"key":"SpeedPotion"},{"floor":31,"key":"SkillPotion"},{"floor":33,"key":"champ:CounterPotion"},{"floor":38,"key":"LiquidBronze"},{"floor":45,"key":"DistilledChaos"},{"floor":46,"key":"Fire Potion"}],"is_trial":false,"path_per_floor":["M","?","?","M","?","E","R","M","T","R","E","M","R","M","R","B",null,"M","?","T","M","?","R","E","M","T","M","M","R","AVR","M","R","B",null,"M","AVR","M","M","?","R","$","R","T","?","M","M","M","?","R","B"],"character_chosen":"RobotSpaceExplorer","items_purchased":["Ice Cream"],"campfire_rested":4,"item_purchase_floors":[41],"current_hp_per_floor":[75,75,75,75,75,75,75,75,75,75,50,50,50,50,72,24,75,75,70,70,57,57,57,33,27,27,27,26,48,48,47,69,56,75,68,68,57,48,48,48,48,48,48,48,36,36,26,26,48,0,0],"gold":262,"neow_bonus":"THREE_ENEMY_KILL","is_daily":false,"chose_seed":false,"campfire_upgraded":5,"win_rate":0.0,"timestamp":1613533409,"path_taken":["M","?","?","?","?","E","R","M","T","R","E","M","R","M","R","BOSS","M","?","?","M","?","R","E","M","T","M","M","R","AVR","?","R","BOSS","M","AVR","M","M","?","R","$","R","T","?","M","M","M","?","R","BOSS"],"items_purchased_type":["Relic"],"build_version":"2020-12-22","purchased_purges":2,"victory":false,"max_hp_per_floor":[75,75,75,75,75,75,75,75,75,75,75,75,75,75,75,75,75,75,75,75,75,75,75,75,75,75,75,75,75,75,75,75,75,75,75,75,75,75,75,75,75,75,75,75,75,75,75,75,75,75,75],"card_choices":[{"not_picked":["RobotSpaceExplorer:ShockKick","RobotSpaceExplorer:FrostMissile"],"picked":"RobotSpaceExplorer:SlimeMissile","floor":1},{"not_picked":["RobotSpaceExplorer:SelfCleaning","RobotSpaceExplorer:FranticSearch"],"picked":"RobotSpaceExplorer:MiniDrones","floor":4},{"not_picked":["RobotSpaceExplorer:IronShell","RobotSpaceExplorer:Reload"],"picked":"RobotSpaceExplorer:Calculate","floor":6},{"not_picked":["RobotSpaceExplorer:SwiftStep","RobotSpaceExplorer:Counterblock"],"picked":"RobotSpaceExplorer:FreezingShield","floor":8},{"not_picked":["RobotSpaceExplorer:Electropulse","RobotSpaceExplorer:GlueSpray"],"picked":"RobotSpaceExplorer:Autoloader","floor":11},{"not_picked":["RobotSpaceExplorer:MetalStrike","RobotSpaceExplorer:Probe"],"picked":"RobotSpaceExplorer:SurgingStrike","floor":12},{"not_picked":["RobotSpaceExplorer:FranticSearch","RobotSpaceExplorer:SelfCleaning","RobotSpaceExplorer:JunkDive"],"picked":"SKIP","floor":14},{"not_picked":["RobotSpaceExplorer:Accelerator","RobotSpaceExplorer:Autoloader"],"picked":"RobotSpaceExplorer:ChargingLaser","floor":16},{"not_picked":["RobotSpaceExplorer:FreezingShield+1","RobotSpaceExplorer:MetalStrike","RobotSpaceExplorer:GlueShot"],"picked":"RobotSpaceExplorer:StunGrenade","floor":18},{"not_picked":["RobotSpaceExplorer:MiniDrones","RobotSpaceExplorer:SwiftStep","RobotSpaceExplorer:SlimeMissile+1"],"picked":"RobotSpaceExplorer:ToxicBomb","floor":21},{"not_picked":["RobotSpaceExplorer:Ammunition","RobotSpaceExplorer:MetalStrike","RobotSpaceExplorer:ScrapMissile"],"picked":"RobotSpaceExplorer:PlasmaMissile","floor":24},{"not_picked":["RobotSpaceExplorer:PowerGlove+1","RobotSpaceExplorer:BigMissile+1","RobotSpaceExplorer:SurgingStrike"],"picked":"RobotSpaceExplorer:TurboDodge+1","floor":25},{"not_picked":["RobotSpaceExplorer:SlimeMissile+1","RobotSpaceExplorer:ImprovisedAttack","RobotSpaceExplorer:SwiftStep"],"picked":"RobotSpaceExplorer:GlueShot","floor":27},{"not_picked":["RobotSpaceExplorer:FreezeRay","RobotSpaceExplorer:FrostMissile","RobotSpaceExplorer:Counterblock"],"picked":"RobotSpaceExplorer:FranticSearch+1","floor":28},{"not_picked":["RobotSpaceExplorer:FranticSearch+1","RobotSpaceExplorer:ScrapMissile","RobotSpaceExplorer:Counterblock"],"picked":"RobotSpaceExplorer:Ammunition","floor":31},{"not_picked":["RobotSpaceExplorer:ChargingLaser","RobotSpaceExplorer:BlastShield","RobotSpaceExplorer:Exploration"],"picked":"RobotSpaceExplorer:Explosion","floor":33},{"not_picked":["RobotSpaceExplorer:StunGrenade","RobotSpaceExplorer:Counterblock","RobotSpaceExplorer:SurgingShield"],"picked":"RobotSpaceExplorer:DoubleBlock+1","floor":35},{"not_picked":["RobotSpaceExplorer:SurgingStrike","RobotSpaceExplorer:PlasmaMissile","RobotSpaceExplorer:Pulsar+1"],"picked":"RobotSpaceExplorer:GearShield+1","floor":37},{"not_picked":["RobotSpaceExplorer:GlueShot","RobotSpaceExplorer:ShovelStrike","RobotSpaceExplorer:SurgingShield"],"picked":"RobotSpaceExplorer:ScrapToss+1","floor":38},{"not_picked":["infinitespire:SevenWalls","Replay:Fractal Strike"],"picked":"ReplayTheSpireMod:Book of Names","floor":39},{"not_picked":["RobotSpaceExplorer:StunGrenade","RobotSpaceExplorer:GlueSpray","RobotSpaceExplorer:ShockKick+1"],"picked":"RobotSpaceExplorer:SlimeMissile+1","floor":45},{"not_picked":["RobotSpaceExplorer:MetalStrike","RobotSpaceExplorer:SurgingStrike","RobotSpaceExplorer:IronShell"],"picked":"RobotSpaceExplorer:DoubleBlock+1","floor":46},{"not_picked":["RobotSpaceExplorer:ShovelStrike+1","RobotSpaceExplorer:Electropulse+1","RobotSpaceExplorer:GearShield+1"],"picked":"RobotSpaceExplorer:ChargingLaser","floor":47}],"player_experience":217540,"relics_obtained":[{"floor":6,"key":"reliquary:PorcupineQuills"},{"floor":11,"key":"Replay:Bandana"},{"floor":20,"key":"ReplayTheSpireMod:TigerMarble"},{"floor":24,"key":"Nunchaku"},{"floor":26,"key":"Boot"},{"floor":43,"key":"Simple Rune"}],"event_choices":[{"damage_healed":0,"gold_gain":0,"player_choice":"Grow","damage_taken":0,"max_hp_gain":0,"max_hp_loss":0,"event_name":"Living Wall","floor":2,"gold_loss":0,"cards_upgraded":["RobotSpaceExplorer:SlimeMissile"]},{"cards_removed":["RobotSpaceExplorer:Defend"],"damage_healed":0,"gold_gain":0,"player_choice":"Purged","damage_taken":0,"max_hp_gain":0,"max_hp_loss":0,"event_name":"Purifier","floor":3,"gold_loss":0},{"cards_removed":["RobotSpaceExplorer:Strike"],"damage_healed":0,"gold_gain":0,"player_choice":"Card Removal","damage_taken":0,"max_hp_gain":0,"max_hp_loss":0,"event_name":"The Cleric","floor":5,"gold_loss":50},{"damage_healed":0,"gold_gain":0,"player_choice":"Ignored","damage_taken":0,"max_hp_gain":0,"max_hp_loss":0,"event_name":"NoteForYourself","floor":22,"gold_loss":0},{"cards_removed":["RobotSpaceExplorer:Defend"],"damage_healed":0,"gold_gain":0,"player_choice":"Removed Skill","damage_taken":0,"max_hp_gain":0,"max_hp_loss":0,"event_name":"Falling","floor":48,"gold_loss":0}],"is_beta":false,"boss_relics":[{"not_picked":["reliquary:RedCape","Replay:Drink Me"],"picked":"Honey Jar"},{"not_picked":["reliquary:KinkedSpring","Replay:Grab Bag"],"picked":"reliquary:Craggleroot"}],"items_purged_floors":[30,36],"is_endless":false,"potions_floor_spawned":[4,6,12,14,21,25,28,31,33,38,45,46],"killed_by":"infinitespire:MassOfShapes","ascension_level":0}}