{"host":"27c1zwn2rxlukojz","time":1613587944,"event":{"mods":["BaseMod","Filter the Spire","Minty Spire (QoL Compilation)","Relic Stats","StSLib"],"gold_per_floor":[112,112,128,128,141,141,159,159,159,159,170,170,10,30,30,135,135,151,151,151,27,45,45,45],"floor_reached":23,"language":"DEU","playtime":738,"items_purged":["Strike_R","Strike_R"],"score":181,"play_id":"010ba344-0473-478a-80b6-b25f79e3c556","local_time":"20210217195224","is_ascension_mode":false,"campfire_choices":[{"data":"Carnage","floor":6.0,"key":"SMITH"},{"data":"Metallicize","floor":8.0,"key":"SMITH"},{"data":"True Grit","floor":10.0,"key":"SMITH"},{"data":"Bash","floor":12.0,"key":"SMITH"},{"data":"Shrug It Off","floor":15.0,"key":"SMITH"}],"circlet_count":0,"master_deck":["Strike_R","Strike_R","Defend_R","Defend_R","Defend_R","Defend_R","Bash+1","Carnage+1","True Grit+1","Shrug It Off+1","Metallicize+1","Pommel Strike","Whirlwind","Flex","Clothesline","Feed","Armaments"],"relics":["Cursed Key"],"acts_visited":["Exordium","TheCity"],"potions_floor_usage":[18,23],"damage_taken":[{"damage":1.0,"enemies":"2 Louse","floor":1.0,"turns":3.0},{"damage":0.0,"enemies":"Small Slimes","floor":3.0,"turns":2.0},{"damage":0.0,"enemies":"Cultist","floor":5.0,"turns":2.0},{"damage":2.0,"enemies":"Looter","floor":7.0,"turns":3.0},{"damage":0.0,"enemies":"Exordium Wildlife","floor":11.0,"turns":3.0},{"damage":0.0,"enemies":"Blue Slaver","floor":14.0,"turns":1.0},{"damage":21.0,"enemies":"The Guardian","floor":16.0,"turns":11.0},{"damage":1,"enemies":"Chosen","floor":18,"turns":4},{"damage":2,"enemies":"Shell Parasite","floor":22,"turns":7},{"damage":88,"enemies":"Gremlin Leader","floor":23,"turns":9}],"seed_played":"2090033761809058029","potions_obtained":[{"floor":1.0,"key":"Explosive Potion"},{"floor":16.0,"key":"DistilledChaos"},{"floor":18,"key":"HeartOfIron"},{"floor":22,"key":"SkillPotion"}],"is_trial":false,"path_per_floor":["M","?","M","?","M","R","M","R","T","R","M","R","$","M","R","B",null,"M","?","T","$","M","E"],"character_chosen":"IRONCLAD","items_purchased":["Whirlwind","Flex","Armaments"],"campfire_rested":0,"item_purchase_floors":[13,13,21],"current_hp_per_floor":[79,79,79,79,79,79,77,77,77,77,77,77,77,77,77,56,80,82,82,82,82,84,0,0],"gold":45,"neow_bonus":"BOSS_RELIC","is_daily":false,"chose_seed":false,"campfire_upgraded":5,"win_rate":0.0,"timestamp":1613587944,"path_taken":["M","?","M","?","M","R","M","R","T","R","M","R","$","?","R","BOSS","M","?","?","$","M","E"],"items_purchased_type":["Card","Card","Card"],"build_version":"2020-12-22","purchased_purges":2,"victory":false,"max_hp_per_floor":[80,80,80,80,80,80,80,80,80,80,80,80,80,80,80,80,80,83,83,83,83,87,87,87],"relic_stats":{"counters":[10,45],"Cursed Key":0,"obtain_stats":[{"Cursed Key":0,"Burning Blood":0},{"Cursed Key":0,"Burning Blood":0},{"Cursed Key":0,"Burning Blood":0}]},"card_choices":[{"not_picked":["Flex","Headbutt"],"picked":"Carnage","floor":1.0},{"not_picked":["Anger","Intimidate"],"picked":"True Grit","floor":3.0},{"not_picked":["Twin Strike","Combust"],"picked":"Shrug It Off","floor":5.0},{"not_picked":["Dropkick","Anger"],"picked":"Metallicize","floor":7.0},{"not_picked":["Sword Boomerang","Limit Break"],"picked":"Pommel Strike","floor":11.0},{"not_picked":["Heavy Blade","Perfected Strike"],"picked":"Clothesline","floor":14.0},{"not_picked":["Juggernaut","Limit Break"],"picked":"Feed","floor":16.0},{"not_picked":["Thunderclap","Clash+1","Perfected Strike"],"picked":"SKIP","floor":18},{"not_picked":["Havoc","Fire Breathing","Searing Blow"],"picked":"SKIP","floor":22}],"player_experience":4006800,"relics_obtained":[],"event_choices":[{"damage_healed":0.0,"max_hp_gain":0.0,"max_hp_loss":0.0,"gold_gain":0.0,"event_name":"Scrap Ooze","player_choice":"Fled","floor":2.0,"gold_loss":0.0,"damage_taken":0.0},{"cards_removed":["Strike_R"],"damage_healed":0.0,"max_hp_gain":0.0,"max_hp_loss":0.0,"gold_gain":0.0,"event_name":"Purifier","player_choice":"Purged","floor":4.0,"gold_loss":0.0,"damage_taken":0.0},{"damage_healed":0,"gold_gain":0,"player_choice":"Ignored","damage_taken":0,"max_hp_gain":0,"max_hp_loss":0,"event_name":"Ghosts","floor":19,"gold_loss":0}],"is_beta":false,"boss_relics":[{"not_picked":["Empty Cage","Coffee Dripper","Busted Crown"]}],"items_purged_floors":[13,21],"is_endless":false,"potions_floor_spawned":[1,16,18,22],"killed_by":"Gremlin Leader","ascension_level":0}}