{"host":"iv5atf0fne3n7zmv","time":1613602735,"event":{"mods":["BaseMod","Minty Spire (QoL Compilation)","StSLib"],"gold_per_floor":[117,117,20,37,37,67,84,84,108,108,134,34,34,61,61,161,161,176,196,111,111,30,62,62,79,79,79,99,131,142,177,177,280,280,292,305,305,305,325,360,360,387,387,387,421,421,448,458,458,458],"floor_reached":51,"language":"ENG","playtime":4833,"items_purged":["Defend_G","Strike_G"],"score":906,"play_id":"cdaabccf-8f65-49a8-b2dc-6a266d5928ba","local_time":"20210217145855","is_ascension_mode":true,"campfire_choices":[{"data":"Acrobatics","floor":8,"key":"SMITH"},{"data":"Bane","floor":13,"key":"SMITH"},{"data":"Noxious Fumes","floor":15,"key":"SMITH"},{"data":"Phantasmal Killer","floor":24,"key":"SMITH"},{"data":"Dagger Spray","floor":27,"key":"SMITH"},{"data":"Underhanded Strike","floor":32,"key":"SMITH"},{"floor":41,"key":"RECALL"},{"data":"Venomology","floor":49,"key":"SMITH"}],"circlet_count":0,"master_deck":["Strike_G","Strike_G","Strike_G","Strike_G","Defend_G","Defend_G","Defend_G","Survivor","Neutralize","Corpse Explosion","Dagger Spray+1","Prepared","Deadly Poison+1","Acrobatics+1","Underhanded Strike","Footwork","Bane+1","Noxious Fumes+1","Grand Finale","Blade Dance+1","Well Laid Plans","Phantasmal Killer+1","Eviscerate+1","Dagger Spray+1","Bane+1","Cloak And Dagger","Underhanded Strike+1","Crippling Poison+1","Venomology+1","Swift Strike","Neutralize","Enlightenment","Backflip+1","Tactician+1","Catalyst+1","Madness","Madness","PiercingWail+1","Slice"],"relics":["Ring of the Serpent","Ancient Tea Set","Strawberry","Bronze Scales","Meat on the Bone","Busted Crown","Boot","Enchiridion","War Paint","Eternal Feather","Incense Burner","MealTicket","Torii","StoneCalendar","HornCleat","StrikeDummy","Question Card","Toxic Egg 2"],"acts_visited":["Exordium","TheCity","TheBeyond"],"potions_floor_usage":[23,33,35,39,40,42,47,50,50,50,50,50,50],"damage_taken":[{"damage":0,"enemies":"Jaw Worm","floor":1,"turns":5},{"damage":0,"enemies":"Cultist","floor":4,"turns":4},{"damage":16,"enemies":"3 Sentries","floor":6,"turns":4},{"damage":10,"enemies":"Small Slimes","floor":7,"turns":2},{"damage":18,"enemies":"Lagavulin","floor":11,"turns":6},{"damage":2,"enemies":"3 Sentries","floor":14,"turns":2},{"damage":0,"enemies":"Slime Boss","floor":16,"turns":6},{"damage":16,"enemies":"2 Thieves","floor":18,"turns":3},{"damage":0,"enemies":"Chosen","floor":19,"turns":3},{"damage":25,"enemies":"Gremlin Leader","floor":23,"turns":4},{"damage":0,"enemies":"Snecko","floor":25,"turns":2},{"damage":0,"enemies":"3 Cultists","floor":28,"turns":2},{"damage":11,"enemies":"Slavers","floor":29,"turns":3},{"damage":4,"enemies":"Cultist and Chosen","floor":30,"turns":4},{"damage":16,"enemies":"Gremlin Leader","floor":31,"turns":3},{"damage":49,"enemies":"Collector","floor":33,"turns":7},{"damage":0,"enemies":"Orb Walker","floor":35,"turns":3},{"damage":4,"enemies":"3 Darklings","floor":36,"turns":4},{"damage":1,"enemies":"Transient","floor":39,"turns":5},{"damage":8,"enemies":"Nemesis","floor":40,"turns":5},{"damage":17,"enemies":"Giant Head","floor":42,"turns":7},{"damage":1,"enemies":"Nemesis","floor":45,"turns":5},{"damage":12,"enemies":"Reptomancer","floor":47,"turns":6},{"damage":2,"enemies":"Jaw Worm Horde","floor":48,"turns":2},{"damage":60,"enemies":"Awakened One","floor":50,"turns":10}],"seed_played":"8889530253936989443","potions_obtained":[{"floor":6,"key":"Dexterity Potion"},{"floor":7,"key":"EssenceOfSteel"},{"floor":14,"key":"SmokeBomb"},{"floor":18,"key":"LiquidBronze"},{"floor":28,"key":"Weak Potion"},{"floor":30,"key":"BlessingOfTheForge"}],"is_trial":false,"path_per_floor":["M","?","$","M","$","E","M","R","T","?","E","$","R","E","R","B",null,"M","M","?","?","$","E","R","M","T","R","M","E","M","E","R","B",null,"M","M","?","?","M","E","R","E","T","?","E","T","E","M","R","B",null],"character_chosen":"THE_SILENT","items_purchased":["Prepared","Phantasmal Killer"],"campfire_rested":0,"item_purchase_floors":[3,22],"current_hp_per_floor":[70,70,70,70,70,54,44,44,51,51,33,33,33,31,31,43,77,61,61,61,45,45,32,32,44,44,56,56,45,41,37,52,15,77,77,73,73,73,72,64,77,60,60,50,49,49,49,47,68,20],"gold":458,"neow_bonus":"ONE_RANDOM_RARE_CARD","is_daily":false,"chose_seed":false,"campfire_upgraded":7,"win_rate":0.0,"timestamp":1613602735,"path_taken":["M","?","?","M","$","E","?","R","T","?","E","$","R","E","R","BOSS","M","?","?","?","$","E","R","M","T","R","M","E","M","E","R","BOSS","M","M","?","?","?","E","R","E","T","?","E","?","E","M","R","BOSS"],"items_purchased_type":["Card","Card"],"build_version":"2020-12-22","purchased_purges":2,"victory":true,"max_hp_per_floor":[70,70,70,70,70,70,70,70,77,77,77,77,77,77,77,77,77,77,77,77,77,77,77,77,77,77,77,77,77,77,77,77,77,77,77,77,77,77,77,77,77,77,77,77,77,77,77,77,77,77],"card_choices":[{"not_picked":["Dodge and Roll","Escape Plan"],"picked":"Dagger Spray","floor":1},{"not_picked":["PiercingWail","Dodge and Roll"],"picked":"Deadly Poison","floor":4},{"not_picked":["Deflect","Cloak And Dagger"],"picked":"Acrobatics","floor":6},{"not_picked":["Terror","Expertise"],"picked":"Underhanded Strike","floor":7},{"not_picked":["Flying Knee","Escape Plan"],"picked":"Bane","floor":11},{"not_picked":["Riddle With Holes","Blade Dance"],"picked":"Noxious Fumes","floor":14},{"not_picked":["Malaise","Adrenaline"],"picked":"Grand Finale","floor":16},{"not_picked":[],"picked":"Blade Dance","floor":18},{"not_picked":[],"picked":"Well Laid Plans","floor":19},{"not_picked":[],"picked":"Eviscerate+1","floor":23},{"not_picked":[],"picked":"Dagger Spray","floor":25},{"not_picked":[],"picked":"Bane+1","floor":28},{"not_picked":[],"picked":"Cloak And Dagger","floor":29},{"not_picked":[],"picked":"Underhanded Strike","floor":30},{"not_picked":[],"picked":"Crippling Poison+1","floor":31},{"not_picked":[],"picked":"Venomology","floor":33},{"not_picked":["Deadly Poison"],"picked":"SKIP","floor":35},{"not_picked":["Deadly Poison+1"],"picked":"SKIP","floor":36},{"not_picked":[],"picked":"Swift Strike","floor":37},{"not_picked":[],"picked":"Backflip+1","floor":39},{"not_picked":[],"picked":"Tactician+1","floor":40},{"not_picked":[],"picked":"Catalyst+1","floor":42},{"not_picked":[],"picked":"PiercingWail+1","floor":45},{"not_picked":["Tactician+1"],"picked":"Slice","floor":47},{"not_picked":["Dodge and Roll+1","Dagger Spray"],"picked":"SKIP","floor":48}],"player_experience":341049,"relics_obtained":[{"floor":6,"key":"Ancient Tea Set"},{"floor":9,"key":"Strawberry"},{"floor":11,"key":"Bronze Scales"},{"floor":14,"key":"Meat on the Bone"},{"floor":21,"key":"Enchiridion"},{"floor":23,"key":"War Paint"},{"floor":26,"key":"Eternal Feather"},{"floor":29,"key":"Incense Burner"},{"floor":31,"key":"MealTicket"},{"floor":40,"key":"Torii"},{"floor":42,"key":"StoneCalendar"},{"floor":43,"key":"HornCleat"},{"floor":45,"key":"StrikeDummy"},{"floor":46,"key":"Question Card"},{"floor":47,"key":"Toxic Egg 2"}],"event_choices":[{"damage_healed":0,"gold_gain":0,"player_choice":"Upgraded","damage_taken":0,"max_hp_gain":0,"max_hp_loss":0,"event_name":"Upgrade Shrine","floor":2,"gold_loss":0,"cards_upgraded":["Dagger Spray"]},{"damage_healed":0,"gold_gain":0,"cards_transformed":["Defend_G"],"player_choice":"Transformed","damage_taken":0,"max_hp_gain":0,"max_hp_loss":0,"event_name":"Transmorgrifier","floor":10,"gold_loss":0,"cards_obtained":["Footwork"]},{"damage_healed":0,"gold_gain":0,"player_choice":"Obtained Relic","damage_taken":0,"relics_obtained":["Boot"],"max_hp_gain":0,"max_hp_loss":0,"event_name":"Addict","floor":20,"gold_loss":85},{"damage_healed":0,"gold_gain":0,"player_choice":"Obtained Book","damage_taken":16,"max_hp_gain":0,"max_hp_loss":0,"event_name":"Cursed Tome","floor":21,"gold_loss":0},{"damage_healed":0,"gold_gain":0,"player_choice":"Memory 1","damage_taken":0,"max_hp_gain":0,"max_hp_loss":0,"event_name":"SensoryStone","floor":37,"gold_loss":0},{"damage_healed":0,"gold_gain":0,"player_choice":"2 cards matched","damage_taken":0,"max_hp_gain":0,"max_hp_loss":0,"event_name":"Match and Keep!","floor":38,"gold_loss":0,"cards_obtained":["Neutralize","Enlightenment"]},{"damage_healed":0,"gold_gain":0,"player_choice":"Embrace Madness","damage_taken":10,"max_hp_gain":0,"max_hp_loss":0,"event_name":"Winding Halls","floor":44,"gold_loss":0,"cards_obtained":["Madness","Madness"]}],"is_beta":false,"boss_relics":[{"not_picked":["Snecko Eye","Empty Cage"],"picked":"Busted Crown"},{"not_picked":["Velvet Choker","Runic Dome"],"picked":"Ring of the Serpent"}],"items_purged_floors":[3,12],"is_endless":false,"potions_floor_spawned":[6,7,14,18,28,30,31,39,40,45],"ascension_level":1}}