{"host":"za1qviwhp34x909e","time":1613544080,"event":{"mods":["Act Like it!","BaseMod","Colored Map","Colored Powertips","Downfall","Highlight Path","Hubris","Koishi","Marisa????????","Minty Spire (QoL Compilation)","Quick Restart","Remilia??????","Replay The Spire","StSLib","The Servant 0.9.4"],"gold_per_floor":[110,30,45,56,73,99,99,130,130,463,208,227,227,241,241,338,338,357,369,379,379,391,391,408,408,408],"floor_reached":25,"language":"ENG","playtime":1618,"items_purged":["Strike_S"],"score":277,"play_id":"d7db4743-ae30-4985-a088-247be6f9303c","local_time":"20210217004120","is_ascension_mode":true,"campfire_choices":[{"floor":7,"key":"REST"},{"data":"ShatteredReality","floor":15,"key":"SMITH"},{"floor":23,"key":"REST"}],"circlet_count":0,"master_deck":["KidneyShot","Exchange","ShatteredReality+1","Read","Spin","Starlight+1","Desolation+1","SpecialFormula","Gouge","Shuttle","ShatteredReality","Potential","Replace","Deny","ShatteredReality","DualDimension","Defy","SoulSculpture","Foresight","Unruled","Alleviate","BottledTime","Potential","Envy_TH","Alleviate","Rewind"],"relics":["Uniform","Broom","Pantograph","Whetstone","Old Coin","Regal Pillow","Pandora\u0027s Box"],"acts_visited":["Exordium","TheCity"],"potions_floor_usage":[6,8,10,16,25],"damage_taken":[{"damage":10,"enemies":"Cultist","floor":1,"turns":5},{"damage":13,"enemies":"Jaw Worm","floor":3,"turns":3},{"damage":11,"enemies":"Small Slimes","floor":4,"turns":4},{"damage":6,"enemies":"Looter","floor":5,"turns":3},{"damage":18,"enemies":"Replay:BlueRogue","floor":6,"turns":8},{"damage":26,"enemies":"3 Sentries","floor":8,"turns":6},{"damage":0,"enemies":"Gremlin Nob","floor":10,"turns":3},{"damage":13,"enemies":"Blue Slaver","floor":12,"turns":3},{"damage":0,"enemies":"3 Louse","floor":14,"turns":1},{"damage":6,"enemies":"The Guardian","floor":16,"turns":11},{"damage":20,"enemies":"Shell Parasite","floor":18,"turns":3},{"damage":18,"enemies":"Chosen","floor":19,"turns":3},{"damage":31,"enemies":"Centurion and Healer","floor":20,"turns":6},{"damage":1,"enemies":"Snecko","floor":22,"turns":7},{"damage":54,"enemies":"Sentry and Sphere","floor":24,"turns":6},{"damage":19,"enemies":"Slavers","floor":25,"turns":1}],"seed_played":"-1064925844735240303","potions_obtained":[{"floor":0,"key":"FairyPotion"},{"floor":0,"key":"LiquidBronze"},{"floor":0,"key":"hexamod:SoulburnPotion"},{"floor":6,"key":"Elixir"},{"floor":8,"key":"Adrenaline Potion"},{"floor":14,"key":"SneckoOil"},{"floor":16,"key":"Dexterity Potion"},{"floor":24,"key":"hexamod:SoulburnPotion"}],"is_trial":false,"path_per_floor":["M","$","M","M","M","E","R","E","T","E","$","M","$","M","R","B",null,"M","M","M","?","M","R","M","E"],"character_chosen":"THE_SERVANT","items_purchased":["Read","Spin","Regal Pillow","ShatteredReality"],"campfire_rested":2,"item_purchase_floors":[2,2,11,11],"current_hp_per_floor":[55,55,42,31,25,7,26,5,5,10,10,2,2,2,2,26,65,45,32,6,6,10,44,19,0,0],"gold":408,"neow_bonus":"THREE_SMALL_POTIONS","is_daily":false,"chose_seed":false,"campfire_upgraded":1,"win_rate":0.0,"timestamp":1613544080,"path_taken":["M","$","M","M","M","E","R","E","T","E","$","M","?","M","R","BOSS","M","?","M","?","M","R","M","E"],"items_purchased_type":["Card","Card","Relic","Card"],"build_version":"2020-12-22","purchased_purges":1,"victory":false,"max_hp_per_floor":[65,65,65,65,65,65,65,65,65,65,65,65,65,65,65,65,65,65,65,65,65,65,65,65,65,65],"card_choices":[{"not_picked":["Ricochet","Unruled"],"picked":"ShatteredReality","floor":1},{"not_picked":["Ricochet","Orbit"],"picked":"Foresight","floor":3},{"not_picked":["Revamp","WasteNot"],"picked":"Starlight","floor":4},{"not_picked":["Spin","Ricochet"],"picked":"Desolation","floor":5},{"not_picked":["LightFlow","Advance"],"picked":"SpecialFormula","floor":6},{"not_picked":["FanOfKnives","FastForward"],"picked":"Gouge","floor":8},{"not_picked":["Revamp","Reset"],"picked":"Shuttle","floor":10},{"not_picked":["Luminosity","Rewind"],"picked":"Potential","floor":12},{"not_picked":["GearUp","Revamp"],"picked":"Replace","floor":14},{"not_picked":["ForgedInTime","PendulumOfEternity"],"picked":"Deny","floor":16},{"not_picked":["Manipulate","Starlight"],"picked":"Alleviate","floor":18},{"not_picked":["TimeWarp","ReturningBlade"],"picked":"BottledTime","floor":19},{"not_picked":["Revamp","FastForward"],"picked":"Potential","floor":20},{"not_picked":["Read","Spin+1"],"picked":"Alleviate","floor":22},{"not_picked":["TrueSight","Alleviate+1"],"picked":"Rewind","floor":24}],"player_experience":760660,"relics_obtained":[{"floor":6,"key":"Broom"},{"floor":8,"key":"Pantograph"},{"floor":9,"key":"Whetstone"},{"floor":10,"key":"Old Coin"}],"event_choices":[],"is_beta":false,"boss_relics":[{"not_picked":["SlaversCollar","hubris:TerracottaHorce"],"picked":"Pandora\u0027s Box"}],"items_purged_floors":[11],"is_endless":false,"potions_floor_spawned":[3,5,6,8,14,16,22,24],"killed_by":"Slavers","ascension_level":2}}