{"host":"vrsxkkch9ccrec7k","time":1613587875,"event":{"mods":["Act Like it!","BaseMod","Bestiary","Better Altar","Better Match","Better Note","Better Sensory Stone","Better Skull","Better Third Choice","Better Vampires","Downfall","Minty Spire (QoL Compilation)","Permanent Neow","Relic Stats","Spicy Shops","StSLib"],"gold_per_floor":[99,119,119,119,129,129,129,144,144,144,160,190,21,21,31,31,31,31],"floor_reached":16,"language":"ENG","playtime":1199,"items_purged":[],"score":155,"play_id":"eb571cd0-27ec-4499-b1ed-ca3d7e04f108","local_time":"20210217135115","is_ascension_mode":true,"campfire_choices":[{"data":"Guardian:TwinSlam","floor":1,"key":"SMITH"},{"data":"Guardian:EvasiveProtocol","floor":9,"key":"SMITH"}],"circlet_count":0,"master_deck":["AscendersBane","Guardian:Strike_Guardian","Guardian:Defend_Guardian","Guardian:Defend_Guardian","Guardian:Defend_Guardian","Guardian:Defend_Guardian","Guardian:CurlUp","Guardian:TwinSlam+1","Guardian:RollAttack","Guardian:EvasiveProtocol+1","Guardian:MultiBeam","Guardian:StasisStrike","Guardian:Incinerate","Guardian:PiercingHide"],"relics":["Guardian:ModeShifter","Oddly Smooth Stone","Question Card","Mercury Hourglass","Guardian:StasisUpgradeRelic","Slimebound:PreparedRelic","Singing Bowl"],"acts_visited":["Exordium"],"potions_floor_usage":[16],"damage_taken":[{"damage":0,"enemies":"Small Slimes","floor":2,"turns":3},{"damage":0,"enemies":"2 Louse","floor":5,"turns":4},{"damage":0,"enemies":"Cultist","floor":8,"turns":3},{"damage":6,"enemies":"Large Slime","floor":11,"turns":10},{"damage":14,"enemies":"3 Sentries","floor":12,"turns":8},{"damage":0,"enemies":"downfall:FleeingMerchant","floor":13,"turns":4},{"damage":0,"enemies":"Blue Slaver","floor":15,"turns":3},{"damage":20,"enemies":"SI_SHIV_ARCHETYPE","floor":16,"turns":13}],"seed_played":"6365170737160971572","potions_obtained":[{"floor":8,"key":"LiquidMemories"},{"floor":15,"key":"Ancient Potion"}],"is_trial":false,"path_per_floor":["R","M","?","?","M","?","T","M","R","?","M","E","$","?","M","B"],"character_chosen":"GUARDIAN","items_purchased":["Guardian:StasisUpgradeRelic"],"campfire_rested":0,"item_purchase_floors":[13],"current_hp_per_floor":[72,72,72,77,77,77,77,77,77,77,71,57,57,19,19,0,0,0],"gold":31,"neow_bonus":"RANDOM_COMMON_RELIC","is_daily":false,"chose_seed":false,"campfire_upgraded":2,"win_rate":0.0,"timestamp":1613587875,"path_taken":["R","M","?","?","M","?","T","?","R","?","M","E","$","?","M","BOSS"],"items_purchased_type":["Relic"],"build_version":"2020-12-22","purchased_purges":0,"victory":false,"max_hp_per_floor":[80,80,80,85,85,85,85,85,85,85,85,85,85,85,85,85,85,85],"relic_stats":{"Singing Bowl":0,"counters":[8,48],"Question Card":5,"obtain_stats":[{"Guardian:StasisUpgradeRelic":13,"Singing Bowl":14,"Guardian:ModeShifter":0,"Oddly Smooth Stone":0,"Slimebound:PreparedRelic":14,"Question Card":7,"Mercury Hourglass":12},{"Guardian:StasisUpgradeRelic":6,"Singing Bowl":6,"Guardian:ModeShifter":0,"Oddly Smooth Stone":0,"Slimebound:PreparedRelic":6,"Question Card":2,"Mercury Hourglass":5},{"Guardian:StasisUpgradeRelic":32,"Singing Bowl":32,"Guardian:ModeShifter":0,"Oddly Smooth Stone":0,"Slimebound:PreparedRelic":32,"Question Card":7,"Mercury Hourglass":28}],"Mercury Hourglass":[24]},"card_choices":[{"not_picked":["Guardian:Clone","Guardian:Gem_Blue"],"picked":"Guardian:Gem_Lightblue","floor":2},{"not_picked":["Guardian:Emergency","Guardian:Repulse"],"picked":"Guardian:RollAttack","floor":5},{"not_picked":["Guardian:TemporalStrike","Guardian:ChargeCore","Guardian:BodySlam"],"picked":"Guardian:EvasiveProtocol","floor":8},{"not_picked":["Guardian:TimeBomb","Guardian:Harden","Guardian:ShieldSpikes"],"picked":"Guardian:MultiBeam","floor":11},{"not_picked":["Guardian:TemporalStrike","Guardian:ShieldCharger","Guardian:Gem_Yellow"],"picked":"Guardian:StasisStrike","floor":12},{"not_picked":["Guardian:Reroute","Guardian:PiercingHide","Guardian:Gem_White"],"picked":"Guardian:Incinerate","floor":13},{"not_picked":["Guardian:Reroute","Guardian:Gem_Red","Guardian:TemporalShield"],"picked":"Guardian:PiercingHide","floor":15}],"player_experience":1948199,"relics_obtained":[{"floor":7,"key":"Question Card"},{"floor":12,"key":"Mercury Hourglass"}],"event_choices":[{"damage_healed":0,"gold_gain":0,"player_choice":"Donut","damage_taken":0,"max_hp_gain":5,"max_hp_loss":0,"event_name":"Big Fish","floor":4,"gold_loss":0},{"cards_removed":["Guardian:Strike_Guardian"],"damage_healed":0,"gold_gain":0,"player_choice":"Offered Basic","damage_taken":0,"max_hp_gain":0,"max_hp_loss":0,"event_name":"Bonfire Elementals","floor":6,"gold_loss":0},{"cards_removed":["Guardian:Strike_Guardian"],"damage_healed":0,"gold_gain":0,"player_choice":"Card Removal","damage_taken":0,"max_hp_gain":0,"max_hp_loss":0,"event_name":"The Cleric","floor":10,"gold_loss":0},{"damage_healed":0,"gold_gain":1,"player_choice":"Relic Relic ","damage_taken":38,"max_hp_gain":0,"max_hp_loss":0,"event_name":"betterThird:BetterScrap","floor":14,"gold_loss":0,"cards_obtained":["Shockwave"]}],"is_beta":false,"boss_relics":[],"items_purged_floors":[],"is_endless":false,"potions_floor_spawned":[8,15],"killed_by":"SI_SHIV_ARCHETYPE","ascension_level":11}}