{"host":"jfbo3eu2ui08ej1u","time":1613596522,"event":{"mods":["2.2 Compatiblity","AchievementEnabler","Act Like it!","Aspiration","BaseMod","Better Altar","Better Match","Better Note","Better Sensory Stone","Better Skull","Better Third Choice","Block Reminder","Colored Map","Colored Powertips","Conspire","DeckTracker","Displayed Cursed Tome","Energized Spire","Fox Events","GifTheSpireLib","Hermit","Hubris","Infinite Spire","Marked Mod","Minty Spire (QoL Compilation)","Monster B Gone","Pale of the Ancients","Poor People Problems","Quick Restart","Relic Filter","Reliquary","Reorder Act Four","Replay The Spire","Shop Mod","Spicy Shops","Spire Arcade","StSLib","Stuff the Spire","The Blue Laboratory","The Disciple","The Forsaken","The Hierophant","The Marked","Uncapped","Unceasing Turn Reminder","Wandering Minibosses"],"gold_per_floor":[116,116,132,149,160,160,160,189,189,214,225,225,254,56,56,135,135,147,157,28,48,48,48,83,83,83,83,111,111,159,169,169,246,246,264,298,35,35,51,51,66,94,94,94,120,120,120,138,138,138,138],"floor_reached":50,"language":"ENG","playtime":2616,"items_purged":["Writhe"],"score":1187,"play_id":"c0a5cec0-6d77-4a73-8eb9-a5ec56956a43","local_time":"20210217161522","is_ascension_mode":true,"campfire_choices":[{"data":"CrushJoints","floor":6.0,"key":"SMITH"},{"floor":12.0,"key":"REST"},{"floor":15.0,"key":"REST"},{"floor":23.0,"key":"REST"},{"floor":25.0,"key":"REST"},{"data":"Eruption","floor":27.0,"key":"SMITH"},{"floor":32.0,"key":"REST"},{"data":"Study","floor":40.0,"key":"SMITH"},{"floor":44.0,"key":"REST"},{"data":"Burning Pact","floor":46.0,"key":"SMITH"},{"floor":49.0,"key":"REST"}],"circlet_count":0,"master_deck":["AscendersBane","Defend_P","Defend_P","Eruption+1","Vigilance","DeusExMachina","CrushJoints+1","FollowUp","FlurryOfBlows","EmptyBody","FlurryOfBlows","Meditate","EmptyMind","Study+1","Replay:Hum","Replay:Hum","Injury","Sanctity","Perseverance+1","Protect","Vengeance","StuffTheSpire:Ambrosia","Pain","Wallop+1","Collect","Ragnarok","Replay:Cycle","BowlingBash","Metallicize","Burning Pact+1","Adaptation","Shrug It Off"],"relics":["PureWater","Centennial Puzzle","hubris:PeanutButter","infinitespire:ShieldingShard","aspiration:Lifesprig","Kintsugi","ReplayTheSpireMod:Shallot","hubris:CrystalStatue","MarkedMod:AcupunctureKit","StuffTheSpire:OldFever","aspiration:IroncladSkillbook","reliquary:RosewoodLute","Yang","Smiling Mask","reliquary:TuningFork","Bronze Scales"],"acts_visited":["Exordium","TheCity","TheBeyond"],"potions_floor_usage":[],"damage_taken":[{"damage":9.0,"enemies":"Jaw Worm","floor":1.0,"turns":5.0},{"damage":0.0,"enemies":"Cultist","floor":3.0,"turns":3.0},{"damage":0.0,"enemies":"2 Louse","floor":4.0,"turns":3.0},{"damage":8.0,"enemies":"Blue Slaver","floor":5.0,"turns":4.0},{"damage":24.0,"enemies":"3 Sentries","floor":8.0,"turns":10.0},{"damage":9.0,"enemies":"Lagavulin","floor":10.0,"turns":5.0},{"damage":0.0,"enemies":"2 Fungi Beasts","floor":11.0,"turns":3.0},{"damage":17.0,"enemies":"Replay:BlueRogue","floor":13.0,"turns":6.0},{"damage":3.0,"enemies":"Hexaghost","floor":16.0,"turns":7.0},{"damage":24.0,"enemies":"Shell Parasite","floor":18.0,"turns":4.0},{"damage":0.0,"enemies":"conspire:FuzzyDice","floor":19.0,"turns":6.0},{"damage":17.0,"enemies":"Centurion and Healer","floor":21.0,"turns":9.0},{"damage":14.0,"enemies":"Replay:Snechameleon","floor":24.0,"turns":7.0},{"damage":5.0,"enemies":"conspire:SneckoGhost","floor":28.0,"turns":8.0},{"damage":33.0,"enemies":"Cultist and Chosen","floor":31.0,"turns":10.0},{"damage":23.0,"enemies":"Champ","floor":33.0,"turns":10.0},{"damage":8.0,"enemies":"3 Shapes","floor":35.0,"turns":4.0},{"damage":3.0,"enemies":"conspire:MimicChest","floor":36.0,"turns":6.0},{"damage":10.0,"enemies":"Orb Walker","floor":39.0,"turns":5.0},{"damage":26.0,"enemies":"Sphere and 2 Shapes","floor":41.0,"turns":5.0},{"damage":9.0,"enemies":"Nemesis","floor":42.0,"turns":5.0},{"damage":15.0,"enemies":"Giant Head","floor":45.0,"turns":7.0},{"damage":17.0,"enemies":"Transient","floor":48.0,"turns":6.0},{"damage":0,"enemies":"Replay:Hell Engine","floor":50,"turns":1}],"seed_played":"6069363344226854957","potions_obtained":[{"floor":3.0,"key":"blueLaboratory:BottleOfVodka"},{"floor":8.0,"key":"blueLaboratory:FaithlessPotion"},{"floor":10.0,"key":"Adrenaline Potion"},{"floor":16.0,"key":"blueLaboratory:PhilterOfMotion"},{"floor":18.0,"key":"Elixir"},{"floor":19.0,"key":"Fire Potion"},{"floor":35.0,"key":"blueLaboratory:StoneskinPotion"},{"floor":41.0,"key":"blueLaboratory:HummingbirdPotion"},{"floor":42.0,"key":"Venom Potion"}],"is_trial":false,"path_per_floor":["M","?","M","M","M","R","?","E","T","E","M","R","E","$","R","B",null,"M","M","$","M","?","R","E","R","T","R","E","?","T","M","R","B",null,"M","?","$","?","M","R","M","E","T","R","E","R","?","M","R","B"],"character_chosen":"WATCHER","items_purchased":["Study","Replay:Hum","Protect","Yang"],"campfire_rested":7,"item_purchase_floors":[14,14,20,37],"current_hp_per_floor":[52,52,52,52,44,44,44,20,20,11,11,31,14,14,34,31,59,35,35,35,18,18,38,25,45,45,45,41,41,41,9,30,8,56,53,55,55,62,57,57,36,32,32,57,47,47,47,35,60,61,61],"gold":138,"neow_bonus":"ONE_RANDOM_RARE_CARD","is_daily":false,"chose_seed":false,"campfire_upgraded":4,"win_rate":0.0,"timestamp":1613596522,"path_taken":["M","?","M","M","M","R","?","E","T","E","M","R","E","$","R","BOSS","M","M","$","M","?","R","E","R","T","R","E","?","?","M","R","BOSS","M","?","$","?","M","R","M","E","T","R","E","R","?","M","R","BOSS"],"items_purchased_type":["Card","Card","Card","Relic"],"build_version":"2020-12-22","purchased_purges":1,"victory":false,"max_hp_per_floor":[68,68,68,68,68,68,68,68,68,68,68,68,68,68,68,68,68,68,68,68,68,68,68,69,69,69,69,70,70,70,71,71,72,72,73,74,74,81,82,82,83,84,84,84,85,85,85,86,86,87,87],"card_choices":[{"not_picked":["Prostrate","MarkedMod:PinPointDefense"],"picked":"CrushJoints","floor":1.0},{"not_picked":["Consecrate","Pray"],"picked":"FollowUp","floor":3.0},{"not_picked":["Crescendo","MarkedMod:Acupuncture"],"picked":"FlurryOfBlows","floor":4.0},{"not_picked":["Replay:BluntJabs","PathToVictory"],"picked":"EmptyBody","floor":5.0},{"not_picked":["FlyingSleeves","Replay:Anticipation"],"picked":"FlurryOfBlows","floor":8.0},{"not_picked":["Replay:BluntJabs","Pray"],"picked":"Meditate","floor":10.0},{"not_picked":["Replay:ManipulateFuture","Prostrate","JustLucky"],"picked":"SKIP","floor":11.0},{"not_picked":["Brilliance","Replay:Cycle"],"picked":"EmptyMind","floor":13.0},{"not_picked":["Collect+1","FollowUp"],"picked":"Sanctity","floor":18.0},{"not_picked":["Crescendo","Pray"],"picked":"Perseverance+1","floor":19.0},{"not_picked":["Replay:Anticipation+1","Evaluate"],"picked":"Vengeance","floor":21.0},{"not_picked":["Replay:ManipulateFuture","WindmillStrike"],"picked":"Wallop+1","floor":24.0},{"not_picked":["Prostrate","Indignation"],"picked":"Collect","floor":28.0},{"not_picked":["Halt","FlyingSleeves","CrushJoints"],"picked":"SKIP","floor":31.0},{"not_picked":["Establishment","Alpha"],"picked":"Ragnarok","floor":33.0},{"not_picked":["StuffTheSpire:RockThrow","Infernal Blade","MarkedMod:FirstStrike+1"],"picked":"Replay:Cycle","floor":35.0},{"not_picked":["StuffTheSpire:Resist","Clash+1","ReplayTheSpireMod:Strike From Hell+1"],"picked":"BowlingBash","floor":36.0},{"not_picked":["ReplayReversal","Second Wind","conspire:ExplosiveBarrier+1"],"picked":"Metallicize","floor":39.0},{"not_picked":["EmptyBody","MarkedMod:GentlePulse","SandsOfTime+1"],"picked":"Burning Pact","floor":41.0},{"not_picked":["hubris:CleavingFinish+1","Offering","ReplayTheSpireMod:Muscle Training+1"],"picked":"Adaptation","floor":42.0},{"not_picked":["StuffTheSpire:Slingshot","Defy Death","Consecrate+1"],"picked":"Shrug It Off","floor":45.0},{"not_picked":["Iron Wave","FlyingSleeves","hubris:SharpeningStone+1","StuffTheSpire:BloodClot+1"],"picked":"SKIP","floor":48.0}],"player_experience":1335593,"relics_obtained":[{"floor":8.0,"key":"Centennial Puzzle"},{"floor":9.0,"key":"hubris:PeanutButter"},{"floor":10.0,"key":"infinitespire:ShieldingShard"},{"floor":13.0,"key":"aspiration:Lifesprig"},{"floor":24.0,"key":"ReplayTheSpireMod:Shallot"},{"floor":26.0,"key":"hubris:CrystalStatue"},{"floor":28.0,"key":"MarkedMod:AcupunctureKit"},{"floor":30.0,"key":"StuffTheSpire:OldFever"},{"floor":36.0,"key":"reliquary:RosewoodLute"},{"floor":42.0,"key":"Smiling Mask"},{"floor":43.0,"key":"reliquary:TuningFork"},{"floor":45.0,"key":"Bronze Scales"}],"event_choices":[{"cards_removed":["Strike_P"],"damage_healed":0.0,"max_hp_gain":0.0,"max_hp_loss":0.0,"gold_gain":0.0,"event_name":"Purifier","player_choice":"Purged","floor":2.0,"gold_loss":0.0,"damage_taken":0.0},{"damage_healed":0.0,"max_hp_gain":0.0,"max_hp_loss":0.0,"gold_gain":0.0,"event_name":"betterThird:BetterPortal","player_choice":"Ignored","floor":47.0,"gold_loss":0.0,"damage_taken":0.0}],"is_beta":false,"boss_relics":[{"not_picked":["StuffTheSpire:RunicHypercube","reliquary:Craggleroot"],"picked":"Kintsugi"},{"not_picked":["Ring of Chaos","ChewingGum"],"picked":"aspiration:IroncladSkillbook"}],"items_purged_floors":[20],"is_endless":false,"potions_floor_spawned":[3,8,10,16,18,19,21,35,41,42],"killed_by":"Replay:Hell Engine","ascension_level":20}}