{"host":"5qewjvycy34u7aeo","time":1613571352,"event":{"mods":["BaseMod","Downfall","GifTheSpireLib","Hubris","Infinite Spire","Minty Spire (QoL Compilation)","Permanent Neow","Replay The Spire","StSLib","Wandering Minibosses"],"gold_per_floor":[99,110,110,124,34,34,34,48,198,209,244,244,258,285,298,393,393,193,204,354,366,167,167,190,90,122,137,239,279,299,461,472,586,586,586,609,626,171,225,256,310,310,86,108,126,166,266,284,312,324,324,371,129,129,181,181,181],"floor_reached":55,"language":"ENG","playtime":4741,"items_purged":["hubris:Disease","champ:Strike","downfall:Icky","champ:Strike","champ:Defend","champ:Defend"],"score":954,"play_id":"c43d1a82-c9d5-4f84-a2a1-72ddb3a7e0dc","local_time":"20210217081552","is_ascension_mode":false,"campfire_choices":[{"data":"champ:Taunt","floor":1.0,"key":"SMITH"},{"data":"champ:ShieldWall","floor":6.0,"key":"SMITH"},{"floor":12.0,"key":"RECALL"},{"data":"champ:SteelEdge","floor":18.0,"key":"SMITH"},{"data":"champ:EnGarde","floor":25.0,"key":"SMITH"},{"floor":35.0,"key":"DIG"},{"data":"champ:Strike","floor":42.0,"key":"SMITH"},{"data":"champ:HeavySlash","floor":54,"key":"SMITH"}],"circlet_count":0,"master_deck":["champ:Strike+1","champ:Defend","champ:Defend","champ:Execute","champ:Taunt+1","champ:DefensiveShout","champ:ShieldWall+1","champ:Parry","champ:BringItOn","champ:EnGarde+1","champ:Parry","champ:BringItOn","champ:CalledShot","champ:SteelEdge+1","champ:FlashCut","champ:ArenaPreparation+1","champ:ShieldWall","champ:Circumvent","champ:FlashCut","champ:Taunt","champ:FanOfKnives","champ:FancyFootwork","champ:HeavySlash+1","Mind Blast","ReplayTheSpireMod:Faulty Equipment","champ:BringItOn","champ:FocusedDefense","champ:EnGarde+1","champ:EnGarde","champ:EnGarde","champ:VampiricStrike","champ:PreciseThrust","champ:FalseCounter","champ:FlashCut+1","Pot Of Greed","Pot Of Greed","Pot Of Greed","champ:StanceDance","Pot Of Greed","champ:Backstep+1","champ:Taunt","champ:TornadoPunch","champ:EnragedBash","champ:SwordThrow","Swift Strike","hubris:Lust","champ:FocusedDefense+1","Parasite","champ:FlashCut+1","champ:DefensiveShout+1","champ:FlashCut+1","Pot Of Greed","champ:ShieldWall","champ:FocusedDefense","champ:Backstep"],"relics":["champ:ChampionCrown","Ring of Panic","Bottled Tornado","Pen Nib","Snecko Eye","downfall:HeartBlessingGreen","downfall:HeartBlessingRed","downfall:HeartBlessingBlue","infinitespire:Midas Blood","downfall:GremlinSack","hubris:SphereOfDissonance","expansioncontent:StudyCardRelic","hubris:SlimyHat","Lantern","infinitespire:Beetle Shell","Gambling Chip","infinitespire:WardingShard","Smiling Mask","Grinning Jar","champ:DefensiveTrainingManual","downfall:GremlinSack","Mirror"],"acts_visited":["Exordium","TheCity","TheBeyond","TheEnding"],"potions_floor_usage":[],"damage_taken":[{"damage":10.0,"enemies":"Jaw Worm","floor":2.0,"turns":4.0},{"damage":10.0,"enemies":"Small Slimes","floor":4.0,"turns":4.0},{"damage":10.0,"enemies":"downfall:FleeingMerchant","floor":5.0,"turns":4.0},{"damage":10.0,"enemies":"Cultist","floor":8.0,"turns":2.0},{"damage":24.0,"enemies":"Lots of Slimes","floor":10.0,"turns":4.0},{"damage":8.0,"enemies":"Gremlin Nob","floor":11.0,"turns":5.0},{"damage":10.0,"enemies":"2 Fungi Beasts","floor":13.0,"turns":3.0},{"damage":24.0,"enemies":"3 Sentries","floor":14.0,"turns":4.0},{"damage":14.0,"enemies":"3 Louse","floor":15.0,"turns":3.0},{"damage":23.0,"enemies":"DF_ARCHETYPE_STREAMLINE","floor":16.0,"turns":7.0},{"damage":22.0,"enemies":"downfall:LooterAlt2","floor":19.0,"turns":2.0},{"damage":10.0,"enemies":"Shell Parasite","floor":21.0,"turns":3.0},{"damage":40.0,"enemies":"downfall:FleeingMerchant","floor":22.0,"turns":4.0},{"damage":10.0,"enemies":"Replay:Snechameleon","floor":26.0,"turns":6.0},{"damage":20.0,"enemies":"Centurion and Healer","floor":27.0,"turns":3.0},{"damage":10.0,"enemies":"Centurion and Healer","floor":28.0,"turns":3.0},{"damage":30.0,"enemies":"Nightmare","floor":29.0,"turns":7.0},{"damage":17.0,"enemies":"Chosen and Byrds","floor":30.0,"turns":4.0},{"damage":10.0,"enemies":"downfall:FleeingMerchant","floor":31.0,"turns":4.0},{"damage":0.0,"enemies":"Snake Plant","floor":32.0,"turns":2.0},{"damage":26.0,"enemies":"SI_MIRROR_ARCHETYPE","floor":33.0,"turns":5.0},{"damage":20.0,"enemies":"3 Darklings","floor":36.0,"turns":3.0},{"damage":10.0,"enemies":"Orb Walker","floor":37.0,"turns":3.0},{"damage":16.0,"enemies":"Orb Walker","floor":39.0,"turns":5.0},{"damage":5.0,"enemies":"Reptomancer","floor":40.0,"turns":5.0},{"damage":5.0,"enemies":"Spire Growth","floor":44.0,"turns":3.0},{"damage":0.0,"enemies":"4 Shapes","floor":45.0,"turns":3.0},{"damage":38.0,"enemies":"Nemesis","floor":46.0,"turns":9.0},{"damage":0.0,"enemies":"Nemesis","floor":47.0,"turns":2.0},{"damage":0.0,"enemies":"Writhing Mass","floor":48.0,"turns":3.0},{"damage":14.0,"enemies":"Spire Growth","floor":49.0,"turns":4.0},{"damage":54,"enemies":"WA_ARCHETYPE_DIVINITY","floor":50,"turns":17},{"damage":39,"enemies":"downfall:CharBossMerchant","floor":52,"turns":6},{"damage":134,"enemies":"downfall:NeowBoss","floor":55,"turns":25}],"seed_played":"6035318103634922308","potions_obtained":[{"floor":2.0,"key":"LiquidMemories"},{"floor":11.0,"key":"SneckoOil"},{"floor":14.0,"key":"Slimebound:ThreeZeroPotion"},{"floor":15.0,"key":"EssenceOfSteel"},{"floor":19.0,"key":"Fire Potion"},{"floor":26.0,"key":"DuplicationPotion"},{"floor":33.0,"key":"bronze:BurnAndBuffPotion"},{"floor":45.0,"key":"champ:OpenerPotion"},{"floor":47.0,"key":"BlessingOfTheForge"}],"is_trial":false,"path_per_floor":["R","M","?","M","$","R","T","M","?","M","E","R","M","E","M","B",null,"R","M","?","M","$","?","T","R","E","M","?","NM","M","$","M","B",null,"R","M","M","$","?","E","T","R","$","M","M","E","?","M","M","B",null,"E","$","R","B"],"character_chosen":"THE_CHAMP","items_purchased":["champ:ShieldWall","champ:Circumvent","champ:EnGarde","Lantern","infinitespire:Beetle Shell","Grinning Jar","champ:StanceDance","champ:ShieldWall","champ:FocusedDefense","champ:Backstep"],"campfire_rested":0,"item_purchase_floors":[22,22,31,38,38,43,43,53,53,53],"current_hp_per_floor":[90,90,90,90,90,90,90,90,90,86,78,78,78,74,60,47,90,90,78,78,68,68,68,68,78,78,78,78,68,66,66,66,65,100,100,100,100,100,89,89,89,89,89,89,89,71,71,71,62,13,100,91,91,91,0,0,0],"gold":181,"neow_bonus":"REMOVE_CARD","is_daily":false,"chose_seed":false,"campfire_upgraded":6,"win_rate":0.0,"timestamp":1613571352,"path_taken":["R","M","?","M","$","R","T","M","?","M","E","R","M","E","M","BOSS","R","M","?","M","?","?","T","R","E","M","?","NM","?","$","M","BOSS","R","M","M","?","?","E","T","R","$","M","M","E","?","?","M","BOSS","E","$","R","BOSS"],"items_purchased_type":["Card","Card","Card","Relic","Relic","Relic","Card","Card","Card","Card"],"build_version":"2020-12-22","purchased_purges":6,"victory":false,"max_hp_per_floor":[90,90,90,90,90,90,90,90,90,90,90,90,90,90,90,90,90,90,90,90,90,90,90,90,100,100,100,100,100,100,100,100,100,100,100,100,100,100,100,100,100,100,100,100,100,100,100,100,100,100,100,100,100,100,100,100,100],"card_choices":[{"not_picked":["champ:Parry","champ:Shatter"],"picked":"champ:DefensiveShout","floor":2.0},{"not_picked":["champ:RapidStrikes","champ:DefensiveShout"],"picked":"champ:ShieldWall","floor":4.0},{"not_picked":["champ:PreciseThrust","champ:RisingSlash"],"picked":"champ:Parry","floor":5.0},{"not_picked":["champ:EnGarde","champ:Backstep"],"picked":"champ:BringItOn","floor":8.0},{"not_picked":["champ:Duel","champ:BringItOn"],"picked":"champ:EnGarde","floor":10.0},{"not_picked":["champ:FocusedBerserking","champ:GladiatorStyle"],"picked":"champ:Parry","floor":11.0},{"not_picked":["champ:FanOfKnives","champ:CrookedStrike"],"picked":"champ:BringItOn","floor":13.0},{"not_picked":["champ:BladeFlurry","champ:ShieldSlam","champ:LastStand"],"picked":"SKIP","floor":14.0},{"not_picked":["champ:IronFortress","champ:EnGarde"],"picked":"champ:CalledShot","floor":15.0},{"not_picked":["champ:HeavySlash","champ:TripleStrike"],"picked":"champ:SteelEdge","floor":16.0},{"not_picked":["champ:TornadoPunch","champ:EnGarde+1"],"picked":"champ:FlashCut","floor":19.0},{"not_picked":["champ:BringItOn","champ:FalseCounter"],"picked":"champ:ArenaPreparation+1","floor":21.0},{"not_picked":["champ:DeathBlow","champ:FocusedBerserking+1","champ:EnragedBash"],"picked":"SKIP","floor":22.0},{"not_picked":["champ:EnragedBash","champ:IgnorePain"],"picked":"champ:FlashCut","floor":26.0},{"not_picked":["champ:RecklessLeap","champ:ShieldSlam","champ:HeartStrike"],"picked":"SKIP","floor":27.0},{"not_picked":["champ:StanceDance","champ:FaceSlap"],"picked":"champ:BringItOn","floor":28.0},{"not_picked":["champ:Backstep","champ:Parry"],"picked":"champ:FocusedDefense","floor":29.0},{"not_picked":["champ:TornadoPunch","champ:Endure"],"picked":"champ:EnGarde+1","floor":30.0},{"not_picked":["champ:CrookedStrike","champ:IgnorePain"],"picked":"champ:EnGarde","floor":31.0},{"not_picked":["champ:EndlessRage","champ:FanOfKnives","champ:AdrenalArmor"],"picked":"SKIP","floor":32.0},{"not_picked":["champ:StrikeOfGenius","champ:TripleStrike"],"picked":"champ:VampiricStrike","floor":33.0},{"not_picked":["champ:CalledShot","champ:EnragedBash+1","champ:FanOfKnives+1"],"picked":"SKIP","floor":36.0},{"not_picked":["champ:EnragedBash+1","champ:CrookedStrike"],"picked":"champ:PreciseThrust","floor":37.0},{"not_picked":["champ:EnragedBash+1","champ:StanceDance"],"picked":"champ:FalseCounter","floor":39.0},{"not_picked":["champ:Devastate","champ:FancyFootwork+1"],"picked":"champ:FlashCut+1","floor":40.0},{"not_picked":["champ:HeartStrike+1","champ:CrownThrow"],"picked":"champ:Backstep+1","floor":44.0},{"not_picked":["champ:AdrenalArmor","champ:Endure+1","champ:CrownThrow"],"picked":"SKIP","floor":45.0},{"not_picked":["champ:DeathBlow+1","champ:GutPunch","champ:CalledShot+1"],"picked":"SKIP","floor":46.0},{"not_picked":["champ:DeathBlow+1","champ:GutPunch","champ:CalledShot+1"],"picked":"SKIP","floor":46.0},{"not_picked":["champ:SkillfulDodge+1","champ:TripleStrike"],"picked":"champ:FocusedDefense+1","floor":47.0},{"not_picked":["champ:PreciseThrust+1","champ:Shatter+1"],"picked":"champ:FlashCut+1","floor":48.0},{"not_picked":["champ:Haymaker","champ:BerserkersShout+1"],"picked":"champ:DefensiveShout+1","floor":49.0},{"not_picked":["champ:BerserkersShout","champ:ShieldSlam+1"],"picked":"champ:FlashCut+1","floor":52}],"player_experience":445972,"relics_obtained":[{"floor":3.0,"key":"Ring of Panic"},{"floor":7.0,"key":"Bottled Tornado"},{"floor":11.0,"key":"Vajra"},{"floor":14.0,"key":"Pen Nib"},{"floor":26.0,"key":"infinitespire:Midas Blood"},{"floor":28.0,"key":"downfall:GremlinSack"},{"floor":29.0,"key":"hubris:SphereOfDissonance"},{"floor":35.0,"key":"hubris:SlimyHat"},{"floor":39.0,"key":"Gambling Chip"},{"floor":40.0,"key":"infinitespire:WardingShard"},{"floor":41.0,"key":"Smiling Mask"},{"floor":46.0,"key":"champ:DefensiveTrainingManual"},{"floor":47.0,"key":"downfall:GremlinSack"},{"floor":52,"key":"Mirror"}],"event_choices":[],"is_beta":false,"boss_relics":[{"not_picked":["hubris:Stopwatch","hubris:RunicObelisk"],"picked":"Snecko Eye"},{"not_picked":["Calling Bell","Philosopher\u0027s Stone"],"picked":"expansioncontent:StudyCardRelic"}],"items_purged_floors":[5,22,31,38,43,53],"is_endless":false,"potions_floor_spawned":[2,11,14,15,19,21,26,29,33,36,45,46,47,48,52],"killed_by":"downfall:NeowBoss","ascension_level":0}}