{"host":"oehe2dxjvdgux73m","time":1613571448,"event":{"mods":["AchievementEnabler","BaseMod","Colored Map","Colored Powertips","DeckTracker","Keyboard Shortcuts","Minty Spire (QoL Compilation)","Permanent Neow","Quick Restart","StSLib","SuperFastMode"],"gold_per_floor":[117,137,137,153,35,35,62,62,62,81,115,44,9,38,38,125,125,153,187,207,91,112,152,152,164,164,176,176,204,204,154,154,242,242,258,287,162,180,199,242,242,242,323,96,128,149,173,173,173,173,173],"floor_reached":50,"language":"KOR","playtime":2122,"items_purged":["Strike_G","Strike_G","Eviscerate","Predator+1"],"score":1064,"play_id":"348a5b27-7246-4f81-ba62-99fd5bb8b03d","local_time":"20210217231728","is_ascension_mode":true,"campfire_choices":[{"data":"Skewer","floor":6.0,"key":"SMITH"},{"floor":8.0,"key":"REST"},{"data":"Prepared","floor":15.0,"key":"SMITH"},{"floor":24.0,"key":"REST"},{"data":"Acrobatics","floor":28.0,"key":"SMITH"},{"data":"Well Laid Plans","floor":30.0,"key":"SMITH"},{"floor":32.0,"key":"RECALL"},{"data":"Apotheosis","floor":42.0,"key":"SMITH"},{"floor":49.0,"key":"REST"}],"circlet_count":0,"master_deck":["AscendersBane","Defend_G","Defend_G","Defend_G","Defend_G","Defend_G","Survivor","Neutralize+1","Skewer+1","Prepared+1","Backflip","Well Laid Plans+1","Acrobatics+1","Grand Finale","Deflect+1","Footwork+1","PiercingWail","Terror+1","Dodge and Roll","Tactician+1","Malaise","Outmaneuver+1","Secret Weapon","Apotheosis+1","Leg Sweep","Tactician","Calculated Gamble","Adrenaline"],"relics":["Ring of the Snake","InkBottle","CeramicFish","Whetstone","Empty Cage","Red Mask","Shuriken","Lantern","Philosopher\u0027s Stone","Boot","Blood Vial"],"acts_visited":["Exordium","TheCity","TheBeyond"],"potions_floor_usage":[50],"damage_taken":[{"damage":2.0,"enemies":"Small Slimes","floor":1.0,"turns":6.0},{"damage":14.0,"enemies":"Cultist","floor":2.0,"turns":5.0},{"damage":3.0,"enemies":"2 Louse","floor":4.0,"turns":3.0},{"damage":30.0,"enemies":"Lagavulin","floor":7.0,"turns":5.0},{"damage":0.0,"enemies":"2 Fungi Beasts","floor":10.0,"turns":2.0},{"damage":24.0,"enemies":"3 Sentries","floor":11.0,"turns":10.0},{"damage":14.0,"enemies":"Exordium Thugs","floor":14.0,"turns":4.0},{"damage":8.0,"enemies":"The Guardian","floor":16.0,"turns":10.0},{"damage":0.0,"enemies":"Spheric Guardian","floor":18.0,"turns":2.0},{"damage":0.0,"enemies":"Masked Bandits","floor":19.0,"turns":2.0},{"damage":13.0,"enemies":"Shell Parasite","floor":20.0,"turns":5.0},{"damage":3.0,"enemies":"Snake Plant","floor":22.0,"turns":4.0},{"damage":11.0,"enemies":"Book of Stabbing","floor":23.0,"turns":7.0},{"damage":5.0,"enemies":"Chosen and Byrds","floor":25.0,"turns":7.0},{"damage":9.0,"enemies":"Sentry and Sphere","floor":27.0,"turns":8.0},{"damage":0.0,"enemies":"Snake Plant","floor":29.0,"turns":5.0},{"damage":1.0,"enemies":"Collector","floor":33.0,"turns":5.0},{"damage":0.0,"enemies":"Orb Walker","floor":35.0,"turns":4.0},{"damage":4.0,"enemies":"3 Shapes","floor":36.0,"turns":7.0},{"damage":1.0,"enemies":"3 Darklings","floor":39.0,"turns":4.0},{"damage":19.0,"enemies":"Nemesis","floor":40.0,"turns":5.0},{"damage":36.0,"enemies":"Reptomancer","floor":45.0,"turns":11.0},{"damage":8.0,"enemies":"Sphere and 2 Shapes","floor":46.0,"turns":13.0},{"damage":4.0,"enemies":"Writhing Mass","floor":47.0,"turns":6.0},{"damage":4,"enemies":"Time Eater","floor":50,"turns":7}],"seed_played":"898065402181113096","potions_obtained":[{"floor":1.0,"key":"SpeedPotion"},{"floor":4.0,"key":"Poison Potion"},{"floor":7.0,"key":"CultistPotion"},{"floor":11.0,"key":"Regen Potion"},{"floor":19.0,"key":"SteroidPotion"},{"floor":27.0,"key":"Explosive Potion"},{"floor":33.0,"key":"Strength Potion"},{"floor":47.0,"key":"FearPotion"}],"is_trial":false,"path_per_floor":["M","M","?","M","$","R","E","R","T","M","E","$","?","M","R","B",null,"M","?","M","$","M","E","R","M","T","M","R","M","R","?","R","B",null,"M","M","$","?","M","E","?","R","T","$","E","M","M","$","R","B"],"character_chosen":"THE_SILENT","items_purchased":["Skewer","Well Laid Plans","PiercingWail","Tactician"],"campfire_rested":3,"item_purchase_floors":[5,12,21,44],"current_hp_per_floor":[57,43,43,40,40,40,10,29,29,29,5,5,21,19,19,11,52,52,52,39,39,36,25,44,39,39,30,30,30,30,30,30,29,57,57,53,53,43,42,23,76,76,76,76,40,34,32,32,54,52,52],"gold":173,"neow_bonus":"ONE_RANDOM_RARE_CARD","is_daily":false,"chose_seed":false,"campfire_upgraded":5,"win_rate":0.0,"timestamp":1613571448,"path_taken":["M","M","?","?","$","R","E","R","T","?","E","$","?","M","R","BOSS","M","?","M","$","M","E","R","M","T","M","R","M","R","?","R","BOSS","M","M","$","?","M","E","?","R","T","$","E","M","?","?","R","BOSS"],"items_purchased_type":["Card","Card","Card","Card"],"build_version":"2020-12-22","purchased_purges":4,"victory":false,"max_hp_per_floor":[66,66,66,66,66,66,66,66,66,66,66,66,66,66,66,66,66,66,66,66,66,66,66,66,66,66,66,66,66,66,66,66,66,66,66,66,66,66,66,66,76,76,76,76,76,76,76,76,76,76,76],"card_choices":[{"not_picked":["Catalyst","Slice"],"picked":"Eviscerate","floor":1.0},{"not_picked":["Heel Hook","Prepared"],"picked":"Predator","floor":2.0},{"not_picked":["Riddle With Holes","Dodge and Roll","Sucker Punch"],"picked":"SKIP","floor":4.0},{"not_picked":["Distraction","All Out Attack"],"picked":"Prepared","floor":7.0},{"not_picked":["Catalyst","Bane","Caltrops"],"picked":"SKIP","floor":10.0},{"not_picked":["Distraction","Slice"],"picked":"Backflip","floor":11.0},{"not_picked":["Infinite Blades","Dash"],"picked":"Acrobatics","floor":14.0},{"not_picked":["A Thousand Cuts","Phantasmal Killer"],"picked":"Grand Finale","floor":16.0},{"not_picked":["Sucker Punch+1","Flying Knee"],"picked":"Deflect+1","floor":18.0},{"not_picked":["Crippling Poison","Prepared"],"picked":"Footwork+1","floor":19.0},{"not_picked":["Underhanded Strike","Bane","Sucker Punch"],"picked":"SKIP","floor":20.0},{"not_picked":["Blade Dance","Eviscerate"],"picked":"Terror+1","floor":22.0},{"not_picked":["Cloak And Dagger","Flying Knee"],"picked":"Dodge and Roll","floor":23.0},{"not_picked":["Cloak And Dagger+1","Dodge and Roll","Sucker Punch"],"picked":"SKIP","floor":25.0},{"not_picked":["Catalyst","Infinite Blades","Bane"],"picked":"SKIP","floor":27.0},{"not_picked":["Setup","Flying Knee+1"],"picked":"Tactician+1","floor":29.0},{"not_picked":["Venomology","Tools of the Trade"],"picked":"Malaise","floor":33.0},{"not_picked":["Skewer","Dagger Spray","Endless Agony"],"picked":"SKIP","floor":35.0},{"not_picked":["Backstab","Terror+1"],"picked":"Outmaneuver+1","floor":36.0},{"not_picked":["Mind Blast","Deep Breath"],"picked":"Secret Weapon","floor":38.0},{"not_picked":["Good Instincts","Trip"],"picked":"Apotheosis","floor":38.0},{"not_picked":["Blade Dance","Underhanded Strike","Catalyst"],"picked":"SKIP","floor":39.0},{"not_picked":["Escape Plan","Catalyst"],"picked":"Leg Sweep","floor":40.0},{"not_picked":["Bouncing Flask","Blade Dance","Underhanded Strike"],"picked":"SKIP","floor":45.0},{"not_picked":["All Out Attack+1","Deflect"],"picked":"Calculated Gamble","floor":46.0},{"not_picked":["Tactician","Poisoned Stab"],"picked":"Adrenaline","floor":47.0}],"player_experience":468476,"relics_obtained":[{"floor":7.0,"key":"InkBottle"},{"floor":9.0,"key":"CeramicFish"},{"floor":11.0,"key":"Whetstone"},{"floor":19.0,"key":"Red Mask"},{"floor":23.0,"key":"Shuriken"},{"floor":26.0,"key":"Lantern"},{"floor":40.0,"key":"Boot"},{"floor":45.0,"key":"Blood Vial"}],"event_choices":[{"cards_removed":["Strike_G"],"damage_healed":0.0,"max_hp_gain":0.0,"max_hp_loss":0.0,"gold_gain":0.0,"event_name":"Wheel of Change","player_choice":"Card Removal","floor":3.0,"gold_loss":0.0,"damage_taken":0.0},{"damage_healed":16.0,"max_hp_gain":0.0,"max_hp_loss":0.0,"gold_gain":0.0,"event_name":"The Cleric","player_choice":"Healed","floor":13.0,"gold_loss":35.0,"damage_taken":0.0},{"damage_healed":0.0,"max_hp_gain":0.0,"max_hp_loss":0.0,"gold_gain":0.0,"event_name":"Masked Bandits","player_choice":"Fought Bandits","floor":19.0,"gold_loss":0.0,"damage_taken":0.0},{"damage_healed":0.0,"max_hp_gain":0.0,"max_hp_loss":0.0,"gold_gain":0.0,"event_name":"The Joust","player_choice":"Bet on Murderer","floor":31.0,"gold_loss":50.0,"damage_taken":0.0},{"damage_healed":0.0,"max_hp_gain":0.0,"max_hp_loss":0.0,"gold_gain":0.0,"event_name":"SensoryStone","player_choice":"Memory 3","floor":38.0,"gold_loss":0.0,"damage_taken":10.0},{"cards_removed":["Doppelganger"],"damage_healed":43.0,"max_hp_gain":10.0,"max_hp_loss":0.0,"gold_gain":0.0,"event_name":"Bonfire Elementals","player_choice":"Offered Rare","floor":41.0,"gold_loss":0.0,"damage_taken":0.0}],"is_beta":false,"boss_relics":[{"not_picked":["Coffee Dripper","Ring of the Serpent"],"picked":"Empty Cage"},{"not_picked":["Sozu","Black Star"],"picked":"Philosopher\u0027s Stone"}],"items_purged_floors":[5,21,37,44],"is_endless":false,"potions_floor_spawned":[1,4,7,11,19,27,33,36,47],"killed_by":"Time Eater","ascension_level":20}}