{"host":"ohuqxemsk44kggmp","time":1613564290,"event":{"mods":["AchievementEnabler","BaseMod","Colored Powertips","Marked Mod","Minty Spire (QoL Compilation)","Reliquary","Replay The Spire","StSLib"],"gold_per_floor":[111,111,386,397,20,50,50,50,50,50,125,152,152,152,152],"floor_reached":14,"language":"ENG","playtime":1666,"items_purged":[],"score":99,"play_id":"38b58c78-894f-4dc5-a50a-7d94a698b04c","local_time":"20210217131810","is_ascension_mode":true,"campfire_choices":[{"floor":7.0,"key":"REST"},{"floor":10.0,"key":"REST"}],"circlet_count":0,"master_deck":["Strike_P","Strike_P","Strike_P","Strike_P","Defend_P","Defend_P","Defend_P","Defend_P","Eruption","Vigilance","Replay:LoomingThreat","Prostrate","Regret","Replay:AtTheReady","Specialist","DeceiveReality","CommonCold","MarkedMod:GracefulMovements+1"],"relics":["PureWater","Pondfish Scales","Onion Ring","ReplayTheSpireMod:Ring of Addiction","Chameleon Ring","White Beast Statue","Frozen Egg 2","Replay:WaspNest"],"acts_visited":["Exordium"],"potions_floor_usage":[12,14],"damage_taken":[{"damage":0.0,"enemies":"2 Louse","floor":1.0,"turns":3.0},{"damage":2.0,"enemies":"Cultist","floor":4.0,"turns":3.0},{"damage":47.0,"enemies":"Gremlin Nob","floor":6.0,"turns":5.0},{"damage":27,"enemies":"3 Sentries","floor":12,"turns":7},{"damage":24,"enemies":"Gremlin Nob","floor":14,"turns":3}],"seed_played":"-6764873828971950257","potions_obtained":[{"floor":4.0,"key":"Languid Potion"},{"floor":8.0,"key":"Venom Potion"},{"floor":8.0,"key":"Block Potion"},{"floor":12,"key":"GamblersBrew"}],"is_trial":false,"path_per_floor":["M","$","?","M","$","E","R","?","T","R","?","E","?","E"],"character_chosen":"WATCHER","items_purchased":["Pondfish Scales","Specialist"],"campfire_rested":2,"item_purchase_floors":[5,5],"current_hp_per_floor":[72,72,72,70,70,23,44,44,44,65,54,27,15,0,0],"gold":152,"neow_bonus":"ONE_RANDOM_RARE_CARD","is_daily":false,"chose_seed":false,"campfire_upgraded":0,"win_rate":0.0,"timestamp":1613564290,"path_taken":["M","$","?","M","?","E","R","?","T","R","?","E","?","E"],"items_purchased_type":["Relic","Card"],"build_version":"2020-12-22","purchased_purges":0,"victory":false,"max_hp_per_floor":[72,72,72,72,72,72,72,72,72,72,72,72,72,72,72],"card_choices":[{"not_picked":["WaveOfTheHand","Consecrate"],"picked":"Prostrate","floor":1.0},{"not_picked":["CutThroughFate","Crescendo"],"picked":"Replay:AtTheReady","floor":4.0},{"not_picked":["Prostrate","ReachHeaven"],"picked":"DeceiveReality","floor":6.0},{"not_picked":["MentalFortress+1","EmptyFist"],"picked":"MarkedMod:GracefulMovements+1","floor":12}],"player_experience":591383,"relics_obtained":[{"floor":6.0,"key":"Onion Ring"},{"floor":8.0,"key":"ReplayTheSpireMod:Ring of Addiction"},{"floor":8.0,"key":"Chameleon Ring"},{"floor":8.0,"key":"White Beast Statue"},{"floor":12,"key":"Frozen Egg 2"}],"event_choices":[{"damage_healed":0.0,"max_hp_gain":0.0,"max_hp_loss":0.0,"gold_gain":275.0,"event_name":"Golden Shrine","player_choice":"Desecrate","floor":3.0,"gold_loss":0.0,"damage_taken":0.0,"cards_obtained":["Regret"]},{"damage_healed":0.0,"max_hp_gain":0.0,"max_hp_loss":0.0,"gold_gain":75.0,"event_name":"World of Goop","player_choice":"Gather Gold","floor":11.0,"gold_loss":0.0,"damage_taken":11.0},{"damage_healed":0,"gold_gain":0,"player_choice":"Success","damage_taken":12,"relics_obtained":["Replay:WaspNest"],"max_hp_gain":0,"max_hp_loss":0,"event_name":"Scrap Ooze","floor":13,"gold_loss":0}],"is_beta":false,"boss_relics":[],"items_purged_floors":[],"is_endless":false,"potions_floor_spawned":[4,12],"killed_by":"Gremlin Nob","ascension_level":1}}