{"host":"2p3jwbtacxwf1d73","time":1613583303,"event":{"mods":["BaseMod","Colored Powertips","Hermit","Hubris","Minty Spire (QoL Compilation)","Potionbrewer","Quick Restart","Reliquary","Small Relic Pack","StSLib","The Cursed","The Death Knight","The Gatherer","The Hierophant","The Necromancer","The Servant 0.9.4"],"gold_per_floor":[117,137,147,166,183,214,214,226,226,257,257,269,302,11,11,116,116,130,152,166,11,21,21,21,34,57,117,132,132,132,132,132,229,229,239,253,67,78,78,78,109,109,109,109,120,154,166,166,166,166],"floor_reached":51,"language":"ENG","playtime":3027,"items_purged":[],"score":876,"play_id":"05363c22-5896-4838-a5e4-1a0299a62f4f","local_time":"20210217113503","daily_mods":["SealedDeck","Heirloom"],"is_ascension_mode":false,"campfire_choices":[{"data":"DeathKnight:DeathStrike","floor":7.0,"key":"SMITH"},{"data":"DeathKnight:Hysteria","floor":15.0,"key":"SMITH"},{"floor":23.0,"key":"REST"},{"floor":30,"key":"REST"},{"data":"DeathKnight:MarkOfBlood","floor":32,"key":"SMITH"},{"data":"Magnetism","floor":40,"key":"SMITH"},{"floor":42,"key":"REST"},{"data":"Discovery","floor":44,"key":"SMITH"},{"data":"DeathKnight:ShatteringStrikes","floor":49,"key":"SMITH"}],"circlet_count":0,"master_deck":["DeathKnight:PlagueStrike","DeathKnight:RuneShock","DeathKnight:ShatteringStrikes+1","DeathKnight:PlagueStrike","DeathKnight:DeathStrike+1","DeathKnight:AntiMagicShell","DeathKnight:WraithWalk","DeathKnight:BoneSpear","DeathKnight:BloodStrike","DeathKnight:HartStrike","DeathKnight:Runeguard","DeathKnight:ReapingStrike","DeathKnight:DeathGrip","DeathKnight:DancingRuneblade+1","DeathKnight:Hysteria+1","Discovery+1","DeathKnight:UnholyExperiment","DeathKnight:MarkOfBlood+1","DeathKnight:ShatteringStrikes+1","Magnetism+1","Flash of Steel","Parasite"],"relics":["DeathKnight:BrokenRuneblade","hubris:64BitClover","MealTicket","potionbrewer:SlideRule","Pocketwatch","FaceOfCleric","hubris:Metronome","DeathKnight:CorpseWagon","Blood Vial","hubris:Backtick","DeathKnight:LanathelsBloodyNail","relicPack:OneForAll","Anchor","hubris:Spice","reliquary:WeakTea","DeathKnight:Shadowmourne","Ginger","hubris:BottledRain"],"acts_visited":["Exordium","TheCity","TheBeyond"],"potions_floor_usage":[27,33,41,41,41,41,41,45,46,46,47,47,50,50,50,50],"damage_taken":[{"damage":4.0,"enemies":"Small Slimes","floor":1.0,"turns":2.0},{"damage":4.0,"enemies":"Cultist","floor":2.0,"turns":1.0},{"damage":3.0,"enemies":"Jaw Worm","floor":3.0,"turns":2.0},{"damage":5.0,"enemies":"3 Louse","floor":4.0,"turns":2.0},{"damage":6.0,"enemies":"Looter","floor":5.0,"turns":2.0},{"damage":4.0,"enemies":"Gremlin Nob","floor":6.0,"turns":2.0},{"damage":4.0,"enemies":"Large Slime","floor":8.0,"turns":3.0},{"damage":14.0,"enemies":"3 Sentries","floor":10.0,"turns":4.0},{"damage":2.0,"enemies":"3 Louse","floor":12.0,"turns":2.0},{"damage":0.0,"enemies":"Lagavulin","floor":13.0,"turns":3.0},{"damage":6.0,"enemies":"Slime Boss","floor":16.0,"turns":5.0},{"damage":15.0,"enemies":"Chosen","floor":18.0,"turns":3.0},{"damage":15.0,"enemies":"2 Thieves","floor":19.0,"turns":2.0},{"damage":31.0,"enemies":"Snake Plant","floor":20.0,"turns":4.0},{"damage":20.0,"enemies":"Centurion and Healer","floor":22.0,"turns":4.0},{"damage":8.0,"enemies":"Sentry and Sphere","floor":25.0,"turns":3.0},{"damage":25,"enemies":"Slavers","floor":27,"turns":3},{"damage":39,"enemies":"3 Cultists","floor":28,"turns":4},{"damage":40,"enemies":"Automaton","floor":33,"turns":7},{"damage":17,"enemies":"3 Darklings","floor":35,"turns":4},{"damage":7,"enemies":"3 Shapes","floor":36,"turns":2},{"damage":4,"enemies":"Spire Growth","floor":38,"turns":3},{"damage":27,"enemies":"Nemesis","floor":41,"turns":3},{"damage":2,"enemies":"Writhing Mass","floor":45,"turns":4},{"damage":8,"enemies":"Giant Head","floor":46,"turns":3},{"damage":18,"enemies":"3 Darklings","floor":47,"turns":4},{"damage":8,"enemies":"Donu and Deca","floor":50,"turns":4}],"seed_played":"-4068169936065838028","potions_obtained":[{"floor":2.0,"key":"PowerPotion"},{"floor":3.0,"key":"BlessingOfTheForge"},{"floor":5.0,"key":"DuplicationPotion"},{"floor":10.0,"key":"SteroidPotion"},{"floor":13.0,"key":"FearPotion"},{"floor":16.0,"key":"potionbrewer:NoxiousPotion"},{"floor":18.0,"key":"potionbrewer:BoundlessPotion"},{"floor":20.0,"key":"Ancient Potion"},{"floor":25.0,"key":"Block Potion"},{"floor":41,"key":"potionbrewer:ToxicPotion"},{"floor":46,"key":"SkillPotion"},{"floor":47,"key":"DistilledChaos"}],"is_trial":true,"path_per_floor":["M","M","M","M","M","E","R","M","T","E","?","M","E","$","R","B",null,"M","M","M","$","M","R","?","M","T","E","M","?","R","?","R","B",null,"M","M","$","M","?","R","E","R","T","R","M","E","M","?","R","B",null],"character_chosen":"DEATH_KNIGHT","items_purchased":["Blood Vial","Discovery","Energy Potion","DeathKnight:MarkOfBlood","Magnetism"],"campfire_rested":3,"item_purchase_floors":[14,14,14,21,37],"current_hp_per_floor":[71,67,64,66,67,63,63,59,59,56,56,55,67,77,77,76,78,75,63,47,62,57,81,81,75,75,74,51,51,78,78,78,54,94,87,90,96,95,95,95,71,98,98,98,97,108,91,91,91,86],"gold":166,"neow_bonus":"","is_daily":false,"chose_seed":false,"campfire_upgraded":6,"win_rate":0.0,"timestamp":1613583303,"path_taken":["M","M","M","M","M","E","R","M","T","E","?","?","E","$","R","BOSS","M","M","M","$","M","R","?","M","T","E","M","?","R","?","R","BOSS","M","M","$","M","?","R","E","R","T","R","M","E","M","?","R","BOSS"],"items_purchased_type":["Relic","Card","Potion","Card","Card"],"build_version":"2020-12-22","purchased_purges":0,"victory":true,"max_hp_per_floor":[75,75,75,75,75,75,75,75,75,75,75,76,77,77,77,78,78,79,80,81,81,82,82,82,83,83,92,93,93,93,93,93,94,94,95,96,96,97,97,97,98,98,98,98,99,108,109,109,109,110],"card_choices":[{"not_picked":["DeathKnight:Lichborne","DeathKnight:IceboundArmor"],"picked":"DeathKnight:BloodStrike","floor":1.0},{"not_picked":["DeathKnight:BladedArmor","DeathKnight:Rot"],"picked":"DeathKnight:HartStrike","floor":2.0},{"not_picked":["DeathKnight:UnholyAssault","DeathKnight:BludPresence"],"picked":"DeathKnight:Runeguard","floor":3.0},{"not_picked":["DeathKnight:Pestilence","DeathKnight:BloodBoil","DeathKnight:Hysteria"],"picked":"SKIP","floor":4.0},{"not_picked":["DeathKnight:BloodBoil","DeathKnight:RuneShock"],"picked":"DeathKnight:ReapingStrike","floor":5.0},{"not_picked":["DeathKnight:UnholyFrenzy","DeathKnight:Hysteria","DeathKnight:GargoyleSkin"],"picked":"SKIP","floor":6.0},{"not_picked":["DeathKnight:HornOfWinter","DeathKnight:RaiseAlly"],"picked":"DeathKnight:DeathGrip","floor":8.0},{"not_picked":["DeathKnight:DeathsAdvance","DeathKnight:ArmyOfTheDead"],"picked":"DeathKnight:DancingRuneblade","floor":10.0},{"not_picked":["DeathKnight:PathOfFrost","DeathKnight:DeathGrip","DeathKnight:FrostStrike"],"picked":"SKIP","floor":12.0},{"not_picked":["DeathKnight:IceboundArmor","DeathKnight:RunicDetonation"],"picked":"DeathKnight:Hysteria","floor":13.0},{"not_picked":["DeathKnight:Simulacrum","DeathKnight:Frostscythe"],"picked":"DeathKnight:UnholyExperiment","floor":16.0},{"not_picked":["DeathKnight:BloodBoil","DeathKnight:MutagenicPlague","DeathKnight:AntiMagicShell"],"picked":"SKIP","floor":18.0},{"not_picked":["DeathKnight:PlagueStrike","DeathKnight:DeathGrip","DeathKnight:DeathRune"],"picked":"SKIP","floor":19.0},{"not_picked":["DeathKnight:DeathsAdvance","DeathKnight:DarkSuccor","DeathKnight:Parry"],"picked":"SKIP","floor":20.0},{"not_picked":["DeathKnight:IceboundArmor","DeathKnight:BladedArmor","DeathKnight:Parry"],"picked":"SKIP","floor":22.0},{"not_picked":["DeathKnight:Obliterate","DeathKnight:ArmyOfTheDead"],"picked":"DeathKnight:ShatteringStrikes+1","floor":25.0},{"not_picked":["DeathKnight:PillarOfFrost","DeathKnight:FoulBulwark","DeathKnight:HowlingBlast"],"picked":"SKIP","floor":27},{"not_picked":["DeathKnight:HornOfWinter+1","DeathKnight:BladedArmor","DeathKnight:AntiMagicShell+1"],"picked":"SKIP","floor":28},{"not_picked":["DeathKnight:RuneShock+1","DeathKnight:MutagenicPlague","DeathKnight:DeathGrip"],"picked":"SKIP","floor":35},{"not_picked":["DeathKnight:DreadStrike","DeathKnight:FrosPresence","DeathKnight:RuneShock+1"],"picked":"SKIP","floor":36},{"not_picked":["DeathKnight:BoneSpear+1","DeathKnight:DarkSuccor","DeathKnight:BloodStrike"],"picked":"SKIP","floor":38},{"not_picked":["Blind","Trip"],"picked":"Flash of Steel","floor":39},{"not_picked":["DeathKnight:HornOfWinter","DeathKnight:Obliterate+1","DeathKnight:BoneSpear+1"],"picked":"SKIP","floor":41},{"not_picked":["DeathKnight:Rot","DeathKnight:BloodTap","DeathKnight:DeathAndDecay"],"picked":"SKIP","floor":45},{"not_picked":["DeathKnight:PathOfFrost","DeathKnight:Razorice","DeathKnight:BoneStorm"],"picked":"SKIP","floor":46},{"not_picked":["DeathKnight:FrosPresence","DeathKnight:Runeguard","DeathKnight:DreadStrike+1"],"picked":"SKIP","floor":47}],"player_experience":483562,"relics_obtained":[{"floor":6.0,"key":"MealTicket"},{"floor":9.0,"key":"potionbrewer:SlideRule"},{"floor":10.0,"key":"Pocketwatch"},{"floor":12.0,"key":"hubris:Metronome"},{"floor":13.0,"key":"DeathKnight:CorpseWagon"},{"floor":26,"key":"Anchor"},{"floor":27,"key":"hubris:Spice"},{"floor":28,"key":"reliquary:WeakTea"},{"floor":41,"key":"Ginger"},{"floor":43,"key":"hubris:BottledRain"},{"floor":46,"key":"hubris:Spice"}],"event_choices":[{"damage_healed":0.0,"max_hp_gain":0.0,"max_hp_loss":0.0,"gold_gain":0.0,"event_name":"FaceTrader","player_choice":"Trade","floor":11.0,"gold_loss":0.0,"damage_taken":0.0,"relics_obtained":["FaceOfCleric"]},{"cards_removed":["DeathKnight:BoneSpear"],"damage_healed":0,"gold_gain":0,"player_choice":"Elegance","damage_taken":0,"max_hp_gain":0,"max_hp_loss":0,"event_name":"Back to Basics","floor":29,"gold_loss":0},{"damage_healed":0,"gold_gain":0,"player_choice":"Memory 1","damage_taken":0,"max_hp_gain":0,"max_hp_loss":0,"event_name":"SensoryStone","floor":39,"gold_loss":0},{"cards_removed":["DeathKnight:UnholyFrenzy"],"damage_healed":0,"gold_gain":0,"player_choice":"Removed Skill","damage_taken":0,"max_hp_gain":0,"max_hp_loss":0,"event_name":"Falling","floor":48,"gold_loss":0}],"is_beta":false,"boss_relics":[{"not_picked":["Calling Bell","relicPack:KazumaCape"],"picked":"hubris:Backtick"},{"not_picked":["Cursed Key","reliquary:Ember"],"picked":"DeathKnight:Shadowmourne"}],"items_purged_floors":[],"is_endless":false,"potions_floor_spawned":[2,3,5,10,13,16,18,20,25,33,35,41,46,47],"ascension_level":0}}