{"host":"sygfylmorsvdndbx","time":1613584096,"event":{"mods":["AchievementEnabler","BaseMod","Bestiary","Highlight Path","Minty Spire (QoL Compilation)","Permanent Neow","Quick Restart","Relic Stats"],"gold_per_floor":[111,129,146,163,163,191,191,225,249,249,71,84,32,50,50,145,145,164,89,101,101,115,115,141,141,141,141,159,41,61,81,81,179,179,197,245,265,40,40,75,75,108,108,0,10,10,28,47,47,47,47],"floor_reached":50,"language":"ENG","playtime":6511,"items_purged":["Rebound"],"score":1021,"play_id":"7b21dac4-790b-4110-a3e2-3edbe99fa628","local_time":"20210217124816","is_ascension_mode":true,"campfire_choices":[{"data":"Defragment","floor":7.0,"key":"SMITH"},{"data":"Ball Lightning","floor":10.0,"key":"SMITH"},{"data":"Cold Snap","floor":15.0,"key":"SMITH"},{"floor":23.0,"key":"REST"},{"floor":25.0,"key":"REST"},{"data":"Consume","floor":27.0,"key":"SMITH"},{"data":"Capacitor","floor":32.0,"key":"SMITH"},{"data":"Steam Power","floor":41.0,"key":"SMITH"},{"data":"Seek","floor":46.0,"key":"SMITH"},{"floor":49,"key":"RECALL"}],"circlet_count":0,"master_deck":["AscendersBane","Zap+1","Dualcast","Steam Power+1","Defragment+1","Compile Driver","Capacitor+1","Echo Form","Ball Lightning+1","Echo Form","Conserve Battery","Turbo","Cold Snap+1","Electrodynamics","Echo Form","Consume+1","Skim","Steam","Lockon","Steam+1","Compile Driver+1","Defragment+1","Steam+1","Aggregate+1","Glacier","Storm","Core Surge","Stack+1","Genetic Algorithm+1","Seek+1","Coolheaded+1"],"relics":["Cracked Core","Matryoshka","Vajra","StrikeDummy","DollysMirror","Pandora\u0027s Box","Happy Flower","Toy Ornithopter","Bottled Flame","Sozu","Juzu Bracelet","Lantern","Prayer Wheel","PreservedInsect","Pantograph","Red Mask"],"acts_visited":["Exordium","TheCity","TheBeyond"],"potions_floor_usage":[],"damage_taken":[{"damage":3.0,"enemies":"2 Louse","floor":1.0,"turns":3.0},{"damage":8.0,"enemies":"Small Slimes","floor":2.0,"turns":3.0},{"damage":0.0,"enemies":"Cultist","floor":3.0,"turns":3.0},{"damage":4.0,"enemies":"Red Slaver","floor":4.0,"turns":3.0},{"damage":15.0,"enemies":"Lagavulin","floor":6.0,"turns":8.0},{"damage":18.0,"enemies":"3 Sentries","floor":8.0,"turns":8.0},{"damage":0.0,"enemies":"3 Louse","floor":12.0,"turns":2.0},{"damage":0.0,"enemies":"2 Fungi Beasts","floor":14.0,"turns":2.0},{"damage":0.0,"enemies":"Slime Boss","floor":16.0,"turns":6.0},{"damage":18.0,"enemies":"3 Byrds","floor":18.0,"turns":2.0},{"damage":10.0,"enemies":"Spheric Guardian","floor":20.0,"turns":4.0},{"damage":12.0,"enemies":"3 Cultists","floor":22.0,"turns":3.0},{"damage":39.0,"enemies":"Slavers","floor":24.0,"turns":3.0},{"damage":0.0,"enemies":"Sentry and Sphere","floor":28.0,"turns":3.0},{"damage":0.0,"enemies":"Snake Plant","floor":30.0,"turns":4.0},{"damage":13.0,"enemies":"Shelled Parasite and Fungi","floor":31.0,"turns":3.0},{"damage":0.0,"enemies":"Champ","floor":33.0,"turns":8.0},{"damage":3.0,"enemies":"3 Shapes","floor":35.0,"turns":4.0},{"damage":32.0,"enemies":"3 Darklings","floor":37.0,"turns":4.0},{"damage":0.0,"enemies":"Giant Head","floor":40.0,"turns":6.0},{"damage":12.0,"enemies":"Reptomancer","floor":42.0,"turns":5.0},{"damage":3.0,"enemies":"Spire Growth","floor":45.0,"turns":5.0},{"damage":0.0,"enemies":"Sphere and 2 Shapes","floor":47.0,"turns":4.0},{"damage":10,"enemies":"3 Darklings","floor":48,"turns":4},{"damage":36,"enemies":"Awakened One","floor":50,"turns":9}],"seed_played":"4458039374737544464","potions_obtained":[{"floor":1.0,"key":"BlessingOfTheForge"},{"floor":3.0,"key":"Energy Potion"},{"floor":4.0,"key":"Block Potion"},{"floor":14.0,"key":"SpeedPotion"},{"floor":16.0,"key":"Ancient Potion"},{"floor":18.0,"key":"FocusPotion"},{"floor":28.0,"key":"LiquidBronze"},{"floor":31.0,"key":"SkillPotion"}],"is_trial":false,"path_per_floor":["M","M","M","M","?","E","R","E","T","R","$","M","$","M","R","B",null,"M","?","M","?","M","R","E","R","T","R","M","$","M","M","R","B",null,"M","T","M","$","?","E","R","E","T","?","M","R","M","M","R","B"],"character_chosen":"DEFECT","items_purchased":["DollysMirror","Conserve Battery","Swift Potion","Glacier","Storm","Lantern"],"campfire_rested":2,"item_purchase_floors":[11,11,13,29,29,38],"current_hp_per_floor":[65,57,57,53,46,31,31,13,13,13,13,13,13,13,13,13,60,42,42,32,32,20,42,3,25,25,25,25,25,25,17,17,22,62,59,59,27,27,27,27,27,15,15,15,12,12,12,2,2,0,0],"gold":47,"neow_bonus":"UPGRADE_CARD","is_daily":false,"chose_seed":false,"campfire_upgraded":7,"win_rate":0.0,"timestamp":1613584096,"path_taken":["M","M","M","M","?","E","R","E","T","R","$","M","$","M","R","BOSS","M","?","M","?","M","R","E","R","T","R","M","$","M","?","R","BOSS","M","?","M","$","?","E","R","E","T","?","M","R","M","M","R","BOSS"],"items_purchased_type":["Relic","Card","Potion","Card","Card","Relic"],"build_version":"2020-12-22","purchased_purges":1,"victory":false,"max_hp_per_floor":[75,75,75,75,75,75,75,75,75,75,75,75,75,75,75,75,75,75,75,75,75,75,75,75,75,75,75,75,75,75,75,75,75,75,75,75,75,75,71,71,71,71,71,71,71,71,71,71,71,71,71],"relic_stats":{"Sozu":4,"Happy Flower":[19],"counters":[25,109],"Pantograph":25,"Pandora\u0027s Box":["Rebound","Streamline","Echo Form","Consume","Skim","Steam","Lockon"],"Prayer Wheel":3,"PreservedInsect":0,"Juzu Bracelet":0,"obtain_stats":[{"Lantern":38,"Happy Flower":24,"Vajra":8,"PreservedInsect":42,"Juzu Bracelet":36,"Sozu":34,"Bottled Flame":26,"Matryoshka":6,"DollysMirror":11,"Pantograph":43,"Pandora\u0027s Box":17,"Prayer Wheel":40,"Red Mask":44,"Cracked Core":0,"StrikeDummy":9,"Toy Ornithopter":26},{"Lantern":19,"Happy Flower":13,"Vajra":6,"PreservedInsect":21,"Juzu Bracelet":18,"Sozu":17,"Bottled Flame":13,"Matryoshka":5,"DollysMirror":6,"Pantograph":21,"Pandora\u0027s Box":9,"Prayer Wheel":20,"Red Mask":21,"Cracked Core":0,"StrikeDummy":6,"Toy Ornithopter":13},{"Lantern":76,"Happy Flower":50,"Vajra":28,"PreservedInsect":87,"Juzu Bracelet":72,"Sozu":68,"Bottled Flame":50,"Matryoshka":20,"DollysMirror":28,"Pantograph":87,"Pandora\u0027s Box":38,"Prayer Wheel":82,"Red Mask":87,"Cracked Core":0,"StrikeDummy":28,"Toy Ornithopter":50}],"Toy Ornithopter":10},"card_choices":[{"not_picked":["Gash","Storm"],"picked":"Steam Power","floor":1.0},{"not_picked":["Coolheaded","Undo"],"picked":"Defragment","floor":2.0},{"not_picked":["Hello World","Blizzard"],"picked":"Compile Driver","floor":3.0},{"not_picked":["Aggregate","Sweeping Beam"],"picked":"Capacitor","floor":4.0},{"not_picked":["BootSequence","Conserve Battery"],"picked":"Echo Form","floor":6.0},{"not_picked":["All For One","Coolheaded"],"picked":"Ball Lightning","floor":8.0},{"not_picked":["Go for the Eyes","Conserve Battery"],"picked":"Turbo","floor":12.0},{"not_picked":["Auto Shields","Stack"],"picked":"Cold Snap","floor":14.0},{"not_picked":["All For One","Meteor Strike"],"picked":"Electrodynamics","floor":16.0},{"not_picked":["Hello World","Skim"],"picked":"Steam+1","floor":18.0},{"not_picked":["Reprogram","Gash"],"picked":"Compile Driver+1","floor":20.0},{"not_picked":["Blizzard","Rip and Tear+1","Coolheaded"],"picked":"SKIP","floor":22.0},{"not_picked":["Barrage","Sunder"],"picked":"Steam+1","floor":24.0},{"not_picked":["Streamline","Ball Lightning"],"picked":"Aggregate+1","floor":28.0},{"not_picked":["Sunder","Auto Shields","Rebound"],"picked":"SKIP","floor":30.0},{"not_picked":["Rebound","Go for the Eyes","Gash"],"picked":"SKIP","floor":31.0},{"not_picked":["Electrodynamics","Creative AI"],"picked":"Core Surge","floor":33.0},{"not_picked":["Streamline","Scrape","Beam Cell"],"picked":"SKIP","floor":35.0},{"not_picked":["Steam Power","Barrage"],"picked":"Stack+1","floor":37.0},{"not_picked":["Gash+1","Consume","Ball Lightning+1"],"picked":"SKIP","floor":40.0},{"not_picked":["Darkness+1","Leap"],"picked":"Genetic Algorithm+1","floor":42.0},{"not_picked":["Steam+1","Cold Snap+1"],"picked":"Seek","floor":45.0},{"not_picked":["Rebound","Turbo+1","Coolheaded"],"picked":"SKIP","floor":45.0},{"not_picked":["Rebound","Turbo+1","Coolheaded"],"picked":"SKIP","floor":45.0},{"not_picked":["Steam","Streamline+1"],"picked":"Coolheaded+1","floor":47.0},{"not_picked":["Loop","Rebound+1","Coolheaded"],"picked":"SKIP","floor":47.0},{"not_picked":["Streamline+1","Turbo","Ball Lightning+1"],"picked":"SKIP","floor":48},{"not_picked":["Chill+1","Turbo","Leap"],"picked":"SKIP","floor":48}],"player_experience":557053,"relics_obtained":[{"floor":6.0,"key":"Matryoshka"},{"floor":8.0,"key":"Vajra"},{"floor":9.0,"key":"StrikeDummy"},{"floor":24.0,"key":"Happy Flower"},{"floor":26.0,"key":"Toy Ornithopter"},{"floor":26.0,"key":"Bottled Flame"},{"floor":36.0,"key":"Juzu Bracelet"},{"floor":40.0,"key":"Prayer Wheel"},{"floor":42.0,"key":"PreservedInsect"},{"floor":43.0,"key":"Pantograph"}],"event_choices":[{"cards_removed":["Strike_B"],"damage_healed":0.0,"max_hp_gain":0.0,"max_hp_loss":0.0,"gold_gain":0.0,"event_name":"Golden Wing","player_choice":"Card Removal","floor":5.0,"gold_loss":0.0,"damage_taken":7.0},{"cards_removed":["Streamline"],"damage_healed":0.0,"max_hp_gain":0.0,"max_hp_loss":0.0,"gold_gain":0.0,"event_name":"Beggar","player_choice":"Gave Gold","floor":19.0,"gold_loss":75.0,"damage_taken":0.0},{"damage_healed":0.0,"max_hp_gain":0.0,"max_hp_loss":0.0,"gold_gain":0.0,"event_name":"Duplicator","player_choice":"Copied","floor":21.0,"gold_loss":0.0,"damage_taken":0.0,"cards_obtained":["Defragment"]},{"damage_healed":0.0,"max_hp_gain":0.0,"max_hp_loss":4.0,"gold_gain":0.0,"event_name":"Winding Halls","player_choice":"Max HP","floor":39.0,"gold_loss":0.0,"damage_taken":0.0},{"damage_healed":0.0,"max_hp_gain":0.0,"max_hp_loss":0.0,"gold_gain":0.0,"event_name":"Tomb of Lord Red Mask","player_choice":"Paid","floor":44.0,"gold_loss":108.0,"damage_taken":0.0,"relics_obtained":["Red Mask"]}],"is_beta":false,"boss_relics":[{"not_picked":["Runic Pyramid","Fusion Hammer"],"picked":"Pandora\u0027s Box"},{"not_picked":["Tiny House","Velvet Choker"],"picked":"Sozu"}],"items_purged_floors":[38],"is_endless":false,"potions_floor_spawned":[1,3,4,14,16,18,20,28,31,40,45,47,48],"killed_by":"Awakened One","ascension_level":11}}