{"host":"prxrhpgaxnj4om9r","time":1613556846,"event":{"mods":["AchievementEnabler","BaseMod","Colored Map","DeckTracker","Minty Spire (QoL Compilation)"],"gold_per_floor":[119,137,157,132,151,226,226,226,275,287,321,286,316,330,330,427,427,447,13,13,26,26,26,26,26,26,26,26,56,71,71,71,168,168,180,198,198,208,208,228,228,6,6,6,51,51,67,5,5,5,5],"floor_reached":50,"language":"KOR","playtime":2117,"items_purged":[],"score":543,"play_id":"07c85699-7c8f-413e-81c9-f6dc08c713e8","local_time":"20210217191406","is_ascension_mode":false,"campfire_choices":[{"data":"Dagger Spray","floor":7,"key":"SMITH"},{"floor":15,"key":"REST"},{"data":"Envenom","floor":23,"key":"SMITH"},{"floor":25,"key":"REST"},{"floor":27,"key":"RECALL"},{"floor":32,"key":"REST"},{"data":"Venomology","floor":41,"key":"SMITH"},{"floor":49,"key":"REST"}],"circlet_count":0,"master_deck":["Strike_G","Strike_G","Strike_G","Strike_G","Defend_G","Defend_G","Defend_G","Defend_G","Defend_G","Survivor","Neutralize","Outmaneuver","Blade Dance","PiercingWail","Blade Dance","Dagger Spray+1","Poisoned Stab","Corpse Explosion","Deadly Poison","Envenom+1","Bane","Neutralize","Poisoned Stab","Backflip","Venomology+1","Skewer+1","Blur+1","Madness","Madness","Dagger Spray+1","Sucker Punch","Dagger Throw+1","Blind","Leg Sweep+1","Noxious Fumes"],"relics":["Ring of the Snake","Smiling Mask","Lantern","The Courier","SlaversCollar","Ornamental Fan","CaptainsWheel","Enchiridion","Vajra","Anchor","Black Star","Pen Nib","Unceasing Top"],"acts_visited":["Exordium","TheCity","TheBeyond"],"potions_floor_usage":[11,11,16,16,21,30,33,38,40,42,45,47,47,50,50],"damage_taken":[{"damage":3,"enemies":"Jaw Worm","floor":1,"turns":5},{"damage":0,"enemies":"2 Louse","floor":2,"turns":3},{"damage":0,"enemies":"Cultist","floor":3,"turns":4},{"damage":3,"enemies":"Large Slime","floor":5,"turns":6},{"damage":13,"enemies":"Blue Slaver","floor":10,"turns":4},{"damage":10,"enemies":"Lagavulin","floor":11,"turns":9},{"damage":30,"enemies":"Gremlin Nob","floor":13,"turns":5},{"damage":0,"enemies":"Exordium Wildlife","floor":14,"turns":2},{"damage":17,"enemies":"Hexaghost","floor":16,"turns":8},{"damage":0,"enemies":"3 Byrds","floor":18,"turns":3},{"damage":8,"enemies":"Spheric Guardian","floor":21,"turns":4},{"damage":0,"enemies":"Gremlin Leader","floor":29,"turns":4},{"damage":6,"enemies":"Shelled Parasite and Fungi","floor":30,"turns":5},{"damage":46,"enemies":"Collector","floor":33,"turns":7},{"damage":0,"enemies":"3 Shapes","floor":35,"turns":3},{"damage":8,"enemies":"Orb Walker","floor":36,"turns":4},{"damage":3,"enemies":"Transient","floor":38,"turns":5},{"damage":9,"enemies":"Sphere and 2 Shapes","floor":40,"turns":6},{"damage":22,"enemies":"2 Orb Walkers","floor":45,"turns":4},{"damage":39,"enemies":"Maw","floor":47,"turns":8},{"damage":49,"enemies":"Donu and Deca","floor":50,"turns":6}],"seed_played":"6529330429176010640","potions_obtained":[{"floor":0,"key":"LiquidBronze"},{"floor":0,"key":"FairyPotion"},{"floor":0,"key":"Weak Potion"},{"floor":3,"key":"Dexterity Potion"},{"floor":13,"key":"SkillPotion"},{"floor":14,"key":"SneckoOil"},{"floor":16,"key":"EssenceOfSteel"},{"floor":18,"key":"Poison Potion"},{"floor":29,"key":"DuplicationPotion"},{"floor":33,"key":"EssenceOfSteel"},{"floor":40,"key":"BlessingOfTheForge"},{"floor":45,"key":"EssenceOfSteel"},{"floor":47,"key":"CunningPotion"}],"is_trial":false,"path_per_floor":["M","M","M","$","M","?","R","?","T","M","E","?","E","M","R","B",null,"M","$","?","M","?","R","?","R","T","R","$","E","M","?","R","B",null,"M","M","?","M","?","M","R","$","T","$","?","?","M","$","R","B"],"character_chosen":"THE_SILENT","items_purchased":["Blade Dance","Ornamental Fan","CaptainsWheel","Pen Nib","Fruit Juice","Sucker Punch","Noxious Fumes"],"campfire_rested":4,"item_purchase_floors":[4,19,19,42,42,42,48],"current_hp_per_floor":[67,67,67,67,64,53,53,46,46,33,23,40,10,10,31,14,70,70,70,70,62,46,46,46,67,67,67,67,67,61,48,70,24,75,75,67,67,64,55,46,46,51,51,51,29,29,16,16,40,0,0],"gold":5,"neow_bonus":"THREE_SMALL_POTIONS","is_daily":false,"chose_seed":false,"campfire_upgraded":3,"win_rate":0.0,"timestamp":1613556846,"path_taken":["M","M","M","$","M","?","R","?","T","M","E","?","E","M","R","BOSS","M","$","?","?","?","R","?","R","T","R","?","E","M","?","R","BOSS","M","M","?","?","?","M","R","$","T","?","?","?","M","$","R","BOSS"],"items_purchased_type":["Card","Relic","Relic","Relic","Potion","Card","Card"],"build_version":"2020-12-22","purchased_purges":0,"victory":false,"max_hp_per_floor":[70,70,70,70,70,70,70,70,70,70,70,70,70,70,70,70,70,70,70,70,70,70,70,70,70,70,70,70,70,70,75,75,75,75,75,75,75,75,75,75,75,80,80,80,80,80,80,80,80,80,80],"card_choices":[{"not_picked":["Tactician","Skewer"],"picked":"Outmaneuver","floor":1},{"not_picked":["Dagger Throw","Concentrate"],"picked":"Blade Dance","floor":2},{"not_picked":["Flechettes","Endless Agony"],"picked":"PiercingWail","floor":3},{"not_picked":["Underhanded Strike","Bane"],"picked":"Dagger Spray","floor":5},{"not_picked":["Outmaneuver","Underhanded Strike"],"picked":"Poisoned Stab","floor":10},{"not_picked":["Dash","Prepared"],"picked":"Corpse Explosion","floor":11},{"not_picked":["Dagger Spray","Prepared","Blade Dance"],"picked":"SKIP","floor":13},{"not_picked":["Underhanded Strike","Sucker Punch"],"picked":"Deadly Poison","floor":14},{"not_picked":["Unload","Burst"],"picked":"Envenom","floor":16},{"not_picked":["PiercingWail","Prepared"],"picked":"Bane","floor":18},{"not_picked":["Acrobatics","Dodge and Roll"],"picked":"Poisoned Stab","floor":21},{"not_picked":["Dodge and Roll","Prepared"],"picked":"Backflip","floor":29},{"not_picked":["Backflip","Terror","Bane"],"picked":"SKIP","floor":30},{"not_picked":["Envenom","Doppelganger"],"picked":"Venomology","floor":33},{"not_picked":["Acrobatics","Reflex"],"picked":"Skewer+1","floor":35},{"not_picked":["Dodge and Roll+1","Distraction+1"],"picked":"Blur+1","floor":36},{"not_picked":["Backflip","Dagger Throw","Expertise+1"],"picked":"SKIP","floor":38},{"not_picked":["Quick Slash+1","Blade Dance"],"picked":"Dagger Spray+1","floor":40},{"not_picked":["Prepared+1","Malaise"],"picked":"Dagger Throw+1","floor":45},{"not_picked":["Jack Of All Trades","Trip"],"picked":"Blind","floor":46},{"not_picked":["Cloak And Dagger+1","Skewer"],"picked":"Leg Sweep+1","floor":47}],"player_experience":501183,"relics_obtained":[{"floor":9,"key":"Smiling Mask"},{"floor":11,"key":"Lantern"},{"floor":13,"key":"The Courier"},{"floor":22,"key":"Enchiridion"},{"floor":26,"key":"Vajra"},{"floor":29,"key":"Anchor"},{"floor":45,"key":"Unceasing Top"}],"event_choices":[{"damage_healed":0,"gold_gain":75,"player_choice":"Gather Gold","damage_taken":11,"max_hp_gain":0,"max_hp_loss":0,"event_name":"World of Goop","floor":6,"gold_loss":0},{"cards_removed":["Strike_G"],"damage_healed":0,"gold_gain":0,"player_choice":"Card Removal","damage_taken":7,"max_hp_gain":0,"max_hp_loss":0,"event_name":"Golden Wing","floor":8,"gold_loss":0},{"damage_healed":17,"gold_gain":0,"player_choice":"Healed","damage_taken":0,"max_hp_gain":0,"max_hp_loss":0,"event_name":"The Cleric","floor":12,"gold_loss":35},{"damage_healed":0,"gold_gain":0,"player_choice":"1 cards matched","damage_taken":0,"max_hp_gain":0,"max_hp_loss":0,"event_name":"Match and Keep!","floor":20,"gold_loss":0,"cards_obtained":["Neutralize"]},{"damage_healed":0,"gold_gain":0,"player_choice":"Obtained Book","damage_taken":16,"max_hp_gain":0,"max_hp_loss":0,"event_name":"Cursed Tome","floor":22,"gold_loss":0},{"damage_healed":0,"gold_gain":0,"player_choice":"Ignored","damage_taken":0,"max_hp_gain":0,"max_hp_loss":0,"event_name":"Vampires","floor":24,"gold_loss":0},{"damage_healed":0,"gold_gain":0,"player_choice":"Shed Blood","damage_taken":18,"max_hp_gain":5,"max_hp_loss":0,"event_name":"Forgotten Altar","floor":31,"gold_loss":0},{"damage_healed":0,"gold_gain":0,"player_choice":"Bought 0 Potions","damage_taken":0,"max_hp_gain":0,"max_hp_loss":0,"event_name":"The Woman in Blue","floor":37,"gold_loss":0},{"damage_healed":0,"gold_gain":0,"player_choice":"Embrace Madness","damage_taken":9,"max_hp_gain":0,"max_hp_loss":0,"event_name":"Winding Halls","floor":39,"gold_loss":0,"cards_obtained":["Madness","Madness"]},{"damage_healed":0,"gold_gain":0,"player_choice":"Fight","damage_taken":0,"max_hp_gain":0,"max_hp_loss":0,"event_name":"Mysterious Sphere","floor":45,"gold_loss":0},{"damage_healed":0,"gold_gain":0,"player_choice":"Memory 1","damage_taken":0,"max_hp_gain":0,"max_hp_loss":0,"event_name":"SensoryStone","floor":46,"gold_loss":0}],"is_beta":false,"boss_relics":[{"not_picked":["Coffee Dripper","Velvet Choker"],"picked":"SlaversCollar"},{"not_picked":["Runic Dome","Empty Cage"],"picked":"Black Star"}],"items_purged_floors":[],"is_endless":false,"potions_floor_spawned":[3,10,13,14,16,18,29,33,40,45,47],"killed_by":"Donu and Deca","ascension_level":0}}