{"host":"uv5ws9rdk87e8i5k","time":1613589832,"event":{"mods":["AchievementEnabler","BaseMod","Colored Map","Minty Spire (QoL Compilation)","Permanent Neow","Quick Restart","StSLib","SuperFastMode","The Necromancer"],"gold_per_floor":[115,95,109,127,146,146,96,122,122,153,153,181,181,206,206,305,305,321,321,332,18,18,55,55,55,55],"floor_reached":25,"language":"ENG","playtime":979,"items_purged":[],"score":395,"play_id":"0258799f-0c19-4c71-b14d-57aa0becf1a3","local_time":"20210217132352","is_ascension_mode":true,"campfire_choices":[{"data":"Body Slam","floor":6.0,"key":"SMITH"},{"data":"Flame Barrier","floor":11.0,"key":"SMITH"},{"floor":15,"key":"REST"},{"data":"Berserk","floor":24,"key":"SMITH"}],"circlet_count":0,"master_deck":["AscendersBane","Strike_R","Strike_R","Defend_R","Defend_R","Defend_R+1","Defend_R","Bash+1","Body Slam+1","Metallicize","Flame Barrier+1","True Grit","Fire Breathing","Offering","Impervious","Berserk+1","Juggernaut","Body Slam","Necronomicurse","Battle Trance"],"relics":["Burning Blood","Strawberry","Meat on the Bone","Pocketwatch","Bottled Flame","Darkstone Periapt","Empty Cage","Necronomicon","Matryoshka","CeramicFish"],"acts_visited":["Exordium","TheCity"],"potions_floor_usage":[16,23,23],"damage_taken":[{"damage":4.0,"enemies":"Jaw Worm","floor":1.0,"turns":4.0},{"damage":7.0,"enemies":"Cultist","floor":3.0,"turns":4.0},{"damage":2.0,"enemies":"Small Slimes","floor":4.0,"turns":4.0},{"damage":0.0,"enemies":"Exordium Wildlife","floor":5.0,"turns":2.0},{"damage":23.0,"enemies":"3 Sentries","floor":8.0,"turns":11.0},{"damage":33.0,"enemies":"Lagavulin","floor":10.0,"turns":12.0},{"damage":14.0,"enemies":"Gremlin Nob","floor":12.0,"turns":4.0},{"damage":34,"enemies":"Lagavulin","floor":14,"turns":7},{"damage":27,"enemies":"Slime Boss","floor":16,"turns":10},{"damage":0,"enemies":"3 Byrds","floor":18,"turns":1},{"damage":23,"enemies":"2 Thieves","floor":20,"turns":4},{"damage":28,"enemies":"Gremlin Leader","floor":23,"turns":7},{"damage":46,"enemies":"Book of Stabbing","floor":25,"turns":4}],"seed_played":"-2496841026992841611","potions_obtained":[{"floor":2.0,"key":"Dexterity Potion"},{"floor":3.0,"key":"AttackPotion"},{"floor":4.0,"key":"DistilledChaos"},{"floor":5.0,"key":"Block Potion"},{"floor":14,"key":"Strength Potion"},{"floor":18,"key":"DistilledChaos"}],"is_trial":false,"path_per_floor":["M","?","M","M","M","R","?","E","T","E","R","E","?","E","R","B",null,"M","?","M","$","?","E","R","E"],"character_chosen":"IRONCLAD","items_purchased":["Matryoshka","SkillPotion"],"campfire_rested":1,"item_purchase_floors":[21,21],"current_hp_per_floor":[74,74,73,77,80,80,80,70,70,55,55,59,42,26,52,43,76,82,72,55,55,55,45,45,0,0],"gold":55,"neow_bonus":"THREE_CARDS","is_daily":false,"chose_seed":false,"campfire_upgraded":3,"win_rate":0.0,"timestamp":1613589832,"path_taken":["M","?","?","M","M","R","?","E","T","E","R","E","?","E","R","BOSS","M","?","M","$","?","E","R","E"],"items_purchased_type":["Relic","Potion"],"build_version":"2020-12-22","purchased_purges":0,"victory":false,"max_hp_per_floor":[80,80,80,80,80,80,80,87,87,87,87,87,87,87,87,87,87,87,93,93,93,93,93,93,93,93],"card_choices":[{"not_picked":["Havoc","Pommel Strike"],"picked":"Body Slam","floor":0.0},{"not_picked":["Sword Boomerang","Wild Strike"],"picked":"Metallicize","floor":1.0},{"not_picked":["Headbutt","Clothesline"],"picked":"Flame Barrier","floor":3.0},{"not_picked":["Heavy Blade","Bloodletting"],"picked":"True Grit","floor":4.0},{"not_picked":["Dark Embrace","Clothesline","Twin Strike"],"picked":"SKIP","floor":5.0},{"not_picked":["Second Wind","Hemokinesis"],"picked":"Fire Breathing","floor":8.0},{"not_picked":["Fire Breathing","Wild Strike"],"picked":"Offering","floor":10.0},{"not_picked":["Body Slam","Dropkick"],"picked":"Impervious","floor":12},{"not_picked":["True Grit","Twin Strike"],"picked":"Berserk","floor":14},{"not_picked":["Corruption","Demon Form"],"picked":"Juggernaut","floor":16},{"not_picked":["Searing Blow","Twin Strike"],"picked":"Body Slam","floor":18},{"not_picked":["Sword Boomerang","Havoc+1","Twin Strike+1"],"picked":"SKIP","floor":20},{"not_picked":["Heavy Blade+1","Bludgeon"],"picked":"Battle Trance","floor":23}],"player_experience":213238,"relics_obtained":[{"floor":8.0,"key":"Strawberry"},{"floor":9.0,"key":"Meat on the Bone"},{"floor":10.0,"key":"Pocketwatch"},{"floor":12,"key":"Bottled Flame"},{"floor":14,"key":"Darkstone Periapt"},{"floor":19,"key":"Necronomicon"},{"floor":23,"key":"CeramicFish"}],"event_choices":[{"damage_healed":0.0,"max_hp_gain":0.0,"max_hp_loss":0.0,"gold_gain":0.0,"event_name":"The Woman in Blue","player_choice":"Bought 1 Potion","floor":2.0,"gold_loss":0.0,"damage_taken":0.0},{"cards_removed":["Strike_R"],"damage_healed":0.0,"max_hp_gain":0.0,"max_hp_loss":0.0,"gold_gain":0.0,"event_name":"The Cleric","player_choice":"Card Removal","floor":7.0,"gold_loss":50.0,"damage_taken":0.0},{"damage_healed":0,"gold_gain":0,"player_choice":"Entered Light","damage_taken":17,"max_hp_gain":0,"max_hp_loss":0,"event_name":"Shining Light","floor":13,"gold_loss":0,"cards_upgraded":["Bash","Defend_R"]},{"damage_healed":0,"gold_gain":0,"player_choice":"Obtained Book","damage_taken":16,"max_hp_gain":0,"max_hp_loss":0,"event_name":"Cursed Tome","floor":19,"gold_loss":0}],"is_beta":false,"boss_relics":[{"not_picked":["Busted Crown","Fusion Hammer"],"picked":"Empty Cage"}],"items_purged_floors":[],"is_endless":false,"potions_floor_spawned":[3,4,5,14,18],"killed_by":"Book of Stabbing","ascension_level":12}}