{"host":"3zmssa4s99zhxek5","time":1613545738,"event":{"mods":["AchievementEnabler","BaseMod","Minty Spire (QoL Compilation)","Permanent Neow","Relic Stats"],"gold_per_floor":[114,125,138,138,148,148,179,179,179,208,224,224,224,224,224,300,300,317,232,248,278,278,278,278],"floor_reached":23,"language":"KOR","playtime":1134,"items_purged":[],"score":398,"play_id":"6db7db32-0ce9-428a-8c67-857cfa31d395","local_time":"20210217160858","is_ascension_mode":true,"campfire_choices":[{"data":"BattleHymn","floor":6,"key":"SMITH"},{"data":"Eruption","floor":8,"key":"SMITH"},{"data":"CarveReality","floor":15,"key":"SMITH"}],"circlet_count":0,"master_deck":["AscendersBane","Strike_P","Strike_P","Strike_P","Strike_P","Defend_P","Defend_P","Defend_P","Defend_P","Eruption+1","Vigilance","SandsOfTime","Wallop+1","BowlingBash","EmptyBody","Adaptation","BattleHymn+1","SandsOfTime","ReachHeaven","MentalFortress","Evaluate","CarveReality+1","MasterReality","JustLucky","CarveReality","DeceiveReality","Perseverance+1","Sanctity+1","RitualDagger"],"relics":["PureWater","Prayer Wheel","CultistMask","Ornamental Fan","WingedGreaves","CloakClasp","Sozu","Centennial Puzzle","Red Mask"],"acts_visited":["Exordium","TheCity"],"potions_floor_usage":[21],"damage_taken":[{"damage":6,"enemies":"Small Slimes","floor":1,"turns":4},{"damage":0,"enemies":"Cultist","floor":2,"turns":3},{"damage":0,"enemies":"2 Louse","floor":3,"turns":2},{"damage":4,"enemies":"Looter","floor":5,"turns":3},{"damage":20,"enemies":"Gremlin Nob","floor":7,"turns":4},{"damage":17,"enemies":"3 Sentries","floor":10,"turns":4},{"damage":8,"enemies":"Large Slime","floor":11,"turns":5},{"damage":11,"enemies":"Hexaghost","floor":16,"turns":9},{"damage":7,"enemies":"Spheric Guardian","floor":18,"turns":5},{"damage":6,"enemies":"2 Thieves","floor":20,"turns":3},{"damage":7,"enemies":"Masked Bandits","floor":21,"turns":2},{"damage":25,"enemies":"Book of Stabbing","floor":23,"turns":4}],"seed_played":"-6935492149125945201","potions_obtained":[{"floor":1,"key":"PowerPotion"},{"floor":10,"key":"Fire Potion"},{"floor":16,"key":"Explosive Potion"}],"is_trial":false,"path_per_floor":["M","M","M","?","M","R","E","R","T","E","M","?","?","?","R","B",null,"M","?","M","?","?","E"],"character_chosen":"WATCHER","items_purchased":[],"campfire_rested":0,"item_purchase_floors":[],"current_hp_per_floor":[55,55,55,55,51,51,31,31,31,14,6,6,26,26,26,15,50,43,43,37,30,24,0,0],"gold":278,"neow_bonus":"ONE_RARE_RELIC","is_daily":false,"chose_seed":false,"campfire_upgraded":3,"win_rate":0.0,"timestamp":1613545738,"path_taken":["M","M","M","?","?","R","E","R","T","E","M","?","?","?","R","BOSS","M","?","M","?","?","E"],"items_purchased_type":[],"build_version":"2020-12-22","purchased_purges":0,"victory":false,"max_hp_per_floor":[62,62,62,62,62,62,62,62,62,62,62,62,62,62,62,62,62,62,62,62,62,62,62,62],"relic_stats":{"Sozu":0,"Centennial Puzzle":[9],"counters":[12,48],"Ornamental Fan":[36],"Prayer Wheel":7,"CloakClasp":[109],"obtain_stats":[{"Sozu":17,"Centennial Puzzle":19,"Ornamental Fan":7,"Prayer Wheel":0,"CultistMask":4,"WingedGreaves":9,"CloakClasp":10,"Red Mask":21,"PureWater":0},{"Sozu":8,"Centennial Puzzle":9,"Ornamental Fan":5,"Prayer Wheel":0,"CultistMask":3,"WingedGreaves":5,"CloakClasp":6,"Red Mask":11,"PureWater":0},{"Sozu":34,"Centennial Puzzle":39,"Ornamental Fan":16,"Prayer Wheel":0,"CultistMask":9,"WingedGreaves":16,"CloakClasp":20,"Red Mask":44,"PureWater":0}]},"card_choices":[{"not_picked":["ThirdEye","Evaluate"],"picked":"SandsOfTime","floor":1},{"not_picked":["EmptyMind","CutThroughFate"],"picked":"Wallop","floor":1},{"not_picked":["SashWhip","JustLucky"],"picked":"BowlingBash","floor":2},{"not_picked":["SignatureMove","Fasting2"],"picked":"EmptyBody","floor":2},{"not_picked":["Halt","ThirdEye"],"picked":"Adaptation","floor":3},{"not_picked":["Crescendo","BowlingBash"],"picked":"BattleHymn","floor":3},{"not_picked":["CrushJoints","SashWhip"],"picked":"SandsOfTime","floor":5},{"not_picked":["Evaluate","EmptyMind"],"picked":"ReachHeaven","floor":5},{"not_picked":["Collect","ReachHeaven","CarveReality"],"picked":"SKIP","floor":7},{"not_picked":["PathToVictory","Indignation"],"picked":"MentalFortress","floor":10},{"not_picked":["BowlingBash","ForeignInfluence"],"picked":"Evaluate","floor":11},{"not_picked":["ThirdEye","FollowUp"],"picked":"CarveReality","floor":11},{"not_picked":["ConjureBlade","Brilliance"],"picked":"MasterReality","floor":16},{"not_picked":["CrushJoints","EmptyBody"],"picked":"JustLucky","floor":18},{"not_picked":["FollowUp","CrushJoints","CarveReality"],"picked":"SKIP","floor":18},{"not_picked":["FollowUp","CrushJoints"],"picked":"CarveReality","floor":18},{"not_picked":["Prostrate+1","Evaluate"],"picked":"DeceiveReality","floor":20},{"not_picked":["FollowUp","FlyingSleeves"],"picked":"Perseverance+1","floor":20},{"not_picked":["Protect","Weave"],"picked":"Sanctity+1","floor":21}],"player_experience":1658230,"relics_obtained":[{"floor":7,"key":"Ornamental Fan"},{"floor":9,"key":"WingedGreaves"},{"floor":10,"key":"CloakClasp"},{"floor":21,"key":"Red Mask"}],"event_choices":[{"damage_healed":0,"gold_gain":0,"player_choice":"Trade","damage_taken":0,"relics_obtained":["CultistMask"],"max_hp_gain":0,"max_hp_loss":0,"event_name":"FaceTrader","floor":4,"gold_loss":0},{"damage_healed":0,"gold_gain":0,"player_choice":"Ignored","damage_taken":0,"max_hp_gain":0,"max_hp_loss":0,"event_name":"Liars Game","floor":12,"gold_loss":0},{"damage_healed":20,"gold_gain":0,"player_choice":"Banana","damage_taken":0,"max_hp_gain":0,"max_hp_loss":0,"event_name":"Big Fish","floor":13,"gold_loss":0},{"damage_healed":0,"gold_gain":0,"player_choice":"Grow","damage_taken":0,"max_hp_gain":0,"max_hp_loss":0,"event_name":"Living Wall","floor":14,"gold_loss":0,"cards_upgraded":["Wallop"]},{"damage_healed":0,"gold_gain":0,"player_choice":"Obtained Relic","damage_taken":0,"relics_obtained":["Centennial Puzzle"],"max_hp_gain":0,"max_hp_loss":0,"event_name":"Addict","floor":19,"gold_loss":85},{"damage_healed":0,"gold_gain":0,"player_choice":"Fought Bandits","damage_taken":0,"max_hp_gain":0,"max_hp_loss":0,"event_name":"Masked Bandits","floor":21,"gold_loss":0},{"damage_healed":0,"gold_gain":0,"player_choice":"Joined the Cult","damage_taken":6,"max_hp_gain":0,"max_hp_loss":0,"event_name":"Nest","floor":22,"gold_loss":0,"cards_obtained":["RitualDagger"]}],"is_beta":false,"boss_relics":[{"not_picked":["Astrolabe","SacredBark"],"picked":"Sozu"}],"items_purged_floors":[],"is_endless":false,"potions_floor_spawned":[1,10,16],"killed_by":"Book of Stabbing","ascension_level":20}}