{"host":"nhhqxetgwwd7qseb","time":1613550523,"event":{"mods":["Act Like it!","BaseMod","Chen","Dota2Spire","Gensokyo","Hallownest","Hermit","Koishi","LagranYue(¿≠∏Ò¿ °§‘¬)","Marisa£®ÏF”Í°°ƒß¿Ì…≥£©","Minty Spire (QoL Compilation)","Quick Restart","Reimu£®≤©¿ˆ¡È√Œ£©","Remilia£®¿Ÿ√◊¿Ú—«£©","Replay The Spire","StSLib","The Alterego","The Bug Knight","The Senshi","The Servant 0.9.4","UnlockEverythingMod","WarShipGirlsR/’ΩΩ¢…Ÿ≈ÆR mod","Warlord Emblem","Yakumo Yukari mod","Youmu£®ªÍ∆«—˝√Œ£©","°æπ¶ƒ‹Mod°øªÏ„Á÷Æª∑–ﬁ∏¥≤π∂°"],"gold_per_floor":[115,130,230,245,245,245,97,107,177,252,252,272,372,384,384,488,488,498,518,536,556,576,576,589,620,620,620,620],"floor_reached":27,"language":"ZHS","playtime":2385,"items_purged":[],"score":279,"play_id":"696f8906-4247-4bc2-83b4-695b4073b73d","local_time":"20210217162843","is_ascension_mode":false,"campfire_choices":[{"data":"alterego_mod:BrynhildrRomantia","floor":6.0,"key":"SMITH"},{"data":"alterego_mod:BusterCard","floor":23.0,"key":"SMITH"}],"circlet_count":0,"master_deck":["alterego_mod:Strike","alterego_mod:Strike","alterego_mod:Strike","alterego_mod:Strike","alterego_mod:Defend","alterego_mod:Defend","alterego_mod:Defend","alterego_mod:Defend","alterego_mod:Impale","alterego_mod:BigMeatyClaws+1","alterego_mod:BrynhildrsRune","alterego_mod:BrynhildrRomantia+1","alterego_mod:Undulate+1","alterego_mod:BusterCard+1","alterego_mod:SakuraFive+1","alterego_mod:Palingenesis","ReplayTheSpireMod:Splinters"],"relics":["alterego_mod:MasochisticConstitution","MealTicket","Dota2Spire:EchoSabre","WarlordEmblem:BadgeWrath","Replay:Grab Bag","LagranYue:SoulBurningRelic","Cursed Key","Black Star","Potion Belt","ReplayTheSpireMod:TigerMarble","Dota2Spire:MonkeyKingBar"],"acts_visited":["Exordium","TheCity"],"potions_floor_usage":[],"damage_taken":[{"damage":2.0,"enemies":"Small Slimes","floor":1.0,"turns":4.0},{"damage":21.0,"enemies":"Jaw Worm","floor":2.0,"turns":7.0},{"damage":6.0,"enemies":"Cultist","floor":4.0,"turns":4.0},{"damage":3.0,"enemies":"Blue Slaver","floor":8.0,"turns":1.0},{"damage":6.0,"enemies":"Exordium Wildlife","floor":12.0,"turns":3.0},{"damage":10.0,"enemies":"Looter","floor":14.0,"turns":4.0},{"damage":33.0,"enemies":"Slime Boss","floor":16.0,"turns":8.0},{"damage":20.0,"enemies":"2 Thieves","floor":18.0,"turns":4.0},{"damage":4.0,"enemies":"Spheric Guardian","floor":19.0,"turns":2.0},{"damage":33.0,"enemies":"Chosen and Byrds","floor":20.0,"turns":8.0},{"damage":38.0,"enemies":"Sentry and Sphere","floor":21.0,"turns":7.0},{"damage":2.0,"enemies":"Snecko","floor":22.0,"turns":3.0},{"damage":29.0,"enemies":"Chosen and Byrds","floor":24.0,"turns":7.0},{"damage":12.0,"enemies":"HollowMod:Nosk","floor":25.0,"turns":8.0},{"damage":0,"enemies":"Snake Plant","floor":27,"turns":1}],"seed_played":"7539211018646808650","potions_obtained":[{"floor":2.0,"key":"Dexterity Potion"},{"floor":12.0,"key":"ZuzhouPotion:ReiMu"},{"floor":20.0,"key":"PowerPotion"},{"floor":21.0,"key":"Reflective Coating"},{"floor":22.0,"key":"SpeedPotion"},{"floor":25.0,"key":"DuplicationPotion"}],"is_trial":false,"path_per_floor":["M","M","?","M","?","R","$","M","T","T","$","M","?","M","R","B",null,"M","M","M","M","M","R","M","E","T","M"],"character_chosen":"The_Alterego","items_purchased":["Dota2Spire:EchoSabre"],"campfire_rested":0,"item_purchase_floors":[7],"current_hp_per_floor":[76,56,25,27,53,53,68,77,77,77,84,83,83,85,85,78,99,88,93,60,31,29,29,18,15,15,15,15],"gold":620,"neow_bonus":"TEN_PERCENT_HP_BONUS","is_daily":false,"chose_seed":false,"campfire_upgraded":2,"win_rate":0.0,"timestamp":1613550523,"path_taken":["M","M","?","?","?","R","$","M","T","?","$","M","?","M","R","BOSS","M","?","M","M","M","R","M","E","T","M"],"items_purchased_type":["Relic"],"build_version":"2020-12-22","purchased_purges":0,"victory":false,"max_hp_per_floor":[78,79,79,79,79,79,79,84,84,84,84,89,89,94,94,99,99,104,109,110,115,116,116,125,130,130,130,130],"card_choices":[{"not_picked":["alterego_mod:Maid","alterego_mod:Valentines","alterego_mod:TrashNCrash"],"picked":"SKIP","floor":1.0},{"not_picked":["alterego_mod:Stockings","alterego_mod:PerceptionDisorder","alterego_mod:Jiggle"],"picked":"SKIP","floor":2.0},{"not_picked":["alterego_mod:Jiggle","alterego_mod:Bounce"],"picked":"alterego_mod:BrynhildrRomantia","floor":3.0},{"not_picked":["alterego_mod:Pet","alterego_mod:TrashNCrash","alterego_mod:DeftHands"],"picked":"SKIP","floor":4.0},{"not_picked":["alterego_mod:Bounce","alterego_mod:GoddessCore","alterego_mod:BiFurious"],"picked":"SKIP","floor":8.0},{"not_picked":["alterego_mod:Valentines","alterego_mod:Stockings","alterego_mod:BeGentle"],"picked":"SKIP","floor":12.0},{"not_picked":["alterego_mod:Maid","alterego_mod:Mirror","alterego_mod:Cooking"],"picked":"SKIP","floor":14.0},{"not_picked":["alterego_mod:RocketPunch","alterego_mod:BiFurious+1","alterego_mod:Cooking"],"picked":"SKIP","floor":18.0},{"not_picked":["alterego_mod:Birthday","alterego_mod:MagicResistance"],"picked":"alterego_mod:Undulate+1","floor":19.0},{"not_picked":["alterego_mod:Stockings","alterego_mod:DeftHands"],"picked":"alterego_mod:BusterCard","floor":20.0},{"not_picked":["alterego_mod:Belle","alterego_mod:Maid"],"picked":"alterego_mod:SakuraFive+1","floor":21.0},{"not_picked":["alterego_mod:Maid+1","alterego_mod:Cooking","alterego_mod:DustData"],"picked":"SKIP","floor":22.0},{"not_picked":["alterego_mod:GoddessCore","alterego_mod:Bunnysuit","alterego_mod:BoobPocket+1"],"picked":"SKIP","floor":24.0},{"not_picked":["alterego_mod:Complex+1","alterego_mod:RocketPunch+1"],"picked":"alterego_mod:Palingenesis","floor":25.0}],"player_experience":65896,"relics_obtained":[{"floor":3.0,"key":"MealTicket"},{"floor":9.0,"key":"WarlordEmblem:BadgeWrath"},{"floor":25.0,"key":"Potion Belt"},{"floor":25.0,"key":"ReplayTheSpireMod:TigerMarble"},{"floor":26.0,"key":"Dota2Spire:MonkeyKingBar"}],"event_choices":[{"damage_healed":26.0,"max_hp_gain":0.0,"max_hp_loss":0.0,"gold_gain":0.0,"event_name":"Big Fish","player_choice":"Banana","floor":5.0,"gold_loss":0.0,"damage_taken":0.0},{"damage_healed":0.0,"max_hp_gain":0.0,"max_hp_loss":0.0,"gold_gain":100.0,"event_name":"Wheel of Change","player_choice":"Gold","floor":13.0,"gold_loss":0.0,"damage_taken":0.0},{"damage_healed":0.0,"max_hp_gain":0.0,"max_hp_loss":0.0,"gold_gain":0.0,"event_name":"Accursed Blacksmith","player_choice":"Forge","floor":15.0,"gold_loss":0.0,"damage_taken":0.0,"cards_upgraded":["alterego_mod:BigMeatyClaws"]}],"is_beta":false,"boss_relics":[{"not_picked":["RedLine:ReiMu","Runic Pyramid"],"picked":"Replay:Grab Bag"},{"not_picked":["SlaversCollar","Coffee Dripper"],"picked":"LagranYue:SoulBurningRelic"},{"not_picked":["Runic Dome","WarlordEmblem:VoidPower"],"picked":"Cursed Key"},{"not_picked":["Ring of Chaos","WarlordEmblem:SaveLoadDisk"],"picked":"Black Star"}],"items_purged_floors":[],"is_endless":false,"potions_floor_spawned":[2,12,20,21,22,25],"killed_by":"Snake Plant","ascension_level":0}}