{"host":"d02vqrhhew441p6s","time":1613585188,"event":{"mods":["BaseMod","Duelist Mod","Halation","Hubris","Infinite Spire","Minty Spire (QoL Compilation)","StSLib","The Jungle"],"gold_per_floor":[136,136,153,173,173,173,190,190,190,190,10,20,20,20,20,122,122,107,107,107,107,118,118,118],"floor_reached":23,"language":"ENG","playtime":1258,"items_purged":[],"score":269,"play_id":"74da33af-b6e3-4e4d-b0db-7da299598f01","local_time":"20210217190628","is_ascension_mode":true,"campfire_choices":[{"data":"theDuelist:HydraViper","floor":6,"key":"SMITH"},{"floor":8,"key":"REST"},{"data":"theDuelist:Umi","floor":10,"key":"SMITH"},{"floor":15,"key":"REST"}],"circlet_count":0,"master_deck":["theDuelist:SevenColoredFish","theDuelist:SevenColoredFish","theDuelist:AquaSpirit","AscendersBane","theDuelist:CastleWalls","theDuelist:IslandTurtle","theDuelist:IslandTurtle","theDuelist:RevivalJam","theDuelist:Sparks","theDuelist:SharkStickers","theDuelist:HydraViper+1","theDuelist:Uminotaurus","theDuelist:GraydleDragon","theDuelist:Umi+1","theDuelist:Skystarray","theDuelist:AbyssWarrior","theDuelist:GravekeeperCurse","theDuelist:FishborgArcher","theDuelist:GishkiZielgigas+1","theDuelist:Uminotaurus"],"relics":["theDuelist:MillenniumPuzzle","theDuelist:CardPoolRelic","theDuelist:CardPoolBasicRelic","theDuelist:BoosterPackPoolRelic","theDuelist:CardPoolAddRelic","theDuelist:CardPoolMinusRelic","theDuelist:CardPoolSaveRelic","theDuelist:CardPoolOptionsRelic","halation:PurpleSoulGem","Bottled Tornado","Orichalcum","hubris:Icosahedron","theDuelist:MillenniumRing","Cursed Key","hubris:Towel"],"acts_visited":["Exordium","TheCity"],"potions_floor_usage":[12,16,16,16],"damage_taken":[{"damage":0,"enemies":"2 Louse","floor":1,"turns":5},{"damage":1,"enemies":"Cultist","floor":3,"turns":5},{"damage":13,"enemies":"Small Slimes","floor":4,"turns":5},{"damage":53,"enemies":"Exordium Thugs","floor":7,"turns":7},{"damage":3,"enemies":"2 Fungi Beasts","floor":12,"turns":3},{"damage":5,"enemies":"The Guardian","floor":16,"turns":7},{"damage":27,"enemies":"2 Thieves","floor":18,"turns":4},{"damage":14,"enemies":"Shell Parasite","floor":22,"turns":5},{"damage":36,"enemies":"Book of Stabbing","floor":23,"turns":5}],"seed_played":"-1866050193721848535","potions_obtained":[{"floor":4,"key":"SteroidPotion"},{"floor":7,"key":"theDuelist:WaterBottle"}],"is_trial":false,"path_per_floor":["M","?","M","M","?","R","M","R","T","R","$","M","?","?","R","B",null,"M","?","?","?","M","E"],"character_chosen":"THE_DUELIST","items_purchased":["theDuelist:Skystarray","Orichalcum"],"campfire_rested":2,"item_purchase_floors":[11,11],"current_hp_per_floor":[72,72,71,58,58,58,5,29,29,29,29,26,26,26,50,45,71,44,44,44,44,30,0,0],"gold":118,"neow_bonus":"TRANSFORM_CARD","is_daily":false,"chose_seed":false,"campfire_upgraded":2,"win_rate":0.0,"timestamp":1613585188,"path_taken":["M","?","?","?","?","R","M","R","T","R","$","M","?","?","R","BOSS","M","?","?","?","M","E"],"items_purchased_type":["Card","Relic"],"build_version":"2020-12-22","purchased_purges":0,"victory":false,"max_hp_per_floor":[80,80,80,80,80,80,80,80,80,80,80,80,80,80,80,80,80,80,80,80,80,80,80,80],"card_choices":[{"not_picked":["theDuelist:RevivalJam","theDuelist:GraydleSlimeJr","theDuelist:CallAtlanteans","theDuelist:GishkiMollusk"],"picked":"theDuelist:HydraViper","floor":1},{"not_picked":["theDuelist:SwampFrog","theDuelist:FrillerRabca","theDuelist:BlizzardThunderbird","theDuelist:Unifrog"],"picked":"theDuelist:Uminotaurus","floor":3},{"not_picked":["theDuelist:SevenColoredFish","theDuelist:GraydleSlime","theDuelist:HydraViper","theDuelist:FishKicks"],"picked":"theDuelist:GraydleDragon","floor":4},{"not_picked":["theDuelist:WaterHazard","theDuelist:Submarineroid","theDuelist:GishkiReliever","theDuelist:CyberShark"],"picked":"theDuelist:Umi","floor":7},{"not_picked":["theDuelist:BoulderTortoise","theDuelist:OhFish","theDuelist:RageDeepSea","theDuelist:GishkiEmilia"],"picked":"theDuelist:AbyssWarrior","floor":12},{"not_picked":["theDuelist:TripodFish","theDuelist:TorrentialReborn","theDuelist:GamecieltheSeaTurtleKaiju","theDuelist:DewlorenTigerKing"],"picked":"theDuelist:FishborgArcher","floor":16},{"not_picked":["theDuelist:Boneheimer","theDuelist:GishkiMollusk","theDuelist:FishborgPlanter","theDuelist:IceHand+1"],"picked":"theDuelist:GishkiZielgigas+1","floor":18},{"not_picked":["theDuelist:UnshavenAngler","theDuelist:GraydleSlime","theDuelist:EvigishkiMerrowgeist+1","theDuelist:MorayGreed"],"picked":"theDuelist:Uminotaurus","floor":22}],"player_experience":556513,"relics_obtained":[{"floor":9,"key":"Bottled Tornado"}],"event_choices":[{"cards_removed":["theDuelist:CastleWalls"],"damage_healed":0,"gold_gain":0,"player_choice":"Purged","damage_taken":0,"max_hp_gain":0,"max_hp_loss":0,"event_name":"Purifier","floor":2,"gold_loss":0},{"damage_healed":0,"gold_gain":0,"player_choice":"Took item - Received: Millennium Ring","duelist":true,"damage_taken":0,"max_hp_gain":0,"max_hp_loss":0,"event_name":"Millennium Items","floor":14,"gold_loss":0},{"damage_healed":0,"gold_gain":0,"player_choice":"Leave","duelist":true,"damage_taken":0,"max_hp_gain":0,"max_hp_loss":0,"event_name":"Egyptian Village","floor":19,"gold_loss":0},{"damage_healed":0,"gold_gain":0,"player_choice":"Ignored","damage_taken":0,"max_hp_gain":0,"max_hp_loss":0,"event_name":"Vampires","floor":21,"gold_loss":0}],"is_beta":false,"boss_relics":[{"not_picked":["Fusion Hammer","Tiny House"],"picked":"Cursed Key"}],"items_purged_floors":[],"is_endless":false,"potions_floor_spawned":[4,7],"killed_by":"Book of Stabbing","ascension_level":10}}