{"host":"d02vqrhhew441p6s","time":1613589339,"event":{"mods":["BaseMod","Duelist Mod","Halation","Hubris","Infinite Spire","Minty Spire (QoL Compilation)","StSLib","The Jungle"],"gold_per_floor":[143,143,143,189,35,79,4,38,38,38,54,20,20,34,34,165,165,178,178,196,56,81,81,81,81,106,106,140,140,140,163,163,287,287,302,302,316,316,339,339,339,339,411,411,430,453,471,471,471,471],"floor_reached":51,"language":"ENG","playtime":2352,"items_purged":["Regret","theDuelist:VampireCurse"],"score":757,"play_id":"433cf3d8-b64a-43e7-9e7b-f19afbd3e9c9","local_time":"20210217201539","is_ascension_mode":true,"campfire_choices":[{"floor":10,"key":"REST"},{"data":"theDuelist:BottomlessTrapHole","floor":15,"key":"SMITH"},{"data":"Apotheosis","floor":23,"key":"SMITH"},{"floor":25,"key":"REST"},{"data":"theDuelist:NaturiaSacredTree","floor":27,"key":"SMITH"},{"data":"theDuelist:SliferSky","floor":30,"key":"SMITH"},{"data":"theDuelist:NaturiaPumpkin","floor":32,"key":"SMITH"},{"data":"theDuelist:NaturalDisaster","floor":40,"key":"SMITH"},{"data":"theDuelist:FuryFire+1","floor":42,"key":"SMITH"},{"floor":44,"key":"REST"},{"floor":49,"key":"REST"}],"circlet_count":0,"master_deck":["AscendersBane","theDuelist:CastleWalls","theDuelist:CastleWalls","theDuelist:NaturiaBeast+1","theDuelist:NaturiaCliff+1","theDuelist:NaturiaRock+1","theDuelist:NaturiaTulip+1","theDuelist:Sparks","theDuelist:Sparks","theDuelist:CurseDarkness","Apotheosis+1","theDuelist:NaturiaBarkion+1","Injury","Finesse","theDuelist:FuryFire+2","theDuelist:NaturiaEggplant+1","theDuelist:NaturiaParadizo+1","theDuelist:BottomlessTrapHole+1","theDuelist:NaturiaHorneedle+1","theDuelist:SummoningSwarm","theDuelist:NaturiaEggplant+1","theDuelist:NaturiaSacredTree+1","theDuelist:NaturiaRosewhip+1","Bite+1","theDuelist:SliferSky+1","infinitespire:Collect","theDuelist:NaturiaPumpkin+1","theDuelist:HuntingInstinct+1","theDuelist:NaturiaRosewhip+1","theDuelist:DarkHole+1","theDuelist:NaturalDisaster+1","theDuelist:PotDuality+1","theDuelist:NaturiaSunflower+1","theDuelist:NaturiaPumpkin"],"relics":["theDuelist:MillenniumPuzzle","theDuelist:CardPoolRelic","theDuelist:CardPoolBasicRelic","theDuelist:BoosterPackPoolRelic","theDuelist:CardPoolAddRelic","theDuelist:CardPoolMinusRelic","theDuelist:CardPoolSaveRelic","theDuelist:CardPoolOptionsRelic","Golden Idol","Ancient Tea Set","theDuelist:MillenniumArmor","hubris:RGBLights","Whetstone","Darkstone Periapt","theDuelist:ResummonBranch","halation:SmartPhone","Oddly Smooth Stone","hubris:BallOfYels","Kunai","hubris:ScarierMask","Philosopher\u0027s Stone","Sundial"],"acts_visited":["Exordium","TheCity","TheBeyond"],"potions_floor_usage":[6,28,28,41,41,50],"damage_taken":[{"damage":12,"enemies":"2 Louse","floor":1,"turns":3},{"damage":21,"enemies":"Lagavulin","floor":6,"turns":8},{"damage":22,"enemies":"Gremlin Nob","floor":8,"turns":5},{"damage":0,"enemies":"Jaw Worm","floor":11,"turns":4},{"damage":0,"enemies":"Cultist","floor":14,"turns":4},{"damage":24,"enemies":"The Guardian","floor":16,"turns":10},{"damage":3,"enemies":"Shell Parasite","floor":18,"turns":6},{"damage":13,"enemies":"2 Thieves","floor":20,"turns":5},{"damage":11,"enemies":"Snecko","floor":22,"turns":6},{"damage":3,"enemies":"Slavers","floor":28,"turns":4},{"damage":0,"enemies":"Cultist and Chosen","floor":31,"turns":6},{"damage":27,"enemies":"Collector","floor":33,"turns":9},{"damage":0,"enemies":"Orb Walker","floor":35,"turns":3},{"damage":0,"enemies":"3 Darklings","floor":37,"turns":5},{"damage":0,"enemies":"Transient","floor":41,"turns":3},{"damage":0,"enemies":"Jaw Worm Horde","floor":45,"turns":4},{"damage":29,"enemies":"Spire Growth","floor":46,"turns":5},{"damage":0,"enemies":"3 Darklings","floor":47,"turns":4},{"damage":55,"enemies":"Awakened One","floor":50,"turns":7}],"seed_played":"6398924555205315587","potions_obtained":[{"floor":1,"key":"Fire Potion"},{"floor":8,"key":"theDuelist:SolderPotionB"},{"floor":11,"key":"theDuelist:CoolBottle"},{"floor":20,"key":"Explosive Potion"},{"floor":31,"key":"SmokeBomb"},{"floor":33,"key":"Fire Potion"},{"floor":45,"key":"Block Potion"},{"floor":46,"key":"theDuelist:DebuffFuryPotion"}],"is_trial":false,"path_per_floor":["M","?","?","T","$","E","$","E","T","R","M","$","?","M","R","B",null,"M","?","M","$","M","R","?","R","T","R","E","AVR","R","M","R","B",null,"M","?","M","AVR","?","R","M","R","T","R","M","M","M","?","R","B",null],"character_chosen":"THE_DUELIST","items_purchased":["theDuelist:MillenniumArmor","theDuelist:NaturiaParadizo","theDuelist:NaturiaSacredTree"],"campfire_rested":4,"item_purchase_floors":[5,12,21],"current_hp_per_floor":[60,60,60,60,60,39,39,17,17,39,39,39,45,45,45,21,65,62,62,49,42,31,31,24,47,47,47,47,40,40,43,43,19,60,56,49,52,45,45,45,48,48,48,70,65,36,39,39,60,8],"gold":471,"neow_bonus":"RANDOM_COLORLESS_2","is_daily":false,"chose_seed":false,"campfire_upgraded":7,"win_rate":0.0,"timestamp":1613589339,"path_taken":["M","?","?","?","$","E","$","E","T","R","?","$","?","M","R","BOSS","M","?","M","?","M","R","?","R","T","R","E","AVR","R","M","R","BOSS","M","?","M","AVR","?","R","?","R","T","R","M","M","?","?","R","BOSS"],"items_purchased_type":["Relic","Card","Card"],"build_version":"2020-12-22","purchased_purges":2,"victory":true,"max_hp_per_floor":[78,78,78,78,78,78,78,76,76,76,74,74,80,80,80,80,80,80,80,78,78,78,78,78,78,78,78,78,78,78,76,76,74,74,74,74,74,74,74,74,74,74,74,74,72,70,70,70,70,70],"card_choices":[{"not_picked":["HandOfGreed","Transmutation"],"picked":"Apotheosis","floor":0},{"not_picked":["theDuelist:NaturiaStinkbug","theDuelist:NaturiaHydrangea","theDuelist:AcidTrapHole","theDuelist:NaturiaCliff"],"picked":"theDuelist:NaturiaBarkion","floor":1},{"not_picked":["Forethought","Good Instincts","Purity"],"picked":"Finesse","floor":6},{"not_picked":["theDuelist:VenomShot+1","theDuelist:SphereKuriboh","theDuelist:Wiretap","theDuelist:RedMedicine+1"],"picked":"theDuelist:FuryFire+1","floor":8},{"not_picked":["theDuelist:NaturiaHydrangea","theDuelist:NaturiaDragonfly","theDuelist:NaturiaCliff","theDuelist:NaturiaBeetle"],"picked":"theDuelist:NaturiaEggplant","floor":11},{"not_picked":["theDuelist:SurvivalInstinct","theDuelist:Pollinosis","theDuelist:Wiretap","theDuelist:AcidTrapHole"],"picked":"theDuelist:BottomlessTrapHole","floor":14},{"not_picked":["theDuelist:SeismicShockwave","theDuelist:NaturiaBarkion","theDuelist:ClosedForest","theDuelist:MultiplicationOfAnts"],"picked":"theDuelist:NaturiaHorneedle","floor":16},{"not_picked":["theDuelist:NaturiaHydrangea","theDuelist:FossilDig","theDuelist:NaturiaRock+1","theDuelist:NaturiaTulip"],"picked":"theDuelist:SummoningSwarm","floor":18},{"not_picked":["theDuelist:NaturiaHydrangea","theDuelist:NaturiaDragonfly","theDuelist:NaturiaCliff","theDuelist:NaturiaLandoise+1"],"picked":"theDuelist:NaturiaEggplant+1","floor":20},{"not_picked":["theDuelist:NaturiaHydrangea","theDuelist:NaturiaCliff","theDuelist:LonefireBlossom+1","theDuelist:CopyPlant"],"picked":"theDuelist:NaturiaRosewhip+1","floor":22},{"not_picked":["theDuelist:Fissure","theDuelist:EarthEffigy","theDuelist:MagicCylinder","theDuelist:ObeliskTormentor"],"picked":"theDuelist:SliferSky","floor":28},{"not_picked":["theDuelist:SangaEarth","theDuelist:NaturiaButterfly","theDuelist:CrystalRose","theDuelist:NaturiaDragonfly+1"],"picked":"theDuelist:NaturiaPumpkin","floor":31},{"not_picked":["theDuelist:DemiseLand","theDuelist:SeismicShockwave","theDuelist:Wildfire","theDuelist:NaturiaHorneedle"],"picked":"theDuelist:HuntingInstinct+1","floor":33},{"not_picked":["theDuelist:NaturiaEggplant","theDuelist:NaturiaTulip+1","theDuelist:LonefireBlossom+1","theDuelist:NaturiaStrawberry"],"picked":"theDuelist:NaturiaRosewhip","floor":35},{"not_picked":["theDuelist:BigFire+1","theDuelist:DummyGolem+1","theDuelist:MagicHoleGolem+1","theDuelist:MudragonSwamp+1"],"picked":"theDuelist:DarkHole+1","floor":36},{"not_picked":["theDuelist:NaturiaLeodrake+1","theDuelist:NatureReflection","theDuelist:LairWire"],"picked":"theDuelist:NaturalDisaster","floor":37},{"not_picked":["theDuelist:FuryFire+1","theDuelist:VenomShot","theDuelist:SeedSacredTree","theDuelist:BarkionBark"],"picked":"theDuelist:PotDuality+1","floor":45},{"not_picked":["theDuelist:NaturiaEggplant+1","theDuelist:NaturiaRock+1","theDuelist:FossilDig+1","theDuelist:NaturiaCliff"],"picked":"theDuelist:NaturiaSunflower+1","floor":46},{"not_picked":["theDuelist:NaturiaBrambi","theDuelist:NaturiaBambooShoot+1"],"picked":"theDuelist:NaturiaPumpkin","floor":47}],"player_experience":559425,"relics_obtained":[{"floor":4,"key":"Ancient Tea Set"},{"floor":6,"key":"hubris:RGBLights"},{"floor":8,"key":"Whetstone"},{"floor":9,"key":"Darkstone Periapt"},{"floor":26,"key":"Oddly Smooth Stone"},{"floor":28,"key":"hubris:BallOfYels"},{"floor":43,"key":"Sundial"}],"event_choices":[{"damage_healed":0,"gold_gain":0,"player_choice":"Take Wound","damage_taken":0,"relics_obtained":["Golden Idol"],"max_hp_gain":0,"max_hp_loss":0,"event_name":"Golden Idol","floor":2,"gold_loss":0,"cards_obtained":["Injury"]},{"damage_healed":0,"gold_gain":0,"player_choice":"Box","damage_taken":0,"relics_obtained":["halation:TwoAmDonut"],"max_hp_gain":0,"max_hp_loss":0,"event_name":"Big Fish","floor":3,"gold_loss":0,"cards_obtained":["Regret"]},{"damage_healed":0,"gold_gain":0,"player_choice":"Took item - Received: Millennium Branch","duelist":true,"damage_taken":0,"max_hp_gain":0,"max_hp_loss":0,"event_name":"Millennium Items","floor":13,"gold_loss":0},{"damage_healed":0,"gold_gain":0,"player_choice":"Bought 0 Potions","damage_taken":0,"max_hp_gain":0,"max_hp_loss":0,"event_name":"The Woman in Blue","floor":19,"gold_loss":0},{"damage_healed":0,"gold_gain":0,"player_choice":"Memory 1","damage_taken":0,"max_hp_gain":0,"max_hp_loss":0,"event_name":"SensoryStone","floor":36,"gold_loss":0},{"damage_healed":0,"gold_gain":0,"player_choice":"Sold Castle Walls for 23 Gold.","duelist":true,"damage_taken":0,"max_hp_gain":0,"max_hp_loss":0,"event_name":"Card Trader","floor":39,"gold_loss":0},{"damage_healed":0,"gold_gain":0,"player_choice":"Scored: 1129","duelist":true,"damage_taken":0,"max_hp_gain":0,"max_hp_loss":0,"event_name":"Visit from Anubis","floor":48,"gold_loss":0}],"is_beta":false,"boss_relics":[{"not_picked":["halation:LoveArrow","hubris:GrandSneckoEye"],"picked":"halation:SmartPhone"},{"not_picked":["Tiny House","hubris:BlackHole"],"picked":"hubris:ScarierMask"}],"items_purged_floors":[7,21],"is_endless":false,"potions_floor_spawned":[1,8,11,20,22,31,33,35,41,45,46],"ascension_level":10}}