{"host":"3n5xmnb54n2y5mb4","time":1613528297,"event":{"mods":["BaseMod","Colored Map","Colored Powertips","Downfall","Minty Spire (QoL Compilation)","Permanent Neow","StSLib","Unceasing Turn Reminder","everything is the same but u backflip on backflip"],"gold_per_floor":[99,113,131,141,160,5,59,71,71,71,96,116,116,216,231,329,329,329,348,76,96,106,23,23,39,202,227,227,227,127,157,170,170,170,170],"floor_reached":33,"language":"ENG","playtime":1887,"items_purged":["Slimebound:Defend_Slimebound"],"score":328,"play_id":"96093c2b-43f3-4037-86f8-fa42f630da7a","local_time":"20210216211817","is_ascension_mode":true,"campfire_choices":[{"data":"Slimebound:Split","floor":1,"key":"SMITH"},{"floor":13,"key":"REST"},{"data":"Slimebound:Dissolve","floor":18,"key":"PURGE"},{"data":"Slimebound:MinionMaster","floor":30,"key":"PURGE"}],"circlet_count":0,"master_deck":["Slimebound:Tackle","Slimebound:Defend_Slimebound","Slimebound:Defend_Slimebound","Slimebound:Defend_Slimebound+1","Slimebound:Split+1","Slimebound:CorrosiveSpit","Slimebound:MassRepurpose","Slimebound:Nibble","Slimebound:SlimeSpikes","Slimebound:SplitSpecialist","Slimebound:FirmFortitude+1","Slimebound:OneTwoCombo","Slimebound:SlimeSpikes","Slimebound:Repurpose","Slimebound:Recollect","Slimebound:MassFeed+1","Slimebound:Chomp+1","Slimebound:Darklings+1","Slimebound:SplitBruiser+1","Slimebound:Teamwork","Slimebound:Repurpose","Slimebound:Equalize","Slimebound:OozeBath","Slimebound:Repurpose","Slimebound:SlimeBarrage","Slimebound:SplitLeeching","Slimebound:LeadByExample"],"relics":["Slimebound:AbsorbEndCombat","Slimebound:ScrapOozeRelic","War Paint","Astrolabe","Akabeko","Blood Vial","Slimebound:SelfDamagePreventRelic","Singing Bowl","downfall:HeartBlessingGreen","Kunai"],"acts_visited":["Exordium","TheCity"],"potions_floor_usage":[19,19,23,27,32,33],"damage_taken":[{"damage":9,"enemies":"Jaw Worm","floor":2,"turns":5},{"damage":1,"enemies":"2 Louse","floor":3,"turns":2},{"damage":2,"enemies":"Cultist","floor":4,"turns":4},{"damage":4,"enemies":"Red Slaver","floor":5,"turns":4},{"damage":3,"enemies":"downfall:FleeingMerchant","floor":6,"turns":4},{"damage":7,"enemies":"Blue Slaver","floor":8,"turns":3},{"damage":20,"enemies":"Lagavulin","floor":11,"turns":6},{"damage":10,"enemies":"3 Louse","floor":12,"turns":3},{"damage":12,"enemies":"Exordium Wildlife","floor":15,"turns":3},{"damage":52,"enemies":"WA_ARCHETYPE_RETAIN","floor":16,"turns":9},{"damage":0,"enemies":"Chosen","floor":19,"turns":4},{"damage":7,"enemies":"downfall:FleeingMerchant","floor":20,"turns":4},{"damage":0,"enemies":"Spheric Guardian","floor":21,"turns":3},{"damage":16,"enemies":"Snake Plant","floor":22,"turns":3},{"damage":3,"enemies":"downfall:FleeingMerchant","floor":23,"turns":4},{"damage":17,"enemies":"Snecko","floor":25,"turns":4},{"damage":8,"enemies":"downfall:FleeingMerchant","floor":26,"turns":4},{"damage":49,"enemies":"Book of Stabbing","floor":27,"turns":4},{"damage":18,"enemies":"Gremlin Leader","floor":31,"turns":5},{"damage":4,"enemies":"Centurion and Healer","floor":32,"turns":4},{"damage":68,"enemies":"DF_ARCHETYPE_CLAW","floor":33,"turns":8}],"seed_played":"-7138696883603211888","potions_obtained":[{"floor":2,"key":"SpeedPotion"},{"floor":3,"key":"EssenceOfSteel"},{"floor":5,"key":"Energy Potion"},{"floor":12,"key":"Fire Potion"},{"floor":16,"key":"LiquidBronze"},{"floor":19,"key":"Slimebound:SlimedPotion"},{"floor":21,"key":"champ:CounterPotion"},{"floor":22,"key":"Explosive Potion"},{"floor":27,"key":"SteroidPotion"},{"floor":31,"key":"GamblersBrew"}],"is_trial":false,"path_per_floor":["R","M","M","M","M","$","T","M","?","?","E","M","R","?","M","B",null,"R","M","$","M","M","$","T","M","$","E","?","?","R","E","M","B"],"character_chosen":"SLIMEBOUND","items_purchased":["Slimebound:OneTwoCombo","Slimebound:Repurpose","Akabeko","Slimebound:Repurpose","Slimebound:SelfDamagePreventRelic","Slimebound:SlimeBarrage"],"campfire_rested":1,"item_purchase_floors":[6,20,20,23,26,26],"current_hp_per_floor":[65,60,61,63,63,62,62,59,64,64,50,46,67,67,57,13,70,70,74,69,69,59,60,60,59,65,34,34,60,60,48,58,0,0,0],"gold":170,"neow_bonus":"ONE_RANDOM_RARE_CARD","is_daily":false,"chose_seed":false,"campfire_upgraded":1,"win_rate":0.0,"timestamp":1613528297,"path_taken":["R","M","M","M","M","$","T","M","?","?","E","M","R","?","M","BOSS","R","M","$","?","M","?","T","M","$","E","?","?","R","E","M","BOSS"],"items_purchased_type":["Card","Card","Relic","Card","Relic","Card"],"build_version":"2020-12-22","purchased_purges":1,"victory":false,"max_hp_per_floor":[65,65,65,65,65,65,65,65,70,70,70,70,70,70,70,70,70,70,74,74,74,78,78,78,78,78,78,78,78,78,78,80,80,80,80],"card_choices":[{"not_picked":["Slimebound:Prepare","Slimebound:SplitAcid"],"picked":"Slimebound:Nibble","floor":2},{"not_picked":["Slimebound:GoopTackle","Slimebound:Gluttony"],"picked":"Slimebound:SlimeSpikes","floor":3},{"not_picked":["Slimebound:FinishingTackle","Slimebound:HauntingLick","Slimebound:LivingWall"],"picked":"SKIP","floor":4},{"not_picked":["Slimebound:HauntingLick","Slimebound:GoopTackle"],"picked":"Slimebound:SplitSpecialist","floor":5},{"not_picked":["Slimebound:SamplingLick","Slimebound:MassFeed"],"picked":"Slimebound:FirmFortitude","floor":6},{"not_picked":["Slimebound:SamplingLick","Slimebound:GoopSpray"],"picked":"Slimebound:SlimeSpikes","floor":8},{"not_picked":["Slimebound:Chomp","Slimebound:HauntingLick"],"picked":"Slimebound:Repurpose","floor":11},{"not_picked":["Slimebound:FinishingTackle","Slimebound:Nibble"],"picked":"Slimebound:Recollect","floor":12},{"not_picked":["Slimebound:LeechEnergy","Slimebound:GoopTackle"],"picked":"Slimebound:Dissolve","floor":15},{"not_picked":["Slimebound:WasteNot","Slimebound:OozeBath"],"picked":"Slimebound:MinionMaster","floor":16},{"not_picked":["Slimebound:LeechingTouch","Slimebound:Dissolve"],"picked":"Slimebound:SplitBruiser+1","floor":19},{"not_picked":["Slimebound:ComboTackle","Slimebound:SplitAcid+1"],"picked":"Slimebound:Teamwork","floor":20},{"not_picked":["Slimebound:DisruptingSlam","Slimebound:FinishingTackle+1"],"picked":"Slimebound:Equalize","floor":21},{"not_picked":["Slimebound:LivingWall","Slimebound:GoopTackle","Slimebound:LeechEnergy"],"picked":"SKIP","floor":22},{"not_picked":["Slimebound:SamplingLick","Slimebound:Chomp"],"picked":"Slimebound:OozeBath","floor":23},{"not_picked":["Slimebound:FlameTackle","Slimebound:HauntingLick","Slimebound:SlimeBrawl"],"picked":"SKIP","floor":25},{"not_picked":["Slimebound:TongueLash","Slimebound:RejuvenatingLick","Slimebound:LeechEnergy"],"picked":"SKIP","floor":26},{"not_picked":["Slimebound:LeechEnergy","Slimebound:SlimeBrawl"],"picked":"Slimebound:SplitLeeching","floor":27},{"not_picked":["Slimebound:SlimeSpikes","Slimebound:FormOfPuddle+1"],"picked":"Slimebound:LeadByExample","floor":31},{"not_picked":["Slimebound:Schlurp","Slimebound:RainOfGoop","Slimebound:Recollect"],"picked":"Singing Bowl","floor":32}],"player_experience":1103692,"relics_obtained":[{"floor":7,"key":"Potion Belt"},{"floor":11,"key":"War Paint"},{"floor":24,"key":"Blood Vial"},{"floor":27,"key":"Singing Bowl"},{"floor":31,"key":"Kunai"}],"event_choices":[{"damage_healed":0,"gold_gain":0,"player_choice":"Donut","damage_taken":0,"max_hp_gain":5,"max_hp_loss":0,"event_name":"Big Fish","floor":9,"gold_loss":0},{"damage_healed":0,"gold_gain":0,"player_choice":"Ignored","damage_taken":0,"max_hp_gain":0,"max_hp_loss":0,"event_name":"Vampires","floor":28,"gold_loss":0},{"damage_healed":26,"gold_gain":0,"player_choice":"Heal","damage_taken":0,"max_hp_gain":0,"max_hp_loss":0,"event_name":"The Library","floor":29,"gold_loss":0}],"is_beta":false,"boss_relics":[{"not_picked":["Runic Pyramid","Busted Crown"],"picked":"Astrolabe"}],"items_purged_floors":[20],"is_endless":false,"potions_floor_spawned":[2,3,5,12,16,19,21,22,27,31],"killed_by":"DF_ARCHETYPE_CLAW","ascension_level":1}}