{"host":"f6w7z8zvb0mi4wy9","time":1613567019,"event":{"mods":["BaseMod","Colored Map","Minty Spire (QoL Compilation)","READ ME - Guardian Mod","StSLib","SuperFastMode","The Jungle"],"gold_per_floor":[112,124,124,124,135,165,165,200,200,200,231,247,247,266,266,386,386,410,325,325,425,443,474,474,518,518,538,538,582,263,301,301,420,420,440,465,480,9,34,34,65,5,5,5,30,44,44,59,59,59,59,59,21,64,64,64],"floor_reached":55,"language":"KOR","playtime":1660,"items_purged":["Steam Power"],"score":834,"play_id":"f003aacb-1aee-48f9-8715-39b514f6baeb","local_time":"20210217220339","is_ascension_mode":true,"campfire_choices":[{"data":"Dualcast","floor":7.0,"key":"SMITH"},{"data":"Chaos","floor":10.0,"key":"SMITH"},{"data":"White Noise","floor":15.0,"key":"SMITH"},{"data":"Defragment","floor":28.0,"key":"SMITH"},{"floor":32.0,"key":"REST"},{"floor":40.0,"key":"RECALL"},{"floor":44.0,"key":"DIG"},{"data":"White Noise","floor":47.0,"key":"SMITH"},{"floor":49.0,"key":"DIG"},{"floor":52.0,"key":"DIG"}],"circlet_count":0,"master_deck":["Zap+1","Dualcast+1","Cold Snap+1","Self Repair","White Noise+1","Chaos+1","Gash+1","Scrape+1","Beam Cell+1","Echo Form","Go for the Eyes+1","White Noise+1","Hello World","Rebound+1","Static Discharge","Buffer","Self Repair","Go for the Eyes+1","Steam","Defragment+1","Leap+1","Bandage Up","Core Surge+1","Meteor Strike+1","Reboot","CurseOfTheBell","Steam+1","All For One+1","Beam Cell+1","Swift Strike+1","FTL+1","Trip","Gash+1","Streamline+1","FTL+1","Leap+1","Go for the Eyes+1","Hologram"],"relics":["Cracked Core","Pen Nib","Molten Egg 2","Darkstone Periapt","Golden Idol","Pandora\u0027s Box","Happy Flower","Oddly Smooth Stone","Lantern","Matryoshka","Shuriken","The Courier","Calling Bell","Blood Vial","InkBottle","Shovel","DataDisk","Ancient Tea Set","Regal Pillow","Bottled Lightning","Bottled Flame","Whetstone","White Beast Statue","Kunai"],"acts_visited":["Exordium","TheCity","TheBeyond","TheEnding"],"potions_floor_usage":[54,55,55],"damage_taken":[{"damage":1.0,"enemies":"Jaw Worm","floor":1.0,"turns":2.0},{"damage":0.0,"enemies":"Small Slimes","floor":2.0,"turns":2.0},{"damage":2.0,"enemies":"2 Louse","floor":5.0,"turns":3.0},{"damage":11.0,"enemies":"Lagavulin","floor":6.0,"turns":9.0},{"damage":20.0,"enemies":"Gremlin Nob","floor":8.0,"turns":4.0},{"damage":10.0,"enemies":"3 Sentries","floor":11.0,"turns":3.0},{"damage":8.0,"enemies":"Exordium Wildlife","floor":12.0,"turns":4.0},{"damage":7.0,"enemies":"Blue Slaver","floor":14.0,"turns":2.0},{"damage":11.0,"enemies":"The Guardian","floor":16.0,"turns":9.0},{"damage":24.0,"enemies":"Spheric Guardian","floor":18.0,"turns":4.0},{"damage":10.0,"enemies":"Chosen","floor":22.0,"turns":3.0},{"damage":19.0,"enemies":"Slavers","floor":23.0,"turns":4.0},{"damage":13.0,"enemies":"Book of Stabbing","floor":25.0,"turns":4.0},{"damage":21.0,"enemies":"Snake Plant","floor":27.0,"turns":2.0},{"damage":26.0,"enemies":"Slavers","floor":29.0,"turns":3.0},{"damage":5.0,"enemies":"Book of Stabbing","floor":31.0,"turns":4.0},{"damage":6.0,"enemies":"Automaton","floor":33.0,"turns":7.0},{"damage":1.0,"enemies":"Orb Walker","floor":35.0,"turns":3.0},{"damage":11.0,"enemies":"3 Darklings","floor":36.0,"turns":6.0},{"damage":10.0,"enemies":"Sphere and 2 Shapes","floor":37.0,"turns":4.0},{"damage":0.0,"enemies":"Transient","floor":39.0,"turns":5.0},{"damage":0.0,"enemies":"Reptomancer","floor":41.0,"turns":3.0},{"damage":20.0,"enemies":"4 Shapes","floor":45.0,"turns":3.0},{"damage":0.0,"enemies":"Maw","floor":46.0,"turns":5.0},{"damage":10.0,"enemies":"Writhing Mass","floor":48.0,"turns":3.0},{"damage":48.0,"enemies":"Awakened One","floor":50.0,"turns":8.0},{"damage":36,"enemies":"Shield and Spear","floor":54,"turns":5},{"damage":58,"enemies":"The Heart","floor":55,"turns":6}],"seed_played":"-7038671106401761538","potions_obtained":[{"floor":2.0,"key":"DuplicationPotion"},{"floor":6.0,"key":"Fire Potion"},{"floor":11.0,"key":"LiquidMemories"},{"floor":16.0,"key":"FearPotion"},{"floor":18.0,"key":"FearPotion"},{"floor":25.0,"key":"PowerPotion"},{"floor":27.0,"key":"CultistPotion"},{"floor":31.0,"key":"Strength Potion"},{"floor":36.0,"key":"Energy Potion"},{"floor":39.0,"key":"DistilledChaos"},{"floor":48.0,"key":"LiquidMemories"},{"floor":54,"key":"Block Potion"}],"is_trial":false,"path_per_floor":["M","M","?","$","M","E","R","E","T","R","E","M","?","M","R","B",null,"M","?","?","?","M","E","?","E","T","M","R","E","$","E","R","B",null,"M","M","M","$","M","R","E","$","T","R","M","M","R","M","R","B",null,"R","$","E","B"],"character_chosen":"DEFECT","items_purchased":["Bandage Up","Core Surge+1","DataDisk","All For One+1","Beam Cell+1","Swift Strike+1","FTL+1","Trip","FTL+1","Hologram"],"campfire_rested":1,"item_purchase_floors":[30,30,38,38,38,38,38,38,42,53],"current_hp_per_floor":[74,74,67,67,72,68,68,55,55,55,52,51,33,33,33,29,75,65,65,65,65,62,57,57,58,58,44,44,25,25,31,53,69,81,81,81,75,75,81,81,81,81,81,81,61,70,70,69,69,41,81,81,81,56,0,0],"gold":64,"neow_bonus":"UPGRADE_CARD","is_daily":false,"chose_seed":false,"campfire_upgraded":5,"win_rate":0.0,"timestamp":1613567019,"path_taken":["M","M","?","$","M","E","R","E","T","R","E","M","?","M","R","BOSS","M","?","?","?","?","E","?","E","T","M","R","E","?","E","R","BOSS","M","M","M","$","?","R","E","$","T","R","M","M","R","M","R","BOSS","R","$","E","BOSS"],"items_purchased_type":["Card","Card","Relic","Card","Card","Card","Card","Card","Card","Card"],"build_version":"2020-12-22","purchased_purges":1,"victory":false,"max_hp_per_floor":[75,75,75,75,75,75,75,75,75,75,75,75,75,75,75,75,75,75,75,75,75,75,75,75,75,75,75,75,75,75,75,75,75,81,81,81,81,81,81,81,81,81,81,81,81,81,81,81,81,81,81,81,81,81,81,81],"card_choices":[{"not_picked":["Redo","Loop"],"picked":"Cold Snap","floor":1.0},{"not_picked":["Barrage","Static Discharge"],"picked":"Self Repair","floor":2.0},{"not_picked":["Ball Lightning","BootSequence"],"picked":"White Noise","floor":5.0},{"not_picked":["Conserve Battery","Darkness"],"picked":"Chaos","floor":6.0},{"not_picked":["Genetic Algorithm","Lockon+1","Stack"],"picked":"SKIP","floor":8.0},{"not_picked":["Steam","Coolheaded"],"picked":"Gash+1","floor":11.0},{"not_picked":["Redo","Loop"],"picked":"Scrape+1","floor":12.0},{"not_picked":["Cold Snap+1","Chill"],"picked":"Beam Cell+1","floor":14.0},{"not_picked":["Meteor Strike+1","Rainbow"],"picked":"Echo Form","floor":16.0},{"not_picked":["Conserve Battery","Sunder+1"],"picked":"Self Repair","floor":18.0},{"not_picked":["Gash+1","Stack"],"picked":"Go for the Eyes+1","floor":22.0},{"not_picked":["Turbo+1","Hyperbeam+1","Ball Lightning+1"],"picked":"SKIP","floor":23.0},{"not_picked":["Coolheaded+1","Storm+1"],"picked":"Steam","floor":25.0},{"not_picked":["BootSequence","Fusion+1"],"picked":"Defragment","floor":27.0},{"not_picked":["Undo","Sweeping Beam+1"],"picked":"Leap+1","floor":29.0},{"not_picked":["Rebound+1","Doom and Gloom+1"],"picked":"Meteor Strike+1","floor":31.0},{"not_picked":["Multi-Cast","Echo Form"],"picked":"Reboot","floor":33.0},{"not_picked":["Conserve Battery+1","Sweeping Beam+1"],"picked":"Steam+1","floor":35.0},{"not_picked":["Stack+1","Sweeping Beam+1","Rebound+1"],"picked":"SKIP","floor":36.0},{"not_picked":["Consume+1","Melter+1","Doom and Gloom+1"],"picked":"SKIP","floor":37.0},{"not_picked":["Lockon+1","Hello World"],"picked":"Gash+1","floor":39.0},{"not_picked":["Undo","Conserve Battery"],"picked":"Streamline+1","floor":41.0},{"not_picked":["Hologram+1","Lockon+1"],"picked":"Leap+1","floor":45.0},{"not_picked":["Turbo","Ball Lightning+1"],"picked":"Go for the Eyes+1","floor":46.0},{"not_picked":["Consume+1","Rebound+1","Sweeping Beam+1"],"picked":"SKIP","floor":48.0},{"not_picked":["Redo","Reprogram+1","Blizzard+1"],"picked":"SKIP","floor":54}],"player_experience":947572,"relics_obtained":[{"floor":6.0,"key":"Pen Nib"},{"floor":8.0,"key":"Molten Egg 2"},{"floor":11.0,"key":"Darkstone Periapt"},{"floor":23.0,"key":"Oddly Smooth Stone"},{"floor":25.0,"key":"Lantern"},{"floor":26.0,"key":"Matryoshka"},{"floor":29.0,"key":"Shuriken"},{"floor":31.0,"key":"The Courier"},{"floor":34.0,"key":"Blood Vial"},{"floor":34.0,"key":"InkBottle"},{"floor":34.0,"key":"Shovel"},{"floor":41.0,"key":"Ancient Tea Set"},{"floor":43.0,"key":"Regal Pillow"},{"floor":43.0,"key":"Bottled Lightning"},{"floor":44.0,"key":"Bottled Flame"},{"floor":49.0,"key":"Whetstone"},{"floor":52.0,"key":"White Beast Statue"},{"floor":54,"key":"Kunai"}],"event_choices":[{"cards_removed":["Strike_B"],"damage_healed":0.0,"max_hp_gain":0.0,"max_hp_loss":0.0,"gold_gain":0.0,"event_name":"Golden Wing","player_choice":"Card Removal","floor":3.0,"gold_loss":0.0,"damage_taken":7.0},{"damage_healed":0.0,"max_hp_gain":0.0,"max_hp_loss":0.0,"gold_gain":0.0,"event_name":"Golden Idol","player_choice":"Take Damage","floor":13.0,"gold_loss":0.0,"damage_taken":18.0,"relics_obtained":["Golden Idol"]},{"damage_healed":0.0,"max_hp_gain":0.0,"max_hp_loss":0.0,"gold_gain":0.0,"event_name":"Addict","player_choice":"Obtained Relic","floor":19.0,"gold_loss":85.0,"damage_taken":0.0,"relics_obtained":["Happy Flower"]},{"damage_healed":0.0,"max_hp_gain":0.0,"max_hp_loss":0.0,"gold_gain":0.0,"event_name":"Vampires","player_choice":"Ignored","floor":20.0,"gold_loss":0.0,"damage_taken":0.0},{"damage_healed":0.0,"max_hp_gain":0.0,"max_hp_loss":0.0,"gold_gain":100.0,"event_name":"Golden Shrine","player_choice":"Pray","floor":21.0,"gold_loss":0.0,"damage_taken":0.0},{"damage_healed":0.0,"max_hp_gain":0.0,"max_hp_loss":0.0,"gold_gain":0.0,"event_name":"Cursed Tome","player_choice":"Ignored","floor":24.0,"gold_loss":0.0,"damage_taken":0.0}],"is_beta":false,"boss_relics":[{"not_picked":["Velvet Choker","Busted Crown"],"picked":"Pandora\u0027s Box"},{"not_picked":["Fusion Hammer","Snecko Eye"],"picked":"Calling Bell"}],"items_purged_floors":[30],"is_endless":false,"potions_floor_spawned":[2,6,11,16,18,25,27,31,36,39,48,54],"killed_by":"The Heart","ascension_level":1}}