{"host":"nxma0dbhh74lxenq","time":1613557995,"event":{"mods":["Astrologer","BaseMod","Beaked The Cultist","CapriCore","Colored Map","DeckTracker","Gremlin Mod","Highlight Path","Koishi","Mad Scientist","Minty Spire (QoL Compilation)","StSLib","SuperFastMode","The Bladedancer","The Cursed","The Immortal","The Mystic","YoumuÅiç∞ÈÆódöÎÅj"],"gold_per_floor":[110,110,127,52,63,90,90,15,67,102,122,142,142,159,159,159,159],"floor_reached":16,"language":"JPN","playtime":501,"items_purged":["Koishi:BasicStrike"],"score":218,"play_id":"a3488733-b78c-4551-a820-7aefdb66ae11","local_time":"20210217193315","is_ascension_mode":true,"campfire_choices":[{"data":"Koishi:JumpScare","floor":7,"key":"SMITH"},{"data":"Koishi:Untouchable","floor":13,"key":"SMITH"},{"floor":15,"key":"REST"}],"circlet_count":0,"master_deck":["AscendersBane","Koishi:BasicStrike","Koishi:BasicStrike","Koishi:BasicDefend","Koishi:BasicDefend","Koishi:BasicDefend","Koishi:BasicDefend","Koishi:Provoke","Koishi:HauntingSlash","Koishi:JumpScare+1","Koishi:RacingHeart","Koishi:StingingMind","Koishi:CatchAndRose","Koishi:SilentAndRestless","Koishi:Untouchable+1","Koishi:MindNumbingTerror","Koishi:Whimsy"],"relics":["Koishi:ImaginaryFriend","NeowsBlessing","Oddly Smooth Stone","Regal Pillow","Omamori","Question Card"],"acts_visited":["Exordium"],"potions_floor_usage":[6,11,14],"damage_taken":[{"damage":0,"enemies":"Jaw Worm","floor":1,"turns":1},{"damage":0,"enemies":"Cultist","floor":3,"turns":1},{"damage":0,"enemies":"2 Louse","floor":5,"turns":1},{"damage":31,"enemies":"3 Sentries","floor":6,"turns":11},{"damage":20,"enemies":"Lagavulin","floor":10,"turns":9},{"damage":28,"enemies":"Exordium Thugs","floor":11,"turns":4},{"damage":11,"enemies":"Large Slime","floor":12,"turns":9},{"damage":10,"enemies":"Gremlin Gang","floor":14,"turns":4},{"damage":47,"enemies":"Hexaghost","floor":16,"turns":9}],"seed_played":"-4130411541011288135","potions_obtained":[{"floor":3,"key":"PowerPotion"},{"floor":5,"key":"SneckoOil"},{"floor":10,"key":"AttackPotion"}],"is_trial":false,"path_per_floor":["M","?","M","$","M","E","R","?","T","E","M","M","R","M","R","B"],"character_chosen":"KOISHI","items_purchased":[],"campfire_rested":1,"item_purchase_floors":[],"current_hp_per_floor":[51,51,53,53,55,36,36,36,36,34,20,17,17,15,47,0,0],"gold":159,"neow_bonus":"THREE_ENEMY_KILL","is_daily":false,"chose_seed":false,"campfire_upgraded":2,"win_rate":0.0,"timestamp":1613557995,"path_taken":["M","?","M","$","?","E","R","?","T","E","M","M","R","M","R","BOSS"],"items_purchased_type":[],"build_version":"2020-12-22","purchased_purges":1,"victory":false,"max_hp_per_floor":[57,57,57,57,57,57,57,57,57,57,57,57,57,57,57,57,57],"card_choices":[{"not_picked":["Koishi:FleetingPhantom","Koishi:PhantomStrike"],"picked":"Koishi:JumpScare","floor":1},{"not_picked":["Koishi:DreadfulBlow","Koishi:DNAsFlaw"],"picked":"Koishi:RacingHeart","floor":3},{"not_picked":["Koishi:JumpScare","Koishi:CatchAndRose"],"picked":"Koishi:StingingMind","floor":5},{"not_picked":["Koishi:FourthEye","Koishi:SubterraneanRose"],"picked":"Koishi:CatchAndRose","floor":6},{"not_picked":["Koishi:PhantomStrike","Koishi:UnansweredLove"],"picked":"Koishi:SilentAndRestless","floor":10},{"not_picked":["Koishi:GhostParty","Koishi:StrangeCloudFist","Koishi:LastRemote"],"picked":"Koishi:Untouchable","floor":11},{"not_picked":["Koishi:FourthEye","Koishi:IdleWhim","Koishi:GhostParty"],"picked":"Koishi:MindNumbingTerror","floor":12},{"not_picked":["Koishi:SubconsciousSweep","Koishi:StingingMind","Koishi:PhilosophyOfTheDespised"],"picked":"Koishi:Whimsy","floor":14}],"player_experience":469990,"relics_obtained":[{"floor":2,"key":"Oddly Smooth Stone"},{"floor":6,"key":"Regal Pillow"},{"floor":9,"key":"Omamori"},{"floor":10,"key":"Question Card"}],"event_choices":[{"damage_healed":0,"gold_gain":0,"player_choice":"Relic","damage_taken":0,"max_hp_gain":0,"max_hp_loss":0,"event_name":"Wheel of Change","floor":2,"gold_loss":0},{"cards_removed":["Koishi:BasicStrike"],"damage_healed":0,"gold_gain":0,"player_choice":"Card Removal","damage_taken":0,"max_hp_gain":0,"max_hp_loss":0,"event_name":"The Cleric","floor":8,"gold_loss":75}],"is_beta":false,"boss_relics":[],"items_purged_floors":[4],"is_endless":false,"potions_floor_spawned":[3,5,10],"killed_by":"Hexaghost","ascension_level":19}}