{"host":"0iey8v53xvwqxh5z","time":1613544067,"event":{"mods":["BaseMod","BetterRewards","Hubris","Minty Spire (QoL Compilation)","Relic Stats","Replay The Spire","Robot Space Explorer","Shop Mod","StSLib"],"gold_per_floor":[110,110,126,201,216,216,251,274,298,316,357,357,375,401,401,521,521,541,541,565,565,258,291,291,310,335,354,393,393,436,189,189,313,313,336,336,349,369,369,369,395,395,419,452,452,123,167,181,181,181,181,181,30,64,64],"floor_reached":56,"language":"ENG","playtime":3873,"items_purged":["RobotSpaceExplorer:DoubleBlock","RobotSpaceExplorer:FrostMissile","RobotSpaceExplorer:Discharger+1"],"score":1373,"play_id":"e681601b-4bb6-4997-9be6-09a2f2c01dda","local_time":"20210217014107","is_ascension_mode":false,"campfire_choices":[{"data":"RobotSpaceExplorer:MiniLasers","floor":6,"key":"SMITH"},{"data":"RobotSpaceExplorer:SurgingShield","floor":12,"key":"SMITH"},{"data":"RobotSpaceExplorer:FranticSearch","floor":15,"key":"SMITH"},{"data":"RobotSpaceExplorer:PowerCollector","floor":24,"key":"SMITH"},{"floor":32,"key":"REST"},{"data":"RobotSpaceExplorer:Accelerator","floor":40,"key":"SMITH"},{"data":"RobotSpaceExplorer:PowerCollector","floor":42,"key":"SMITH"},{"floor":45,"key":"RECALL"},{"data":"RobotSpaceExplorer:PowerGlove","floor":49,"key":"SMITH"},{"data":"RobotSpaceExplorer:ImprovisedAttack","floor":52,"key":"SMITH"}],"circlet_count":0,"master_deck":["RobotSpaceExplorer:Scan","RobotSpaceExplorer:MiniLasers+1","RobotSpaceExplorer:StunGrenade","RobotSpaceExplorer:SurgingShield+1","RobotSpaceExplorer:ScrapToss","RobotSpaceExplorer:FranticSearch+1","RobotSpaceExplorer:Comet","RobotSpaceExplorer:ShovelStrike","RobotSpaceExplorer:IronShell","RobotSpaceExplorer:Arsenal","RobotSpaceExplorer:PowerGlove+1","RobotSpaceExplorer:GlueShot","RobotSpaceExplorer:ImprovisedAttack+1","RobotSpaceExplorer:PowerCollector+1","RobotSpaceExplorer:ScrapMissile","RobotSpaceExplorer:MiniBoosters+1","RobotSpaceExplorer:MiniBoosters+1","RobotSpaceExplorer:MiniDrones","RobotSpaceExplorer:LuckyStrike","RobotSpaceExplorer:PowerCollector+1","RobotSpaceExplorer:DoubleFind+1","RobotSpaceExplorer:Accelerator+1","RobotSpaceExplorer:Ammunition+1","RobotSpaceExplorer:DualCore+1","RobotSpaceExplorer:LuckyStrike+1","Impatience","Dark Shackles","RobotSpaceExplorer:JunkDive+1","RobotSpaceExplorer:ExhaustFan+1","RobotSpaceExplorer:PowerCollector+1","RobotSpaceExplorer:LuckyStrike","RobotSpaceExplorer:DualCore","RobotSpaceExplorer:Probe+1"],"relics":["RobotSpaceExplorer:RoboCore","Golden Idol","Nunchaku","Ancient Tea Set","hubris:TenFootPole","Odd Mushroom","Pandora\u0027s Box","hubris:Towel","DollysMirror","PreservedInsect","ReplayTheSpireMod:Lightbulb","Onion Ring","Pet Ghost","Replay:Baseball","RobotSpaceExplorer:SearchSpecs","Bag of Preparation","ReplayFunnel","Frozen Eye","hubris:SlimyHat","Replay:Rubber Ducky"],"acts_visited":["Exordium","TheCity","TheBeyond","TheEnding"],"potions_floor_usage":[7,14,28,55],"damage_taken":[{"damage":0,"enemies":"2 Louse","floor":1,"turns":3},{"damage":0,"enemies":"Jaw Worm","floor":3,"turns":5},{"damage":0,"enemies":"Small Slimes","floor":5,"turns":4},{"damage":2,"enemies":"Replay:BlueRogue","floor":7,"turns":6},{"damage":5,"enemies":"Exordium Wildlife","floor":8,"turns":5},{"damage":1,"enemies":"Red Slaver","floor":10,"turns":3},{"damage":10,"enemies":"3 Sentries","floor":11,"turns":8},{"damage":0,"enemies":"3 Louse","floor":13,"turns":3},{"damage":5,"enemies":"The Mushroom Lair","floor":14,"turns":4},{"damage":54,"enemies":"The Guardian","floor":16,"turns":22},{"damage":14,"enemies":"Spheric Guardian","floor":18,"turns":4},{"damage":0,"enemies":"Chosen","floor":20,"turns":5},{"damage":0,"enemies":"Gremlin Leader","floor":23,"turns":4},{"damage":6,"enemies":"Snecko","floor":25,"turns":4},{"damage":11,"enemies":"Chosen and Byrds","floor":27,"turns":3},{"damage":4,"enemies":"Slavers","floor":28,"turns":3},{"damage":4,"enemies":"Book of Stabbing","floor":30,"turns":4},{"damage":0,"enemies":"Collector","floor":33,"turns":4},{"damage":8,"enemies":"Orb Walker","floor":35,"turns":3},{"damage":0,"enemies":"3 Darklings","floor":37,"turns":3},{"damage":9,"enemies":"Maw","floor":38,"turns":5},{"damage":0,"enemies":"Giant Head","floor":44,"turns":1},{"damage":0,"enemies":"R_Hoarder","floor":47,"turns":2},{"damage":7,"enemies":"Sphere and 2 Shapes","floor":48,"turns":3},{"damage":0,"enemies":"Donu and Deca","floor":50,"turns":4},{"damage":12,"enemies":"Shield and Spear","floor":54,"turns":2},{"damage":11,"enemies":"The Heart","floor":55,"turns":5}],"seed_played":"-6169791260749361014","potions_obtained":[{"floor":1,"key":"FairyPotion"},{"floor":3,"key":"BlessingOfTheForge"},{"floor":10,"key":"Flashbang"},{"floor":13,"key":"Venom Potion"},{"floor":14,"key":"FearPotion"},{"floor":20,"key":"BlessingOfTheForge"},{"floor":33,"key":"Block Potion"},{"floor":35,"key":"SkillPotion"},{"floor":54,"key":"Energy Potion"}],"is_trial":false,"path_per_floor":["M","?","M","?","M","R","E","M","T","M","E","R","M","?","R","B",null,"M","?","M","?","$","E","R","M","T","M","E","?","E","$","R","B",null,"M","?","M","M","?","R","T","R","T","E","R","$","E","M","R","B",null,"R","$","E","B",null],"character_chosen":"RobotSpaceExplorer","items_purchased":["DollysMirror","RobotSpaceExplorer:MiniDrones","RobotSpaceExplorer:LuckyStrike","Replay:Baseball","RobotSpaceExplorer:ExhaustFan+1","Frozen Eye","RobotSpaceExplorer:LuckyStrike","RobotSpaceExplorer:DualCore"],"campfire_rested":1,"item_purchase_floors":[22,22,22,31,46,46,53,53],"current_hp_per_floor":[82,76,76,65,65,65,63,58,58,57,47,47,47,42,42,16,76,62,62,62,62,62,62,62,56,56,45,41,41,37,37,59,59,76,68,68,68,59,54,54,54,54,54,54,54,54,54,47,47,47,76,76,76,64,53],"gold":64,"neow_bonus":"TEN_PERCENT_HP_BONUS","is_daily":false,"chose_seed":false,"campfire_upgraded":8,"win_rate":0.0,"timestamp":1613544067,"path_taken":["M","?","M","?","M","R","E","M","T","M","E","R","M","?","R","BOSS","M","?","M","?","$","E","R","M","T","M","E","?","E","$","R","BOSS","M","?","M","M","?","R","?","R","T","E","R","$","E","M","R","BOSS","R","$","E","BOSS"],"items_purchased_type":["Relic","Card","Card","Relic","Card","Relic","Card","Card"],"build_version":"2020-12-22","purchased_purges":3,"victory":true,"max_hp_per_floor":[82,76,76,76,76,76,76,76,76,76,76,76,76,76,76,76,76,76,76,76,76,76,76,76,76,76,76,76,76,76,76,76,76,76,76,76,76,76,76,76,76,76,76,76,76,76,76,76,76,76,76,76,76,76,76],"relic_stats":{"Nunchaku":[33],"counters":[27,122],"Golden Idol":218,"Pandora\u0027s Box":["RobotSpaceExplorer:ShovelStrike","RobotSpaceExplorer:IronShell","RobotSpaceExplorer:DoubleBlock","RobotSpaceExplorer:Arsenal","RobotSpaceExplorer:PowerGlove","RobotSpaceExplorer:GlueShot","RobotSpaceExplorer:ImprovisedAttack","RobotSpaceExplorer:PowerCollector"],"PreservedInsect":349,"Bag of Preparation":[12],"obtain_stats":[{"ReplayFunnel":44,"Golden Idol":2,"RobotSpaceExplorer:RoboCore":0,"PreservedInsect":23,"Bag of Preparation":41,"hubris:SlimyHat":47,"Odd Mushroom":14,"hubris:Towel":21,"Ancient Tea Set":9,"Pet Ghost":30,"Replay:Rubber Ducky":54,"Frozen Eye":46,"Nunchaku":7,"Replay:Baseball":31,"DollysMirror":22,"Pandora\u0027s Box":17,"Onion Ring":28,"hubris:TenFootPole":11,"RobotSpaceExplorer:SearchSpecs":34,"ReplayTheSpireMod:Lightbulb":26},{"ReplayFunnel":22,"Golden Idol":1,"RobotSpaceExplorer:RoboCore":0,"PreservedInsect":13,"Bag of Preparation":21,"hubris:SlimyHat":23,"Odd Mushroom":9,"hubris:Towel":12,"Ancient Tea Set":5,"Pet Ghost":17,"Replay:Rubber Ducky":26,"Frozen Eye":22,"Nunchaku":4,"Replay:Baseball":17,"DollysMirror":12,"Pandora\u0027s Box":10,"Onion Ring":16,"hubris:TenFootPole":7,"RobotSpaceExplorer:SearchSpecs":18,"ReplayTheSpireMod:Lightbulb":14},{"ReplayFunnel":106,"Golden Idol":3,"RobotSpaceExplorer:RoboCore":0,"PreservedInsect":76,"Bag of Preparation":105,"hubris:SlimyHat":108,"Odd Mushroom":41,"hubris:Towel":72,"Ancient Tea Set":23,"Pet Ghost":90,"Replay:Rubber Ducky":117,"Frozen Eye":106,"Nunchaku":18,"Replay:Baseball":90,"DollysMirror":72,"Pandora\u0027s Box":63,"Onion Ring":86,"hubris:TenFootPole":34,"RobotSpaceExplorer:SearchSpecs":94,"ReplayTheSpireMod:Lightbulb":80}]},"card_choices":[{"not_picked":["RobotSpaceExplorer:ImprovisedAttack","RobotSpaceExplorer:Discharger"],"picked":"RobotSpaceExplorer:StunGrenade","floor":1},{"not_picked":["RobotSpaceExplorer:SlimeMissile","RobotSpaceExplorer:Pulsar"],"picked":"RobotSpaceExplorer:SurgingShield","floor":3},{"not_picked":["RobotSpaceExplorer:PowerGlove","RobotSpaceExplorer:RigExplosive","RobotSpaceExplorer:Ammunition"],"picked":"SKIP","floor":5},{"not_picked":["RobotSpaceExplorer:MetalStrike","RobotSpaceExplorer:FreezingShield"],"picked":"RobotSpaceExplorer:ScrapToss","floor":7},{"not_picked":["RobotSpaceExplorer:Ammunition","RobotSpaceExplorer:SlimeMissile"],"picked":"RobotSpaceExplorer:ScrapToss","floor":8},{"not_picked":["RobotSpaceExplorer:DoubleFind","RobotSpaceExplorer:ShovelStrike"],"picked":"RobotSpaceExplorer:FrostMissile","floor":10},{"not_picked":["RobotSpaceExplorer:MakeshiftVolley","RobotSpaceExplorer:ScrapMissile","RobotSpaceExplorer:BlastShield"],"picked":"SKIP","floor":11},{"not_picked":["RobotSpaceExplorer:Calculate","RobotSpaceExplorer:ScrapToss"],"picked":"RobotSpaceExplorer:FranticSearch","floor":13},{"not_picked":["RobotSpaceExplorer:ShockMissile","RobotSpaceExplorer:Wormhole"],"picked":"RobotSpaceExplorer:Comet","floor":16},{"not_picked":["RobotSpaceExplorer:Electropulse","RobotSpaceExplorer:GearShield","RobotSpaceExplorer:DoubleBlock"],"picked":"SKIP","floor":18},{"not_picked":["RobotSpaceExplorer:MiniDrones+1","RobotSpaceExplorer:ShockKick"],"picked":"RobotSpaceExplorer:MiniBoosters+1","floor":20},{"not_picked":["RobotSpaceExplorer:Electroshield+1","RobotSpaceExplorer:Multitool"],"picked":"RobotSpaceExplorer:PowerCollector","floor":23},{"not_picked":["RobotSpaceExplorer:ImprovisedAttack","RobotSpaceExplorer:ShockKick","RobotSpaceExplorer:GlueShot"],"picked":"SKIP","floor":25},{"not_picked":["RobotSpaceExplorer:Pulsar","RobotSpaceExplorer:GlueShot"],"picked":"RobotSpaceExplorer:DoubleFind","floor":27},{"not_picked":["RobotSpaceExplorer:ImprovisedAttack+1","RobotSpaceExplorer:SurgingStrike"],"picked":"RobotSpaceExplorer:Discharger+1","floor":28},{"not_picked":["RobotSpaceExplorer:ShovelStrike+1","RobotSpaceExplorer:ToxicBomb","RobotSpaceExplorer:Fix"],"picked":"SKIP","floor":30},{"not_picked":["RobotSpaceExplorer:DroneSwarm","RobotSpaceExplorer:Arsenal"],"picked":"RobotSpaceExplorer:Accelerator","floor":33},{"not_picked":["RobotSpaceExplorer:Counterblock","RobotSpaceExplorer:ImprovisedAttack"],"picked":"RobotSpaceExplorer:Ammunition+1","floor":35},{"not_picked":["RobotSpaceExplorer:SlimeMissile","RobotSpaceExplorer:GearShield"],"picked":"RobotSpaceExplorer:DualCore+1","floor":37},{"not_picked":["RobotSpaceExplorer:SlimeMissile+1","RobotSpaceExplorer:Pulsar"],"picked":"RobotSpaceExplorer:LuckyStrike+1","floor":38},{"not_picked":["Deep Breath","Discovery"],"picked":"Impatience","floor":39},{"not_picked":["Replay:Bootleg Shield Generator","hubris:Ssssneak"],"picked":"Dark Shackles","floor":39},{"not_picked":["RobotSpaceExplorer:SlimeMissile","RobotSpaceExplorer:Pulsar"],"picked":"RobotSpaceExplorer:JunkDive+1","floor":44},{"not_picked":["RobotSpaceExplorer:FreezingShield","RobotSpaceExplorer:StunGrenade+1"],"picked":"RobotSpaceExplorer:PowerCollector+1","floor":47},{"not_picked":["RobotSpaceExplorer:SwiftStep","RobotSpaceExplorer:Fix+1","RobotSpaceExplorer:Ammunition+1"],"picked":"SKIP","floor":48},{"not_picked":["RobotSpaceExplorer:PlasmaMissile+1","RobotSpaceExplorer:GlueShot"],"picked":"RobotSpaceExplorer:Probe+1","floor":54}],"player_experience":68348,"relics_obtained":[{"floor":7,"key":"Nunchaku"},{"floor":9,"key":"Ancient Tea Set"},{"floor":11,"key":"hubris:TenFootPole"},{"floor":14,"key":"Odd Mushroom"},{"floor":23,"key":"PreservedInsect"},{"floor":26,"key":"ReplayTheSpireMod:Lightbulb"},{"floor":28,"key":"Onion Ring"},{"floor":30,"key":"Pet Ghost"},{"floor":41,"key":"Bag of Preparation"},{"floor":44,"key":"ReplayFunnel"},{"floor":47,"key":"hubris:SlimyHat"},{"floor":54,"key":"Replay:Rubber Ducky"}],"event_choices":[{"damage_healed":0,"gold_gain":0,"player_choice":"Lose Max HP","damage_taken":0,"relics_obtained":["Golden Idol"],"max_hp_gain":0,"max_hp_loss":6,"event_name":"Golden Idol","floor":2,"gold_loss":0},{"damage_healed":0,"gold_gain":75,"player_choice":"Gather Gold","damage_taken":11,"max_hp_gain":0,"max_hp_loss":0,"event_name":"World of Goop","floor":4,"gold_loss":0},{"damage_healed":0,"gold_gain":0,"player_choice":"Fought Mushrooms","damage_taken":0,"max_hp_gain":0,"max_hp_loss":0,"event_name":"Mushrooms","floor":14,"gold_loss":0},{"damage_healed":0,"gold_gain":0,"player_choice":"Read","damage_taken":0,"max_hp_gain":0,"max_hp_loss":0,"event_name":"The Library","floor":19,"gold_loss":0,"cards_obtained":["RobotSpaceExplorer:ScrapMissile"]},{"cards_removed":["RobotSpaceExplorer:ScrapToss"],"damage_healed":0,"gold_gain":0,"player_choice":"Removed Attack","damage_taken":0,"max_hp_gain":0,"max_hp_loss":0,"event_name":"Falling","floor":36,"gold_loss":0},{"damage_healed":0,"gold_gain":0,"player_choice":"Memory 3","damage_taken":10,"max_hp_gain":0,"max_hp_loss":0,"event_name":"SensoryStone","floor":39,"gold_loss":0}],"is_beta":false,"boss_relics":[{"not_picked":["Kintsugi","RobotSpaceExplorer:Reprocessor"],"picked":"Pandora\u0027s Box"},{"not_picked":["hubris:VirtuousBlindfold","Replay:Wanted Poster"],"picked":"RobotSpaceExplorer:SearchSpecs"}],"items_purged_floors":[22,31,46],"is_endless":false,"potions_floor_spawned":[1,3,10,13,14,20,23,25,33,35,37,47,54],"ascension_level":0}}