{"host":"m9osufisr3agwk96","time":1613531818,"event":{"mods":["AchievementEnabler","Aspiration","BaseMod","Colored Map","Colored Powertips","Downfall","Duelist Mod","Friendly Minions","GifTheSpireLib","Gremlin Mod","Hermit","Hero for Fun","Highlight Path","Hubris","Minty Spire (QoL Compilation)","Rare Cards Sparkle","Reliquary","Replay The Spire","Shop Mod","StSLib"],"gold_per_floor":[118,118,138,138,138,138,138,149,149,162,175,175,193,193,193,289,289,301,312,13,28,38,38,38,58,58,58,58],"floor_reached":27,"language":"ENG","playtime":1329,"items_purged":["Languid"],"score":207,"play_id":"5640037b-4244-4c92-8cf6-fb5ceadf3269","local_time":"20210216191658","is_ascension_mode":false,"campfire_choices":[{"floor":6,"key":"REST"},{"floor":12,"key":"REST"},{"floor":15,"key":"REST"},{"floor":23,"key":"REST"}],"circlet_count":0,"master_deck":["Strike_B","Strike_B","Strike_B","Defend_B","Defend_B","Defend_B","Defend_B","Zap","Dualcast","FIFO Queue","Skim","Barrage+1","Beam Cell","Ball Lightning","Double Energy","Thunder Strike","White Noise","Sweeping Beam","FIFO Queue","Leap","Barrage+1","Leap","Steam","Genetic Algorithm","Melter","Beam Cell"],"relics":["Cracked Core","Ring of Hypnosis","ReplayTheSpireMod:Ring of Exchange","reliquary:Stiletto","hubris:SlimyHat","Prayer Wheel","aspiration:PoetsPen_weak","hubris:EmptyBottle","Cables"],"acts_visited":["Exordium","TheCity"],"potions_floor_usage":[10,16,16,21,21,21,21,21,27,27],"damage_taken":[{"damage":0,"enemies":"Cultist","floor":1,"turns":3},{"damage":3,"enemies":"Jaw Worm","floor":3,"turns":6},{"damage":0,"enemies":"Small Slimes","floor":8,"turns":3},{"damage":31,"enemies":"Exordium Thugs","floor":10,"turns":5},{"damage":10,"enemies":"3 Louse","floor":11,"turns":5},{"damage":8,"enemies":"Blue Slaver","floor":13,"turns":4},{"damage":26,"enemies":"The Guardian","floor":16,"turns":16},{"damage":18,"enemies":"2 Thieves","floor":18,"turns":4},{"damage":5,"enemies":"3 Byrds","floor":19,"turns":3},{"damage":14,"enemies":"3 Cultists","floor":21,"turns":5},{"damage":7,"enemies":"Centurion and Healer","floor":22,"turns":6},{"damage":36,"enemies":"Sentry and Sphere","floor":25,"turns":4},{"damage":28,"enemies":"Snake Plant","floor":27,"turns":3}],"seed_played":"-2147944920036213369","potions_obtained":[{"floor":1,"key":"Venom Potion"},{"floor":11,"key":"BlessingOfTheForge"},{"floor":13,"key":"PowerPotion"},{"floor":16,"key":"FocusPotion"},{"floor":22,"key":"FearPotion"}],"is_trial":false,"path_per_floor":["M","?","M","?","$","R","?","M","T","M","M","R","M","?","R","B",null,"M","M","$","M","M","R","?","M","T","M"],"character_chosen":"DEFECT","items_purchased":["reliquary:Stiletto","hubris:EmptyBottle","Leap","SkillPotion","Adrenaline Potion"],"campfire_rested":4,"item_purchase_floors":[5,20,20,20,20],"current_hp_per_floor":[82,82,79,79,64,82,82,82,82,51,41,65,57,57,81,55,82,64,59,59,45,38,62,62,26,26,0,0],"gold":58,"neow_bonus":"TEN_PERCENT_HP_BONUS","is_daily":false,"chose_seed":false,"campfire_upgraded":0,"win_rate":0.0,"timestamp":1613531818,"path_taken":["M","?","M","?","?","R","?","?","T","M","M","R","M","?","R","BOSS","M","M","$","M","M","R","?","M","T","M"],"items_purchased_type":["Relic","Relic","Card","Potion","Potion"],"build_version":"2020-12-22","purchased_purges":1,"victory":false,"max_hp_per_floor":[82,82,82,82,82,82,82,82,82,82,82,82,82,82,82,82,82,82,82,82,82,82,82,82,82,82,82,82],"card_choices":[{"not_picked":["Storm","Streamline"],"picked":"FIFO Queue","floor":1},{"not_picked":["Panic Button","Hologram"],"picked":"Skim","floor":3},{"not_picked":["ReplayTheSpireMod:Calculation Training","Rebound"],"picked":"Beam Cell","floor":8},{"not_picked":["Heatsinks","Barrage"],"picked":"ReplayTheSpireMod:Fabricate Wheel","floor":10},{"not_picked":["Cold Snap","Glacier"],"picked":"Ball Lightning","floor":11},{"not_picked":["Tempest","Gash"],"picked":"Double Energy","floor":13},{"not_picked":["Echo Form","Biased Cognition"],"picked":"Thunder Strike","floor":16},{"not_picked":["Conserve Battery+1","Redo"],"picked":"White Noise","floor":18},{"not_picked":["Force Field","Panic Button+1","ReplayGash"],"picked":"SKIP","floor":18},{"not_picked":["Glacier+1","Coolheaded"],"picked":"Sweeping Beam","floor":19},{"not_picked":["Ball Lightning","Cold Snap+1"],"picked":"FIFO Queue","floor":19},{"not_picked":["Conserve Battery","Coolheaded"],"picked":"Barrage+1","floor":21},{"not_picked":["Hello World+1","Redo"],"picked":"Leap","floor":21},{"not_picked":["Time Bomb","ReplayTheSpireMod:System Scan"],"picked":"Steam","floor":22},{"not_picked":["Hologram","Undo"],"picked":"Genetic Algorithm","floor":22},{"not_picked":["Cold Snap","Redo"],"picked":"Melter","floor":25},{"not_picked":["Reprogram","Reboot"],"picked":"Beam Cell","floor":25}],"player_experience":495113,"relics_obtained":[{"floor":2,"key":"Ring of Hypnosis"},{"floor":2,"key":"ReplayTheSpireMod:Ring of Exchange"},{"floor":9,"key":"hubris:SlimyHat"},{"floor":26,"key":"Cables"}],"event_choices":[{"damage_healed":0,"gold_gain":0,"player_choice":"Leave","damage_taken":0,"max_hp_gain":0,"max_hp_loss":0,"event_name":"FaceTrader","floor":7,"gold_loss":0}],"is_beta":false,"boss_relics":[{"not_picked":["hubris:CrackedHourglass","aspiration:RunicSpoon"],"picked":"aspiration:PoetsPen_weak"}],"items_purged_floors":[5],"is_endless":false,"potions_floor_spawned":[1,11,13,16,22],"killed_by":"Snake Plant","ascension_level":0}}