{"host":"yqztwemefsbhfep8","time":1613601138,"event":{"mods":["BaseMod","Downfall","Minty Spire (QoL Compilation)","StSLib"],"gold_per_floor":[99,99,99,163,177,11,87,537,537,537,553,565,565,583,601,696,696,696,711,711,121,141,141,141,152,52,37,57,57,57,42,60,60,60,60],"floor_reached":33,"language":"ENG","playtime":1811,"items_purged":["downfall:Icky"],"score":247,"play_id":"e15abcba-e6d4-4b35-b8b2-6f4f31c1e3d2","local_time":"20210217143218","is_ascension_mode":true,"campfire_choices":[{"data":"hexamod:Float","floor":1,"key":"SMITH"},{"data":"hexamod:TimeOfNeed","floor":18,"key":"SMITH"},{"floor":26,"key":"REST"}],"circlet_count":0,"master_deck":["hexamod:Defend","hexamod:Defend","hexamod:Defend","hexamod:Defend","hexamod:Sear","hexamod:Float+1","hexamod:CatchUp","hexamod:SpectersWail","hexamod:EmpoweredFlame","hexamod:Hexaguard","hexamod:FastForward+1","hexamod:TimeWarp","downfall:Icky","downfall:Icky","hexamod:RadiantFlame","hexamod:FirstSeal","hexamod:FirstSeal","hexamod:TimeOfNeed+1","hexamod:PowerFromBeyond","hexamod:UnleashSpirits","hexamod:HauntingEcho","expansioncontent:StudyTheSpire","hexamod:FlamesFromBeyond","hexamod:FlamesFromBeyond","hexamod:CouncilsJustice","hexamod:CouncilsJustice","hexamod:CouncilsJustice","hexamod:GhostShield+1","hexamod:FastForward"],"relics":["hexamod:UnbrokenSoul","downfall:HeartsMalice","Pear","Letter Opener","Dream Catcher","Shovel","Nunchaku","downfall:HeartBlessingBlue"],"acts_visited":["Exordium","TheCity"],"potions_floor_usage":[14,14,16,16,21,22,25,25,25,25,27,32],"damage_taken":[{"damage":0,"enemies":"Jaw Worm","floor":2,"turns":1},{"damage":0,"enemies":"Small Slimes","floor":3,"turns":1},{"damage":0,"enemies":"3 Sentries","floor":4,"turns":1},{"damage":7,"enemies":"2 Louse","floor":5,"turns":2},{"damage":0,"enemies":"downfall:FleeingMerchant","floor":6,"turns":4},{"damage":0,"enemies":"downfall:LooterAlt","floor":11,"turns":3},{"damage":15,"enemies":"Exordium Thugs","floor":12,"turns":3},{"damage":34,"enemies":"Gremlin Gang","floor":14,"turns":5},{"damage":5,"enemies":"downfall:LooterAlt","floor":15,"turns":3},{"damage":17,"enemies":"IC_STATUS_ARCHETYPE","floor":16,"turns":7},{"damage":44,"enemies":"Chosen","floor":19,"turns":8},{"damage":3,"enemies":"downfall:FleeingMerchant","floor":21,"turns":4},{"damage":44,"enemies":"Shell Parasite","floor":22,"turns":7},{"damage":17,"enemies":"Centurion and Healer","floor":25,"turns":6},{"damage":15,"enemies":"downfall:FleeingMerchant","floor":27,"turns":4},{"damage":48,"enemies":"Sentry and Sphere","floor":28,"turns":6},{"damage":13,"enemies":"downfall:FleeingMerchant","floor":31,"turns":4},{"damage":6,"enemies":"Snake Plant","floor":32,"turns":3},{"damage":28,"enemies":"DF_ARCHETYPE_CLAW","floor":33,"turns":3}],"seed_played":"-1932633447094326497","potions_obtained":[{"floor":4,"key":"LiquidBronze"},{"floor":5,"key":"EssenceOfSteel"},{"floor":11,"key":"hexamod:InfernoChargePotion"},{"floor":15,"key":"SkillPotion"},{"floor":16,"key":"hexamod:DoubleChargePotion"},{"floor":19,"key":"Weak Potion"},{"floor":22,"key":"EntropicBrew"},{"floor":25,"key":"PowerPotion"},{"floor":28,"key":"Fire Potion"},{"floor":32,"key":"champ:CounterPotion"}],"is_trial":false,"path_per_floor":["R","M","M","?","M","$","T","?","?","T","M","M","?","M","M","B",null,"R","M","?","$","M","?","T","M","R","$","M","?","?","$","M","B"],"character_chosen":"THE_SPIRIT","items_purchased":["hexamod:TimeWarp","expansioncontent:StudyTheSpire","Shovel"],"campfire_rested":1,"item_purchase_floors":[6,21,21],"current_hp_per_floor":[70,70,70,80,73,73,73,73,73,73,73,58,51,31,40,37,80,80,50,50,61,31,31,31,28,65,57,23,23,23,17,25,0,0,0],"gold":60,"neow_bonus":"THREE_ENEMY_KILL","is_daily":false,"chose_seed":false,"campfire_upgraded":2,"win_rate":0.0,"timestamp":1613601138,"path_taken":["R","M","M","?","M","$","T","?","?","?","?","?","?","M","M","BOSS","R","M","?","$","?","?","T","M","R","$","M","?","?","$","M","BOSS"],"items_purchased_type":["Card","Card","Relic"],"build_version":"2020-12-22","purchased_purges":1,"victory":false,"max_hp_per_floor":[70,70,70,80,80,80,80,80,80,80,80,80,80,80,80,80,80,80,80,80,80,80,80,80,80,90,90,90,45,45,45,45,45,45,45],"card_choices":[{"not_picked":["hexamod:GhostLash","hexamod:Again"],"picked":"hexamod:CatchUp","floor":2},{"not_picked":["hexamod:HeatMetal","hexamod:BurningTouch"],"picked":"hexamod:SpectersWail","floor":3},{"not_picked":["hexamod:Again","hexamod:StepThrough"],"picked":"hexamod:EmpoweredFlame","floor":4},{"not_picked":["hexamod:InspiringFlames","hexamod:NightmareGuise"],"picked":"hexamod:Hexaguard","floor":5},{"not_picked":["hexamod:NecessarySacrifice","hexamod:PowerFromBeyond"],"picked":"hexamod:FastForward","floor":6},{"not_picked":["hexamod:ShieldOfDarkness","hexamod:InspiringFlames"],"picked":"hexamod:RadiantFlame","floor":11},{"not_picked":["hexamod:NightmareStrike","hexamod:NecessarySacrifice"],"picked":"hexamod:FirstSeal","floor":12},{"not_picked":["hexamod:SkipABeat","hexamod:NightmareStrike"],"picked":"hexamod:TimeOfNeed","floor":14},{"not_picked":["hexamod:SwordOfDarkness","hexamod:RadiantFlame"],"picked":"hexamod:PowerFromBeyond","floor":15},{"not_picked":["hexamod:SixthSeal","hexamod:TimeOfNeed"],"picked":"hexamod:UnleashSpirits","floor":16},{"not_picked":["hexamod:SpectersWail","hexamod:Firestarter"],"picked":"hexamod:HauntingEcho","floor":19},{"not_picked":["hexamod:ShieldOfDarkness","hexamod:HeatMetal","hexamod:InspiringFlames"],"picked":"SKIP","floor":21},{"not_picked":["hexamod:Again","hexamod:NightmareStrike"],"picked":"hexamod:FlamesFromBeyond","floor":22},{"not_picked":["hexamod:NightmareStrike","hexamod:RetreatToShadows","hexamod:HexaLevel"],"picked":"SKIP","floor":25},{"not_picked":["hexamod:Firestarter","hexamod:Rewind","hexamod:Incineration"],"picked":"SKIP","floor":27},{"not_picked":["hexamod:BurningTouch","hexamod:BacktrackSmack"],"picked":"hexamod:FlamesFromBeyond","floor":28},{"not_picked":["hexamod:SearingWound","hexamod:RainOfEmbers"],"picked":"hexamod:GhostShield+1","floor":31},{"not_picked":["hexamod:SwordOfDarkness","hexamod:SkipABeat"],"picked":"hexamod:FastForward","floor":32}],"player_experience":327230,"relics_obtained":[{"floor":4,"key":"Pear"},{"floor":7,"key":"Letter Opener"},{"floor":10,"key":"Dream Catcher"}],"event_choices":[{"damage_healed":0,"gold_gain":0,"player_choice":"Forge","damage_taken":0,"max_hp_gain":0,"max_hp_loss":0,"event_name":"Accursed Blacksmith","floor":20,"gold_loss":0,"cards_upgraded":["hexamod:FastForward"]},{"damage_healed":0,"gold_gain":0,"player_choice":"Ignored","damage_taken":0,"max_hp_gain":0,"max_hp_loss":0,"event_name":"Vampires","floor":30,"gold_loss":0}],"is_beta":false,"boss_relics":[{"not_picked":["Runic Pyramid","Fusion Hammer"],"picked":"hexamod:UnbrokenSoul"}],"items_purged_floors":[21],"is_endless":false,"potions_floor_spawned":[4,5,11,12,15,16,19,22,25,28,32],"killed_by":"DF_ARCHETYPE_CLAW","ascension_level":1}}