{"host":"kaame4qwxxqnygv7","time":1613546170,"event":{"mods":["AchievementEnabler","BaseMod","Better Match","Better Skull","Better Third Choice","BetterRewards","Block Reminder","Bossed Relics","DeckTracker","Energized Spire","GungeonMod","Minty Spire (QoL Compilation)","Quick Restart","Red Circlet Mod","StSLib","SuperFastMode","The Blue Laboratory"],"gold_per_floor":[119,119,119,135,148,148,148,161,161,178,196,196,221,238,238,314,314,333,347,385,658,675,675,699,732,732,732,744,763,795,814,832,832,832,908,908,939,843,97,157,207,235,262,262,262,262,78,78,112,140,140,140,140,140,32,71,76],"floor_reached":58,"language":"KOR","playtime":2680,"items_purged":["DemoMod:Defend_Huntress","DemoMod:Strike_Huntress","DemoMod:Strike_Huntress","DemoMod:Defend_Huntress"],"score":1796,"play_id":"0c75c2f6-9c28-4d1c-b046-089057bc0124","local_time":"20210217161610","is_ascension_mode":true,"campfire_choices":[{"floor":6.0,"key":"REST"},{"floor":15.0,"key":"REST"},{"floor":23.0,"key":"RECALL"},{"data":"DemoMod:RustySidearm","floor":27.0,"key":"SMITH"},{"floor":33.0,"key":"REST"},{"floor":44.0,"key":"REST"},{"data":"DemoMod:TableSutra","floor":48.0,"key":"SMITH"},{"data":"DemoMod:PotionOfGunFriendShip","floor":51.0,"key":"SMITH"},{"data":"DemoMod:BattleInHaste","floor":54.0,"key":"SMITH"}],"circlet_count":0,"master_deck":["AscendersBane","DemoMod:Defend_Huntress","DemoMod:Roll","DemoMod:ManualReload+1","DemoMod:RustySidearm+1","DemoMod:Evolver","DemoMod:CursedBullets+1","DemoMod:FightSabre","DemoMod:LifeOrb","DemoMod:FinishedGun","DemoMod:HardPowerCard","DemoMod:TableSutra+1","DemoMod:CursedBullets","DemoMod:BattleInHaste+1","Parasite","DemoMod:PotionOfGunFriendShip+1"],"relics":["DemoMod:Dog","Membership Card","DemoMod:HipHolster","DemoMod:Metronome","Pen Nib","Busted Crown","Bronze Scales","The Courier","energizedSpire:OgreHead","Blood Vial","StrikeDummy","DemoMod:RatBoots","DemoMod:ResourcefulSack","DemoMod:PartiallyEatenCheese","Black Star","Darkstone Periapt","Regal Pillow","DemoMod:JetPack","MealTicket","Potion Belt","DemoMod:OrangeGuonStone","Mercury Hourglass","Thread and Needle","HornCleat","Centennial Puzzle","Molten Egg 2","Kunai","Eternal Feather","DemoMod:MemoryAlloy","DemoMod:Bottle","Nunchaku"],"acts_visited":["Exordium","TheCity","DemoMod:Maze","TheBeyond","TheEnding"],"potions_floor_usage":[57,57,57],"damage_taken":[{"damage":2.0,"enemies":"2 Louse","floor":1.0,"turns":2.0},{"damage":0.0,"enemies":"Small Slimes","floor":4.0,"turns":2.0},{"damage":0.0,"enemies":"Cultist","floor":5.0,"turns":3.0},{"damage":0.0,"enemies":"Large Slime","floor":8.0,"turns":3.0},{"damage":0.0,"enemies":"Looter","floor":10.0,"turns":2.0},{"damage":11.0,"enemies":"Exordium Thugs","floor":11.0,"turns":3.0},{"damage":13.0,"enemies":"3 Sentries","floor":13.0,"turns":4.0},{"damage":9.0,"enemies":"3 Louse","floor":14.0,"turns":2.0},{"damage":0.0,"enemies":"The Guardian","floor":16.0,"turns":5.0},{"damage":0.0,"enemies":"Chosen","floor":18.0,"turns":3.0},{"damage":21.0,"enemies":"Shell Parasite","floor":19.0,"turns":2.0},{"damage":0.0,"enemies":"Snecko","floor":20.0,"turns":4.0},{"damage":0.0,"enemies":"Snecko","floor":22.0,"turns":2.0},{"damage":0.0,"enemies":"Shelled Parasite and Fungi","floor":24.0,"turns":3.0},{"damage":0.0,"enemies":"3 Cultists","floor":25.0,"turns":3.0},{"damage":0.0,"enemies":"DemoMod:Veteran_shot_gun_kin_and_bullet_kin","floor":28.0,"turns":2.0},{"damage":9.0,"enemies":"DemoMod:2_Veteran_bullet_kins_and_red_shotgun_kin","floor":29.0,"turns":2.0},{"damage":8.0,"enemies":"DemoMod:2_Mousers","floor":30.0,"turns":3.0},{"damage":15.0,"enemies":"DemoMod:Veteran_shot_gun_kin_and_blue_shotgun_kin_with_gunsinger","floor":31.0,"turns":3.0},{"damage":23.0,"enemies":"DemoMod:Red_and_blue_shotgun_kin_with_gunsinger","floor":32.0,"turns":2.0},{"damage":31.0,"enemies":"DemoMod:ResourcefulRat","floor":35.0,"turns":7.0},{"damage":8.0,"enemies":"Orb Walker","floor":37.0,"turns":2.0},{"damage":11.0,"enemies":"2 Orb Walkers","floor":40.0,"turns":2.0},{"damage":0.0,"enemies":"Nemesis","floor":42.0,"turns":3.0},{"damage":0.0,"enemies":"3 Darklings","floor":43.0,"turns":2.0},{"damage":2.0,"enemies":"Writhing Mass","floor":49.0,"turns":2.0},{"damage":0.0,"enemies":"Writhing Mass","floor":50.0,"turns":3.0},{"damage":23.0,"enemies":"Awakened One","floor":52.0,"turns":6.0},{"damage":0,"enemies":"Shield and Spear","floor":56,"turns":2},{"damage":11,"enemies":"The Heart","floor":57,"turns":6}],"seed_played":"-4825167081376744994","potions_obtained":[{"floor":1.0,"key":"Explosive Potion"},{"floor":10.0,"key":"Regen Potion"},{"floor":13.0,"key":"Energy Potion"},{"floor":13.0,"key":"blueLaboratory:LouseDecoction"},{"floor":16.0,"key":"Strength Potion"},{"floor":19.0,"key":"DemoMod:BlankPotion"},{"floor":28.0,"key":"Weak Potion"},{"floor":32.0,"key":"SpeedPotion"},{"floor":37.0,"key":"blueLaboratory:BubblePotion"},{"floor":50.0,"key":"blueLaboratory:LouseDecoction"},{"floor":56,"key":"blueLaboratory:BottleOfVodka"}],"is_trial":false,"path_per_floor":["M","?","?","M","M","R","?","M","T","M","M","?","E","M","R","B",null,"M","M","?","?","M","R","M","?","T","R","M","M","M","M","M","R","B","B",null,"M","$","$","?","?","E","M","R","T","?","$","R","?","M","R","B",null,"R","$","E","B",null],"character_chosen":"HUNTRESS","items_purchased":["Membership Card","DemoMod:Metronome","Pen Nib","DemoMod:GnawedKey","DemoMod:LeadSkinPotion","SmokeBomb","Darkstone Periapt","Regal Pillow","DemoMod:JetPack","MealTicket","Potion Belt","DemoMod:OrangeGuonStone","DemoMod:HardPowerCard","Mercury Hourglass","blueLaboratory:CorrosionFlask","blueLaboratory:HummingbirdPotion","Kunai","DemoMod:MemoryAlloy"],"campfire_rested":4,"item_purchase_floors":[0,0,0,0,0,38,39,39,39,39,39,39,39,39,39,39,47,55],"current_hp_per_floor":[37,30,30,30,30,48,48,48,48,48,46,46,33,24,42,42,58,58,37,37,37,37,37,39,41,58,58,60,53,47,34,13,31,30,1,48,42,42,42,33,33,35,37,63,63,63,63,63,61,69,69,46,63,69,69,69,58],"gold":76,"neow_bonus":"","is_daily":false,"chose_seed":false,"campfire_upgraded":4,"win_rate":0.0,"timestamp":1613546170,"path_taken":["M","?","?","?","M","R","?","M","T","M","M","?","E","?","R","BOSS","M","M","?","?","M","R","M","?","T","R","M","M","M","M","M","R","BOSS","BOSS","M","?","$","?","?","E","?","R","T","?","?","R","?","M","R","BOSS","R","$","E","BOSS"],"items_purchased_type":["Relic","Relic","Relic","Relic","Undefined","Potion","Relic","Relic","Relic","Relic","Relic","Relic","Card","Relic","Potion","Potion","Relic","Relic"],"build_version":"2020-12-22","purchased_purges":4,"victory":true,"max_hp_per_floor":[63,63,63,63,63,63,63,63,63,63,63,63,63,63,63,63,63,63,63,63,63,63,63,63,63,63,63,63,63,63,63,63,63,63,63,63,63,63,63,63,63,63,63,63,63,63,63,63,63,69,69,69,69,69,69,69,69],"card_choices":[{"not_picked":["DemoMod:Casey"],"picked":"SKIP","floor":1.0},{"not_picked":[],"picked":"DemoMod:Evolver","floor":4.0},{"not_picked":["DemoMod:FortunesFavor"],"picked":"SKIP","floor":5.0},{"not_picked":["DemoMod:AC15"],"picked":"SKIP","floor":8.0},{"not_picked":[],"picked":"DemoMod:CursedBullets","floor":10.0},{"not_picked":["DemoMod:Ejector"],"picked":"SKIP","floor":11.0},{"not_picked":["DemoMod:Camera"],"picked":"SKIP","floor":13.0},{"not_picked":["DemoMod:EasyReloadBullets"],"picked":"SKIP","floor":14.0},{"not_picked":[],"picked":"DemoMod:FightSabre","floor":16.0},{"not_picked":["DemoMod:StrategicReserve"],"picked":"SKIP","floor":18.0},{"not_picked":["DemoMod:TeaPot"],"picked":"SKIP","floor":19.0},{"not_picked":["DemoMod:StickyCrossBow"],"picked":"SKIP","floor":20.0},{"not_picked":["DemoMod:Unity"],"picked":"SKIP","floor":22.0},{"not_picked":["DemoMod:DirectionalPad"],"picked":"SKIP","floor":24.0},{"not_picked":["DemoMod:MachoBrace"],"picked":"SKIP","floor":25.0},{"not_picked":["DemoMod:SAA"],"picked":"SKIP","floor":28.0},{"not_picked":["DemoMod:Unity+1"],"picked":"SKIP","floor":29.0},{"not_picked":["DemoMod:GunstockTap"],"picked":"SKIP","floor":30.0},{"not_picked":["DemoMod:Unmoved"],"picked":"SKIP","floor":30.0},{"not_picked":[],"picked":"DemoMod:LifeOrb","floor":31.0},{"not_picked":["DemoMod:MachoBrace+1"],"picked":"SKIP","floor":32.0},{"not_picked":[],"picked":"DemoMod:FinishedGun","floor":35.0},{"not_picked":["DemoMod:HighKaliber"],"picked":"SKIP","floor":37.0},{"not_picked":[],"picked":"DemoMod:TableSutra","floor":40.0},{"not_picked":["DemoMod:DirectionalPad"],"picked":"SKIP","floor":42.0},{"not_picked":[],"picked":"DemoMod:CursedBullets","floor":43.0},{"not_picked":[],"picked":"DemoMod:BattleInHaste","floor":49.0},{"not_picked":[],"picked":"DemoMod:PotionOfGunFriendShip","floor":50.0},{"not_picked":["DemoMod:DoubleSwitch"],"picked":"SKIP","floor":56}],"player_experience":301677,"relics_obtained":[{"floor":9.0,"key":"Bronze Scales"},{"floor":13.0,"key":"The Courier"},{"floor":22.0,"key":"Blood Vial"},{"floor":25.0,"key":"StrikeDummy"},{"floor":36.0,"key":"DemoMod:RatBoots"},{"floor":36.0,"key":"DemoMod:ResourcefulSack"},{"floor":36.0,"key":"DemoMod:PartiallyEatenCheese"},{"floor":36.0,"key":"Black Star"},{"floor":40.0,"key":"Thread and Needle"},{"floor":42.0,"key":"HornCleat"},{"floor":42.0,"key":"Centennial Puzzle"},{"floor":45.0,"key":"Molten Egg 2"},{"floor":49.0,"key":"Eternal Feather"},{"floor":56,"key":"DemoMod:Bottle"},{"floor":56,"key":"Nunchaku"}],"event_choices":[{"cards_removed":["DemoMod:Strike_Huntress"],"damage_healed":0.0,"max_hp_gain":0.0,"max_hp_loss":0.0,"gold_gain":0.0,"event_name":"Golden Wing","player_choice":"Card Removal","floor":2.0,"gold_loss":0.0,"damage_taken":7.0},{"cards_removed":["DemoMod:Defend_Huntress"],"damage_healed":0.0,"max_hp_gain":0.0,"max_hp_loss":0.0,"gold_gain":0.0,"event_name":"Bonfire Elementals","player_choice":"Offered Basic","floor":3.0,"gold_loss":0.0,"damage_taken":0.0},{"damage_healed":0.0,"max_hp_gain":0.0,"max_hp_loss":0.0,"gold_gain":0.0,"event_name":"Living Wall","player_choice":"Grow","floor":7.0,"gold_loss":0.0,"damage_taken":0.0,"cards_upgraded":["DemoMod:ManualReload"]},{"damage_healed":0.0,"max_hp_gain":0.0,"max_hp_loss":0.0,"gold_gain":0.0,"event_name":"Upgrade Shrine","player_choice":"Upgraded","floor":12.0,"gold_loss":0.0,"damage_taken":0.0,"cards_upgraded":["DemoMod:CursedBullets"]},{"damage_healed":0.0,"max_hp_gain":0.0,"max_hp_loss":0.0,"gold_gain":0.0,"event_name":"Mysterious Sphere","player_choice":"Fight","floor":40.0,"gold_loss":0.0,"damage_taken":0.0},{"damage_healed":0.0,"max_hp_gain":0.0,"max_hp_loss":0.0,"gold_gain":50.0,"event_name":"Golden Shrine","player_choice":"Pray","floor":41.0,"gold_loss":0.0,"damage_taken":0.0}],"is_beta":false,"boss_relics":[{"not_picked":["Snecko Eye","energizedSpire:NeverEndingSparkler"],"picked":"energizedSpire:OgreHead"},{"not_picked":[]}],"items_purged_floors":[0,38,39,47],"is_endless":false,"potions_floor_spawned":[1,4,10,13,13,16,18,19,22,28,30,32,37,42,43,50,56],"ascension_level":17}}