{"host":"ty2cix8xj6r3ad26","time":1613574334,"event":{"mods":["AchievementEnabler","BaseMod","BetterRewards","Minty Spire (QoL Compilation)","Quick Restart","StSLib","SuperFastMode"],"gold_per_floor":[117,117,134,151,151,151,161,189,189,217,228,260,260,260,260,338,338,351,367,386,386,123,149,166,166,166,176,210,239,254,2,2,76,76,89,89,89,99,109,109,141,16,16,44,63,96,96,111,111,111],"floor_reached":51,"language":"ENG","playtime":3170,"items_purged":["Strike_R","Flex","Decay"],"score":1595,"play_id":"ce2f82aa-55d4-4178-abcc-5df109bab5ce","local_time":"20210217170534","is_ascension_mode":true,"campfire_choices":[{"data":"Mayhem","floor":6,"key":"SMITH"},{"data":"Immolate","floor":13,"key":"SMITH"},{"data":"Shockwave","floor":15,"key":"SMITH"},{"data":"Corruption","floor":25,"key":"SMITH"},{"data":"Heavy Blade","floor":32,"key":"SMITH"},{"data":"Heavy Blade","floor":40,"key":"SMITH"},{"data":"Clothesline","floor":47,"key":"SMITH"},{"data":"Feel No Pain","floor":49,"key":"SMITH"}],"circlet_count":0,"master_deck":["AscendersBane","Bash+1","Shockwave+1","Mayhem+1","Iron Wave","Inflame","Heavy Blade+1","Immolate+1","Shrug It Off","Reaper","Rupture","Combust","Flex","Corruption+1","Intimidate","Clothesline+1","Flame Barrier+1","Feel No Pain+1","Entrench","Pommel Strike+1","Heavy Blade+1","Offering","Dark Embrace+1"],"relics":["Burning Blood","Anchor","Oddly Smooth Stone","Happy Flower","Pen Nib","PreservedInsect","Self Forming Clay","Ancient Tea Set","Pandora\u0027s Box","Centennial Puzzle","Mercury Hourglass","Strawberry","Red Mask","Brimstone","Snecko Eye","Red Skull","Sundial","Charon\u0027s Ashes","Nunchaku"],"acts_visited":["Exordium","TheCity","TheBeyond"],"potions_floor_usage":[8,16,16,20,23,29,29,33,38,44,50,50],"damage_taken":[{"damage":0,"enemies":"2 Louse","floor":1,"turns":3},{"damage":0,"enemies":"Small Slimes","floor":3,"turns":4},{"damage":1,"enemies":"Cultist","floor":4,"turns":4},{"damage":0,"enemies":"2 Fungi Beasts","floor":7,"turns":3},{"damage":12,"enemies":"Lagavulin","floor":8,"turns":5},{"damage":8,"enemies":"3 Sentries","floor":10,"turns":6},{"damage":1,"enemies":"Lots of Slimes","floor":11,"turns":2},{"damage":13,"enemies":"Gremlin Nob","floor":12,"turns":3},{"damage":0,"enemies":"Hexaghost","floor":16,"turns":5},{"damage":23,"enemies":"2 Thieves","floor":18,"turns":3},{"damage":10,"enemies":"Shell Parasite","floor":19,"turns":4},{"damage":12,"enemies":"Snake Plant","floor":20,"turns":4},{"damage":64,"enemies":"Slavers","floor":23,"turns":7},{"damage":15,"enemies":"Chosen and Byrds","floor":24,"turns":6},{"damage":10,"enemies":"Sentry and Sphere","floor":27,"turns":4},{"damage":11,"enemies":"Gremlin Leader","floor":28,"turns":4},{"damage":17,"enemies":"Masked Bandits","floor":29,"turns":4},{"damage":3,"enemies":"Centurion and Healer","floor":30,"turns":3},{"damage":22,"enemies":"Champ","floor":33,"turns":7},{"damage":2,"enemies":"3 Shapes","floor":35,"turns":3},{"damage":8,"enemies":"3 Darklings","floor":38,"turns":3},{"damage":6,"enemies":"Sphere and 2 Shapes","floor":39,"turns":3},{"damage":8,"enemies":"Giant Head","floor":41,"turns":3},{"damage":8,"enemies":"Nemesis","floor":44,"turns":3},{"damage":8,"enemies":"4 Shapes","floor":45,"turns":2},{"damage":6,"enemies":"Giant Head","floor":46,"turns":3},{"damage":6,"enemies":"Writhing Mass","floor":48,"turns":3},{"damage":61,"enemies":"Awakened One","floor":50,"turns":6}],"seed_played":"-7511674039715375193","potions_obtained":[{"floor":1,"key":"Ancient Potion"},{"floor":4,"key":"Strength Potion"},{"floor":12,"key":"Ancient Potion"},{"floor":14,"key":"SteroidPotion"},{"floor":14,"key":"Strength Potion"},{"floor":16,"key":"Weak Potion"},{"floor":20,"key":"BloodPotion"},{"floor":27,"key":"Regen Potion"},{"floor":28,"key":"GamblersBrew"},{"floor":29,"key":"PowerPotion"},{"floor":33,"key":"Weak Potion"},{"floor":35,"key":"Fruit Juice"},{"floor":39,"key":"SkillPotion"},{"floor":46,"key":"ElixirPotion"}],"is_trial":false,"path_per_floor":["M","?","M","M","?","R","M","E","T","E","M","E","R","?","R","B",null,"M","M","M","?","$","E","M","R","T","M","E","?","M","$","R","B",null,"M","?","?","M","M","R","E","$","T","E","M","E","R","M","R","B",null],"character_chosen":"IRONCLAD","items_purchased":["Anchor","Oddly Smooth Stone","Shockwave","Happy Flower","Mayhem","Feel No Pain","Entrench","Brimstone","Heavy Blade","SteroidPotion"],"campfire_rested":0,"item_purchase_floors":[0,0,0,0,0,22,22,31,31,31],"current_hp_per_floor":[39,44,50,55,31,31,37,31,31,29,34,27,27,27,27,33,68,59,55,58,58,58,28,28,28,28,32,34,35,50,50,50,34,74,87,82,82,92,92,92,92,92,92,92,92,92,92,92,92,37],"gold":111,"neow_bonus":"","is_daily":false,"chose_seed":false,"campfire_upgraded":8,"win_rate":0.0,"timestamp":1613574334,"path_taken":["M","?","M","M","?","R","M","E","T","E","M","E","R","?","R","BOSS","M","?","M","?","$","E","?","R","T","M","E","?","M","$","R","BOSS","M","?","?","?","M","R","E","$","T","E","M","E","R","M","R","BOSS"],"items_purchased_type":["Relic","Relic","Card","Relic","Card","Card","Card","Relic","Card","Potion"],"build_version":"2020-12-22","purchased_purges":3,"victory":true,"max_hp_per_floor":[75,80,80,80,80,80,80,80,80,80,80,80,80,80,80,80,80,80,80,80,80,80,80,80,80,80,80,87,87,87,87,87,87,87,87,87,87,92,92,92,92,92,92,92,92,92,92,92,92,92],"card_choices":[{"not_picked":["Sentinel","Evolve","Body Slam"],"picked":"SKIP","floor":1},{"not_picked":["Anger","Twin Strike"],"picked":"Iron Wave","floor":3},{"not_picked":["Intimidate","Body Slam"],"picked":"Inflame","floor":4},{"not_picked":["Warcry","True Grit"],"picked":"Heavy Blade","floor":7},{"not_picked":["Second Wind","Battle Trance","Cleave"],"picked":"SKIP","floor":8},{"not_picked":["Shrug It Off","Thunderclap"],"picked":"Immolate","floor":10},{"not_picked":["Havoc","Evolve","Body Slam"],"picked":"SKIP","floor":11},{"not_picked":["Rampage","Blood for Blood"],"picked":"Shrug It Off","floor":12},{"not_picked":["Impervious","Brutality"],"picked":"Reaper","floor":16},{"not_picked":["Clothesline+1","Warcry","Heavy Blade"],"picked":"SKIP","floor":18},{"not_picked":["Anger","Clothesline","Perfected Strike"],"picked":"SKIP","floor":19},{"not_picked":["Whirlwind","Power Through"],"picked":"Flame Barrier+1","floor":20},{"not_picked":["Perfected Strike","Heavy Blade","Inflame"],"picked":"SKIP","floor":23},{"not_picked":["Armaments","Flex","Headbutt"],"picked":"SKIP","floor":24},{"not_picked":["Flex+1","Metallicize","Headbutt"],"picked":"SKIP","floor":27},{"not_picked":["Searing Blow","True Grit","Sword Boomerang"],"picked":"SKIP","floor":28},{"not_picked":["Body Slam","Sword Boomerang+1"],"picked":"Pommel Strike+1","floor":30},{"not_picked":["Reaper","Corruption"],"picked":"Offering","floor":33},{"not_picked":["Pommel Strike","Sword Boomerang+1","Cleave"],"picked":"SKIP","floor":35},{"not_picked":["Warcry","Cleave","Shrug It Off+1"],"picked":"SKIP","floor":38},{"not_picked":["Warcry","Cleave","Shrug It Off+1"],"picked":"SKIP","floor":38},{"not_picked":["Warcry","Cleave","Shrug It Off+1"],"picked":"SKIP","floor":38},{"not_picked":["Perfected Strike+1","Headbutt","Inflame"],"picked":"SKIP","floor":39},{"not_picked":["Warcry","Perfected Strike","Heavy Blade"],"picked":"SKIP","floor":41},{"not_picked":["Offering","Whirlwind","Body Slam"],"picked":"SKIP","floor":44},{"not_picked":["Burning Pact","Fire Breathing"],"picked":"Dark Embrace+1","floor":45},{"not_picked":["Anger","Searing Blow+1","Intimidate"],"picked":"SKIP","floor":46},{"not_picked":["Sword Boomerang","Rampage+1","Armaments"],"picked":"SKIP","floor":48}],"player_experience":599202,"relics_obtained":[{"floor":8,"key":"Pen Nib"},{"floor":9,"key":"PreservedInsect"},{"floor":10,"key":"Self Forming Clay"},{"floor":12,"key":"Ancient Tea Set"},{"floor":23,"key":"Centennial Puzzle"},{"floor":26,"key":"Mercury Hourglass"},{"floor":28,"key":"Strawberry"},{"floor":29,"key":"Red Mask"},{"floor":41,"key":"Red Skull"},{"floor":43,"key":"Sundial"},{"floor":44,"key":"Charon\u0027s Ashes"},{"floor":46,"key":"Nunchaku"}],"event_choices":[{"damage_healed":0,"gold_gain":0,"player_choice":"Donut","damage_taken":0,"max_hp_gain":5,"max_hp_loss":0,"event_name":"Big Fish","floor":2,"gold_loss":0},{"damage_healed":0,"gold_gain":0,"player_choice":"Entered Light","damage_taken":24,"max_hp_gain":0,"max_hp_loss":0,"event_name":"Shining Light","floor":5,"gold_loss":0,"cards_upgraded":["Bash","Strike_R"]},{"damage_healed":0,"gold_gain":0,"player_choice":"Got Potions","damage_taken":0,"max_hp_gain":0,"max_hp_loss":0,"event_name":"Lab","floor":14,"gold_loss":0},{"cards_removed":["Sever Soul"],"damage_healed":0,"gold_gain":0,"player_choice":"Card Removal","damage_taken":0,"max_hp_gain":0,"max_hp_loss":0,"event_name":"Wheel of Change","floor":21,"gold_loss":0},{"damage_healed":0,"gold_gain":0,"player_choice":"Fought Bandits","damage_taken":0,"max_hp_gain":0,"max_hp_loss":0,"event_name":"Masked Bandits","floor":29,"gold_loss":0},{"damage_healed":0,"gold_gain":0,"player_choice":"Memory 2","damage_taken":5,"max_hp_gain":0,"max_hp_loss":0,"event_name":"SensoryStone","floor":36,"gold_loss":0},{"damage_healed":0,"gold_gain":0,"player_choice":"Cursed","damage_taken":0,"max_hp_gain":0,"max_hp_loss":0,"event_name":"Wheel of Change","floor":37,"gold_loss":0,"cards_obtained":["Decay"]}],"is_beta":false,"boss_relics":[{"not_picked":["Black Blood","Philosopher\u0027s Stone"],"picked":"Pandora\u0027s Box"},{"not_picked":["SlaversCollar","Calling Bell"],"picked":"Snecko Eye"}],"items_purged_floors":[0,22,42],"is_endless":false,"potions_floor_spawned":[1,4,7,12,16,20,27,28,29,33,35,39,46],"ascension_level":16}}