{"host":"bq4pt811tk9yrmjl","time":1613581994,"event":{"mods":["AchievementEnabler","BaseMod","Colored Map","Colored Powertips","Defuse TimeMaze Blight","Minty Spire (QoL Compilation)","Smile Girya","StSLib","SuperFastMode"],"gold_per_floor":[114,75,75,75,75,75,103,103,103,135,149,179,253,265,277,386,398,421,358,370,402,433,478,80,80,80,115,75,109,123,136,136,232,232,247,8,28,28,28,28,28,28,79,79,91,0,29,49,49,49,49,49,1,36,36],"floor_reached":56,"language":"ENG","playtime":1511,"items_purged":[],"score":1602,"play_id":"c47304f4-bf69-4690-b4cf-aeea2629ee70","local_time":"20210217151314","is_ascension_mode":true,"campfire_choices":[{"data":"Noxious Fumes","floor":6,"key":"SMITH"},{"data":"Neutralize","floor":8,"key":"SMITH"},{"data":"Infinite Blades","floor":15,"key":"SMITH"},{"data":"Accuracy","floor":25,"key":"SMITH"},{"data":"Adrenaline","floor":32,"key":"SMITH"},{"floor":40,"key":"RECALL"},{"data":"After Image","floor":42,"key":"SMITH"},{"data":"Leg Sweep","floor":44,"key":"SMITH"},{"data":"Survivor","floor":49,"key":"SMITH"},{"data":"Defend_G","floor":52,"key":"SMITH"}],"circlet_count":0,"master_deck":["Strike_G","Strike_G","Defend_G","Defend_G","Defend_G","Defend_G","Defend_G+1","Survivor+1","Neutralize+1","Blade Dance+1","Noxious Fumes+1","Infinite Blades+1","Leg Sweep+1","Adrenaline+1","Accuracy+1","Dash+1","After Image+1"],"relics":["Ring of the Snake","NeowsBlessing","Gremlin Horn","Singing Bowl","PreservedInsect","MawBank","InkBottle","Meat on the Bone","Busted Crown","Omamori","TwistedFunnel","Boot","The Specimen","Centennial Puzzle","FossilizedHelix","Philosopher\u0027s Stone","OrangePellets","Akabeko","Red Mask","Paper Crane","Tough Bandages"],"acts_visited":["Exordium","TheCity","TheBeyond","TheEnding"],"potions_floor_usage":[13,13,13,16,16,22,27,27,29,33,33,50,54,55,55],"damage_taken":[{"damage":0,"enemies":"Small Slimes","floor":1,"turns":1},{"damage":0,"enemies":"Gremlin Nob","floor":7,"turns":1},{"damage":0,"enemies":"Lagavulin","floor":10,"turns":1},{"damage":2,"enemies":"Jaw Worm","floor":11,"turns":4},{"damage":10,"enemies":"Gremlin Nob","floor":12,"turns":3},{"damage":12,"enemies":"Lagavulin Event","floor":13,"turns":6},{"damage":8,"enemies":"Hexaghost","floor":16,"turns":10},{"damage":0,"enemies":"3 Byrds","floor":18,"turns":4},{"damage":0,"enemies":"Shell Parasite","floor":21,"turns":7},{"damage":5,"enemies":"Cultist and Chosen","floor":22,"turns":8},{"damage":14,"enemies":"Gremlin Leader","floor":23,"turns":7},{"damage":0,"enemies":"Book of Stabbing","floor":27,"turns":4},{"damage":9,"enemies":"Gremlin Leader","floor":29,"turns":4},{"damage":0,"enemies":"Snecko","floor":30,"turns":4},{"damage":0,"enemies":"Chosen and Byrds","floor":31,"turns":4},{"damage":48,"enemies":"Champ","floor":33,"turns":13},{"damage":0,"enemies":"3 Darklings","floor":35,"turns":4},{"damage":0,"enemies":"3 Shapes","floor":37,"turns":4},{"damage":0,"enemies":"Jaw Worm Horde","floor":45,"turns":4},{"damage":0,"enemies":"Nemesis","floor":47,"turns":5},{"damage":0,"enemies":"Spire Growth","floor":48,"turns":5},{"damage":0,"enemies":"Awakened One","floor":50,"turns":15},{"damage":0,"enemies":"Shield and Spear","floor":54,"turns":7},{"damage":102,"enemies":"The Heart","floor":55,"turns":15}],"seed_played":"6929639904059147548","potions_obtained":[{"floor":11,"key":"Explosive Potion"},{"floor":12,"key":"EntropicBrew"},{"floor":18,"key":"DistilledChaos"},{"floor":23,"key":"AttackPotion"},{"floor":27,"key":"Swift Potion"},{"floor":30,"key":"Fire Potion"},{"floor":31,"key":"BlessingOfTheForge"},{"floor":35,"key":"FearPotion"},{"floor":45,"key":"CunningPotion"},{"floor":54,"key":"PowerPotion"}],"is_trial":false,"path_per_floor":["M","$","?","?","T","R","E","R","T","E","M","E","?","?","R","B",null,"M","?","?","M","M","E","$","R","T","E","?","E","M","M","R","B",null,"M","$","M","$","?","R","?","R","T","R","M","?","E","M","R","B",null,"R","$","E","B",null],"character_chosen":"THE_SILENT","items_purchased":["Noxious Fumes","Accuracy","TwistedFunnel","Boot","PowerPotion","OrangePellets","FairyPotion","AttackPotion"],"campfire_rested":0,"item_purchase_floors":[2,24,24,24,24,36,36,53],"current_hp_per_floor":[70,70,75,75,75,75,77,77,77,79,77,67,57,54,54,61,81,83,83,83,85,82,70,70,70,70,70,70,63,65,67,67,31,95,97,97,99,99,101,101,101,101,101,101,103,103,105,107,107,107,107,107,107,109,19],"gold":36,"neow_bonus":"THREE_ENEMY_KILL","is_daily":false,"chose_seed":false,"campfire_upgraded":9,"win_rate":0.0,"timestamp":1613581994,"path_taken":["M","$","?","?","?","R","E","R","T","E","M","E","?","?","R","BOSS","M","?","?","?","M","E","?","R","T","E","?","E","?","M","R","BOSS","M","$","M","$","?","R","?","R","T","R","M","?","E","M","R","BOSS","R","$","E","BOSS"],"items_purchased_type":["Card","Card","Relic","Relic","Potion","Relic","Potion","Potion"],"build_version":"2020-12-22","purchased_purges":0,"victory":true,"max_hp_per_floor":[70,70,75,75,75,75,77,77,77,79,79,79,81,81,81,81,81,83,83,83,85,87,89,89,89,89,89,89,91,93,95,95,95,95,97,97,99,99,101,101,101,101,101,101,103,103,105,107,107,107,107,107,107,109,109],"card_choices":[{"not_picked":["Cloak And Dagger","Leg Sweep"],"picked":"Blade Dance","floor":1},{"not_picked":["Flying Knee","Bouncing Flask","Dodge and Roll"],"picked":"Singing Bowl","floor":7},{"not_picked":["Noxious Fumes","Deflect","Heel Hook"],"picked":"Singing Bowl","floor":10},{"not_picked":["Blur","Dagger Throw"],"picked":"Infinite Blades","floor":11},{"not_picked":["Concentrate","Dodge and Roll"],"picked":"Leg Sweep","floor":12},{"not_picked":["Dagger Throw","Deadly Poison","Distraction"],"picked":"Singing Bowl","floor":13},{"not_picked":["Venomology","Corpse Explosion"],"picked":"Adrenaline","floor":16},{"not_picked":["Expertise"],"picked":"Singing Bowl","floor":18},{"not_picked":["Backstab"],"picked":"Singing Bowl","floor":21},{"not_picked":["Setup+1"],"picked":"Singing Bowl","floor":22},{"not_picked":["Deflect"],"picked":"Singing Bowl","floor":23},{"not_picked":[],"picked":"Dash+1","floor":27},{"not_picked":["Underhanded Strike"],"picked":"Singing Bowl","floor":29},{"not_picked":["Poisoned Stab"],"picked":"Singing Bowl","floor":30},{"not_picked":["Backflip+1"],"picked":"Singing Bowl","floor":31},{"not_picked":[],"picked":"After Image","floor":33},{"not_picked":["PiercingWail"],"picked":"Singing Bowl","floor":35},{"not_picked":["Bane"],"picked":"Singing Bowl","floor":37},{"not_picked":["Mind Blast"],"picked":"Singing Bowl","floor":39},{"not_picked":["Well Laid Plans"],"picked":"Singing Bowl","floor":45},{"not_picked":["Endless Agony+1"],"picked":"Singing Bowl","floor":47},{"not_picked":["Bane"],"picked":"Singing Bowl","floor":48},{"not_picked":["Poisoned Stab"],"picked":"Singing Bowl","floor":54}],"player_experience":256955,"relics_obtained":[{"floor":5,"key":"Gremlin Horn"},{"floor":7,"key":"Singing Bowl"},{"floor":10,"key":"PreservedInsect"},{"floor":12,"key":"MawBank"},{"floor":23,"key":"Omamori"},{"floor":26,"key":"The Specimen"},{"floor":27,"key":"Centennial Puzzle"},{"floor":29,"key":"FossilizedHelix"},{"floor":43,"key":"Akabeko"},{"floor":47,"key":"Paper Crane"},{"floor":54,"key":"Tough Bandages"}],"event_choices":[{"damage_healed":0,"gold_gain":0,"player_choice":"Donut","damage_taken":0,"max_hp_gain":5,"max_hp_loss":0,"event_name":"Big Fish","floor":3,"gold_loss":0},{"damage_healed":0,"gold_gain":0,"player_choice":"Ignored","damage_taken":0,"max_hp_gain":0,"max_hp_loss":0,"event_name":"Liars Game","floor":4,"gold_loss":0},{"damage_healed":0,"gold_gain":0,"player_choice":"Searched \u00272\u0027 times","damage_taken":0,"relics_obtained":["InkBottle"],"max_hp_gain":0,"max_hp_loss":0,"event_name":"Dead Adventurer","floor":13,"gold_loss":0},{"damage_healed":0,"gold_gain":0,"player_choice":"Success","damage_taken":3,"relics_obtained":["Meat on the Bone"],"max_hp_gain":0,"max_hp_loss":0,"event_name":"Scrap Ooze","floor":14,"gold_loss":0},{"cards_removed":["Strike_G"],"damage_healed":0,"gold_gain":0,"player_choice":"Gave Gold","damage_taken":0,"max_hp_gain":0,"max_hp_loss":0,"event_name":"Beggar","floor":19,"gold_loss":75},{"cards_removed":["Strike_G"],"damage_healed":0,"gold_gain":0,"player_choice":"Card Removal","damage_taken":0,"max_hp_gain":0,"max_hp_loss":0,"event_name":"Wheel of Change","floor":20,"gold_loss":0},{"damage_healed":0,"gold_gain":0,"player_choice":"Upgrade","damage_taken":0,"max_hp_gain":0,"max_hp_loss":0,"event_name":"Designer","floor":28,"gold_loss":40,"cards_upgraded":["Blade Dance"]},{"damage_healed":0,"gold_gain":0,"player_choice":"Memory 1","damage_taken":0,"max_hp_gain":0,"max_hp_loss":0,"event_name":"SensoryStone","floor":39,"gold_loss":0},{"cards_removed":["Strike_G"],"damage_healed":0,"gold_gain":0,"player_choice":"Removed Attack","damage_taken":0,"max_hp_gain":0,"max_hp_loss":0,"event_name":"Falling","floor":41,"gold_loss":0},{"damage_healed":0,"gold_gain":0,"player_choice":"Paid","damage_taken":0,"relics_obtained":["Red Mask"],"max_hp_gain":0,"max_hp_loss":0,"event_name":"Tomb of Lord Red Mask","floor":46,"gold_loss":91}],"is_beta":false,"boss_relics":[{"not_picked":["HoveringKite","Calling Bell"],"picked":"Busted Crown"},{"not_picked":["Velvet Choker","Coffee Dripper"],"picked":"Philosopher\u0027s Stone"}],"items_purged_floors":[],"is_endless":false,"potions_floor_spawned":[11,12,18,23,27,30,31,35,45,48,54],"ascension_level":1}}