{"host":"5hsgormuu0lj4iiq","time":1613532100,"event":{"mods":["AchievementEnabler","BaseMod","Colored Map","Colored Powertips","Minty Spire (QoL Compilation)","Quick Restart","Relic Stats","SuperFastMode","everything is the same but u backflip on backflip","slay the spire mod where everything is the same but ironclad has a cowboy hat"],"gold_per_floor":[117,132,132,307,307,307,340,340,408,432,432,465,479,459,459,459,459],"floor_reached":16,"language":"ENG","playtime":194,"items_purged":[],"score":219,"play_id":"897e8b7e-4500-4941-ac76-76859877251e","local_time":"20210216222140","is_ascension_mode":true,"campfire_choices":[{"data":"Leap","floor":6,"key":"SMITH"},{"data":"Cold Snap","floor":8,"key":"SMITH"},{"data":"Conserve Battery","floor":11,"key":"SMITH"},{"floor":15,"key":"REST"}],"circlet_count":0,"master_deck":["AscendersBane","Strike_B","Strike_B","Strike_B","Strike_B","Defend_B","Defend_B","Defend_B","Defend_B","Zap","Dualcast","Turbo","Leap+1","Doubt","Regret","Cold Snap+1","Conserve Battery+1","Ball Lightning"],"relics":["Cracked Core","NeowsBlessing","Golden Idol","The Courier","Letter Opener","Kunai","Oddly Smooth Stone"],"acts_visited":["Exordium"],"potions_floor_usage":[12,13],"damage_taken":[{"damage":0,"enemies":"2 Louse","floor":1,"turns":1},{"damage":0,"enemies":"Small Slimes","floor":2,"turns":1},{"damage":0,"enemies":"3 Sentries","floor":7,"turns":1},{"damage":5,"enemies":"Cultist","floor":10,"turns":4},{"damage":33,"enemies":"Lagavulin","floor":12,"turns":9},{"damage":12,"enemies":"Gremlin Gang","floor":13,"turns":6},{"damage":2,"enemies":"Hexaghost","floor":16,"turns":2}],"seed_played":"-7629324360633418631","potions_obtained":[{"floor":1,"key":"SkillPotion"},{"floor":2,"key":"PotionOfCapacity"},{"floor":12,"key":"Strength Potion"},{"floor":14,"key":"SteroidPotion"}],"is_trial":false,"path_per_floor":["M","M","?","?","?","R","E","R","T","M","R","E","M","?","R","B"],"character_chosen":"DEFECT","items_purchased":[],"campfire_rested":1,"item_purchase_floors":[],"current_hp_per_floor":[68,68,68,68,68,68,68,68,68,63,63,30,18,18,38,36,36],"gold":459,"neow_bonus":"THREE_ENEMY_KILL","is_daily":false,"chose_seed":false,"campfire_upgraded":3,"win_rate":0.0,"timestamp":1613532100,"path_taken":["M","M","?","?","?","R","E","R","T","M","R","E","M","?","R","BOSS"],"items_purchased_type":[],"build_version":"2020-12-22","purchased_purges":0,"victory":false,"max_hp_per_floor":[75,75,69,69,69,69,69,69,69,69,69,69,69,69,69,69,69],"relic_stats":{"counters":[7,24],"Golden Idol":22,"Letter Opener":[32],"Kunai":[1],"obtain_stats":[{"NeowsBlessing":0,"Golden Idol":3,"Oddly Smooth Stone":12,"The Courier":5,"Letter Opener":7,"Kunai":9,"Cracked Core":0},{"NeowsBlessing":0,"Golden Idol":2,"Oddly Smooth Stone":5,"The Courier":2,"Letter Opener":3,"Kunai":3,"Cracked Core":0},{"NeowsBlessing":0,"Golden Idol":2,"Oddly Smooth Stone":16,"The Courier":2,"Letter Opener":3,"Kunai":3,"Cracked Core":0}]},"card_choices":[{"not_picked":["Blizzard","BootSequence"],"picked":"Turbo","floor":1},{"not_picked":["Turbo","Recycle"],"picked":"Leap","floor":2},{"not_picked":["Consume","Barrage"],"picked":"Cold Snap","floor":7},{"not_picked":["Hologram","Stack"],"picked":"Conserve Battery","floor":10},{"not_picked":["Turbo","Stack","Go for the Eyes"],"picked":"SKIP","floor":12},{"not_picked":["Turbo","Coolheaded"],"picked":"Ball Lightning","floor":13}],"player_experience":744616,"relics_obtained":[{"floor":7,"key":"Letter Opener"},{"floor":9,"key":"Kunai"},{"floor":12,"key":"Oddly Smooth Stone"}],"event_choices":[{"damage_healed":0,"gold_gain":0,"player_choice":"Lose Max HP","damage_taken":0,"relics_obtained":["Golden Idol"],"max_hp_gain":0,"max_hp_loss":6,"event_name":"Golden Idol","floor":3,"gold_loss":0},{"damage_healed":0,"gold_gain":175,"player_choice":"AGREE","damage_taken":0,"max_hp_gain":0,"max_hp_loss":0,"event_name":"Liars Game","floor":4,"gold_loss":0,"cards_obtained":["Doubt"]},{"damage_healed":0,"gold_gain":0,"player_choice":"Box","damage_taken":0,"relics_obtained":["The Courier"],"max_hp_gain":0,"max_hp_loss":0,"event_name":"Big Fish","floor":5,"gold_loss":0,"cards_obtained":["Regret"]},{"damage_healed":0,"gold_gain":0,"player_choice":"Bought 1 Potion","damage_taken":0,"max_hp_gain":0,"max_hp_loss":0,"event_name":"The Woman in Blue","floor":14,"gold_loss":0}],"is_beta":false,"boss_relics":[],"items_purged_floors":[],"is_endless":false,"potions_floor_spawned":[1,2,12],"killed_by":"Hexaghost","ascension_level":13}}