{"host":"6ulps5ednfgqn0to","time":1613584814,"event":{"mods":["AchievementEnabler","BaseMod","Colored Map","Highlight Path","Minty Spire (QoL Compilation)","Relic Sorter","Relic Stats","StSLib"],"gold_per_floor":[116,6,181,197,97,97,132,132,132,144,172,172,187,206,206,302,302,319,334,80,109,109,134,60,60,60,86,86,86,86,101,101,197,197,211,211,226,226,246,276,276,188,188,235,235,313,313,328,328,328,328,328,128,156,156,156],"floor_reached":55,"language":"ENG","playtime":2553,"items_purged":[],"score":801,"play_id":"394e68e9-1432-4e88-a4c6-a13edcf368ae","local_time":"20210217200014","is_ascension_mode":true,"campfire_choices":[{"data":"Defragment","floor":6,"key":"SMITH"},{"data":"Zap","floor":8,"key":"SMITH"},{"data":"Doom and Gloom","floor":12,"key":"SMITH"},{"data":"Go for the Eyes","floor":15,"key":"SMITH"},{"data":"Loop","floor":25,"key":"SMITH"},{"floor":28,"key":"REST"},{"floor":30,"key":"RECALL"},{"data":"Loop","floor":32,"key":"SMITH"},{"floor":41,"key":"REST"},{"floor":45,"key":"REST"},{"data":"Defragment","floor":49,"key":"SMITH"},{"data":"Loop","floor":52,"key":"SMITH"}],"circlet_count":0,"master_deck":["Strike_B","Strike_B","Strike_B","Defend_B+1","Defend_B+1","Defend_B","Defend_B","Zap+1","Dualcast","Ball Lightning","Defragment+1","Doom and Gloom+1","Auto Shields","Conserve Battery","Electrodynamics","Redo+1","Coolheaded+1","Go for the Eyes+1","Fission+1","Chaos+1","Loop+1","Loop+1","Consume+1","Coolheaded+1","Fusion+1","Lockon","Multi-Cast+1","Madness+1","Madness+1","Compile Driver+1","Genetic Algorithm+1","Coolheaded+1","Defragment+1","Loop+1","Echo Form"],"relics":["SacredBark","Nunchaku","Toxic Egg 2","Bag of Marbles","Philosopher\u0027s Stone","ClockworkSouvenir","Red Mask","FossilizedHelix","Matryoshka","Sundial","Nuclear Battery","War Paint","Orichalcum","Unceasing Top","Mummified Hand","Bottled Tornado","HornCleat"],"acts_visited":["Exordium","TheCity","TheBeyond","TheEnding"],"potions_floor_usage":[19,31,33,33,40,50,55,55],"damage_taken":[{"damage":4,"enemies":"Jaw Worm","floor":1,"turns":6},{"damage":6,"enemies":"2 Louse","floor":4,"turns":2},{"damage":19,"enemies":"3 Sentries","floor":7,"turns":6},{"damage":0,"enemies":"Small Slimes","floor":10,"turns":3},{"damage":24,"enemies":"Gremlin Nob","floor":11,"turns":4},{"damage":3,"enemies":"Gremlin Gang","floor":13,"turns":2},{"damage":0,"enemies":"3 Louse","floor":14,"turns":1},{"damage":13,"enemies":"Hexaghost","floor":16,"turns":9},{"damage":13,"enemies":"Spheric Guardian","floor":18,"turns":4},{"damage":8,"enemies":"2 Thieves","floor":19,"turns":3},{"damage":1,"enemies":"Masked Bandits","floor":21,"turns":2},{"damage":13,"enemies":"Slavers","floor":23,"turns":2},{"damage":14,"enemies":"Gremlin Leader","floor":27,"turns":5},{"damage":29,"enemies":"Centurion and Healer","floor":31,"turns":12},{"damage":40,"enemies":"Automaton","floor":33,"turns":6},{"damage":6,"enemies":"Orb Walker","floor":35,"turns":4},{"damage":22,"enemies":"3 Darklings","floor":37,"turns":3},{"damage":25,"enemies":"Transient","floor":39,"turns":5},{"damage":27,"enemies":"Giant Head","floor":40,"turns":8},{"damage":33,"enemies":"2 Orb Walkers","floor":44,"turns":4},{"damage":0,"enemies":"Jaw Worm Horde","floor":48,"turns":2},{"damage":16,"enemies":"Time Eater","floor":50,"turns":9},{"damage":13,"enemies":"Shield and Spear","floor":54,"turns":3},{"damage":87,"enemies":"The Heart","floor":55,"turns":6}],"seed_played":"6816700502607705982","potions_obtained":[{"floor":4,"key":"PowerPotion"},{"floor":7,"key":"SkillPotion"},{"floor":19,"key":"BlessingOfTheForge"},{"floor":31,"key":"Fire Potion"},{"floor":35,"key":"Block Potion"},{"floor":40,"key":"CultistPotion"},{"floor":48,"key":"DuplicationPotion"}],"is_trial":false,"path_per_floor":["M","$","?","M","$","R","E","R","T","M","E","R","M","M","R","B",null,"M","M","$","?","?","E","$","R","T","E","R","$","R","M","R","B",null,"M","?","M","?","M","E","R","$","T","?","R","T","?","M","R","B",null,"R","$","E","B"],"character_chosen":"DEFECT","items_purchased":["Defragment","Doom and Gloom","Regen Potion","Conserve Battery","FairyPotion","ClockworkSouvenir","Fusion+1","Defragment","FocusPotion","Echo Form","SteroidPotion"],"campfire_rested":3,"item_purchase_floors":[2,2,5,5,20,20,24,42,42,53,53],"current_hp_per_floor":[71,71,71,65,65,65,46,46,46,46,22,22,19,19,19,6,75,62,54,54,53,53,40,40,40,40,26,48,48,48,74,74,34,75,69,60,38,38,13,45,67,67,67,34,56,56,56,56,56,40,75,75,75,62,0,0],"gold":156,"neow_bonus":"BOSS_RELIC","is_daily":false,"chose_seed":false,"campfire_upgraded":8,"win_rate":0.0,"timestamp":1613584814,"path_taken":["M","$","?","M","$","R","E","R","T","M","E","R","M","M","R","BOSS","M","M","$","?","?","E","?","R","T","E","R","$","R","M","R","BOSS","M","?","M","?","?","E","R","$","T","?","R","?","?","M","R","BOSS","R","$","E","BOSS"],"items_purchased_type":["Card","Card","Potion","Card","Potion","Relic","Card","Card","Potion","Card","Potion"],"build_version":"2020-12-22","purchased_purges":0,"victory":false,"max_hp_per_floor":[75,75,75,75,75,75,75,75,75,75,75,75,75,75,75,75,75,75,75,75,75,75,75,75,75,75,75,75,75,75,75,75,75,75,75,75,75,75,75,75,75,75,75,75,75,75,75,75,75,75,75,75,75,75,75,75],"relic_stats":{"Nunchaku":[13],"counters":[24,110],"Sundial":[6],"Mummified Hand":[16],"War Paint":["Defend_B","Defend_B"],"Orichalcum":[24],"obtain_stats":[{"SacredBark":0,"War Paint":40,"Orichalcum":43,"Bottled Tornado":46,"ClockworkSouvenir":20,"Nuclear Battery":34,"Nunchaku":7,"Matryoshka":26,"HornCleat":54,"Sundial":27,"Mummified Hand":46,"Philosopher\u0027s Stone":17,"Bag of Marbles":11,"Red Mask":21,"Toxic Egg 2":9,"Cracked Core":0,"FossilizedHelix":23,"Unceasing Top":44},{"SacredBark":0,"War Paint":19,"Orichalcum":19,"Bottled Tornado":20,"ClockworkSouvenir":10,"Nuclear Battery":15,"Nunchaku":3,"Matryoshka":12,"HornCleat":23,"Sundial":13,"Mummified Hand":20,"Philosopher\u0027s Stone":8,"Bag of Marbles":5,"Red Mask":11,"Toxic Egg 2":3,"Cracked Core":0,"FossilizedHelix":12,"Unceasing Top":20},{"SacredBark":0,"War Paint":87,"Orichalcum":87,"Bottled Tornado":91,"ClockworkSouvenir":40,"Nuclear Battery":67,"Nunchaku":14,"Matryoshka":44,"HornCleat":104,"Sundial":49,"Mummified Hand":91,"Philosopher\u0027s Stone":33,"Bag of Marbles":21,"Red Mask":42,"Toxic Egg 2":14,"Cracked Core":0,"FossilizedHelix":44,"Unceasing Top":91}],"Unceasing Top":[40]},"card_choices":[{"not_picked":["Leap","Sweeping Beam"],"picked":"Ball Lightning","floor":1},{"not_picked":["Gash","Beam Cell"],"picked":"Auto Shields","floor":4},{"not_picked":["Thunder Strike","Redo"],"picked":"Electrodynamics","floor":7},{"not_picked":["Gash","Ball Lightning"],"picked":"Redo+1","floor":10},{"not_picked":["Force Field+1","Cold Snap"],"picked":"Coolheaded+1","floor":11},{"not_picked":["Doom and Gloom","Gash","Sweeping Beam"],"picked":"SKIP","floor":13},{"not_picked":["Force Field+1","Compile Driver"],"picked":"Go for the Eyes","floor":14},{"not_picked":["Buffer","Reboot+1"],"picked":"Fission+1","floor":16},{"not_picked":["Beam Cell+1","Hologram+1"],"picked":"Chaos+1","floor":18},{"not_picked":["Hologram+1","Skim+1"],"picked":"Loop","floor":19},{"not_picked":["Hologram+1","Rebound"],"picked":"Loop","floor":21},{"not_picked":["Aggregate+1","Beam Cell"],"picked":"Coolheaded+1","floor":23},{"not_picked":["Barrage+1","Scrape+1","Cold Snap"],"picked":"SKIP","floor":27},{"not_picked":["Cold Snap","Hologram+1"],"picked":"Lockon","floor":31},{"not_picked":["Meteor Strike","Creative AI"],"picked":"Multi-Cast+1","floor":33},{"not_picked":["Gash+1","Rebound","Hello World"],"picked":"SKIP","floor":35},{"not_picked":["Conserve Battery+1","Lockon"],"picked":"Compile Driver+1","floor":37},{"not_picked":["Coolheaded+1","Ball Lightning+1"],"picked":"Genetic Algorithm+1","floor":39},{"not_picked":["Electrodynamics","Redo+1"],"picked":"Coolheaded+1","floor":40},{"not_picked":["Coolheaded+1","Compile Driver+1"],"picked":"Loop","floor":48},{"not_picked":["Sunder+1","Cold Snap+1","Ball Lightning"],"picked":"SKIP","floor":54}],"player_experience":43239,"relics_obtained":[{"floor":7,"key":"Nunchaku"},{"floor":9,"key":"Toxic Egg 2"},{"floor":11,"key":"Bag of Marbles"},{"floor":21,"key":"Red Mask"},{"floor":23,"key":"FossilizedHelix"},{"floor":26,"key":"Matryoshka"},{"floor":27,"key":"Sundial"},{"floor":40,"key":"War Paint"},{"floor":43,"key":"Orichalcum"},{"floor":44,"key":"Unceasing Top"},{"floor":46,"key":"Mummified Hand"},{"floor":46,"key":"Bottled Tornado"},{"floor":54,"key":"HornCleat"}],"event_choices":[{"damage_healed":0,"gold_gain":175,"player_choice":"AGREE","damage_taken":0,"max_hp_gain":0,"max_hp_loss":0,"event_name":"Liars Game","floor":3,"gold_loss":0,"cards_obtained":["Doubt"]},{"damage_healed":0,"gold_gain":0,"player_choice":"Fought Bandits","damage_taken":0,"max_hp_gain":0,"max_hp_loss":0,"event_name":"Masked Bandits","floor":21,"gold_loss":0},{"damage_healed":0,"gold_gain":0,"player_choice":"Read","damage_taken":0,"max_hp_gain":0,"max_hp_loss":0,"event_name":"The Library","floor":22,"gold_loss":0,"cards_obtained":["Consume"]},{"damage_healed":0,"gold_gain":0,"player_choice":"Embrace Madness","damage_taken":9,"max_hp_gain":0,"max_hp_loss":0,"event_name":"Winding Halls","floor":36,"gold_loss":0,"cards_obtained":["Madness","Madness"]},{"cards_removed":["Doubt"],"damage_healed":0,"gold_gain":0,"player_choice":"Purged","damage_taken":0,"max_hp_gain":0,"max_hp_loss":0,"event_name":"Purifier","floor":38,"gold_loss":0},{"damage_healed":0,"gold_gain":0,"player_choice":"Fight","damage_taken":0,"max_hp_gain":0,"max_hp_loss":0,"event_name":"Mysterious Sphere","floor":44,"gold_loss":0},{"cards_removed":["Strike_B"],"damage_healed":0,"gold_gain":0,"player_choice":"Removed Attack","damage_taken":0,"max_hp_gain":0,"max_hp_loss":0,"event_name":"Falling","floor":47,"gold_loss":0}],"is_beta":false,"boss_relics":[{"not_picked":["Sozu","Runic Dome"],"picked":"Philosopher\u0027s Stone"},{"not_picked":["SlaversCollar","Coffee Dripper"],"picked":"Nuclear Battery"}],"items_purged_floors":[],"is_endless":false,"potions_floor_spawned":[4,7,13,19,21,31,35,40,48],"killed_by":"The Heart","ascension_level":1}}