{"host":"t9wo05e1llrbe5dt","time":1613581042,"event":{"mods":["2.2 Compatiblity","AchievementEnabler","Ascension Unlocker","BaseMod","Bestiary","Better Altar","Better Match","Better Note","Better Sensory Stone","Better Skull","Better Third Choice","Better Vampires","Better-Laid Plans","Block Reminder","Colored Map","Colored Powertips","Curses Come First","DeckTracker","Displayed Cursed Tome","Downfall","Filter the Spire","Googly Eyes","Gremlin Mod","GungeonMod","Hermit","Highlight Path","Marked Mod","Minty Spire (QoL Compilation)","Quick Restart","Random Character Button","Rare Cards Sparkle","Reorder Act Four","Reworked Bosses","Spicy Shops","StSLib","The Bug Knight","The Cursed","The Hierophant","The IronCluck","The Mystic","The Necromancer","The Runesmith","Transform Curses","Uncapped","everything is the same but u backflip on backflip","slay the spire mod where everything is the same but ironclad has a cowboy hat"],"gold_per_floor":[99,111,211,225,243,143,166,166,177,190,210,210,6,6,26,130,130,130,149,165,165,176,214,214,235,254,283,304,75,75,111,135,246,246,46,68,78,102,121,132,182,205,205,224,234,234,97,145,166,166,166,198,198,27,27,27,27,27],"floor_reached":56,"language":"ENG","playtime":3845,"items_purged":["Writhe","downfall:Icky","Clumsy"],"score":1044,"play_id":"7ab42f21-9751-43e7-8097-7aa9356e46d1","local_time":"20210217105722","is_ascension_mode":true,"campfire_choices":[{"floor":1,"key":"RECALL"},{"data":"Guardian:CurlUp","floor":6,"key":"SMITH"},{"data":"Guardian:Suspension","floor":12,"key":"SMITH"},{"data":"Guardian:EvasiveProtocol","floor":18,"key":"SMITH"},{"data":"Guardian:DecasProtection","floor":30,"key":"SMITH"},{"data":"Guardian:GatlingBeam","floor":35,"key":"SMITH"},{"data":"Guardian:GemFire","floor":43,"key":"SMITH"},{"data":"Guardian:StasisStrike","floor":46,"key":"SMITH"},{"data":"Guardian:PiercingHide","floor":53,"key":"SMITH"}],"circlet_count":0,"master_deck":["Guardian:Strike_Guardian","Guardian:Strike_Guardian","Guardian:Strike_Guardian","Guardian:Strike_Guardian","Guardian:Defend_Guardian","Guardian:Defend_Guardian+1","Guardian:Defend_Guardian+1","Guardian:Defend_Guardian","Guardian:CurlUp+1","Guardian:TwinSlam","Guardian:StasisStrike+1","CurseOfTheBell","CurseOfTheBell","Guardian:Incinerate","Guardian:Suspension+1","Guardian:EvasiveProtocol+1","Guardian:Emergency","Guardian:GemFire+1","Guardian:SphericShield","Guardian:ShieldSpikes","Guardian:PiercingHide+1","Guardian:ChargeCore","Guardian:DecasProtection+1","Guardian:SentryBeam+1","Guardian:Planning+1","Guardian:GatlingBeam+1","Guardian:RevengeProtocol","Guardian:RevengeProtocol","Guardian:TemporalStrike+1","Guardian:Gem_Green","Guardian:Gem_Lightblue","Guardian:Gem_Red","Guardian:Gem_Crimson","Guardian:TemporalStrike","Guardian:Gem_Cyan"],"relics":["Guardian:ModeShifterPlus","downfall:ExtraCursedBell","HollowMod:PaleOreRelic","Eternal Feather","StoneCalendar","downfall:HeartBlessingRed","Happy Flower","Shuriken","downfall:BrokenWingStatue","CeramicFish","Membership Card","Mercury Hourglass","Lantern","bronze:MakeshiftBattery","downfall:HeartBlessingGreen","downfall:HeartBlessingBlue","DemoMod:Metronome","MealTicket","Runesmith:AutoHammer","DemoMod:MeatBun","ClockworkSouvenir","Pantograph","Oddly Smooth Stone","War Paint","Strawberry"],"acts_visited":["Exordium","TheCity","TheBeyond","TheEnding"],"potions_floor_usage":[16,16,25,31,47,47,55,55,56],"damage_taken":[{"damage":0,"enemies":"2 Louse","floor":2,"turns":3},{"damage":7,"enemies":"Jaw Worm","floor":4,"turns":4},{"damage":5,"enemies":"Cultist","floor":5,"turns":4},{"damage":6,"enemies":"Blue Slaver","floor":9,"turns":3},{"damage":5,"enemies":"3 Louse","floor":10,"turns":3},{"damage":17,"enemies":"Exordium Wildlife","floor":11,"turns":6},{"damage":0,"enemies":"downfall:FleeingMerchant","floor":13,"turns":4},{"damage":18,"enemies":"Red Slaver","floor":15,"turns":5},{"damage":28,"enemies":"WA_ARCHETYPE_RETAIN","floor":16,"turns":7},{"damage":0,"enemies":"Spheric Guardian","floor":19,"turns":4},{"damage":0,"enemies":"Centurion and Healer","floor":20,"turns":6},{"damage":0,"enemies":"Sentry and Sphere","floor":22,"turns":4},{"damage":12,"enemies":"Book of Stabbing","floor":23,"turns":5},{"damage":0,"enemies":"Snecko","floor":25,"turns":2},{"damage":4,"enemies":"Centurion and Healer","floor":26,"turns":6},{"damage":0,"enemies":"Sentry and Sphere","floor":27,"turns":6},{"damage":6,"enemies":"Snake Plant","floor":28,"turns":1},{"damage":0,"enemies":"downfall:FleeingMerchant","floor":29,"turns":4},{"damage":0,"enemies":"HollowMod:Nosk","floor":31,"turns":5},{"damage":0,"enemies":"Snecko","floor":32,"turns":5},{"damage":6,"enemies":"IC_MUSHROOM_ARCHETYPE","floor":33,"turns":7},{"damage":0,"enemies":"3 Darklings","floor":36,"turns":5},{"damage":0,"enemies":"3 Shapes","floor":37,"turns":2},{"damage":12,"enemies":"Transient","floor":39,"turns":5},{"damage":0,"enemies":"3 Darklings","floor":40,"turns":3},{"damage":5,"enemies":"Spire Growth","floor":42,"turns":5},{"damage":11,"enemies":"Transient","floor":44,"turns":5},{"damage":0,"enemies":"Maw","floor":45,"turns":5},{"damage":0,"enemies":"downfall:FleeingMerchant","floor":47,"turns":4},{"damage":0,"enemies":"Spire Growth","floor":49,"turns":2},{"damage":0,"enemies":"SI_POISON_ARCHETYPE","floor":50,"turns":6},{"damage":0,"enemies":"downfall:CharBossMerchant","floor":52,"turns":4},{"damage":82,"enemies":"downfall:NeowBoss","floor":55,"turns":27},{"damage":56,"enemies":"downfall:NeowBossFinal","floor":56,"turns":8}],"seed_played":"-8069795675165976738","potions_obtained":[{"floor":2,"key":"Guardian:AcceleratePotion"},{"floor":9,"key":"champ:CounterPotion"},{"floor":10,"key":"Energy Potion"},{"floor":22,"key":"AttackPotion"},{"floor":23,"key":"GamblersBrew"},{"floor":26,"key":"LiquidBronze"},{"floor":31,"key":"SkillPotion"},{"floor":36,"key":"sneckomod:MuddlingPotion"}],"is_trial":false,"path_per_floor":["R","M","?","M","M","R","T","T","M","M","M","R","$","?","M","B",null,"R","M","M","?","M","E","T","M","M","M","M","$","R","E","M","B",null,"R","M","M","T","M","M","T","M","R","M","M","R","$","T","M","B",null,"E","R","$","B","B"],"character_chosen":"GUARDIAN","items_purchased":["Guardian:Emergency","Guardian:GemFire","Membership Card","Mercury Hourglass","Runesmith:AutoHammer","DemoMod:MeatBun","EssenceOfSteel","ClockworkSouvenir","Guardian:Gem_Red","Guardian:Gem_Crimson","SteroidPotion","Pantograph","Guardian:Gem_Cyan","Strawberry"],"campfire_rested":0,"item_purchase_floors":[13,13,29,29,47,47,47,47,47,47,47,47,54,54],"current_hp_per_floor":[80,80,80,73,68,77,77,77,71,66,49,58,58,58,40,12,80,80,80,80,80,80,68,68,68,64,64,58,58,76,76,76,70,80,90,90,90,90,78,78,78,73,90,79,79,90,90,90,90,90,90,90,90,97,15,0,0,0],"gold":27,"neow_bonus":"THREE_RARE_CARDS","is_daily":false,"chose_seed":false,"campfire_upgraded":8,"win_rate":0.0,"timestamp":1613581042,"path_taken":["R","M","?","M","M","R","T","?","?","M","M","R","$","?","M","BOSS","R","M","M","?","M","E","T","M","M","M","M","$","R","E","M","BOSS","R","M","M","?","M","M","T","?","R","M","?","R","$","?","M","BOSS","E","R","$","BOSS","BOSS"],"items_purchased_type":["Card","Card","Relic","Relic","Relic","Relic","Potion","Relic","Card","Card","Potion","Relic","Card","Relic"],"build_version":"2020-12-22","purchased_purges":3,"victory":false,"max_hp_per_floor":[80,80,80,80,80,80,80,80,80,80,80,80,80,80,80,80,80,80,80,80,80,80,80,80,80,80,80,80,80,80,80,80,80,80,90,90,90,90,90,90,90,90,90,90,90,90,90,90,90,90,90,90,90,97,97,97,97,97],"card_choices":[{"not_picked":["Guardian:SphericShield","Guardian:TimeSifter"],"picked":"Guardian:StasisStrike","floor":0},{"not_picked":["Guardian:ShieldCharger","Guardian:Recover"],"picked":"Guardian:Gem_Green","floor":2},{"not_picked":["Guardian:ChargeCore","Guardian:Suspension"],"picked":"Guardian:Incinerate","floor":4},{"not_picked":["Guardian:Recover","Guardian:Orbwalk"],"picked":"Guardian:Gem_Lightblue","floor":5},{"not_picked":["Guardian:Gem_Green","Guardian:Orbwalk"],"picked":"Guardian:Gem_Purple","floor":9},{"not_picked":["Guardian:ShieldSpikes","Guardian:TemporalStrike"],"picked":"Guardian:Suspension","floor":10},{"not_picked":["Guardian:ChargeCore","Guardian:PrismaticBeam"],"picked":"Guardian:Gem_Red","floor":11},{"not_picked":["Guardian:BaubleBeam","Guardian:Orbwalk"],"picked":"Guardian:EvasiveProtocol","floor":13},{"not_picked":["Guardian:WalkerClaw","Guardian:Planning"],"picked":"Guardian:Gem_Purple","floor":15},{"not_picked":["Guardian:TimeSifter","Guardian:FierceBash"],"picked":"Guardian:SphericShield","floor":16},{"not_picked":["Guardian:PrimingBeam","Guardian:PrismaticBeam","Guardian:TimeCapacitor"],"picked":"SKIP","floor":19},{"not_picked":["Guardian:Emergency","Guardian:VentSteam"],"picked":"Guardian:Gem_Green","floor":20},{"not_picked":["Guardian:VentSteam+1","Guardian:Gem_Green"],"picked":"Guardian:ShieldSpikes","floor":22},{"not_picked":["Guardian:TimeSifter","Guardian:BodySlam"],"picked":"Guardian:PiercingHide","floor":23},{"not_picked":["Guardian:Reroute","Guardian:TimeCapacitor"],"picked":"Guardian:ChargeCore","floor":25},{"not_picked":["Guardian:Gem_Green","Guardian:PolyBeam"],"picked":"Guardian:DecasProtection","floor":26},{"not_picked":["Guardian:PrimingBeam","Guardian:Recover"],"picked":"Guardian:SentryBeam+1","floor":27},{"not_picked":["Guardian:VentSteam+1","Guardian:Harden+1"],"picked":"Guardian:Planning+1","floor":28},{"not_picked":["Guardian:TemporalStrike+1","Guardian:Reroute"],"picked":"Guardian:GatlingBeam","floor":29},{"not_picked":["Guardian:Gem_Cyan","Guardian:CrystalBeam"],"picked":"Guardian:RevengeProtocol","floor":31},{"not_picked":["Guardian:WalkerClaw","Guardian:DonusPower"],"picked":"Guardian:Gem_Red","floor":32},{"not_picked":["Guardian:StasisField","Guardian:StasisStrike"],"picked":"Guardian:RevengeProtocol","floor":33},{"not_picked":["Guardian:Gem_Red","Guardian:Clone+1"],"picked":"Guardian:TemporalStrike+1","floor":36},{"not_picked":["Guardian:ShieldCharger","Guardian:Incinerate","Guardian:RefractedBeam+1"],"picked":"SKIP","floor":37},{"not_picked":["Guardian:Planning","Guardian:GuardianWhirl+1"],"picked":"Guardian:Gem_Green","floor":39},{"not_picked":["Guardian:DonusPower","Guardian:Recover","Guardian:PrismaticBeam+1"],"picked":"SKIP","floor":40},{"not_picked":["Guardian:Harden+1","Guardian:Recover"],"picked":"Guardian:Gem_Cyan","floor":42},{"not_picked":["Guardian:Gem_Cyan","Guardian:Gem_Fragmented"],"picked":"Guardian:Gem_Lightblue","floor":44},{"not_picked":["Guardian:DecasProtection+1","Guardian:SentryBeam+1","Guardian:Planning"],"picked":"SKIP","floor":45},{"not_picked":["Guardian:WalkerClaw+1","Guardian:RollAttack"],"picked":"Guardian:Gem_Red","floor":47},{"not_picked":["Guardian:Gem_Green","Guardian:PrimingBeam"],"picked":"Guardian:TemporalStrike","floor":49},{"not_picked":["Guardian:PolyBeam","Guardian:Gem_Fragmented","Guardian:FierceBash"],"picked":"SKIP","floor":52}],"player_experience":200795,"relics_obtained":[{"floor":3,"key":"HollowMod:PaleOreRelic"},{"floor":3,"key":"Eternal Feather"},{"floor":3,"key":"StoneCalendar"},{"floor":7,"key":"Happy Flower"},{"floor":8,"key":"Shuriken"},{"floor":23,"key":"CeramicFish"},{"floor":31,"key":"Lantern"},{"floor":38,"key":"DemoMod:Metronome"},{"floor":41,"key":"MealTicket"},{"floor":48,"key":"Oddly Smooth Stone"},{"floor":52,"key":"War Paint"}],"event_choices":[{"damage_healed":0,"gold_gain":0,"player_choice":"Ignored","damage_taken":0,"max_hp_gain":0,"max_hp_loss":0,"event_name":"betterNote:BetterNote","floor":21,"gold_loss":0,"cards_obtained":["Runesmith:MetallurgicalResearch"]}],"is_beta":false,"boss_relics":[{"not_picked":["Sozu","Black Star"],"picked":"Guardian:ModeShifterPlus"},{"not_picked":["Tiny House","Runic Dome"],"picked":"bronze:MakeshiftBattery"}],"items_purged_floors":[29,47,54],"is_endless":false,"potions_floor_spawned":[2,9,10,11,22,23,26,27,31,33,36,37,45,49],"killed_by":"downfall:NeowBossFinal","ascension_level":4}}