{"host":"w14xfy17z3c5mpoi","time":1613601331,"event":{"mods":["AchievementEnabler","BaseMod","Minty Spire (QoL Compilation)","Relic Stats"],"gold_per_floor":[114,183,195,213,163,191,191,151,174,174,206,16,16,29,29,128,128,142,142,142,7,26,58,58,83,83,83,95,95,125,153,165,276,288,316,348,360,390,422,469,116,129,129,144,144,144],"floor_reached":45,"language":"ENG","playtime":2999,"items_purged":["Strike_G","Strike_G","Parasite"],"score":794,"play_id":"629682a0-c68f-4fa5-9767-bdfa677b8399","local_time":"20210217173530","is_ascension_mode":true,"campfire_choices":[{"data":"Terror","floor":7.0,"key":"SMITH"},{"data":"Blade Dance","floor":13.0,"key":"SMITH"},{"data":"Neutralize","floor":15.0,"key":"SMITH"},{"data":"Burst","floor":24.0,"key":"SMITH"},{"floor":27.0,"key":"REST"},{"floor":29.0,"key":"REST"},{"data":"Malaise","floor":32.0,"key":"SMITH"}],"circlet_count":0,"master_deck":["Defend_G","Defend_G+1","Defend_G+1","Defend_G","Defend_G","Survivor","Neutralize+1","Terror+1","Footwork+1","Masterful Stab","Accuracy+1","Footwork+1","Blade Dance+1","Footwork+1","Dodge and Roll","Burst+1","Finisher","Footwork+1","Caltrops+1","Cloak And Dagger+1","Caltrops+1","Malaise+1","Malaise","Acrobatics+1","Dodge and Roll+1","Dash","Leg Sweep","Master of Strategy","Deflect+1"],"relics":["Ring of the Snake","Blood Vial","Frozen Egg 2","Juzu Bracelet","Bronze Scales","FaceOfCleric","Empty Cage","Nloth\u0027s Gift","War Paint","Dream Catcher","Bag of Preparation","MawBank","Coffee Dripper","Calipers","Paper Crane"],"acts_visited":["Exordium","TheCity","TheBeyond"],"potions_floor_usage":[36,39,39,40,42,42,45],"damage_taken":[{"damage":5.0,"enemies":"Cultist","floor":1.0,"turns":4.0},{"damage":2.0,"enemies":"2 Louse","floor":3.0,"turns":4.0},{"damage":2.0,"enemies":"Small Slimes","floor":4.0,"turns":5.0},{"damage":33.0,"enemies":"Gremlin Nob","floor":6.0,"turns":5.0},{"damage":28.0,"enemies":"3 Sentries","floor":11.0,"turns":13.0},{"damage":0.0,"enemies":"Exordium Thugs","floor":14.0,"turns":5.0},{"damage":7.0,"enemies":"Hexaghost","floor":16.0,"turns":7.0},{"damage":0.0,"enemies":"Chosen","floor":18.0,"turns":5.0},{"damage":8.0,"enemies":"2 Thieves","floor":22.0,"turns":4.0},{"damage":28.0,"enemies":"Slavers","floor":23.0,"turns":6.0},{"damage":15.0,"enemies":"Gremlin Leader","floor":25.0,"turns":7.0},{"damage":15.0,"enemies":"Chosen and Byrds","floor":28.0,"turns":5.0},{"damage":13.0,"enemies":"Book of Stabbing","floor":30.0,"turns":5.0},{"damage":4.0,"enemies":"Centurion and Healer","floor":31.0,"turns":6.0},{"damage":10.0,"enemies":"Automaton","floor":33.0,"turns":11.0},{"damage":2,"enemies":"3 Darklings","floor":35,"turns":5},{"damage":6,"enemies":"Orb Walker","floor":36,"turns":2},{"damage":1,"enemies":"Writhing Mass","floor":38,"turns":6},{"damage":24,"enemies":"4 Shapes","floor":39,"turns":8},{"damage":44,"enemies":"Reptomancer","floor":40,"turns":10},{"damage":5,"enemies":"Transient","floor":42,"turns":5},{"damage":5,"enemies":"3 Darklings","floor":44,"turns":7},{"damage":7,"enemies":"Sphere and 2 Shapes","floor":45,"turns":3}],"seed_played":"-6432296022407015415","potions_obtained":[{"floor":1.0,"key":"Regen Potion"},{"floor":4.0,"key":"ColorlessPotion"},{"floor":8.0,"key":"GamblersBrew"},{"floor":8.0,"key":"Poison Potion"},{"floor":14.0,"key":"GamblersBrew"},{"floor":16.0,"key":"LiquidBronze"},{"floor":18.0,"key":"Poison Potion"},{"floor":25.0,"key":"Energy Potion"},{"floor":31.0,"key":"Fire Potion"},{"floor":33.0,"key":"DistilledChaos"},{"floor":35,"key":"Swift Potion"},{"floor":38,"key":"PowerPotion"},{"floor":40,"key":"Explosive Potion"},{"floor":44,"key":"PowerPotion"}],"is_trial":false,"path_per_floor":["M","T","M","M","?","E","R","?","T","?","E","$","R","M","R","B",null,"M","?","$","$","M","E","R","E","T","R","M","R","E","M","R","B",null,"M","M","?","M","M","E","$","M","T","M","M"],"character_chosen":"THE_SILENT","items_purchased":["Blade Dance","Footwork+1","Footwork+1","Block Potion","Master of Strategy"],"campfire_rested":2,"item_purchase_floors":[12,12,21,41,41],"current_hp_per_floor":[60,60,60,60,60,29,29,29,29,29,19,19,19,22,22,18,59,62,62,62,62,57,32,32,20,20,43,31,54,44,43,43,36,70,71,68,68,70,49,8,8,6,6,4,0,0],"gold":144,"neow_bonus":"RANDOM_COMMON_RELIC","is_daily":false,"chose_seed":false,"campfire_upgraded":5,"win_rate":0.0,"timestamp":1613601330,"path_taken":["M","?","M","M","?","E","R","?","T","?","E","?","R","M","R","BOSS","M","?","?","$","M","E","R","E","T","R","M","R","E","M","R","BOSS","M","M","?","M","M","E","$","M","T","M","M"],"items_purchased_type":["Card","Card","Card","Potion","Card"],"build_version":"2020-12-22","purchased_purges":3,"victory":false,"max_hp_per_floor":[70,70,70,70,70,70,70,70,70,70,71,71,71,72,72,73,73,74,74,74,74,75,76,76,77,77,77,78,78,79,80,80,81,81,82,83,83,84,85,86,83,84,84,85,85,85],"relic_stats":{"Blood Vial":46,"Dream Catcher":2,"FaceOfCleric":18,"counters":[23,138],"Bronze Scales":[445],"Juzu Bracelet":2,"Nloth\u0027s Gift":4,"Bag of Preparation":[24],"War Paint":["Defend_G","Defend_G"],"MawBank":132,"obtain_stats":[{"Calipers":40,"Juzu Bracelet":6,"Bag of Preparation":26,"Frozen Egg 2":2,"War Paint":23,"Paper Crane":43,"Empty Cage":17,"MawBank":30,"Blood Vial":0,"CaptainsWheel":11,"Dream Catcher":25,"FaceOfCleric":10,"Bronze Scales":9,"Nloth\u0027s Gift":19,"Coffee Dripper":34,"Ring of the Snake":0},{"Calipers":20,"Juzu Bracelet":4,"Bag of Preparation":11,"Frozen Egg 2":1,"War Paint":10,"Paper Crane":21,"Empty Cage":7,"MawBank":13,"Blood Vial":0,"CaptainsWheel":5,"Dream Catcher":11,"FaceOfCleric":4,"Bronze Scales":4,"Nloth\u0027s Gift":8,"Coffee Dripper":15,"Ring of the Snake":0},{"Calipers":123,"Juzu Bracelet":18,"Bag of Preparation":65,"Frozen Egg 2":4,"War Paint":58,"Paper Crane":128,"Empty Cage":43,"MawBank":75,"Blood Vial":0,"CaptainsWheel":31,"Dream Catcher":65,"FaceOfCleric":18,"Bronze Scales":18,"Nloth\u0027s Gift":48,"Coffee Dripper":92,"Ring of the Snake":0}],"Ring of the Snake":[46]},"card_choices":[{"not_picked":["Deadly Poison","Backflip"],"picked":"Terror","floor":1.0},{"not_picked":["Outmaneuver","Dagger Spray"],"picked":"Footwork+1","floor":3.0},{"not_picked":["Heel Hook","Quick Slash"],"picked":"Masterful Stab","floor":4.0},{"not_picked":["Cloak And Dagger","PiercingWail"],"picked":"Accuracy+1","floor":6.0},{"not_picked":["Prepared","Tools of the Trade+1"],"picked":"Footwork+1","floor":11.0},{"not_picked":["Bane","Outmaneuver"],"picked":"Dodge and Roll","floor":14.0},{"not_picked":["Malaise","Doppelganger"],"picked":"Burst","floor":16.0},{"not_picked":["Bane","Poisoned Stab"],"picked":"Finisher","floor":18.0},{"not_picked":["Riddle With Holes+1","Eviscerate","Skewer"],"picked":"SKIP","floor":22.0},{"not_picked":["Doppelganger","Underhanded Strike"],"picked":"Caltrops+1","floor":23.0},{"not_picked":["Doppelganger","Heel Hook","Skewer+1"],"picked":"SKIP","floor":25.0},{"not_picked":["Leg Sweep","Quick Slash"],"picked":"Cloak And Dagger+1","floor":27.0},{"not_picked":["Dagger Throw+1","Dodge and Roll","Underhanded Strike"],"picked":"SKIP","floor":28.0},{"not_picked":["Quick Slash","Finisher"],"picked":"Caltrops+1","floor":29.0},{"not_picked":["After Image+1","Slice"],"picked":"Malaise","floor":30.0},{"not_picked":["Flying Knee","Outmaneuver","Deadly Poison"],"picked":"SKIP","floor":31.0},{"not_picked":["A Thousand Cuts+1","Unload"],"picked":"Malaise","floor":33.0},{"not_picked":["Underhanded Strike+1","Slice+1"],"picked":"Acrobatics+1","floor":35},{"not_picked":["Concentrate+1","Cloak And Dagger"],"picked":"Dodge and Roll+1","floor":36},{"not_picked":["Catalyst+1","Deadly Poison+1"],"picked":"Leg Sweep","floor":38},{"not_picked":["Deadly Poison+1","Dagger Spray","Distraction+1"],"picked":"SKIP","floor":39},{"not_picked":["Prepared","Bullet Time","Reflex"],"picked":"SKIP","floor":40},{"not_picked":["Flechettes","Dagger Spray+1"],"picked":"Deflect+1","floor":42},{"not_picked":["Accuracy+1","Dagger Spray+1","Slice+1"],"picked":"SKIP","floor":44}],"player_experience":689661,"relics_obtained":[{"floor":2.0,"key":"Frozen Egg 2"},{"floor":6.0,"key":"Juzu Bracelet"},{"floor":9.0,"key":"Bronze Scales"},{"floor":11.0,"key":"CaptainsWheel"},{"floor":23.0,"key":"War Paint"},{"floor":25.0,"key":"Dream Catcher"},{"floor":26.0,"key":"Bag of Preparation"},{"floor":30.0,"key":"MawBank"},{"floor":40,"key":"Calipers"},{"floor":43,"key":"Paper Crane"}],"event_choices":[{"cards_removed":["Strike_G"],"damage_healed":0.0,"max_hp_gain":0.0,"max_hp_loss":0.0,"gold_gain":0.0,"event_name":"The Cleric","player_choice":"Card Removal","floor":5.0,"gold_loss":50.0,"damage_taken":0.0},{"damage_healed":0.0,"max_hp_gain":0.0,"max_hp_loss":0.0,"gold_gain":0.0,"event_name":"The Woman in Blue","player_choice":"Bought 3 Potions","floor":8.0,"gold_loss":0.0,"damage_taken":0.0},{"damage_healed":0.0,"max_hp_gain":0.0,"max_hp_loss":0.0,"gold_gain":0.0,"event_name":"FaceTrader","player_choice":"Trade","floor":10.0,"gold_loss":0.0,"damage_taken":0.0,"relics_obtained":["FaceOfCleric"]},{"damage_healed":0.0,"max_hp_gain":0.0,"max_hp_loss":0.0,"gold_gain":0.0,"event_name":"N\u0027loth","player_choice":"Traded Relic","floor":19.0,"relics_lost":["CaptainsWheel"],"gold_loss":0.0,"damage_taken":0.0,"relics_obtained":["Nloth\u0027s Gift"]},{"damage_healed":0,"gold_gain":0,"player_choice":"1 cards matched","damage_taken":0,"max_hp_gain":0,"max_hp_loss":0,"event_name":"Match and Keep!","floor":37,"gold_loss":0,"cards_obtained":["Dash"]}],"is_beta":false,"boss_relics":[{"not_picked":["Tiny House","Ectoplasm"],"picked":"Empty Cage"},{"not_picked":["Snecko Eye","Cursed Key"],"picked":"Coffee Dripper"}],"items_purged_floors":[12,21,41],"is_endless":false,"potions_floor_spawned":[1,4,14,16,18,25,31,33,35,38,40,44],"killed_by":"Sphere and 2 Shapes","ascension_level":9}}