{"host":"apr17x9d6644yr8l","time":1613528723,"event":{"mods":["BaseMod","Downfall","Hermit","Minty Spire (QoL Compilation)","StSLib","The Cursed","The Servant 0.9.4"],"gold_per_floor":[99,274,274,294,313,333,382,282,298,311,311,311,336,350,363,363,363,363],"floor_reached":16,"language":"ENG","playtime":1043,"items_purged":[],"score":104,"play_id":"19cab23a-c263-4d59-988f-df401df191ec","local_time":"20210216182523","is_ascension_mode":false,"campfire_choices":[{"floor":1,"key":"RECALL"},{"data":"Guardian:TwinSlam","floor":8,"key":"SMITH"},{"floor":12,"key":"REST"}],"circlet_count":0,"master_deck":["Guardian:Strike_Guardian+1","Guardian:Strike_Guardian+1","Guardian:Strike_Guardian","Guardian:Strike_Guardian","Guardian:Defend_Guardian","Guardian:Defend_Guardian","Guardian:Defend_Guardian+1","Guardian:CurlUp","Guardian:TwinSlam+1","Doubt","downfall:Malfunctioning","Guardian:Gem_Cyan","Guardian:Gem_Crimson","Guardian:Gem_Orange","Guardian:ArmoredProtocol","Guardian:VentSteam","Guardian:PrismaticBarrier"],"relics":["Guardian:ModeShifter","PreservedInsect","downfall:HeartBlessingRed","Bottled Lightning"],"acts_visited":["Exordium"],"potions_floor_usage":[13,13,13,16,16],"damage_taken":[{"damage":3,"enemies":"Jaw Worm","floor":4,"turns":5},{"damage":7,"enemies":"2 Louse","floor":5,"turns":3},{"damage":5,"enemies":"Small Slimes","floor":6,"turns":3},{"damage":14,"enemies":"Gremlin Gang","floor":9,"turns":4},{"damage":17,"enemies":"Exordium Wildlife","floor":10,"turns":5},{"damage":16,"enemies":"3 Sentries","floor":13,"turns":10},{"damage":12,"enemies":"Blue Slaver","floor":14,"turns":3},{"damage":5,"enemies":"Lots of Slimes","floor":15,"turns":4},{"damage":40,"enemies":"DF_ARCHETYPE_STREAMLINE","floor":16,"turns":9}],"seed_played":"-147790860010692718","potions_obtained":[{"floor":4,"key":"hexamod:SoulburnPotion"},{"floor":5,"key":"hexamod:SoulburnPotion"},{"floor":9,"key":"bronze:BurnAndBuffPotion"},{"floor":13,"key":"Block Potion"},{"floor":14,"key":"Weak Potion"}],"is_trial":false,"path_per_floor":["R","?","?","M","M","M","T","R","M","M","?","R","E","M","M","B"],"character_chosen":"GUARDIAN","items_purchased":[],"campfire_rested":1,"item_purchase_floors":[],"current_hp_per_floor":[88,88,88,85,78,73,73,73,59,42,42,68,52,40,35,0,0,0],"gold":363,"neow_bonus":"TEN_PERCENT_HP_BONUS","is_daily":false,"chose_seed":false,"campfire_upgraded":1,"win_rate":0.0,"timestamp":1613528723,"path_taken":["R","?","?","M","M","M","T","R","M","M","?","R","E","?","M","BOSS"],"items_purchased_type":[],"build_version":"2020-12-22","purchased_purges":0,"victory":false,"max_hp_per_floor":[88,88,88,88,88,88,88,88,88,88,88,88,88,88,88,88,88,88],"card_choices":[{"not_picked":["Guardian:MultiBeam","Guardian:ChargeCore"],"picked":"Guardian:Gem_Purple","floor":4},{"not_picked":["Guardian:Suspension","Guardian:WalkerClaw","Guardian:GuardianWhirl"],"picked":"SKIP","floor":5},{"not_picked":["Guardian:TemporalStrike","Guardian:ArmoredProtocol"],"picked":"Guardian:Gem_Lightblue","floor":6},{"not_picked":["Guardian:Recover","Guardian:Gem_Blue"],"picked":"Guardian:Gem_Cyan","floor":9},{"not_picked":["Guardian:ShieldCharger","Guardian:TimeBomb"],"picked":"Guardian:Gem_Crimson","floor":10},{"not_picked":["Guardian:Gem_Blue","Guardian:Suspension"],"picked":"Guardian:ArmoredProtocol","floor":13},{"not_picked":["Guardian:WalkerClaw","Guardian:Incinerate"],"picked":"Guardian:VentSteam","floor":14},{"not_picked":["Guardian:ShieldSpikes","Guardian:VentSteam"],"picked":"Guardian:PrismaticBarrier","floor":15}],"player_experience":250922,"relics_obtained":[{"floor":7,"key":"PreservedInsect"},{"floor":13,"key":"Bottled Lightning"}],"event_choices":[],"is_beta":false,"boss_relics":[],"items_purged_floors":[],"is_endless":false,"potions_floor_spawned":[4,5,9,13,14],"killed_by":"DF_ARCHETYPE_STREAMLINE","ascension_level":0}}