{"host":"mo324zvkdr1xwprd","time":1613577851,"event":{"mods":["A Penny For Your Troubles","BaseMod","Better Note","Better Third Choice","BetterRewards","Hermit","Highlight Path","Hubris","Minty Spire (QoL Compilation)","Quick Restart","Rare Cards Sparkle","Shop Mod","StSLib","The Cursed","The Hierophant","The Servant 0.9.4","Transform Curses"],"gold_per_floor":[119,129,129,140,150,150,183,202,228,403,413,439,40,70,70,165,165,185,185,205,217,217,248,265,278,278,303,303,303,331,345,345,446,446,457,457,472,11,61,61,72,105,152,169,169,9,9,40,40,41,41,41,4,4,4],"floor_reached":54,"language":"ENG","playtime":7264,"items_purged":[],"score":1564,"play_id":"09430456-0508-4ffc-9499-acccc5ea66a8","local_time":"20210217160411","is_ascension_mode":true,"campfire_choices":[{"floor":6.0,"key":"REST"},{"floor":15.0,"key":"REST"},{"floor":28.0,"key":"REST"},{"floor":32.0,"key":"REST"},{"floor":40.0,"key":"RECALL"},{"floor":45,"key":"REST"},{"floor":49,"key":"REST"},{"floor":52,"key":"REST"}],"circlet_count":0,"master_deck":["AscendersBane","Strike_R","Strike_R","Strike_R","Strike_R","Strike_R","Defend_R","Defend_R","Bash","Good Instincts","Iron Wave","Perfected Strike","Thunderclap","Thunderclap","Bludgeon","Shrug It Off","Clothesline","Cleave+1","Inflame","Swift Strike+1","Twin Strike+1","hubris:StunningStrike+1","Clash+1","Sword Boomerang+1","Fire Breathing","Sword Boomerang+1","hubris:CleavingFinish+1","Power Through+1","Shockwave+1","Cleave+1","Anger+1","Sentinel","Inflame","Demon Form","Flex","Flame Barrier","Limit Break","Secret Weapon","Good Instincts","Dropkick+1","Heavy Blade+1","Headbutt+1","Limit Break","Perfected Strike+1","Apotheosis","Pommel Strike+1","hubris:CleavingFinish+1"],"relics":["Burning Blood","Calipers","Pocketwatch","hubris:Potato","StoneCalendar","Regal Pillow","Molten Egg 2","Pantograph","Anchor","Black Star","Toy Ornithopter","hubris:ToyBattleship","Ice Cream","White Beast Statue","Fusion Hammer","hubris:AstralHammer","hubris:Metronome","hubris:SphereOfDissonance","MerchantsRug","Juzu Bracelet","Lantern"],"acts_visited":["Exordium","TheCity","TheBeyond","TheEnding"],"potions_floor_usage":[44,48,50],"damage_taken":[{"damage":1.0,"enemies":"2 Louse","floor":1.0,"turns":5.0},{"damage":0.0,"enemies":"Cultist","floor":2.0,"turns":3.0},{"damage":3.0,"enemies":"Jaw Worm","floor":4.0,"turns":6.0},{"damage":1.0,"enemies":"2 Fungi Beasts","floor":5.0,"turns":3.0},{"damage":9.0,"enemies":"Lagavulin","floor":7.0,"turns":4.0},{"damage":11.0,"enemies":"Looter","floor":8.0,"turns":3.0},{"damage":1.0,"enemies":"Exordium Thugs","floor":11.0,"turns":3.0},{"damage":19.0,"enemies":"3 Sentries","floor":12.0,"turns":7.0},{"damage":30.0,"enemies":"Lagavulin","floor":14.0,"turns":7.0},{"damage":27.0,"enemies":"Hexaghost","floor":16.0,"turns":9.0},{"damage":0.0,"enemies":"Chosen","floor":18.0,"turns":5.0},{"damage":16.0,"enemies":"Shell Parasite","floor":20.0,"turns":7.0},{"damage":17.0,"enemies":"3 Cultists","floor":21.0,"turns":5.0},{"damage":44.0,"enemies":"Book of Stabbing","floor":23.0,"turns":4.0},{"damage":2.0,"enemies":"Chosen and Byrds","floor":24.0,"turns":5.0},{"damage":13.0,"enemies":"Snecko","floor":25.0,"turns":4.0},{"damage":11.0,"enemies":"Gremlin Leader","floor":27.0,"turns":6.0},{"damage":31.0,"enemies":"Book of Stabbing","floor":30.0,"turns":6.0},{"damage":11.0,"enemies":"Centurion and Healer","floor":31.0,"turns":7.0},{"damage":41.0,"enemies":"hubris:MusketHawk","floor":33.0,"turns":8.0},{"damage":0.0,"enemies":"3 Shapes","floor":35.0,"turns":7.0},{"damage":1.0,"enemies":"3 Darklings","floor":37.0,"turns":5.0},{"damage":19.0,"enemies":"Mind Bloom Boss Battle","floor":39.0,"turns":6.0},{"damage":15.0,"enemies":"Jaw Worm Horde","floor":41.0,"turns":4.0},{"damage":44.0,"enemies":"Reptomancer","floor":42.0,"turns":5.0},{"damage":10,"enemies":"Spire Growth","floor":44,"turns":4},{"damage":9,"enemies":"Giant Head","floor":48,"turns":6},{"damage":78,"enemies":"Awakened One","floor":50,"turns":10},{"damage":81,"enemies":"Shield and Spear","floor":54,"turns":3}],"seed_played":"-7106596626213519024","potions_obtained":[{"floor":1.0,"key":"AttackPotion"},{"floor":3.0,"key":"Regen Potion"},{"floor":4.0,"key":"Fire Potion"},{"floor":11.0,"key":"SpeedPotion"},{"floor":20.0,"key":"Explosive Potion"},{"floor":21.0,"key":"Fire Potion"},{"floor":24.0,"key":"Strength Potion"},{"floor":27.0,"key":"LiquidBronze"},{"floor":30.0,"key":"GamblersBrew"},{"floor":31.0,"key":"Strength Potion"},{"floor":33.0,"key":"GamblersBrew"},{"floor":35.0,"key":"EssenceOfSteel"},{"floor":37.0,"key":"Swift Potion"},{"floor":39.0,"key":"Fire Potion"},{"floor":41.0,"key":"Explosive Potion"},{"floor":42.0,"key":"SkillPotion"},{"floor":44,"key":"GamblersBrew"},{"floor":48,"key":"SkillPotion"}],"is_trial":false,"path_per_floor":["M","M","?","M","M","R","E","M","T","?","M","E","$","E","R","B",null,"M","?","M","M","?","E","M","M","T","E","R","?","E","M","R","B",null,"M","?","M","$","?","R","M","E","T","M","R","$","?","E","R","B",null,"R","$","E"],"character_chosen":"IRONCLAD","items_purchased":["Calipers","Lizard Tail","Good Instincts","Pantograph","Inflame","Swift Strike+1","Limit Break","Secret Weapon","SkillPotion","Good Instincts","Dropkick+1","MerchantsRug","Apotheosis","hubris:CleavingFinish+1"],"campfire_rested":7,"item_purchase_floors":[0,0,0,13,13,13,38,38,38,38,38,46,46,53],"current_hp_per_floor":[21,27,27,45,50,74,71,66,66,66,71,58,58,34,73,59,75,80,80,70,59,59,21,25,23,23,18,57,57,37,32,71,48,72,80,80,80,80,72,72,71,38,38,39,78,78,80,80,80,13,63,80,80,0,0],"gold":4,"neow_bonus":"","is_daily":false,"chose_seed":false,"campfire_upgraded":0,"win_rate":0.0,"timestamp":1613577851,"path_taken":["M","M","?","M","M","R","E","?","T","?","M","E","$","E","R","BOSS","M","?","?","M","?","E","M","M","T","E","R","?","E","?","R","BOSS","M","?","M","$","?","R","M","E","T","?","R","$","?","E","R","BOSS","R","$","E"],"items_purchased_type":["Relic","Relic","Card","Relic","Card","Card","Card","Card","Potion","Card","Card","Relic","Card","Card"],"build_version":"2020-12-22","purchased_purges":0,"victory":false,"max_hp_per_floor":[80,80,80,80,80,80,80,80,80,80,80,80,80,80,80,80,80,80,80,80,80,80,80,80,80,80,80,80,80,80,80,80,80,80,80,80,80,80,80,80,80,80,80,80,80,80,80,80,80,80,80,80,80,80,80],"card_choices":[{"not_picked":["Armaments","Entrench"],"picked":"Iron Wave","floor":1.0},{"not_picked":["Combust","Havoc"],"picked":"Perfected Strike","floor":2.0},{"not_picked":["True Grit","Armaments"],"picked":"Thunderclap","floor":4.0},{"not_picked":["Body Slam","Headbutt"],"picked":"Thunderclap","floor":5.0},{"not_picked":["Havoc","Heavy Blade"],"picked":"Bludgeon","floor":7.0},{"not_picked":["Blood for Blood","Sword Boomerang"],"picked":"Shrug It Off","floor":8.0},{"not_picked":["Bloodletting","hubris:CleavingFinish"],"picked":"Clothesline","floor":11.0},{"not_picked":["Uppercut+1","Body Slam+1"],"picked":"Cleave+1","floor":12.0},{"not_picked":["Flex","Metallicize"],"picked":"Twin Strike+1","floor":14.0},{"not_picked":["Fiend Fire+1","Corruption"],"picked":"hubris:StunningStrike+1","floor":16.0},{"not_picked":["Clothesline+1","Warcry"],"picked":"Clash+1","floor":18.0},{"not_picked":["Thunderclap+1","Headbutt+1"],"picked":"Sword Boomerang+1","floor":20.0},{"not_picked":["Body Slam+1","True Grit+1"],"picked":"hubris:CleavingFinish+1","floor":21.0},{"not_picked":["Fire Breathing+1","Metallicize"],"picked":"Power Through+1","floor":23.0},{"not_picked":["Armaments","Infernal Blade"],"picked":"Shockwave+1","floor":24.0},{"not_picked":["Flex","Battle Trance"],"picked":"Cleave+1","floor":25.0},{"not_picked":["Disarm+1","Warcry"],"picked":"Anger+1","floor":27.0},{"not_picked":["Havoc","Entrench"],"picked":"Sentinel","floor":30.0},{"not_picked":["Flame Barrier","Feel No Pain"],"picked":"Inflame","floor":31.0},{"not_picked":["Bludgeon+1","Fiend Fire+1"],"picked":"Demon Form","floor":33.0},{"not_picked":["Body Slam+1","Bloodletting"],"picked":"Flex","floor":35.0},{"not_picked":["Iron Wave+1","Infernal Blade"],"picked":"Flame Barrier","floor":37.0},{"not_picked":["Shrug It Off","Flex"],"picked":"Heavy Blade+1","floor":39.0},{"not_picked":["Warcry","Body Slam+1"],"picked":"Headbutt+1","floor":41.0},{"not_picked":["Dark Embrace","Twin Strike+1"],"picked":"Limit Break","floor":42.0},{"not_picked":["Twin Strike+1","Iron Wave+1"],"picked":"Perfected Strike+1","floor":44},{"not_picked":["Berserk","Wild Strike+1"],"picked":"Pommel Strike+1","floor":48}],"player_experience":721219,"relics_obtained":[{"floor":7.0,"key":"StoneCalendar"},{"floor":9.0,"key":"Regal Pillow"},{"floor":12.0,"key":"Molten Egg 2"},{"floor":14.0,"key":"Anchor"},{"floor":23.0,"key":"Peace Pipe"},{"floor":23.0,"key":"Toy Ornithopter"},{"floor":26.0,"key":"Self Forming Clay"},{"floor":27.0,"key":"hubris:ToyBattleship"},{"floor":27.0,"key":"Smiling Mask"},{"floor":30.0,"key":"Ice Cream"},{"floor":30.0,"key":"White Beast Statue"},{"floor":39.0,"key":"hubris:AstralHammer"},{"floor":42.0,"key":"hubris:Metronome"},{"floor":42.0,"key":"hubris:SphereOfDissonance"},{"floor":48,"key":"Juzu Bracelet"},{"floor":48,"key":"Lantern"}],"event_choices":[{"damage_healed":0.0,"max_hp_gain":0.0,"max_hp_loss":0.0,"gold_gain":0.0,"event_name":"Lab","player_choice":"Got Potions","floor":3.0,"gold_loss":0.0,"damage_taken":0.0},{"damage_healed":0.0,"max_hp_gain":0.0,"max_hp_loss":0.0,"gold_gain":175.0,"event_name":"betterThird:BetterSerpent","player_choice":"AGREE","floor":10.0,"gold_loss":0.0,"damage_taken":228.0},{"damage_healed":0.0,"max_hp_gain":0.0,"max_hp_loss":0.0,"gold_gain":0.0,"event_name":"Match and Keep!","player_choice":"2 cards matched","floor":19.0,"gold_loss":0.0,"damage_taken":0.0,"cards_obtained":["Sword Boomerang","Fire Breathing"]},{"cards_removed":["Doubt"],"damage_healed":0.0,"max_hp_gain":0.0,"max_hp_loss":0.0,"gold_gain":0.0,"event_name":"Fountain of Cleansing","player_choice":"Removed Curses","floor":22.0,"gold_loss":0.0,"damage_taken":0.0},{"damage_healed":0.0,"max_hp_gain":0.0,"max_hp_loss":0.0,"gold_gain":0.0,"event_name":"betterNote:BetterNote","player_choice":"Ignored","floor":29.0,"gold_loss":0.0,"damage_taken":0.0,"cards_obtained":["TheCursedMod:Strike_TheCursed"]},{"cards_removed":["Defend_R"],"damage_healed":0.0,"max_hp_gain":0.0,"max_hp_loss":0.0,"gold_gain":0.0,"event_name":"Falling","player_choice":"Removed Skill","floor":36.0,"gold_loss":0.0,"damage_taken":0.0},{"damage_healed":0.0,"max_hp_gain":0.0,"max_hp_loss":0.0,"gold_gain":0.0,"event_name":"MindBloom","player_choice":"Fight","floor":39.0,"gold_loss":0.0,"damage_taken":0.0},{"cards_removed":["Combust"],"damage_healed":2,"gold_gain":0,"player_choice":"Offered Uncommon","damage_taken":0,"max_hp_gain":0,"max_hp_loss":0,"event_name":"Bonfire Elementals","floor":47,"gold_loss":0}],"is_beta":false,"boss_relics":[{"not_picked":["Runic Dome","hubris:Backtick"],"picked":"Black Star"},{"not_picked":["Black Blood","hubris:RunicObelisk"],"picked":"Fusion Hammer"}],"items_purged_floors":[],"is_endless":false,"potions_floor_spawned":[1,4,5,11,20,21,24,27,30,31,33,35,37,39,41,42,44,48],"killed_by":"Shield and Spear","ascension_level":11}}