{"host":"684z1xpuwaoqmmh1","time":1613556129,"event":{"mods":["A Magickal Journey","BaseMod","Downfall","Hermit","Jorbs\u0027s Wanderer Trilogy","Marisa????????","Minty Spire (QoL Compilation)","Robot Space Explorer","Shade Mod","StSLib","The Bug Knight","The Dragon Tamer","The Elementalist","The Hayseed","The Hierophant","The Marked","The Mystic","The Runesmith","The Saiyan","The Senshi","The Spell Scribe","The Vixen","TheBandit","TheFirefly"],"gold_per_floor":[87,105,155,174,144,158,187,187,238,238,255,268,298,308,308,411,461,476,476,28,28,45,80,80,115,115,143,143,158,158,188,188,287,287,304,304,304,318,368,400,400,431,456,556,576,610,610,641,641,641,641],"floor_reached":50,"language":"ENG","playtime":2793,"items_purged":[],"score":1182,"play_id":"d2ff858c-a529-4dde-a82b-ff32269b5451","local_time":"20210217120209","is_ascension_mode":true,"campfire_choices":[{"data":"Saiyan:RuthlessBlow","floor":8.0,"key":"SMITH"},{"data":"Saiyan:Teleport","floor":10.0,"key":"SMITH"},{"data":"Saiyan:SuperSaiyanForm","floor":15.0,"key":"SMITH"},{"data":"Saiyan:GenkiDama","floor":28.0,"key":"SMITH"},{"data":"Saiyan:SuperSaiyanThree","floor":30.0,"key":"SMITH"},{"data":"Saiyan:PressOn","floor":32.0,"key":"SMITH"},{"floor":41,"key":"RECALL"},{"data":"Saiyan:ExtremeSpeed","floor":49,"key":"SMITH"}],"circlet_count":0,"master_deck":["AscendersBane","Saiyan:SAIYA_Strike","Saiyan:SAIYA_Strike+1","Saiyan:SAIYA_Strike+1","Saiyan:SAIYA_Defend","Saiyan:SAIYA_Defend","Saiyan:SAIYA_Defend","Saiyan:SAIYA_Defend","Saiyan:EnergyBlast","Saiyan:RuthlessBlow+1","Saiyan:PowerUp","Saiyan:ThirstForFight+1","Saiyan:TurtleShell","Saiyan:Teleport+1","Saiyan:PowerStance","Saiyan:DoubleMasenko","Saiyan:KiExplosion","Saiyan:PressOn+1","Saiyan:FingerParry","Saiyan:SuperSaiyanForm+1","Saiyan:SuperSaiyanThree+1","Saiyan:Flurry","Saiyan:TurtleShell","Saiyan:DragonFist","Saiyan:GenkiDama+1","Saiyan:Makankosappo","Saiyan:RemoveWeights+1","Saiyan:FinalFlash+1","Saiyan:Momentum+1","Saiyan:ExtremeSpeed+1","Saiyan:TurtleShell+1","Saiyan:Quickening+1","Saiyan:SolarFlare","Saiyan:ConcussiveBlow+1","Saiyan:Pacing+1"],"relics":["SaiyanSoul","SaiyanHeart","HollowMod:LifeEnderRelic","Toy Ornithopter","sneckomod:BlankCard","Tiny House","PreservedInsect","Bronze Scales","Sling","Mummified Hand","MealTicket","Lantern","Bag of Preparation","Runesmith:AutoHammer","Blood Vial","SlaversCollar","Turnip","Whetstone","Bag of Marbles","Vajra","Potion Belt","hexamod:CandleOfCauterizing"],"acts_visited":["Exordium","TheCity","TheBeyond"],"potions_floor_usage":[39,40,48],"damage_taken":[{"damage":0.0,"enemies":"Cultist","floor":1.0,"turns":3.0},{"damage":1.0,"enemies":"Small Slimes","floor":2.0,"turns":4.0},{"damage":0.0,"enemies":"Jaw Worm","floor":4.0,"turns":4.0},{"damage":2.0,"enemies":"Looter","floor":5.0,"turns":4.0},{"damage":5.0,"enemies":"2 Fungi Beasts","floor":6.0,"turns":4.0},{"damage":8.0,"enemies":"Lagavulin","floor":7.0,"turns":7.0},{"damage":0.0,"enemies":"Exordium Thugs","floor":11.0,"turns":4.0},{"damage":0.0,"enemies":"Looter","floor":12.0,"turns":4.0},{"damage":5.0,"enemies":"HollowMod:MossKnight","floor":13.0,"turns":9.0},{"damage":13.0,"enemies":"Blue Slaver","floor":14.0,"turns":5.0},{"damage":42.0,"enemies":"Hexaghost","floor":16.0,"turns":15.0},{"damage":26.0,"enemies":"3 Byrds","floor":18.0,"turns":5.0},{"damage":7.0,"enemies":"Spheric Guardian","floor":22.0,"turns":5.0},{"damage":8.0,"enemies":"Book of Stabbing","floor":23.0,"turns":4.0},{"damage":22.0,"enemies":"Slavers","floor":25.0,"turns":3.0},{"damage":0.0,"enemies":"Book of Stabbing","floor":27.0,"turns":3.0},{"damage":4.0,"enemies":"Centurion and Healer","floor":29.0,"turns":6.0},{"damage":18.0,"enemies":"Slavers","floor":31.0,"turns":3.0},{"damage":46.0,"enemies":"Automaton","floor":33.0,"turns":9.0},{"damage":0,"enemies":"3 Shapes","floor":35,"turns":4},{"damage":5,"enemies":"3 Darklings","floor":38,"turns":4},{"damage":15,"enemies":"Mind Bloom Boss Battle","floor":39,"turns":6},{"damage":0,"enemies":"Giant Head","floor":40,"turns":5},{"damage":4,"enemies":"HollowMod:StalkingDevout","floor":42,"turns":4},{"damage":17,"enemies":"Maw","floor":45,"turns":7},{"damage":3,"enemies":"Nemesis","floor":46,"turns":3},{"damage":35,"enemies":"HollowMod:StalkingDevout","floor":48,"turns":5},{"damage":87,"enemies":"Time Eater","floor":50,"turns":6}],"seed_played":"-9047387949744355124","potions_obtained":[{"floor":2.0,"key":"champ:CounterPotion"},{"floor":7.0,"key":"sneckomod:MuddlingPotion"},{"floor":11.0,"key":"ColorlessPotion"},{"floor":12.0,"key":"hexamod:SoulburnPotion"},{"floor":14.0,"key":"SpeedPotion"},{"floor":17.0,"key":"EntropicBrew"},{"floor":18.0,"key":"Regen Potion"},{"floor":29.0,"key":"Fire Potion"},{"floor":31.0,"key":"bronze:BurnAndBuffPotion"},{"floor":33.0,"key":"SkillPotion"},{"floor":39,"key":"Regen Potion"},{"floor":40,"key":"AttackPotion"},{"floor":42,"key":"DuplicationPotion"},{"floor":46,"key":"Ancient Potion"}],"is_trial":false,"path_per_floor":["M","M","?","M","M","M","E","R","T","R","M","M","E","M","R","B",null,"M","?","$","?","M","E","T","E","T","E","R","M","R","E","R","B",null,"M","?","?","M","?","E","R","E","T","?","M","E","?","E","R","B"],"character_chosen":"SAIYAJIN","items_purchased":["PreservedInsect","Bronze Scales","Sling"],"campfire_rested":0,"item_purchase_floors":[20,20,20],"current_hp_per_floor":[55,57,57,58,57,53,46,46,46,46,47,48,49,39,39,3,62,43,43,43,43,59,69,69,55,55,57,57,55,55,39,39,12,77,80,80,80,79,72,96,96,97,97,97,83,84,84,59,59,0,0],"gold":641,"neow_bonus":"REMOVE_CARD","is_daily":false,"chose_seed":false,"campfire_upgraded":7,"win_rate":0.0,"timestamp":1613556129,"path_taken":["M","M","?","M","M","M","E","R","T","R","M","M","E","M","R","BOSS","M","?","$","?","M","E","?","E","T","E","R","M","R","E","R","BOSS","M","?","?","?","?","E","R","E","T","?","?","E","?","E","R","BOSS"],"items_purchased_type":["Relic","Relic","Relic"],"build_version":"2020-12-22","purchased_purges":0,"victory":false,"max_hp_per_floor":[61,64,64,65,66,67,68,68,68,68,69,70,71,74,74,75,80,82,82,82,82,85,88,88,91,91,93,93,95,95,97,97,99,99,100,100,100,102,103,106,106,109,109,109,110,112,106,109,109,111,111],"card_choices":[{"not_picked":["Saiyan:Expend","Saiyan:BigBangAttack"],"picked":"Saiyan:PowerUp","floor":1.0},{"not_picked":["Saiyan:Honing","Saiyan:SpiritSword"],"picked":"Saiyan:ThirstForFight","floor":2.0},{"not_picked":["Saiyan:DrainingStrike","Saiyan:Scouter"],"picked":"Saiyan:TurtleShell","floor":4.0},{"not_picked":["Saiyan:Scouter","Saiyan:WarmUp"],"picked":"Saiyan:Teleport","floor":5.0},{"not_picked":["Saiyan:UltraInstinct","Saiyan:SoulSpice"],"picked":"Saiyan:PowerStance","floor":6.0},{"not_picked":["Saiyan:Endure","Saiyan:PowerPole"],"picked":"Saiyan:DoubleMasenko","floor":7.0},{"not_picked":["Saiyan:SaiyanHubris","Saiyan:Scouter"],"picked":"Saiyan:KiExplosion","floor":11.0},{"not_picked":["Saiyan:PowerUp","Saiyan:Scouter"],"picked":"Saiyan:PressOn","floor":12.0},{"not_picked":["Saiyan:TheBomb","Saiyan:Teleport"],"picked":"Saiyan:FingerParry","floor":13.0},{"not_picked":["Saiyan:DragonRadar","Saiyan:DragonFist"],"picked":"Saiyan:SuperSaiyanForm","floor":14.0},{"not_picked":["Saiyan:TheBomb","Saiyan:Momentum"],"picked":"Saiyan:SuperSaiyanThree","floor":16.0},{"not_picked":["Saiyan:Endure","Saiyan:DragonFist"],"picked":"Saiyan:Flurry","floor":17.0},{"not_picked":["Saiyan:UltraInstinct","Saiyan:ThirstForFight"],"picked":"Saiyan:TurtleShell","floor":18.0},{"not_picked":["Saiyan:ExpandingShockwave","Saiyan:Quickening"],"picked":"Saiyan:DragonFist","floor":22.0},{"not_picked":["Saiyan:DoubleMasenko","Saiyan:MeteorDash+1","Saiyan:Taunt"],"picked":"SKIP","floor":23.0},{"not_picked":["Saiyan:Pacing","Saiyan:SpiritSword"],"picked":"Saiyan:GenkiDama","floor":25.0},{"not_picked":["Saiyan:TheBomb","Saiyan:ThirstForFight"],"picked":"Saiyan:Makankosappo","floor":27.0},{"not_picked":["Saiyan:MeteorDash","Saiyan:DragonFist"],"picked":"Saiyan:RemoveWeights+1","floor":29.0},{"not_picked":["Saiyan:Pacing","Saiyan:SaiyanHubris"],"picked":"Saiyan:FinalFlash+1","floor":31.0},{"not_picked":["Saiyan:TheBomb","Saiyan:SuperSaiyanThree"],"picked":"Saiyan:Momentum","floor":33.0},{"not_picked":["Saiyan:SaiyanHubris","Saiyan:DragonRadar"],"picked":"Saiyan:ExtremeSpeed","floor":35},{"not_picked":["Saiyan:DrainingStrike+1","Saiyan:Twize+1"],"picked":"Saiyan:TurtleShell+1","floor":38},{"not_picked":["Saiyan:FingerParry","Saiyan:Flurry+1"],"picked":"Saiyan:Quickening+1","floor":39},{"not_picked":["Saiyan:ExpandingShockwave","Saiyan:ReverberatingForce+1"],"picked":"Saiyan:SolarFlare","floor":40},{"not_picked":["Saiyan:PowerUp+1","Saiyan:KiExplosion+1"],"picked":"Saiyan:ConcussiveBlow+1","floor":42},{"not_picked":["Saiyan:FingerParry","Saiyan:BigBangAttack","Saiyan:Scouter"],"picked":"SKIP","floor":45},{"not_picked":["Saiyan:FingerParry+1","Saiyan:UltraInstinct"],"picked":"Saiyan:Pacing+1","floor":46},{"not_picked":["Saiyan:DoubleMasenko","Saiyan:RemoveWeights","Saiyan:ReverberatingForce"],"picked":"SKIP","floor":48}],"player_experience":3318202,"relics_obtained":[{"floor":7.0,"key":"HollowMod:LifeEnderRelic"},{"floor":9.0,"key":"Toy Ornithopter"},{"floor":13.0,"key":"sneckomod:BlankCard"},{"floor":23.0,"key":"MealTicket"},{"floor":25.0,"key":"Lantern"},{"floor":26.0,"key":"Bag of Preparation"},{"floor":27.0,"key":"Runesmith:AutoHammer"},{"floor":31.0,"key":"Blood Vial"},{"floor":39,"key":"Turnip"},{"floor":40,"key":"Whetstone"},{"floor":42,"key":"Bag of Marbles"},{"floor":43,"key":"Vajra"},{"floor":46,"key":"Potion Belt"},{"floor":48,"key":"hexamod:CandleOfCauterizing"}],"event_choices":[{"damage_healed":0.0,"max_hp_gain":0.0,"max_hp_loss":0.0,"gold_gain":0.0,"event_name":"Vampires","player_choice":"Ignored","floor":19.0,"gold_loss":0.0,"damage_taken":0.0},{"damage_healed":0.0,"max_hp_gain":0.0,"max_hp_loss":0.0,"gold_gain":0.0,"event_name":"The Mausoleum","player_choice":"Opened","floor":21.0,"gold_loss":0.0,"damage_taken":0.0,"relics_obtained":["Mummified Hand"]},{"cards_removed":["Saiyan:KaioKen"],"damage_healed":0,"gold_gain":0,"player_choice":"Removed Skill","damage_taken":0,"max_hp_gain":0,"max_hp_loss":0,"event_name":"Falling","floor":36,"gold_loss":0},{"damage_healed":0,"gold_gain":0,"player_choice":"Upgraded","damage_taken":0,"max_hp_gain":0,"max_hp_loss":0,"event_name":"Upgrade Shrine","floor":37,"gold_loss":0,"cards_upgraded":["Saiyan:Momentum"]},{"damage_healed":0,"gold_gain":0,"player_choice":"Fight","damage_taken":0,"max_hp_gain":0,"max_hp_loss":0,"event_name":"MindBloom","floor":39,"gold_loss":0},{"damage_healed":0,"gold_gain":100,"player_choice":"Pray","damage_taken":0,"max_hp_gain":0,"max_hp_loss":0,"event_name":"Golden Shrine","floor":44,"gold_loss":0},{"damage_healed":0,"gold_gain":0,"player_choice":"Max HP","damage_taken":0,"max_hp_gain":0,"max_hp_loss":6,"event_name":"Winding Halls","floor":47,"gold_loss":0}],"is_beta":false,"boss_relics":[{"not_picked":["Snecko Eye","Velvet Choker"],"picked":"Tiny House"},{"not_picked":["Black Star","Pandora\u0027s Box"],"picked":"SlaversCollar"}],"items_purged_floors":[],"is_endless":false,"potions_floor_spawned":[2,7,11,12,14,18,29,31,33,39,40,42,46],"killed_by":"Time Eater","ascension_level":10}}