{"host":"178rghtqlvp3zue2","time":1613576061,"event":{"mods":["2.2 Compatiblity","AchievementEnabler","BaseMod","DeckTracker","Minty Spire (QoL Compilation)","Quick Restart","SuperFastMode","The Servant 0.9.4"],"gold_per_floor":[113,113,127,77,52,95,95,134,134,170,170,15,15,36,36,164,164,189,189,62,74,74,74,105,118,143,143,166,166,88,116,116,211,211,225,238,238,11,24,24,50,50,104,154,183,183,195,225,237,249],"floor_reached":51,"language":"KOR","playtime":1963,"items_purged":["Defend_S"],"score":1007,"play_id":"990cdcc1-ec2c-444e-9a05-6fe720ee7a4f","local_time":"20210218003421","is_ascension_mode":true,"campfire_choices":[{"data":"Luminosity","floor":7,"key":"SMITH"},{"floor":11,"key":"REST"},{"data":"GearUp","floor":15,"key":"SMITH"},{"data":"BestPractice","floor":23,"key":"SMITH"},{"floor":27,"key":"REST"},{"data":"TheWorld","floor":29,"key":"SMITH"},{"data":"MurderousAura","floor":32,"key":"SMITH"},{"floor":40,"key":"REST"},{"floor":42,"key":"REST"},{"data":"Luminosity","floor":49,"key":"SMITH"}],"circlet_count":0,"master_deck":["KidneyShot","Exchange","GearUp+1","Luminosity+1","Ricochet","Rewind","Sunlight+1","BestPractice+1","TheWorld+1","SilverBlades","Spin","Rearm+1","Replace","Reset+1","BottledTime","MurderousAura+1","KillingDoll","ShatteredReality","Collapse","Sabotage","Replace","TimeWarp","InstantArmor+1","Revamp+1","Madness","Madness","Luminosity+1","SpecialFormula+1","Hightail+1","Defy+1","Finesse","FastForward+1"],"relics":["SplendidAttire","NeowsBlessing","Bloody Idol","Singing Bowl","Bottled Tornado","Omamori","Toy Ornithopter","Bronze Scales","Gremlin Horn","Happy Flower","Potion Belt","Nunchaku","Pandora\u0027s Box","Vajra","Oddly Smooth Stone","Strawberry","Calipers","Akabeko","MawBank"],"acts_visited":["Exordium","TheCity","TheBeyond"],"potions_floor_usage":[8,31,39,50,50],"damage_taken":[{"damage":0,"enemies":"2 Louse","floor":1,"turns":1},{"damage":0,"enemies":"Jaw Worm","floor":3,"turns":1},{"damage":0,"enemies":"Lagavulin","floor":6,"turns":1},{"damage":30,"enemies":"3 Sentries","floor":8,"turns":7},{"damage":0,"enemies":"Lagavulin","floor":10,"turns":12},{"damage":12,"enemies":"Small Slimes","floor":14,"turns":2},{"damage":13,"enemies":"The Guardian","floor":16,"turns":13},{"damage":16,"enemies":"Spheric Guardian","floor":18,"turns":6},{"damage":14,"enemies":"2 Thieves","floor":21,"turns":2},{"damage":25,"enemies":"Book of Stabbing","floor":24,"turns":6},{"damage":8,"enemies":"3 Cultists","floor":25,"turns":5},{"damage":3,"enemies":"Gremlin Leader","floor":31,"turns":4},{"damage":8,"enemies":"Collector","floor":33,"turns":10},{"damage":24,"enemies":"3 Shapes","floor":35,"turns":2},{"damage":0,"enemies":"Orb Walker","floor":36,"turns":2},{"damage":35,"enemies":"3 Darklings","floor":39,"turns":4},{"damage":18,"enemies":"Reptomancer","floor":41,"turns":4},{"damage":0,"enemies":"Mind Bloom Boss Battle","floor":44,"turns":5},{"damage":0,"enemies":"Nemesis","floor":45,"turns":7},{"damage":0,"enemies":"Maw","floor":47,"turns":5},{"damage":3,"enemies":"Giant Head","floor":48,"turns":8},{"damage":80,"enemies":"Donu and Deca","floor":50,"turns":6}],"seed_played":"-75006951698925376","potions_obtained":[{"floor":1,"key":"Strength Potion"},{"floor":14,"key":"BlessingOfTheForge"},{"floor":16,"key":"Block Potion"},{"floor":21,"key":"FairyPotion"},{"floor":31,"key":"Strength Potion"},{"floor":33,"key":"FearPotion"},{"floor":39,"key":"Fruit Juice"},{"floor":41,"key":"CultistPotion"}],"is_trial":false,"path_per_floor":["M","?","M","?","$","E","R","E","T","E","R","$","?","M","R","B",null,"M","?","$","M","?","R","E","M","T","R","T","R","$","E","R","B",null,"M","M","?","$","M","R","E","R","T","?","E","?","M","E","R","B",null],"character_chosen":"THE_SERVANT","items_purchased":["Ricochet","Bronze Scales","Spin","MurderousAura","Luminosity","Vajra"],"campfire_rested":4,"item_purchase_floors":[5,12,20,30,38,38],"current_hp_per_floor":[65,49,49,49,49,49,49,21,21,21,41,41,41,29,29,16,67,51,51,51,47,47,47,27,24,29,49,54,54,54,63,63,60,69,50,55,46,46,26,48,35,57,69,81,83,77,89,89,89,9],"gold":261,"neow_bonus":"THREE_ENEMY_KILL","is_daily":false,"chose_seed":false,"campfire_upgraded":6,"win_rate":0.0,"timestamp":1613576061,"path_taken":["M","?","M","?","$","E","R","E","T","E","R","$","?","M","R","BOSS","M","?","$","M","?","R","E","?","T","R","?","R","$","E","R","BOSS","M","M","?","$","M","R","E","R","T","?","E","?","M","E","R","BOSS"],"items_purchased_type":["Card","Relic","Card","Card","Card","Relic"],"build_version":"2020-12-22","purchased_purges":1,"victory":true,"max_hp_per_floor":[65,65,65,65,65,65,65,67,67,67,67,67,67,67,67,67,67,67,67,67,67,67,67,67,67,67,67,67,67,67,69,69,69,69,69,69,69,69,74,74,74,74,81,81,83,87,89,89,89,89],"card_choices":[{"not_picked":["DoubleEdge","Unruled"],"picked":"GearUp","floor":1},{"not_picked":["Misdirection","Rearm"],"picked":"Luminosity","floor":3},{"not_picked":["Ricochet","Moonlight"],"picked":"Rewind","floor":6},{"not_picked":["Rewind","Gouge","ReturningBlade"],"picked":"Singing Bowl","floor":8},{"not_picked":["SpecialFormula","ShatteredReality"],"picked":"Sunlight","floor":10},{"not_picked":["Unruled","SurpressingFire"],"picked":"BestPractice","floor":14},{"not_picked":["KillingDoll","Solidify"],"picked":"TheWorld","floor":16},{"not_picked":["Sabotage","Potential"],"picked":"SilverBlades","floor":18},{"not_picked":["ShatteredReality+1","Collapse"],"picked":"Rearm+1","floor":21},{"not_picked":["TimeWarp","Manipulate"],"picked":"Reset+1","floor":24},{"not_picked":["WasteNot","Spin"],"picked":"BottledTime","floor":25},{"not_picked":["Rewind","WasteNot+1","ShatteredReality"],"picked":"Singing Bowl","floor":31},{"not_picked":["Duplication","LightFlow"],"picked":"KillingDoll","floor":33},{"not_picked":["Alleviate","StarChef+1"],"picked":"InstantArmor+1","floor":35},{"not_picked":["Orbit","Potential+1"],"picked":"Revamp+1","floor":36},{"not_picked":["Comet","ShatteredReality+1"],"picked":"SpecialFormula+1","floor":39},{"not_picked":["Foresight","Spin"],"picked":"Hightail+1","floor":41},{"not_picked":["ShatteredReality","Unruled+1"],"picked":"Defy+1","floor":44},{"not_picked":["Replace","Defy","Read+1"],"picked":"Singing Bowl","floor":45},{"not_picked":["Bandage Up","Good Instincts"],"picked":"Finesse","floor":46},{"not_picked":["Metamorphosis","Jack Of All Trades","Enlightenment"],"picked":"Singing Bowl","floor":46},{"not_picked":["Discovery","Forethought","Mayhem"],"picked":"Singing Bowl","floor":46},{"not_picked":["Misdirection+1","TimeTheft+1","Spin"],"picked":"Singing Bowl","floor":47},{"not_picked":["ShatteredReality+1","Snipe+1"],"picked":"FastForward+1","floor":48}],"player_experience":304076,"relics_obtained":[{"floor":6,"key":"Singing Bowl"},{"floor":8,"key":"Bottled Tornado"},{"floor":9,"key":"Omamori"},{"floor":10,"key":"Toy Ornithopter"},{"floor":24,"key":"Gremlin Horn"},{"floor":26,"key":"Happy Flower"},{"floor":28,"key":"Potion Belt"},{"floor":31,"key":"Nunchaku"},{"floor":41,"key":"Oddly Smooth Stone"},{"floor":43,"key":"Strawberry"},{"floor":44,"key":"Calipers"},{"floor":45,"key":"Akabeko"},{"floor":48,"key":"MawBank"}],"event_choices":[{"damage_healed":0,"gold_gain":0,"player_choice":"Take Damage","damage_taken":16,"relics_obtained":["Golden Idol"],"max_hp_gain":0,"max_hp_loss":0,"event_name":"Golden Idol","floor":2,"gold_loss":0},{"cards_removed":["Strike_S"],"damage_healed":0,"gold_gain":0,"player_choice":"Card Removal","damage_taken":0,"max_hp_gain":0,"max_hp_loss":0,"event_name":"The Cleric","floor":4,"gold_loss":50},{"damage_healed":0,"gold_gain":0,"player_choice":"Grow","damage_taken":0,"max_hp_gain":0,"max_hp_loss":0,"event_name":"Living Wall","floor":13,"gold_loss":0,"cards_upgraded":["Sunlight"]},{"damage_healed":0,"gold_gain":0,"player_choice":"Gave Idol","damage_taken":0,"relics_obtained":["Bloody Idol"],"max_hp_gain":0,"max_hp_loss":0,"event_name":"Forgotten Altar","floor":19,"relics_lost":["Golden Idol"],"gold_loss":0},{"damage_healed":0,"gold_gain":0,"cards_transformed":["Strike_S"],"player_choice":"Transformed","damage_taken":0,"max_hp_gain":0,"max_hp_loss":0,"event_name":"Transmorgrifier","floor":22,"gold_loss":0,"cards_obtained":["Replace"]},{"damage_healed":0,"gold_gain":0,"player_choice":"Embrace Madness","damage_taken":9,"max_hp_gain":0,"max_hp_loss":0,"event_name":"Winding Halls","floor":37,"gold_loss":0,"cards_obtained":["Madness","Madness"]},{"damage_healed":0,"gold_gain":0,"player_choice":"Fight","damage_taken":0,"max_hp_gain":0,"max_hp_loss":0,"event_name":"MindBloom","floor":44,"gold_loss":0},{"damage_healed":0,"gold_gain":0,"player_choice":"Memory 3","damage_taken":10,"max_hp_gain":0,"max_hp_loss":0,"event_name":"SensoryStone","floor":46,"gold_loss":0}],"is_beta":false,"boss_relics":[{"not_picked":["Empty Cage","SacredBark"],"picked":"SplendidAttire"},{"not_picked":["Snecko Eye","Fusion Hammer"],"picked":"Pandora\u0027s Box"}],"items_purged_floors":[20],"is_endless":false,"potions_floor_spawned":[1,14,16,21,31,33,39,41,47],"ascension_level":3}}