{"host":"smn2tb46ysgs1sad","time":1613595636,"event":{"mods":["AchievementEnabler","Aspiration","BaseMod","Colored Powertips","Downfall","Hermit","Minty Spire (QoL Compilation)","Reliquary","Replay The Spire","StSLib","The Cursed","The Disciple","The Hierophant"],"gold_per_floor":[117,117,292,307,324,353,363,398,398,398,369,369,369,47,47,146,146,156,116,136,147,35,60,60,73,73,73,89,118,130,130,130,234,234,251,251,264,189,208,208,236,236,291,321,321,321,338,11,11,11],"floor_reached":51,"language":"ENG","playtime":1991,"items_purged":["Normality"],"score":916,"play_id":"07b6bac7-f113-4e7b-86a0-41341feb1805","local_time":"20210217130036","is_ascension_mode":true,"campfire_choices":[{"floor":10,"key":"REST"},{"data":"Bash","floor":13,"key":"SMITH"},{"data":"Fire Breathing","floor":15,"key":"SMITH"},{"floor":32,"key":"REST"},{"floor":40,"key":"REST"},{"floor":42,"key":"REST"},{"data":"Uppercut","floor":45,"key":"SMITH"},{"floor":49,"key":"REST"}],"circlet_count":0,"master_deck":["Defend_R+1","Defend_R+1","Defend_R","Bash+1","Seeing Red","Hallucinations","Doubt","Second Wind","Inflame","Cleave","Armaments+1","Dropkick+1","Fire Breathing+1","Limit Break+1","ReplayTheSpireMod:IOU","Shrug It Off","Dual Wield+1","Pommel Strike+1","Uppercut+1","Power Through","Dropkick","downfall:Bewildered","Brutality+1","Warcry+1","Pommel Strike+1","Inflame+1","Evolve"],"relics":["Burning Blood","aspiration:Nostalgia","hexamod:SpiritBrand","Ring of Misfortune","Ring of Hypnosis","Shuriken","Letter Opener","Quantum Egg","Bottled Tornado","Kintsugi","Pen Nib","reliquary:RosewoodLute","sneckomod:BabySnecko","Replay:Bronze Core","reliquary:HotPoker","Simple Rune","Darkstone Periapt","Gremlin Food","Membership Card"],"acts_visited":["Exordium","TheCity","TheBeyond"],"potions_floor_usage":[16,22,29,41,50,50,50,50,50,50],"damage_taken":[{"damage":5,"enemies":"2 Louse","floor":1,"turns":4},{"damage":0,"enemies":"Small Slimes","floor":4,"turns":3},{"damage":2,"enemies":"Cultist","floor":5,"turns":4},{"damage":20,"enemies":"Replay:BlueRogue","floor":6,"turns":8},{"damage":14,"enemies":"Large Slime","floor":7,"turns":6},{"damage":19,"enemies":"3 Sentries","floor":8,"turns":10},{"damage":4,"enemies":"Hexaghost","floor":16,"turns":9},{"damage":22,"enemies":"2 Thieves","floor":18,"turns":4},{"damage":27,"enemies":"3 Byrds","floor":20,"turns":3},{"damage":7,"enemies":"Snecko","floor":21,"turns":6},{"damage":4,"enemies":"Replay:Snechameleon","floor":23,"turns":5},{"damage":19,"enemies":"Snake Plant","floor":25,"turns":4},{"damage":2,"enemies":"Cultist and Chosen","floor":28,"turns":5},{"damage":8,"enemies":"Gremlin Leader","floor":29,"turns":5},{"damage":1,"enemies":"Snecko","floor":30,"turns":5},{"damage":41,"enemies":"Automaton","floor":33,"turns":7},{"damage":34,"enemies":"3 Darklings","floor":35,"turns":3},{"damage":12,"enemies":"Orb Walker","floor":37,"turns":3},{"damage":20,"enemies":"3 Darklings","floor":39,"turns":3},{"damage":31,"enemies":"Reptomancer","floor":41,"turns":5},{"damage":0,"enemies":"Nemesis","floor":44,"turns":5},{"damage":52,"enemies":"Writhing Mass","floor":47,"turns":4},{"damage":39,"enemies":"Awakened One","floor":50,"turns":7}],"seed_played":"5747524475339848752","potions_obtained":[{"floor":1,"key":"SpeedPotion"},{"floor":8,"key":"Regen Potion"},{"floor":21,"key":"BloodPotion"},{"floor":23,"key":"Adrenaline Potion"},{"floor":25,"key":"Strength Potion"},{"floor":29,"key":"EntropicBrew"},{"floor":41,"key":"BloodPotion"}],"is_trial":false,"path_per_floor":["M","?","?","M","M","E","M","E","T","R","?","?","R","$","R","B",null,"M","?","M","M","$","E","$","M","T","$","M","E","M","?","R","B",null,"M","?","M","$","M","R","E","R","T","E","R","?","M","$","R","B",null],"character_chosen":"IRONCLAD","items_purchased":["Fire Breathing","Bottled Tornado","Uppercut","Power Through","Gremlin Food","Membership Card","Evolve"],"campfire_rested":5,"item_purchase_floors":[14,14,22,22,48,48,48],"current_hp_per_floor":[80,80,80,80,80,66,58,45,45,69,69,69,69,69,69,71,80,64,64,43,42,58,60,60,47,47,47,51,49,54,54,78,43,80,52,60,54,54,40,64,51,75,75,80,80,80,34,34,58,41],"gold":11,"neow_bonus":"NOSTALGIA","is_daily":false,"chose_seed":false,"campfire_upgraded":3,"win_rate":0.0,"timestamp":1613595636,"path_taken":["M","?","?","M","M","E","M","E","T","R","?","?","R","$","R","BOSS","M","?","M","M","$","E","$","M","T","$","?","E","M","?","R","BOSS","M","?","M","$","?","R","E","R","T","E","R","?","M","$","R","BOSS"],"items_purchased_type":["Card","Relic","Card","Card","Relic","Relic","Card"],"build_version":"2020-12-22","purchased_purges":1,"victory":true,"max_hp_per_floor":[80,80,80,80,80,80,80,80,80,80,80,80,80,80,80,80,80,80,80,80,80,80,80,80,80,80,80,80,80,80,80,80,80,80,80,80,80,80,80,80,80,80,80,80,80,80,80,80,80,80],"card_choices":[{"not_picked":["Heavy Blade","Pommel Strike"],"picked":"Seeing Red","floor":1},{"not_picked":["Perfected Strike","Thunderclap","Run Through"],"picked":"SKIP","floor":4},{"not_picked":["Cleave","Battle Trance"],"picked":"Second Wind","floor":5},{"not_picked":["Barricade","Body Slam"],"picked":"Inflame","floor":6},{"not_picked":["Havoc","Life Link"],"picked":"Cleave","floor":7},{"not_picked":["Battle Trance","Perfected Strike"],"picked":"Armaments","floor":8},{"not_picked":["Corruption","Hemogenesis"],"picked":"Limit Break","floor":16},{"not_picked":["Shockwave","Battle Trance"],"picked":"Shrug It Off","floor":18},{"not_picked":["ReplayTheSpireMod:Limb From Limb","Cleave"],"picked":"Dual Wield+1","floor":20},{"not_picked":["Cleave","Shockwave+1"],"picked":"Pommel Strike+1","floor":21},{"not_picked":["Body Slam","Shrug It Off","Second Wind+1"],"picked":"SKIP","floor":23},{"not_picked":["Shockwave","Cleave","Iron Wave"],"picked":"SKIP","floor":25},{"not_picked":["Bludgeon","Entrench+1"],"picked":"Dropkick","floor":28},{"not_picked":["Defy Death","Clothesline","Havoc"],"picked":"SKIP","floor":29},{"not_picked":["ReplayTheSpireMod:Muscle Training","Carnage","Heavy Blade"],"picked":"SKIP","floor":30},{"not_picked":["Bludgeon","Replay:Many Hands"],"picked":"Brutality","floor":33},{"not_picked":["Armaments","Sever Soul"],"picked":"Warcry+1","floor":35},{"not_picked":["Replay:Undeath\u0027s Touch+1","Searing Blow","Run Through"],"picked":"SKIP","floor":37},{"not_picked":["Warcry+1","Clothesline"],"picked":"Pommel Strike+1","floor":39},{"not_picked":["Flex+1","Clash+1","Sever Soul"],"picked":"SKIP","floor":41},{"not_picked":["ReplayTheSpireMod:Strike From Hell","Wild Strike"],"picked":"Inflame+1","floor":44},{"not_picked":["Intimidate","Ghostly Armor","Flex"],"picked":"SKIP","floor":47}],"player_experience":197069,"relics_obtained":[{"floor":2,"key":"Ring of Misfortune"},{"floor":2,"key":"Ring of Hypnosis"},{"floor":6,"key":"Shuriken"},{"floor":8,"key":"Letter Opener"},{"floor":9,"key":"Quantum Egg"},{"floor":23,"key":"Pen Nib"},{"floor":29,"key":"reliquary:RosewoodLute"},{"floor":41,"key":"reliquary:HotPoker"},{"floor":43,"key":"Simple Rune"},{"floor":44,"key":"Darkstone Periapt"}],"event_choices":[{"damage_healed":0,"gold_gain":175,"player_choice":"AGREE","damage_taken":0,"max_hp_gain":0,"max_hp_loss":0,"event_name":"Liars Game","floor":3,"gold_loss":0,"cards_obtained":["Doubt"]},{"damage_healed":0,"gold_gain":0,"player_choice":"Left Gold","damage_taken":0,"max_hp_gain":0,"max_hp_loss":0,"event_name":"World of Goop","floor":11,"gold_loss":29},{"damage_healed":0,"gold_gain":0,"player_choice":"Upgrade","damage_taken":0,"max_hp_gain":0,"max_hp_loss":0,"event_name":"Designer","floor":19,"gold_loss":40,"cards_upgraded":["Limit Break"]},{"damage_healed":0,"gold_gain":0,"player_choice":"Upgraded","damage_taken":0,"max_hp_gain":0,"max_hp_loss":0,"event_name":"Upgrade Shrine","floor":46,"gold_loss":0,"cards_upgraded":["Armaments"]}],"is_beta":false,"boss_relics":[{"not_picked":["Electric Blood","reliquary:KinkedSpring"],"picked":"Kintsugi"},{"not_picked":["Replay:Drink Me","Pandora\u0027s Box"],"picked":"Replay:Bronze Core"}],"items_purged_floors":[38],"is_endless":false,"potions_floor_spawned":[1,8,21,23,25,29,41,44],"ascension_level":3}}