{"host":"6gwm7y0tp7acoxay","time":1613546223,"event":{"mods":["BaseMod","Colored Map","Keyboard Shortcuts","Minty Spire (QoL Compilation)","Quick Restart","StSLib","SuperFastMode","everything is the same but u backflip on backflip"],"gold_per_floor":[10111,10111,10129,10054,9203,9236,9252,9286,9286,9286,9302,9335,9335,9368,9368,9446,9446,9459,9459,9471,8857,8876,8905,8916,8950,8950,8950,8133,8144,7594,7594,7594,7669,7669,7687,7702,7718,7139,7189,7214,7214,7247,7270,7270,6914,6932,6957,6957,6957,6957,6957],"floor_reached":52,"language":"KOR","playtime":2248,"items_purged":["Strike_R","Strike_R","Defend_R","Defend_R","Iron Wave+1","Spot Weakness+1"],"score":2152,"play_id":"b882c94e-b517-4174-a8f8-cae2db4fc063","local_time":"20210217161703","is_ascension_mode":true,"campfire_choices":[{"data":"Armaments","floor":13.0,"key":"SMITH"},{"data":"Uppercut","floor":15.0,"key":"SMITH"},{"data":"Fire Breathing","floor":32.0,"key":"SMITH"},{"data":"Demon Form","floor":49.0,"key":"SMITH"}],"circlet_count":0,"master_deck":["AscendersBane","Shrug It Off","Uppercut+1","Feel No Pain+1","Armaments+1","Second Wind","Headbutt","Reaper","Dark Embrace+1","Double Tap+1","Panacea+1","Immolate","Trip+1","Power Through+1","Fire Breathing+1","Barricade","Demon Form+1","Battle Trance+1","Bloodletting+1","Seeing Red+1","Madness+1","Madness+1"],"relics":["Burning Blood","Sling","Boot","Singing Bowl","PreservedInsect","Calipers","Self Forming Clay","Toxic Egg 2","Astrolabe","MealTicket","Juzu Bracelet","Pen Nib","Toy Ornithopter","Mummified Hand","Art of War","Orichalcum","HandDrill","Bag of Preparation","Toolbox","Empty Cage","Membership Card","Paper Frog","Molten Egg 2","Nunchaku","Bottled Lightning","Anchor","StoneCalendar","Turnip"],"acts_visited":["Exordium","TheCity","TheBeyond"],"potions_floor_usage":[51,51],"damage_taken":[{"damage":13.0,"enemies":"Small Slimes","floor":1.0,"turns":5.0},{"damage":1.0,"enemies":"2 Louse","floor":3.0,"turns":4.0},{"damage":15.0,"enemies":"3 Sentries","floor":6.0,"turns":13.0},{"damage":7.0,"enemies":"Jaw Worm","floor":7.0,"turns":4.0},{"damage":23.0,"enemies":"Lagavulin","floor":8.0,"turns":8.0},{"damage":13.0,"enemies":"Large Slime","floor":11.0,"turns":9.0},{"damage":6.0,"enemies":"Gremlin Nob","floor":12.0,"turns":3.0},{"damage":10.0,"enemies":"3 Sentries","floor":14.0,"turns":9.0},{"damage":37.0,"enemies":"Slime Boss","floor":16.0,"turns":14.0},{"damage":14.0,"enemies":"Spheric Guardian","floor":18.0,"turns":5.0},{"damage":33.0,"enemies":"Shell Parasite","floor":20.0,"turns":10.0},{"damage":34.0,"enemies":"Shelled Parasite and Fungi","floor":22.0,"turns":9.0},{"damage":46.0,"enemies":"Slavers","floor":23.0,"turns":9.0},{"damage":16.0,"enemies":"Cultist and Chosen","floor":24.0,"turns":9.0},{"damage":17.0,"enemies":"Gremlin Leader","floor":25.0,"turns":7.0},{"damage":15.0,"enemies":"3 Cultists","floor":29.0,"turns":4.0},{"damage":49.0,"enemies":"Collector","floor":33.0,"turns":10.0},{"damage":6.0,"enemies":"3 Darklings","floor":35.0,"turns":6.0},{"damage":2.0,"enemies":"Orb Walker","floor":36.0,"turns":4.0},{"damage":0.0,"enemies":"Spire Growth","floor":37.0,"turns":5.0},{"damage":58.0,"enemies":"Reptomancer","floor":40.0,"turns":7.0},{"damage":27.0,"enemies":"Nemesis","floor":42.0,"turns":5.0},{"damage":0.0,"enemies":"4 Shapes","floor":46.0,"turns":3.0},{"damage":3.0,"enemies":"Mind Bloom Boss Battle","floor":47.0,"turns":3.0},{"damage":6.0,"enemies":"Donu and Deca","floor":50.0,"turns":5.0},{"damage":56,"enemies":"Awakened One","floor":51,"turns":9}],"seed_played":"254888820349530546","potions_obtained":[{"floor":1.0,"key":"Block Potion"},{"floor":8.0,"key":"FearPotion"},{"floor":12.0,"key":"Strength Potion"},{"floor":16.0,"key":"SteroidPotion"},{"floor":20.0,"key":"ColorlessPotion"},{"floor":23.0,"key":"GamblersBrew"},{"floor":24.0,"key":"Energy Potion"},{"floor":36.0,"key":"Energy Potion"},{"floor":42.0,"key":"Weak Potion"}],"is_trial":false,"path_per_floor":["M","?","M","?","$","E","M","E","T","?","M","E","R","E","R","B",null,"M","?","M","$","M","E","M","E","T","?","$","M","$","?","R","B",null,"M","M","M","$","?","E","?","E","T","?","$","M","?","?","R","B","B",null],"character_chosen":"IRONCLAD","items_purchased":["Feel No Pain","Sling","Boot","Singing Bowl","DistilledChaos","MealTicket","Juzu Bracelet","Panacea+1","Spot Weakness+1","Art of War","Orichalcum","HandDrill","FearPotion","Dexterity Potion","Trip+1","Bag of Preparation","Toolbox","Fire Breathing","Membership Card","Paper Frog","Molten Egg 2","EntropicBrew","Anchor","StoneCalendar"],"campfire_rested":0,"item_purchase_floors":[5,5,5,5,5,21,21,21,21,28,28,28,28,28,28,30,30,30,38,38,38,38,45,45],"current_hp_per_floor":[68,73,78,78,78,69,68,53,53,53,48,48,48,46,46,15,74,70,70,45,45,36,16,13,36,36,36,51,57,72,72,72,29,85,105,107,109,109,109,67,109,88,88,88,103,109,109,89,89,109,92],"gold":6957,"neow_bonus":"TEN_PERCENT_HP_BONUS","is_daily":false,"chose_seed":false,"campfire_upgraded":4,"win_rate":0.0,"timestamp":1613546223,"path_taken":["M","?","M","?","$","E","M","E","T","?","M","E","R","E","R","BOSS","M","?","M","$","M","E","M","E","T","?","$","M","$","?","R","BOSS","M","M","M","$","?","E","?","E","T","?","$","M","?","?","R","BOSS","BOSS"],"items_purchased_type":["Card","Relic","Relic","Relic","Potion","Relic","Relic","Card","Card","Relic","Relic","Relic","Potion","Potion","Card","Relic","Relic","Card","Relic","Relic","Relic","Potion","Relic","Relic"],"build_version":"2020-12-22","purchased_purges":6,"victory":true,"max_hp_per_floor":[82,87,87,87,87,87,87,89,89,89,91,91,91,93,93,93,93,95,95,97,97,99,99,101,103,103,103,103,103,103,103,103,103,103,105,107,109,109,109,109,109,109,109,109,109,109,109,109,109,109,109],"card_choices":[{"not_picked":["Spot Weakness","Clothesline"],"picked":"Shrug It Off","floor":1.0},{"not_picked":["Dual Wield","Intimidate"],"picked":"Uppercut","floor":3.0},{"not_picked":["Impervious","Seeing Red"],"picked":"Armaments","floor":6.0},{"not_picked":["Cleave","Rampage"],"picked":"Second Wind","floor":7.0},{"not_picked":["Thunderclap","Wild Strike","Metallicize"],"picked":"Singing Bowl","floor":8.0},{"not_picked":["Dual Wield","Headbutt","Warcry"],"picked":"Singing Bowl","floor":11.0},{"not_picked":["Twin Strike","Heavy Blade"],"picked":"Headbutt","floor":12.0},{"not_picked":["Anger","Uppercut","Iron Wave"],"picked":"Singing Bowl","floor":14.0},{"not_picked":["Feed","Demon Form"],"picked":"Reaper","floor":16.0},{"not_picked":["Wild Strike","Carnage","Clothesline"],"picked":"Singing Bowl","floor":18.0},{"not_picked":["Anger","Clothesline","Flex+1"],"picked":"Singing Bowl","floor":20.0},{"not_picked":["Flex+1","Shockwave+1","Headbutt+1"],"picked":"Singing Bowl","floor":22.0},{"not_picked":["Warcry+1","Carnage+1"],"picked":"Immolate","floor":23.0},{"not_picked":["Intimidate+1","Wild Strike","Shockwave+1"],"picked":"Singing Bowl","floor":24.0},{"not_picked":["Rampage","Twin Strike","Carnage"],"picked":"Singing Bowl","floor":25.0},{"not_picked":["Entrench+1","Perfected Strike"],"picked":"Power Through+1","floor":29.0},{"not_picked":["Brutality","Exhume+1"],"picked":"Barricade","floor":33.0},{"not_picked":["Clothesline+1","Armaments+1","Wild Strike"],"picked":"Singing Bowl","floor":35.0},{"not_picked":["Armaments+1","Clash+1","Dropkick+1"],"picked":"Singing Bowl","floor":36.0},{"not_picked":["Warcry+1","Pommel Strike+1","Heavy Blade"],"picked":"Singing Bowl","floor":37.0},{"not_picked":["Double Tap+1","Shrug It Off+1"],"picked":"Demon Form","floor":40.0},{"not_picked":["Whirlwind+1","Spot Weakness+1"],"picked":"Battle Trance+1","floor":42.0},{"not_picked":["Flex+1","Perfected Strike+1"],"picked":"Bloodletting+1","floor":46.0},{"not_picked":["Reckless Charge+1","Rampage+1"],"picked":"Seeing Red+1","floor":47.0}],"player_experience":4557876,"relics_obtained":[{"floor":6.0,"key":"PreservedInsect"},{"floor":8.0,"key":"Calipers"},{"floor":9.0,"key":"Self Forming Clay"},{"floor":14.0,"key":"Toxic Egg 2"},{"floor":23.0,"key":"Pen Nib"},{"floor":25.0,"key":"Toy Ornithopter"},{"floor":26.0,"key":"Mummified Hand"},{"floor":40.0,"key":"Nunchaku"},{"floor":42.0,"key":"Bottled Lightning"},{"floor":47.0,"key":"Turnip"}],"event_choices":[{"damage_healed":0.0,"max_hp_gain":5.0,"max_hp_loss":0.0,"gold_gain":0.0,"event_name":"Big Fish","player_choice":"Donut","floor":2.0,"gold_loss":0.0,"damage_taken":0.0},{"cards_removed":["Bash"],"damage_healed":0.0,"max_hp_gain":0.0,"max_hp_loss":0.0,"gold_gain":0.0,"event_name":"The Cleric","player_choice":"Card Removal","floor":4.0,"gold_loss":75.0,"damage_taken":0.0},{"damage_healed":0.0,"max_hp_gain":0.0,"max_hp_loss":0.0,"gold_gain":0.0,"event_name":"Liars Game","player_choice":"Ignored","floor":10.0,"gold_loss":0.0,"damage_taken":0.0},{"damage_healed":0.0,"max_hp_gain":0.0,"max_hp_loss":0.0,"gold_gain":0.0,"event_name":"Cursed Tome","player_choice":"Ignored","floor":19.0,"gold_loss":0.0,"damage_taken":0.0},{"damage_healed":0.0,"max_hp_gain":0.0,"max_hp_loss":0.0,"gold_gain":0.0,"event_name":"Upgrade Shrine","player_choice":"Upgraded","floor":27.0,"gold_loss":0.0,"damage_taken":0.0,"cards_upgraded":["Feel No Pain"]},{"damage_healed":0.0,"max_hp_gain":0.0,"max_hp_loss":0.0,"gold_gain":0.0,"event_name":"Vampires","player_choice":"Ignored","floor":31.0,"gold_loss":0.0,"damage_taken":0.0},{"damage_healed":0.0,"max_hp_gain":0.0,"max_hp_loss":0.0,"gold_gain":50.0,"event_name":"Golden Shrine","player_choice":"Pray","floor":39.0,"gold_loss":0.0,"damage_taken":0.0},{"damage_healed":42.0,"max_hp_gain":0.0,"max_hp_loss":0.0,"gold_gain":0.0,"event_name":"Wheel of Change","player_choice":"Full Heal","floor":41.0,"gold_loss":0.0,"damage_taken":0.0},{"damage_healed":0.0,"max_hp_gain":0.0,"max_hp_loss":0.0,"gold_gain":0.0,"event_name":"Tomb of Lord Red Mask","player_choice":"Ignored","floor":44.0,"gold_loss":0.0,"damage_taken":0.0},{"damage_healed":0.0,"max_hp_gain":0.0,"max_hp_loss":0.0,"gold_gain":0.0,"event_name":"MindBloom","player_choice":"Fight","floor":47.0,"gold_loss":0.0,"damage_taken":0.0},{"damage_healed":0.0,"max_hp_gain":0.0,"max_hp_loss":0.0,"gold_gain":0.0,"event_name":"Winding Halls","player_choice":"Embrace Madness","floor":48.0,"gold_loss":0.0,"damage_taken":20.0,"cards_obtained":["Madness","Madness"]}],"is_beta":false,"boss_relics":[{"not_picked":["Calling Bell","Snecko Eye"],"picked":"Astrolabe"},{"not_picked":["Pandora\u0027s Box","Runic Cube"],"picked":"Empty Cage"}],"items_purged_floors":[5,21,28,30,38,45],"is_endless":false,"potions_floor_spawned":[1,8,12,16,20,23,24,36,42,46],"ascension_level":20}}