{"host":"nhhqxetgwwd7qseb","time":1613534657,"event":{"mods":["Act Like it!","BaseMod","Chen","Dota2Spire","Gensokyo","Hallownest","Hermit","Koishi","LagranYue(¿≠∏Ò¿ °§‘¬)","Marisa£®ÏF”Í°°ƒß¿Ì…≥£©","Minty Spire (QoL Compilation)","Quick Restart","Reimu£®≤©¿ˆ¡È√Œ£©","Remilia£®¿Ÿ√◊¿Ú—«£©","Replay The Spire","StSLib","The Alterego","The Bug Knight","The Senshi","The Servant 0.9.4","UnlockEverythingMod","WarShipGirlsR/’ΩΩ¢…Ÿ≈ÆR mod","Warlord Emblem","Yakumo Yukari mod","Youmu£®ªÍ∆«—˝√Œ£©","°æπ¶ƒ‹Mod°øªÏ„Á÷Æª∑–ﬁ∏¥≤π∂°"],"gold_per_floor":[114,114,114,92,104,104,120,120,145,31,31,45,60,91,91,193,193,203,219,230,190,190,217,217,252,252,252,266,17,30,44,44,144,244,259,259,259,270,286,286,298,309,389,389,389,418,432,432,432,432],"floor_reached":51,"language":"ZHS","playtime":3566,"items_purged":[],"score":618,"play_id":"15bf677f-9f5a-4383-b231-3ba19495aa43","local_time":"20210217120417","is_ascension_mode":false,"campfire_choices":[{"data":"alterego_mod:BrynhildrsRune","floor":6.0,"key":"SMITH"},{"data":"alterego_mod:BigMeatyClaws","floor":8.0,"key":"SMITH"},{"data":"alterego_mod:BusterCard","floor":11.0,"key":"SMITH"},{"data":"alterego_mod:ChallengeComplete","floor":15.0,"key":"SMITH"},{"data":"alterego_mod:Impale","floor":24.0,"key":"SMITH"},{"floor":27.0,"key":"REST"},{"data":"alterego_mod:Clones","floor":40,"key":"SMITH"},{"data":"alterego_mod:Clones","floor":45,"key":"SMITH"},{"floor":49,"key":"REST"}],"circlet_count":0,"master_deck":["alterego_mod:Strike","alterego_mod:Strike","alterego_mod:Strike+1","alterego_mod:Strike","alterego_mod:Defend+1","alterego_mod:Defend","alterego_mod:Defend","alterego_mod:Defend","alterego_mod:Impale+1","alterego_mod:BigMeatyClaws+1","alterego_mod:BrynhildrsRune+1","alterego_mod:ChallengeComplete+1","alterego_mod:BusterCard+1","alterego_mod:SideboobHour","alterego_mod:Undulate","alterego_mod:Cushion+1","alterego_mod:Clones+1","alterego_mod:Clones+1","alterego_mod:Nekomimi"],"relics":["alterego_mod:MasochisticConstitution","Dota2Spire:EchoSabre","HollowMod:StagPassRelic","WarlordEmblem:BrokenMantle","Dota2Spire:RefresherOrb","ZunR:ReiMu","Art of War","WingedGreaves","Gremlin Food","ReplayTheSpireMod:Shallot","Replay:Wanted Poster","ReplayTheSpireMod:Ring of Exchange","Spirit Poop","Dota2Spire:CrimsonGuard","Dota2Spire:OrchidMalevolence"],"acts_visited":["Exordium","TheCity","TheBeyond"],"potions_floor_usage":[41,41,41,50],"damage_taken":[{"damage":7.0,"enemies":"Small Slimes","floor":1.0,"turns":5.0},{"damage":2.0,"enemies":"Jaw Worm","floor":5.0,"turns":8.0},{"damage":5.0,"enemies":"2 Louse","floor":7.0,"turns":4.0},{"damage":1.0,"enemies":"Exordium Wildlife","floor":12.0,"turns":5.0},{"damage":3.0,"enemies":"Red Slaver","floor":13.0,"turns":7.0},{"damage":14.0,"enemies":"Gremlin Nob","floor":14.0,"turns":4.0},{"damage":14.0,"enemies":"Slime Boss","floor":16.0,"turns":12.0},{"damage":10.0,"enemies":"2 Thieves","floor":18.0,"turns":5.0},{"damage":8.0,"enemies":"3 Byrds","floor":19.0,"turns":6.0},{"damage":13.0,"enemies":"Cultist and Chosen","floor":20.0,"turns":8.0},{"damage":18.0,"enemies":"Replay:Snechameleon","floor":23.0,"turns":5.0},{"damage":3.0,"enemies":"HollowMod:Nosk","floor":25.0,"turns":7.0},{"damage":1.0,"enemies":"Snake Plant","floor":28.0,"turns":3.0},{"damage":0.0,"enemies":"3 Cultists","floor":30.0,"turns":4.0},{"damage":3.0,"enemies":"Sentry and Sphere","floor":31.0,"turns":3.0},{"damage":36.0,"enemies":"Champ","floor":33.0,"turns":13.0},{"damage":11,"enemies":"3 Shapes","floor":35,"turns":9},{"damage":0,"enemies":"Orb Walker","floor":38,"turns":4},{"damage":47,"enemies":"Sphere and 2 Shapes","floor":39,"turns":8},{"damage":3,"enemies":"Transient","floor":41,"turns":5},{"damage":3,"enemies":"3 Darklings","floor":42,"turns":9},{"damage":20,"enemies":"Reptomancer","floor":46,"turns":4},{"damage":2,"enemies":"Maw","floor":47,"turns":5},{"damage":3,"enemies":"Replay:Hell Engine","floor":50,"turns":5}],"seed_played":"-2917851989300062093","potions_obtained":[{"floor":1.0,"key":"DistilledChaos"},{"floor":7.0,"key":"Energy Potion"},{"floor":23.0,"key":"Milkshake"},{"floor":33.0,"key":"Dota2Spire:HealingSalve"},{"floor":46,"key":"Weak Potion"}],"is_trial":false,"path_per_floor":["M","?","?","?","M","R","M","R","T","$","R","M","M","E","R","B",null,"M","M","M","?","?","E","R","E","T","R","M","$","M","M","R","B",null,"M","?","?","M","M","R","M","M","T","?","R","E","M","$","R","B",null],"character_chosen":"The_Alterego","items_purchased":["alterego_mod:BusterCard","alterego_mod:Jiggle+1","ReplayTheSpireMod:Shallot"],"campfire_rested":2,"item_purchase_floors":[10,10,29],"current_hp_per_floor":[71,53,53,53,52,52,55,55,55,55,55,55,60,47,47,62,77,68,61,49,49,49,32,32,37,37,61,61,61,68,66,66,31,85,82,82,82,82,43,43,53,51,51,51,51,32,38,38,65,63],"gold":432,"neow_bonus":"RANDOM_COMMON_RELIC","is_daily":false,"chose_seed":false,"campfire_upgraded":7,"win_rate":0.0,"timestamp":1613534657,"path_taken":["M","?","?","?","?","R","M","R","T","?","R","M","M","E","R","BOSS","M","M","M","?","?","E","R","E","T","R","M","$","M","M","R","BOSS","M","?","?","M","M","R","M","?","T","?","R","E","?","?","R","BOSS"],"items_purchased_type":["Card","Card","Relic"],"build_version":"2020-12-22","purchased_purges":0,"victory":true,"max_hp_per_floor":[71,71,71,71,72,72,73,73,73,73,73,74,75,76,76,77,77,78,79,80,80,80,81,81,82,82,82,83,83,83,84,84,85,85,86,86,86,86,87,87,88,89,89,89,89,90,91,91,91,92],"card_choices":[{"not_picked":["alterego_mod:BiFurious","alterego_mod:RidiculouslyBig"],"picked":"alterego_mod:ChallengeComplete","floor":1.0},{"not_picked":["alterego_mod:Cooking","alterego_mod:Mirror","alterego_mod:GoddessCore"],"picked":"SKIP","floor":5.0},{"not_picked":["alterego_mod:Maid","alterego_mod:Cooking","alterego_mod:BoobPocket"],"picked":"SKIP","floor":7.0},{"not_picked":["alterego_mod:HighServant","alterego_mod:Valentines","alterego_mod:PerceptionDisorder"],"picked":"SKIP","floor":12.0},{"not_picked":["alterego_mod:DustData","alterego_mod:DiscoLights","alterego_mod:Punishment"],"picked":"SKIP","floor":13.0},{"not_picked":["alterego_mod:SakuraFive","alterego_mod:DestructionOfProperty","alterego_mod:PerceptionDisorder"],"picked":"SKIP","floor":14.0},{"not_picked":["alterego_mod:GIGAMILK","alterego_mod:Alter"],"picked":"alterego_mod:SideboobHour","floor":16.0},{"not_picked":["alterego_mod:RocketPunch","alterego_mod:DiscoLights","alterego_mod:Mirror+1"],"picked":"SKIP","floor":18.0},{"not_picked":["alterego_mod:Cycle","alterego_mod:BiFurious","alterego_mod:Stockings"],"picked":"SKIP","floor":19.0},{"not_picked":["alterego_mod:Valentines+1","alterego_mod:Exercise+1"],"picked":"alterego_mod:Undulate","floor":20.0},{"not_picked":["alterego_mod:Santa","alterego_mod:SakuraFive+1","alterego_mod:Skirt+1"],"picked":"SKIP","floor":23.0},{"not_picked":["alterego_mod:Skirt+1","alterego_mod:Punishment"],"picked":"alterego_mod:Cushion+1","floor":25.0},{"not_picked":["alterego_mod:Cycle","alterego_mod:1TonWallop+1","alterego_mod:BreastValley"],"picked":"SKIP","floor":28.0},{"not_picked":["alterego_mod:HighServant+1","alterego_mod:PresenceConcealment+1","alterego_mod:Maid"],"picked":"SKIP","floor":30.0},{"not_picked":["alterego_mod:BiFurious","alterego_mod:BreastValley+1","alterego_mod:BoobPocket"],"picked":"SKIP","floor":31.0},{"not_picked":["alterego_mod:1TonWallop","alterego_mod:RocketPunch"],"picked":"alterego_mod:Clones","floor":35},{"not_picked":["alterego_mod:RocketPunch+1","alterego_mod:GoddessCore"],"picked":"alterego_mod:Nekomimi","floor":38},{"not_picked":["alterego_mod:PerceptionDisorder+1","alterego_mod:PresenceConcealment","alterego_mod:Belts+1"],"picked":"SKIP","floor":39},{"not_picked":["alterego_mod:Crossover+1","alterego_mod:DiscoLights+1","alterego_mod:PerceptionDisorder+1"],"picked":"SKIP","floor":41},{"not_picked":["alterego_mod:Smother","alterego_mod:Skirt","alterego_mod:HighServant"],"picked":"SKIP","floor":42},{"not_picked":["alterego_mod:SakuraPetals","alterego_mod:GoddessCore","alterego_mod:Jiggle+1"],"picked":"SKIP","floor":46},{"not_picked":["alterego_mod:Jiggle","alterego_mod:Belle+1","alterego_mod:RocketPunch"],"picked":"SKIP","floor":47}],"player_experience":57600,"relics_obtained":[{"floor":9.0,"key":"WarlordEmblem:BrokenMantle"},{"floor":23.0,"key":"Art of War"},{"floor":25.0,"key":"WingedGreaves"},{"floor":26.0,"key":"Gremlin Food"},{"floor":36,"key":"ReplayTheSpireMod:Ring of Exchange"},{"floor":43,"key":"Dota2Spire:CrimsonGuard"},{"floor":46,"key":"Dota2Spire:OrchidMalevolence"}],"event_choices":[{"damage_healed":0.0,"max_hp_gain":0.0,"max_hp_loss":0.0,"gold_gain":0.0,"event_name":"Scrap Ooze","player_choice":"Success","floor":2.0,"gold_loss":0.0,"damage_taken":18.0,"relics_obtained":["HollowMod:StagPassRelic"]},{"damage_healed":0.0,"max_hp_gain":0.0,"max_hp_loss":0.0,"gold_gain":0.0,"event_name":"World of Goop","player_choice":"Left Gold","floor":4.0,"gold_loss":22.0,"damage_taken":0.0},{"damage_healed":0.0,"max_hp_gain":0.0,"max_hp_loss":0.0,"gold_gain":0.0,"event_name":"ZunEvent","player_choice":"π∫¬Ú…Òæ∆","floor":21.0,"gold_loss":40.0,"damage_taken":0.0,"relics_obtained":["ZunR:ReiMu"]},{"cards_removed":["Doubt"],"damage_healed":0,"gold_gain":0,"player_choice":"Offered Curse","damage_taken":0,"relics_obtained":["Spirit Poop"],"max_hp_gain":0,"max_hp_loss":0,"event_name":"Bonfire Elementals","floor":37,"gold_loss":0},{"damage_healed":0,"gold_gain":0,"player_choice":"Bought 0 Potions","damage_taken":0,"max_hp_gain":0,"max_hp_loss":0,"event_name":"The Woman in Blue","floor":44,"gold_loss":0}],"is_beta":false,"boss_relics":[{"not_picked":["ChewingGum","Astrolabe"],"picked":"Dota2Spire:RefresherOrb"},{"not_picked":["WarlordEmblem:VoidPower","ReplayTheSpireMod:DimensionalGlitch"],"picked":"Replay:Wanted Poster"}],"items_purged_floors":[],"is_endless":false,"potions_floor_spawned":[1,7,16,19,23,25,31,33,39,42,46],"ascension_level":0}}