{"host":"qc268ltokmxwqyrx","time":1613594850,"event":{"mods":["BaseMod","Colored Map","Colored Powertips","Minty Spire (QoL Compilation)","Relic Stats","Slay the Relics Exporter","StSLib","ojb\u0027s Info Mod"],"gold_per_floor":[115,390,400,410,24,55,70,70,70,145,145,156,306,336,336,410,410,426,426,426,400,427,427,0,0,50,76,76,95,95,112,112,183,183,199,37,88,103,103,129,129,142,218,244,0,0,11,36,48,60,72,84,96,31,65,65,65],"floor_reached":56,"language":"ENG","playtime":3112,"items_purged":["Regret","Doubt","Parasite"],"score":1987,"play_id":"43d271a4-421c-4949-85e5-2aac61800242","local_time":"20210217144730","is_ascension_mode":true,"campfire_choices":[{"data":"Exhume","floor":8.0,"key":"SMITH"},{"data":"Disarm","floor":11.0,"key":"SMITH"},{"data":"True Grit","floor":15.0,"key":"SMITH"},{"data":"Havoc","floor":23.0,"key":"SMITH"},{"data":"Corruption","floor":28.0,"key":"SMITH"},{"data":"Pommel Strike","floor":32.0,"key":"SMITH"},{"data":"Bludgeon","floor":41,"key":"SMITH"},{"floor":46,"key":"RECALL"},{"floor":49,"key":"REST"},{"data":"Evolve","floor":53,"key":"SMITH"}],"circlet_count":0,"master_deck":["AscendersBane","Strike_R+1","Defend_R","Defend_R","Defend_R","Bash","Disarm+1","Clothesline","Shrug It Off","Exhume+1","Anger","Pommel Strike+1","True Grit+1","Offering","Feel No Pain+1","Iron Wave+1","Thunderclap+1","Burning Pact","Offering","Cleave+1","Havoc+1","Corruption+1","Necronomicurse","Body Slam+1","Warcry","Disarm","Bludgeon+1","Shrug It Off+1","Battle Trance","Feel No Pain+1","Evolve+1","Clumsy","Sentinel","Battle Trance","Body Slam","True Grit+1","Feel No Pain","True Grit+1"],"relics":["Burning Blood","NeowsBlessing","Mercury Hourglass","Darkstone Periapt","Pear","Kunai","Astrolabe","Red Mask","Medical Kit","Necronomicon","Whetstone","Turnip","Cursed Key","Ginger","Nunchaku","Bag of Preparation","MawBank","Mummified Hand"],"acts_visited":["Exordium","TheCity","TheBeyond","TheEnding"],"potions_floor_usage":[48,50,56],"damage_taken":[{"damage":0.0,"enemies":"Cultist","floor":1.0,"turns":1.0},{"damage":0.0,"enemies":"2 Louse","floor":3.0,"turns":1.0},{"damage":0.0,"enemies":"Small Slimes","floor":4.0,"turns":1.0},{"damage":22.0,"enemies":"3 Sentries","floor":6.0,"turns":8.0},{"damage":12.0,"enemies":"Exordium Wildlife","floor":7.0,"turns":4.0},{"damage":7.0,"enemies":"Gremlin Gang","floor":12.0,"turns":4.0},{"damage":30.0,"enemies":"Lagavulin","floor":14.0,"turns":10.0},{"damage":32.0,"enemies":"The Guardian","floor":16.0,"turns":17.0},{"damage":6.0,"enemies":"Chosen","floor":18.0,"turns":6.0},{"damage":6.0,"enemies":"2 Thieves","floor":21.0,"turns":4.0},{"damage":8.0,"enemies":"Masked Bandits","floor":22.0,"turns":5.0},{"damage":15.0,"enemies":"Slavers","floor":27.0,"turns":7.0},{"damage":16.0,"enemies":"Cultist and Chosen","floor":29.0,"turns":8.0},{"damage":0.0,"enemies":"Snecko","floor":31.0,"turns":7.0},{"damage":36.0,"enemies":"Automaton","floor":33.0,"turns":8.0},{"damage":15.0,"enemies":"3 Shapes","floor":35.0,"turns":8.0},{"damage":4,"enemies":"2 Orb Walkers","floor":37,"turns":5},{"damage":8,"enemies":"Orb Walker","floor":38,"turns":3},{"damage":27,"enemies":"Nemesis","floor":40,"turns":7},{"damage":11,"enemies":"Writhing Mass","floor":42,"turns":6},{"damage":12,"enemies":"Jaw Worm Horde","floor":47,"turns":3},{"damage":12,"enemies":"Giant Head","floor":48,"turns":5},{"damage":16,"enemies":"Awakened One","floor":50,"turns":9},{"damage":31,"enemies":"Time Eater","floor":51,"turns":7},{"damage":65,"enemies":"Shield and Spear","floor":55,"turns":6},{"damage":57,"enemies":"The Heart","floor":56,"turns":2}],"seed_played":"-5844854999823361239","potions_obtained":[{"floor":1.0,"key":"SpeedPotion"},{"floor":3.0,"key":"LiquidMemories"},{"floor":7.0,"key":"AttackPotion"},{"floor":12.0,"key":"LiquidBronze"},{"floor":16.0,"key":"AttackPotion"},{"floor":22.0,"key":"AttackPotion"},{"floor":31.0,"key":"Swift Potion"},{"floor":33.0,"key":"SteroidPotion"},{"floor":42,"key":"Explosive Potion"},{"floor":47,"key":"FearPotion"},{"floor":48,"key":"DistilledChaos"}],"is_trial":false,"path_per_floor":["M","?","M","M","$","E","M","R","T","?","R","M","?","E","R","B",null,"M","?","?","M","?","R","$","?","T","E","R","M","?","M","R","B",null,"M","$","?","M","?","E","R","M","T","T","$","R","M","E","R","B","B",null,"R","$","E","B"],"character_chosen":"IRONCLAD","items_purchased":["Mercury Hourglass","Shrug It Off","Medical Kit","Corruption","Battle Trance","ElixirPotion","Sentinel","Battle Trance","Feel No Pain"],"campfire_rested":1,"item_purchase_floors":[5,5,24,24,36,36,45,45,54],"current_hp_per_floor":[74,74,75,75,75,59,53,53,63,52,52,51,57,33,33,7,70,70,70,70,70,68,68,68,53,53,44,44,34,34,40,40,10,75,66,66,68,66,66,45,45,40,46,52,52,52,46,40,71,61,36,89,89,89,30,0,0],"gold":65,"neow_bonus":"THREE_ENEMY_KILL","is_daily":false,"chose_seed":false,"campfire_upgraded":8,"win_rate":0.0,"timestamp":1613594850,"path_taken":["M","?","?","M","$","E","M","R","T","?","R","M","?","E","R","BOSS","M","?","?","?","?","R","$","?","T","E","R","M","?","M","R","BOSS","M","$","?","M","?","E","R","M","T","?","?","R","M","E","R","BOSS","BOSS","R","$","E","BOSS"],"items_purchased_type":["Relic","Card","Relic","Card","Card","Potion","Card","Card","Card"],"build_version":"2020-12-22","purchased_purges":3,"victory":false,"max_hp_per_floor":[75,75,75,75,75,75,75,75,85,85,85,85,91,91,91,91,91,91,91,91,91,91,91,91,97,97,97,97,97,97,97,97,97,97,97,97,97,97,97,97,97,97,103,109,106,106,106,106,106,106,106,106,106,106,106,106,106],"relic_stats":{"Darkstone Periapt":24,"counters":[26,147],"Astrolabe":["Feel No Pain","Iron Wave","Thunderclap"],"Bag of Preparation":[12],"Whetstone":["Strike_R","Strike_R"],"Ginger":[7],"Medical Kit":[22],"Cursed Key":2,"MawBank":72,"Burning Blood":139,"Mercury Hourglass":[560],"Nunchaku":[10],"Mummified Hand":[3],"Turnip":[4],"Necronomicon":[41],"Kunai":[56],"obtain_stats":[{"Darkstone Periapt":6,"Pear":9,"NeowsBlessing":0,"Astrolabe":17,"Bag of Preparation":44,"Whetstone":26,"Ginger":37,"Medical Kit":24,"Cursed Key":34,"MawBank":48,"Burning Blood":0,"Mercury Hourglass":5,"Nunchaku":40,"Mummified Hand":55,"Turnip":27,"Red Mask":22,"Necronomicon":25,"Kunai":14},{"Darkstone Periapt":4,"Pear":5,"NeowsBlessing":0,"Astrolabe":8,"Bag of Preparation":20,"Whetstone":11,"Ginger":17,"Medical Kit":11,"Cursed Key":15,"MawBank":22,"Burning Blood":0,"Mercury Hourglass":3,"Nunchaku":19,"Mummified Hand":25,"Turnip":12,"Red Mask":11,"Necronomicon":11,"Kunai":7},{"Darkstone Periapt":11,"Pear":14,"NeowsBlessing":0,"Astrolabe":44,"Bag of Preparation":115,"Whetstone":58,"Ginger":100,"Medical Kit":58,"Cursed Key":87,"MawBank":123,"Burning Blood":0,"Mercury Hourglass":3,"Nunchaku":109,"Mummified Hand":145,"Turnip":64,"Red Mask":58,"Necronomicon":58,"Kunai":28}]},"card_choices":[{"not_picked":["Searing Blow","Shockwave"],"picked":"Disarm","floor":1.0},{"not_picked":["Bloodletting","Heavy Blade"],"picked":"Clothesline","floor":3.0},{"not_picked":["Evolve","Dark Embrace"],"picked":"Iron Wave","floor":4.0},{"not_picked":["Armaments","Metallicize"],"picked":"Exhume","floor":6.0},{"not_picked":["Dark Embrace","Armaments"],"picked":"Anger","floor":7.0},{"not_picked":["Limit Break","Reckless Charge"],"picked":"Pommel Strike","floor":12.0},{"not_picked":["Dark Embrace","Havoc"],"picked":"True Grit","floor":14.0},{"not_picked":["Juggernaut","Impervious"],"picked":"Offering","floor":16.0},{"not_picked":["Heavy Blade+1","Wild Strike"],"picked":"Burning Pact","floor":18.0},{"not_picked":["Dual Wield","Headbutt"],"picked":"Cleave+1","floor":21.0},{"not_picked":["Disarm","Clothesline"],"picked":"Havoc","floor":22.0},{"not_picked":["Infernal Blade","Cleave","Twin Strike"],"picked":"SKIP","floor":27.0},{"not_picked":["Entrench","Dual Wield"],"picked":"Body Slam+1","floor":29.0},{"not_picked":["Anger","Wild Strike","Flex+1"],"picked":"SKIP","floor":31.0},{"not_picked":["Feed","Double Tap"],"picked":"Bludgeon","floor":33.0},{"not_picked":["Fire Breathing","Iron Wave"],"picked":"Shrug It Off+1","floor":35.0},{"not_picked":["Heavy Blade+1","Clothesline"],"picked":"Feel No Pain+1","floor":38},{"not_picked":["Cleave","Flex","Perfected Strike+1"],"picked":"SKIP","floor":40},{"not_picked":["Reckless Charge","Clash"],"picked":"Evolve","floor":42},{"not_picked":["Perfected Strike","Body Slam","Flex"],"picked":"SKIP","floor":47},{"not_picked":["Perfected Strike","Flex"],"picked":"Body Slam","floor":47},{"not_picked":["Searing Blow","Feed"],"picked":"True Grit+1","floor":48},{"not_picked":["Intimidate+1","Body Slam"],"picked":"True Grit+1","floor":55}],"player_experience":1829863,"relics_obtained":[{"floor":6.0,"key":"Darkstone Periapt"},{"floor":9.0,"key":"Pear"},{"floor":14.0,"key":"Kunai"},{"floor":22.0,"key":"Red Mask"},{"floor":25.0,"key":"Necronomicon"},{"floor":26.0,"key":"Whetstone"},{"floor":27.0,"key":"Turnip"},{"floor":37,"key":"Ginger"},{"floor":40,"key":"Nunchaku"},{"floor":44,"key":"Bag of Preparation"},{"floor":48,"key":"MawBank"},{"floor":55,"key":"Mummified Hand"}],"event_choices":[{"damage_healed":0.0,"max_hp_gain":0.0,"max_hp_loss":0.0,"gold_gain":275.0,"event_name":"Golden Shrine","player_choice":"Desecrate","floor":2.0,"gold_loss":0.0,"damage_taken":0.0,"cards_obtained":["Regret"]},{"damage_healed":0.0,"max_hp_gain":0.0,"max_hp_loss":0.0,"gold_gain":75.0,"event_name":"World of Goop","player_choice":"Gather Gold","floor":10.0,"gold_loss":0.0,"damage_taken":11.0},{"damage_healed":0.0,"max_hp_gain":0.0,"max_hp_loss":0.0,"gold_gain":150.0,"event_name":"Liars Game","player_choice":"AGREE","floor":13.0,"gold_loss":0.0,"damage_taken":0.0,"cards_obtained":["Doubt"]},{"damage_healed":0.0,"max_hp_gain":0.0,"max_hp_loss":0.0,"gold_gain":0.0,"event_name":"Ghosts","player_choice":"Ignored","floor":19.0,"gold_loss":0.0,"damage_taken":0.0},{"damage_healed":0.0,"max_hp_gain":0.0,"max_hp_loss":0.0,"gold_gain":0.0,"event_name":"Duplicator","player_choice":"Copied","floor":20.0,"gold_loss":0.0,"damage_taken":0.0,"cards_obtained":["Offering"]},{"damage_healed":0.0,"max_hp_gain":0.0,"max_hp_loss":0.0,"gold_gain":0.0,"event_name":"Masked Bandits","player_choice":"Fought Bandits","floor":22.0,"gold_loss":0.0,"damage_taken":0.0},{"damage_healed":0.0,"max_hp_gain":0.0,"max_hp_loss":0.0,"gold_gain":0.0,"event_name":"Cursed Tome","player_choice":"Obtained Book","floor":25.0,"gold_loss":0.0,"damage_taken":21.0},{"damage_healed":0.0,"max_hp_gain":0.0,"max_hp_loss":0.0,"gold_gain":0.0,"cards_transformed":["Iron Wave","Strike_R"],"event_name":"Drug Dealer","player_choice":"Became Test Subject","floor":30.0,"gold_loss":0.0,"damage_taken":0.0,"cards_obtained":["Warcry","Disarm"]},{"damage_healed":0,"gold_gain":0,"player_choice":"Fight","damage_taken":0,"max_hp_gain":0,"max_hp_loss":0,"event_name":"Mysterious Sphere","floor":37,"gold_loss":0},{"cards_removed":["Defend_R"],"damage_healed":0,"gold_gain":0,"player_choice":"Removed Skill","damage_taken":0,"max_hp_gain":0,"max_hp_loss":0,"event_name":"Falling","floor":39,"gold_loss":0}],"is_beta":false,"boss_relics":[{"not_picked":["Sozu","SacredBark"],"picked":"Astrolabe"},{"not_picked":["Velvet Choker","Coffee Dripper"],"picked":"Cursed Key"}],"items_purged_floors":[5,24,45],"is_endless":false,"potions_floor_spawned":[1,3,7,12,16,22,31,33,42,47,48],"killed_by":"The Heart","ascension_level":20}}