{"host":"ox77rn1xcurm2t5a","time":1613595904,"event":{"mods":["2.2 Compatiblity","AchievementEnabler","Act Like it!","Aspiration","BaseMod","Best Route Mod","Better Match","Better Note","Better Sensory Stone","Block Reminder","Colored Map","Colored Powertips","Conjunction","Conspire","Custom Start","Energized Spire","GifTheSpireLib","Gold Saver","Gremlin Skip","Halation","Highlight Path","Hubris","Infinite Spire","Minty Spire (QoL Compilation)","Pale of the Ancients","Quick Restart","Replay The Spire","Reworked Bosses","ShortenTheSpire","Spire Exporter","StSLib","Stuff the Spire","Wandering Minibosses"],"gold_per_floor":[579,579,598,613,628,660,660,693,764,798,444,444,444,454,454,555,555,568,587,14,14,30,30,30,13,13,24,56,56,56,89,89,190,190,202,219,219,235,13,13,13,40,93,93,110,139,139,167,167,167,167,167,9,9,9],"floor_reached":54,"language":"ENG","playtime":1482,"items_purged":["Defend_R","Defend_R","Defend_R"],"score":1123,"play_id":"e42dfb44-ffb7-4474-a822-a5b4d97c6dfc","local_time":"20210217230504","is_ascension_mode":true,"campfire_choices":[{"floor":7,"key":"RECALL"},{"data":"Spot Weakness","floor":13,"key":"SMITH"},{"data":"Uppercut","floor":15,"key":"SMITH"},{"data":"Berserk","floor":24,"key":"SMITH"},{"data":"Bash","floor":30,"key":"SMITH"},{"data":"Thunderclap","floor":32,"key":"SMITH"},{"data":"Heavy Blade","floor":40,"key":"SMITH"},{"data":"Anger","floor":47,"key":"SMITH"},{"data":"Perfected Strike","floor":49,"key":"SMITH"},{"data":"Sword Boomerang","floor":52,"key":"SMITH"}],"circlet_count":0,"master_deck":["Strike_R","Strike_R","Strike_R","Strike_R","Strike_R","Bash+1","Uppercut+1","Thunderclap+1","Battle Trance","Spot Weakness+1","Anger+1","Heavy Blade+1","Berserk+1","Sword Boomerang+1","Infernal Blade+1","Sword Boomerang+1","Cleave","Perfected Strike+1","Dropkick","Thunderclap+1","Clash","Twin Strike+1","Pommel Strike+1","Anger+1"],"relics":["Burning Blood","Pet Ghost","hubris:DisguiseKit","Self Forming Clay","StuffTheSpire:HeavyRock","StuffTheSpire:Mouthbags","Mark of Pain","Membership Card","Turnip","Replay:Towering Pillar of Hats","Pocketwatch","The Courier","Potion Belt","infinitespire:Cupcake","Regal Pillow","Cauldron","Centennial Puzzle","Pantograph","hubris:ChampionShield","Quantum Egg","Strawberry","wanderingMiniBosses:CarrionFlame","infinitespire:Lucky Rock","infinitespire:PuzzleCube","Lee\u0027s Waffle","infinitespire:ShieldingShard"],"acts_visited":["Exordium","TheCity","TheBeyond","TheEnding"],"potions_floor_usage":[6,6,8,10,14,16,16,22,22,22,28,28,46,48,48,50,50],"damage_taken":[{"damage":15,"enemies":"Small Slimes","floor":1,"turns":4},{"damage":4,"enemies":"2 Louse","floor":3,"turns":3},{"damage":4,"enemies":"Cultist","floor":4,"turns":3},{"damage":15,"enemies":"Blue Slaver","floor":5,"turns":4},{"damage":13,"enemies":"Lagavulin","floor":6,"turns":5},{"damage":0,"enemies":"Gremlin Nob","floor":8,"turns":3},{"damage":30,"enemies":"Lagavulin","floor":10,"turns":5},{"damage":1,"enemies":"Large Slime","floor":14,"turns":5},{"damage":16,"enemies":"The Guardian","floor":16,"turns":11},{"damage":11,"enemies":"Spheric Guardian","floor":18,"turns":3},{"damage":33,"enemies":"Chosen","floor":19,"turns":5},{"damage":15,"enemies":"Snake Plant","floor":22,"turns":5},{"damage":5,"enemies":"Snecko","floor":27,"turns":3},{"damage":16,"enemies":"Slavers","floor":28,"turns":3},{"damage":9,"enemies":"conspire:Head Lice","floor":31,"turns":5},{"damage":32,"enemies":"hubris:MusketHawk","floor":33,"turns":6},{"damage":7,"enemies":"3 Darklings","floor":35,"turns":2},{"damage":6,"enemies":"Orb Walker","floor":36,"turns":2},{"damage":35,"enemies":"Sphere and 2 Shapes","floor":38,"turns":3},{"damage":7,"enemies":"Nemesis","floor":42,"turns":3},{"damage":18,"enemies":"Spire Growth","floor":45,"turns":3},{"damage":8,"enemies":"R_Hoarder","floor":46,"turns":3},{"damage":0,"enemies":"Reptomancer","floor":48,"turns":3},{"damage":24,"enemies":"bossMod:newAwakened","floor":50,"turns":6},{"damage":102,"enemies":"Shield and Spear","floor":54,"turns":3}],"seed_played":"7592503224706957786","potions_obtained":[{"floor":4,"key":"Block Potion"},{"floor":5,"key":"Energy Potion"},{"floor":6,"key":"Block Potion"},{"floor":8,"key":"Strength Potion"},{"floor":10,"key":"Fire Potion"},{"floor":19,"key":"ElixirPotion"},{"floor":21,"key":"Regen Potion"},{"floor":21,"key":"BlessingOfTheForge"},{"floor":22,"key":"Strength Potion"},{"floor":27,"key":"DuplicationPotion"},{"floor":39,"key":"Energy Potion"},{"floor":39,"key":"Swift Potion"},{"floor":39,"key":"Flashbang"},{"floor":39,"key":"CultistPotion"},{"floor":48,"key":"Block Potion"}],"is_trial":false,"path_per_floor":["M","?","M","M","M","E","R","E","T","E","$","?","R","M","R","B",null,"M","M","$","?","M","AVR","R","$","T","M","E","?","R","E","R","B",null,"M","M","?","M","$","R","$","E","T","?","M","E","R","E","R","B",null,"R","$","E"],"character_chosen":"IRONCLAD","items_purchased":["StuffTheSpire:Mouthbags","BloodPotion","LiquidMemories","Membership Card","Turnip","Replay:Towering Pillar of Hats","Sword Boomerang","Cleave","Block Potion","Dropkick","Regal Pillow","FairyPotion","Cauldron","Centennial Puzzle","Pantograph","hubris:ChampionShield","Lee\u0027s Waffle","infinitespire:ShieldingShard"],"campfire_rested":0,"item_purchase_floors":[11,11,11,20,20,20,20,20,20,25,39,39,39,39,41,41,53,53],"current_hp_per_floor":[71,71,73,75,66,59,59,65,65,41,41,41,41,46,46,53,79,74,47,47,47,52,52,52,52,52,53,43,43,43,40,40,14,70,69,69,69,40,40,40,14,13,20,20,8,57,57,63,63,70,89,89,102,0,0],"gold":9,"neow_bonus":"TEN_PERCENT_HP_BONUS","is_daily":false,"chose_seed":false,"campfire_upgraded":9,"win_rate":0.0,"timestamp":1613595904,"path_taken":["M","?","M","M","M","E","R","E","T","E","$","?","R","M","R","BOSS","M","?","$","?","M","AVR","R","$","T","M","E","?","R","E","R","BOSS","M","M","?","M","$","R","?","E","T","?","M","E","R","E","R","BOSS","R","$","E"],"items_purchased_type":["Relic","Potion","Potion","Relic","Relic","Relic","Card","Card","Potion","Card","Relic","Potion","Relic","Relic","Relic","Relic","Relic","Relic"],"build_version":"2020-12-22","purchased_purges":3,"victory":false,"max_hp_per_floor":[88,88,88,88,88,88,88,88,88,88,88,88,88,88,88,88,88,88,88,88,88,88,88,88,88,88,88,88,88,88,88,88,88,88,88,88,88,88,88,88,88,88,95,95,95,95,95,95,95,95,95,95,102,102,102],"card_choices":[{"not_picked":["True Grit","Massacre"],"picked":"Uppercut","floor":1},{"not_picked":["Pommel Strike","Body Slam"],"picked":"Thunderclap","floor":3},{"not_picked":["ReplayTheSpireMod:Strike From Hell","Bloodletting","Wild Strike"],"picked":"SKIP","floor":4},{"not_picked":["Clothesline","Armaments"],"picked":"Anger","floor":5},{"not_picked":["Wild Strike","Shrug It Off"],"picked":"Battle Trance","floor":6},{"not_picked":["Armaments","StuffTheSpire:RagingBull","Bludgeon"],"picked":"SKIP","floor":8},{"not_picked":["ReplayTheSpireMod:Stacked","Armaments","hubris:SlightOfHand"],"picked":"Spot Weakness","floor":10},{"not_picked":["Armaments","Sword Boomerang","Acrobatics"],"picked":"Heavy Blade","floor":14},{"not_picked":["Reaper","hubris:StunningStrike","A Thousand Cuts"],"picked":"Berserk","floor":16},{"not_picked":["Sentinel","Warcry","Hidden Blade"],"picked":"Sword Boomerang+1","floor":18},{"not_picked":["Burning Pact","ReplayTheSpireMod:Limb From Limb","Eviscerate"],"picked":"Infernal Blade+1","floor":19},{"not_picked":["hubris:CleavingFinish+1","Clothesline","Underhanded Strike"],"picked":"Perfected Strike","floor":22},{"not_picked":["Burning Pact","Replay:Undeath\u0027s Touch","Backstab"],"picked":"Thunderclap+1","floor":27},{"not_picked":["ReplayTheSpireMod:Strike From Hell","Abandon+1","Run Through","Hidden Blade"],"picked":"SKIP","floor":28},{"not_picked":["Replay:Undeath\u0027s Touch","Uppercut+1","Toxin Wave"],"picked":"Clash","floor":31},{"not_picked":["StuffTheSpire:Incineration+1","ReplayTheSpireMod:Limb From Limb","Draining Mist"],"picked":"Twin Strike+1","floor":35},{"not_picked":["Run Through","Carnage","ReplayTheSpireMod:Strike From Hell+1","ReplayTheSpireMod:Tripwire"],"picked":"SKIP","floor":36},{"not_picked":["Replay:Undeath\u0027s Touch+1","Body Slam+1","hubris:ReadiedAction+1","StuffTheSpire:Python"],"picked":"SKIP","floor":38},{"not_picked":["Carnage","Combust","Heavy Blade","ReplayTheSpireMod:The Works"],"picked":"SKIP","floor":42},{"not_picked":["StuffTheSpire:TitanForm","Twin Strike+1","Flying Knee"],"picked":"Pommel Strike+1","floor":45},{"not_picked":["StuffTheSpire:Resist","conspire:HitWhereItHurts","hubris:ReadiedAction+1","hubris:Counter"],"picked":"SKIP","floor":46},{"not_picked":["Run Through+1","Sentinel","StuffTheSpire:Repulse"],"picked":"Anger+1","floor":48}],"player_experience":3138212,"relics_obtained":[{"floor":6,"key":"Pet Ghost"},{"floor":8,"key":"hubris:DisguiseKit"},{"floor":9,"key":"Self Forming Clay"},{"floor":10,"key":"StuffTheSpire:HeavyRock"},{"floor":28,"key":"The Courier"},{"floor":31,"key":"Potion Belt"},{"floor":42,"key":"Quantum Egg"},{"floor":43,"key":"Strawberry"},{"floor":45,"key":"wanderingMiniBosses:CarrionFlame"},{"floor":46,"key":"infinitespire:Lucky Rock"},{"floor":48,"key":"infinitespire:PuzzleCube"}],"event_choices":[{"damage_healed":0,"gold_gain":0,"player_choice":"Leave","damage_taken":0,"max_hp_gain":0,"max_hp_loss":0,"event_name":"FaceTrader","floor":12,"gold_loss":0},{"damage_healed":0,"gold_gain":0,"player_choice":"Got Potions","damage_taken":0,"max_hp_gain":0,"max_hp_loss":0,"event_name":"Lab","floor":21,"gold_loss":0},{"damage_healed":0,"gold_gain":0,"player_choice":"Ignored","damage_taken":0,"max_hp_gain":0,"max_hp_loss":0,"event_name":"betterNote:BetterNote","floor":29,"gold_loss":0,"cards_obtained":["Strike_P"]},{"cards_removed":["Defend_R"],"damage_healed":0,"gold_gain":0,"player_choice":"Purged","damage_taken":0,"max_hp_gain":0,"max_hp_loss":0,"event_name":"Purifier","floor":37,"gold_loss":0},{"damage_healed":0,"gold_gain":0,"player_choice":"Ignored","damage_taken":0,"max_hp_gain":0,"max_hp_loss":0,"event_name":"Transmorgrifier","floor":44,"gold_loss":0}],"is_beta":false,"boss_relics":[{"not_picked":["Snecko Eye","energizedSpire:NeverEndingSparkler"],"picked":"Mark of Pain"},{"not_picked":["Replay:Bronze Core","energizedSpire:DecayingSkull"],"picked":"infinitespire:Cupcake"}],"items_purged_floors":[11,20,23],"is_endless":false,"potions_floor_spawned":[4,5,6,8,10,19,22,27,45,48],"killed_by":"Shield and Spear","ascension_level":6}}