{"host":"znvnxllcillb3rtw","time":1613556213,"event":{"mods":["BaseMod","DeckTracker","Minty Spire (QoL Compilation)","Relic Stats","StSLib","SuperFastMode","everything is the same but u backflip on backflip"],"gold_per_floor":[109,122,122,135,151,151,181,199,224,257,257,257,48,58,58,132,132,151,14,14,25,25,25,25,59,85,85,85],"floor_reached":27,"language":"KOR","playtime":1045,"items_purged":["Strike_B","Defend_B"],"score":532,"play_id":"6907bd51-1c38-4532-852f-922b9ade1acd","local_time":"20210217190333","is_ascension_mode":true,"campfire_choices":[{"data":"Defragment","floor":6.0,"key":"SMITH"},{"data":"Zap","floor":11.0,"key":"SMITH"},{"floor":15.0,"key":"REST"},{"data":"Chaos","floor":23,"key":"SMITH"}],"circlet_count":0,"master_deck":["AscendersBane","Strike_B","Strike_B","Defend_B","Defend_B","Defend_B","Zap+1","Dualcast","Cold Snap","Cold Snap","Defragment+1","Auto Shields","Conserve Battery","Self Repair","Gash","Genetic Algorithm","Barrage","Conserve Battery","Turbo","Chaos+1","Fission+1","Hologram","Self Repair","Cold Snap","Barrage"],"relics":["Inserter","White Beast Statue","Blood Vial","Toy Ornithopter","Bronze Scales","Runic Pyramid","MealTicket","Happy Flower"],"acts_visited":["Exordium","TheCity"],"potions_floor_usage":[18,25,27],"damage_taken":[{"damage":4.0,"enemies":"Small Slimes","floor":1.0,"turns":4.0},{"damage":2.0,"enemies":"Jaw Worm","floor":2.0,"turns":6.0},{"damage":0.0,"enemies":"Cultist","floor":4.0,"turns":4.0},{"damage":16.0,"enemies":"Gremlin Gang","floor":5.0,"turns":7.0},{"damage":0.0,"enemies":"Lagavulin","floor":7.0,"turns":9.0},{"damage":5.0,"enemies":"3 Louse","floor":8.0,"turns":8.0},{"damage":22.0,"enemies":"Gremlin Nob","floor":10.0,"turns":8.0},{"damage":0.0,"enemies":"Exordium Wildlife","floor":14.0,"turns":7.0},{"damage":1.0,"enemies":"The Guardian","floor":16.0,"turns":12.0},{"damage":12,"enemies":"Chosen","floor":18,"turns":8},{"damage":14,"enemies":"Shell Parasite","floor":21,"turns":6},{"damage":55,"enemies":"Slavers","floor":25,"turns":8},{"damage":48,"enemies":"3 Cultists","floor":27,"turns":3}],"seed_played":"3563117295350098290","potions_obtained":[{"floor":1.0,"key":"Fruit Juice"},{"floor":5.0,"key":"FocusPotion"},{"floor":8.0,"key":"DistilledChaos"},{"floor":10.0,"key":"Block Potion"},{"floor":14.0,"key":"Explosive Potion"},{"floor":16.0,"key":"SpeedPotion"},{"floor":18,"key":"SteroidPotion"},{"floor":21,"key":"PotionOfCapacity"},{"floor":25,"key":"SkillPotion"}],"is_trial":false,"path_per_floor":["M","M","?","M","M","R","E","M","T","E","R","?","$","M","R","B",null,"M","$","?","M","?","R","$","E","T","M"],"character_chosen":"DEFECT","items_purchased":["Barrage","Conserve Battery","Turbo","Self Repair"],"campfire_rested":1,"item_purchase_floors":[13,13,13,19],"current_hp_per_floor":[60,58,58,58,42,42,42,49,49,36,36,18,18,20,42,60,72,74,74,74,76,76,76,76,40,40,0,0],"gold":85,"neow_bonus":"BOSS_RELIC","is_daily":false,"chose_seed":false,"campfire_upgraded":3,"win_rate":0.0,"timestamp":1613556213,"path_taken":["M","M","?","M","M","R","E","M","T","E","R","?","$","?","R","BOSS","M","$","?","?","?","R","?","E","T","M"],"items_purchased_type":["Card","Card","Card","Card"],"build_version":"2020-12-22","purchased_purges":2,"victory":false,"max_hp_per_floor":[71,71,71,71,71,71,71,76,76,76,76,76,76,76,76,76,76,76,76,76,76,76,76,76,76,76,76,76],"relic_stats":{"Blood Vial":12,"Inserter":[45],"Happy Flower":[1],"counters":[13,90],"Bronze Scales":[156],"MealTicket":0,"obtain_stats":[{"Blood Vial":9,"Inserter":0,"Happy Flower":26,"Bronze Scales":12,"MealTicket":25,"Cracked Core":0,"White Beast Statue":7,"Toy Ornithopter":10,"Runic Pyramid":17},{"Blood Vial":6,"Inserter":0,"Happy Flower":12,"Bronze Scales":7,"MealTicket":12,"Cracked Core":0,"White Beast Statue":5,"Toy Ornithopter":7,"Runic Pyramid":9},{"Blood Vial":38,"Inserter":0,"Happy Flower":87,"Bronze Scales":46,"MealTicket":87,"Cracked Core":0,"White Beast Statue":30,"Toy Ornithopter":46,"Runic Pyramid":65}],"Toy Ornithopter":25},"card_choices":[{"not_picked":["Melter","Compile Driver"],"picked":"Cold Snap","floor":1.0},{"not_picked":["Go for the Eyes","Redo"],"picked":"Cold Snap","floor":2.0},{"not_picked":["Melter","FTL"],"picked":"Auto Shields","floor":4.0},{"not_picked":["Machine Learning","Heatsinks"],"picked":"Conserve Battery","floor":5.0},{"not_picked":["Cold Snap","Hologram"],"picked":"Self Repair","floor":7.0},{"not_picked":["Turbo","Compile Driver"],"picked":"Gash","floor":8.0},{"not_picked":["Streamline","Beam Cell"],"picked":"Genetic Algorithm","floor":10.0},{"not_picked":["Compile Driver","Thunder Strike"],"picked":"Chaos","floor":14.0},{"not_picked":["Reboot","Buffer"],"picked":"Fission","floor":16.0},{"not_picked":["Conserve Battery","Skim"],"picked":"Hologram","floor":18},{"not_picked":["Redo","Scrape"],"picked":"Cold Snap","floor":21},{"not_picked":["All For One","Machine Learning"],"picked":"Barrage","floor":25}],"player_experience":2910583,"relics_obtained":[{"floor":7.0,"key":"White Beast Statue"},{"floor":9.0,"key":"Blood Vial"},{"floor":10.0,"key":"Toy Ornithopter"},{"floor":25,"key":"MealTicket"},{"floor":26,"key":"Happy Flower"}],"event_choices":[{"damage_healed":0.0,"max_hp_gain":0.0,"max_hp_loss":0.0,"gold_gain":0.0,"cards_transformed":["Strike_B"],"event_name":"Living Wall","player_choice":"Change","floor":3.0,"gold_loss":0.0,"damage_taken":0.0,"cards_obtained":["Defragment"]},{"damage_healed":0.0,"max_hp_gain":0.0,"max_hp_loss":0.0,"gold_gain":0.0,"event_name":"Scrap Ooze","player_choice":"Success","floor":12.0,"gold_loss":0.0,"damage_taken":18.0,"relics_obtained":["Bronze Scales"]},{"damage_healed":0,"gold_gain":0,"player_choice":"Forge","damage_taken":0,"max_hp_gain":0,"max_hp_loss":0,"event_name":"Accursed Blacksmith","floor":20,"gold_loss":0,"cards_upgraded":["Fission"]},{"damage_healed":0,"gold_gain":0,"player_choice":"Ignored","damage_taken":0,"max_hp_gain":0,"max_hp_loss":0,"event_name":"The Mausoleum","floor":22,"gold_loss":0}],"is_beta":false,"boss_relics":[{"not_picked":["Black Star","SlaversCollar"],"picked":"Runic Pyramid"}],"items_purged_floors":[13,19],"is_endless":false,"potions_floor_spawned":[1,5,8,10,14,16,18,21,25],"killed_by":"3 Cultists","ascension_level":20}}