{"host":"o3b7ow6d1xe49css","time":1613536498,"event":{"mods":["Act Like it!","Aspiration","BaseMod","Bestiary","Better Altar","Better Match","Better Note","Better Sensory Stone","Better Skull","Better Third Choice","Colored Powertips","Conspire","Energized Spire","Force Act Four","GifTheSpireLib","Halation","Hermit","Hubris","Infinite Spire","Lobotomy","Minty Spire (QoL Compilation)","Quick Restart","Rare Cards Sparkle","Relic Filter Mod","Reliquary","Replay The Spire","Spicy Shops","Spikes Relics","StSLib","Stuff the Spire","The Blue Laboratory","The Disciple","The Hierophant","Wandering Minibosses"],"gold_per_floor":[115,130,144,125,25,25,15,15],"floor_reached":7,"language":"ENG","playtime":436,"items_purged":[],"score":54,"play_id":"23b4e379-b34b-458f-b6ca-a2b15f35a3f3","local_time":"20210216193458","daily_mods":["Heirloom","Flight"],"is_ascension_mode":true,"campfire_choices":[{"data":"conspire:SpireCoStock","floor":6,"key":"SMITH"}],"circlet_count":0,"master_deck":["hierophant:Strike_Hierophant","hierophant:Strike_Hierophant","hierophant:Strike_Hierophant","hierophant:Strike_Hierophant","hierophant:Punish","hierophant:Defend_Hierophant","hierophant:Defend_Hierophant","hierophant:Defend_Hierophant","hierophant:Defend_Hierophant","hierophant:ChurchCoffers","hierophant:HolyVerse","hierophant:Purify","hierophant:Shelter","conspire:SpireCoStock+1","conspire:SpireCoStock"],"relics":["hierophant:PropheticMaskRelic","StoneCalendar","CogitoBucket"],"acts_visited":["Exordium"],"potions_floor_usage":[7],"damage_taken":[{"damage":1,"enemies":"Cultist","floor":1,"turns":3},{"damage":0,"enemies":"2 Louse","floor":2,"turns":2},{"damage":11,"enemies":"Jaw Worm","floor":3,"turns":4},{"damage":6,"enemies":"Looter","floor":4,"turns":2},{"damage":27,"enemies":"Gremlin Nob","floor":7,"turns":5}],"seed_played":"-2182892260932064857","potions_obtained":[{"floor":2,"key":"infinitespire:BlackPotion"}],"is_trial":true,"path_per_floor":["M","M","M","M","?","R","E"],"character_chosen":"HIEROPHANT","items_purchased":[],"campfire_rested":0,"item_purchase_floors":[],"current_hp_per_floor":[74,74,63,57,57,57,30,30],"gold":15,"neow_bonus":"","is_daily":false,"chose_seed":false,"campfire_upgraded":1,"win_rate":0.0,"timestamp":1613536498,"path_taken":["M","M","?","?","?","R","E"],"items_purchased_type":[],"build_version":"2020-12-22","purchased_purges":0,"victory":false,"max_hp_per_floor":[75,75,75,75,75,75,75,75],"card_choices":[{"not_picked":["hierophant:Charity","hierophant:PassingBell"],"picked":"hierophant:HolyVerse","floor":1},{"not_picked":["BeautyBeast","ShyLook","WhitesApple"],"picked":"Singing Bowl","floor":1},{"not_picked":["hierophant:ThreeLashes","hierophant:CursedGold"],"picked":"hierophant:Purify","floor":2},{"not_picked":["Bloodbath","Wellcheers","SpiderBud"],"picked":"Singing Bowl","floor":2},{"not_picked":["FieryBird","Mercenary","VoidDream"],"picked":"Singing Bowl","floor":3},{"not_picked":["hierophant:Flagellation","hierophant:Refuge","hierophant:Smite"],"picked":"SKIP","floor":3},{"not_picked":["hierophant:OrnateBuckler","hierophant:OrnateJavelin"],"picked":"hierophant:Shelter","floor":4},{"not_picked":["MeatLantern","Mercenary","LittleHelper"],"picked":"Singing Bowl","floor":4}],"player_experience":1522188,"relics_obtained":[],"event_choices":[{"damage_healed":0,"gold_gain":0,"player_choice":"Invest 2","damage_taken":0,"max_hp_gain":0,"max_hp_loss":0,"event_name":"conspire:Investor","floor":5,"gold_loss":0}],"is_beta":false,"boss_relics":[],"items_purged_floors":[],"is_endless":false,"potions_floor_spawned":[2],"killed_by":"Gremlin Nob","ascension_level":5}}