{"host":"43wsnxh97mgjl5zw","time":1613557015,"event":{"mods":["Aspiration","BaseMod","Colored Map","Colored Powertips","Conspire","Downfall","Halation","Hubris","Minty Spire (QoL Compilation)","Quick Restart","Rare Cards Sparkle","Relic Sorter","Replay The Spire","StSLib"],"gold_per_floor":[112,112,128,141,66,66,93,93,93,93,93,9,43,57,57,57,57],"floor_reached":16,"language":"ENG","playtime":495,"items_purged":["Regret"],"score":216,"play_id":"076c3746-5fcc-4961-947e-fd144d650f8e","local_time":"20210217121655","is_ascension_mode":true,"campfire_choices":[{"data":"Shockwave","floor":6.0,"key":"SMITH"},{"data":"True Grit","floor":8.0,"key":"SMITH"}],"circlet_count":0,"master_deck":["AscendersBane","Strike_R","Strike_R","Strike_R","Strike_R","Strike_R","Defend_R","Defend_R","Defend_R","Defend_R","Bash","Flex+1","Shockwave+1","True Grit+1","Heavy Blade","conspire:ExplosiveBarrier","Evolve","Headbutt"],"relics":["Burning Blood","halation:BlackBeret","Pantograph","Strawberry","conspire:BottledYoYo","hubris:Towel","Gambling Chip","Tiny Chest"],"acts_visited":["Exordium"],"potions_floor_usage":[16,16],"damage_taken":[{"damage":3.0,"enemies":"2 Louse","floor":1.0,"turns":3.0},{"damage":2.0,"enemies":"Small Slimes","floor":3.0,"turns":4.0},{"damage":9.0,"enemies":"conspire:RoseBush","floor":4.0,"turns":4.0},{"damage":38.0,"enemies":"Lagavulin","floor":7.0,"turns":7.0},{"damage":29.0,"enemies":"Gremlin Nob","floor":13.0,"turns":4.0},{"damage":11,"enemies":"Exordium Thugs","floor":14,"turns":6},{"damage":56,"enemies":"Hexaghost","floor":16,"turns":10}],"seed_played":"4441016958765269430","potions_obtained":[{"floor":3.0,"key":"Strength Potion"},{"floor":7.0,"key":"Elixir"},{"floor":13.0,"key":"SpeedPotion"}],"is_trial":false,"path_per_floor":["M","?","M","M","$","R","E","R","T","?","T","$","E","M","R_BF","B"],"character_chosen":"IRONCLAD","items_purchased":["conspire:ExplosiveBarrier"],"campfire_rested":0,"item_purchase_floors":[12],"current_hp_per_floor":[68,68,68,65,65,65,40,40,40,40,40,40,17,12,34,3,3],"gold":57,"neow_bonus":"ONE_RARE_RELIC","is_daily":false,"chose_seed":false,"campfire_upgraded":2,"win_rate":0.0,"timestamp":1613557015,"path_taken":["M","?","M","M","$","R","E","R","T","?","?","?","E","?","R_BF","BOSS"],"items_purchased_type":["Card"],"build_version":"2020-12-22","purchased_purges":1,"victory":false,"max_hp_per_floor":[68,68,68,68,68,68,75,75,75,75,75,75,75,75,75,75,75],"card_choices":[{"not_picked":["ReplayTheSpireMod:Strike From Hell","Perfected Strike"],"picked":"Flex","floor":1.0},{"not_picked":["Clash","hubris:CleavingFinish"],"picked":"Shockwave","floor":3.0},{"not_picked":["Warcry","Combust"],"picked":"True Grit","floor":4.0},{"not_picked":["Rampage","Carnage"],"picked":"Heavy Blade","floor":7.0},{"not_picked":["Wild Strike","Anger"],"picked":"Evolve","floor":13.0},{"not_picked":["Wild Strike","Heavy Blade"],"picked":"Headbutt","floor":14}],"player_experience":1261686,"relics_obtained":[{"floor":7.0,"key":"Strawberry"},{"floor":9.0,"key":"conspire:BottledYoYo"},{"floor":11.0,"key":"Gambling Chip"},{"floor":13.0,"key":"Tiny Chest"}],"event_choices":[{"damage_healed":0.0,"max_hp_gain":0.0,"max_hp_loss":0.0,"gold_gain":0.0,"event_name":"Big Fish","player_choice":"Box","floor":2.0,"gold_loss":0.0,"damage_taken":0.0,"relics_obtained":["Pantograph"],"cards_obtained":["Regret"]}],"is_beta":false,"boss_relics":[],"items_purged_floors":[5],"is_endless":false,"potions_floor_spawned":[3,7,13],"killed_by":"Hexaghost","ascension_level":20}}