{"host":"c0rqchpxu0yjpthq","time":1613563180,"event":{"mods":["100% Spire Juice","BaseMod","Challenge The Spire","Conspire","Downfall","HololiveMod","Minty Spire (QoL Compilation)","Reimu£®≤©¿ˆ¡È√Œ£©","Relic Stats","Reliquary","Spicy Shops","StSLib","Wide Potions","[GremlinLeader]The Maniac"],"gold_per_floor":[480112,472166,472278,472394,472505,472505,472067,469760,469889,469999,470117,470117,469697,469125,469240,469354,469472,469589],"floor_reached":19,"language":"ZHS","playtime":1367,"items_purged":["Hololive_CallKiryuuCoco","Hololive_Strike","Hololive_Defend+1","Hololive_Defend+1","Hololive_Defend+1","Hololive_CallOkamiMio","Hololive_Defend+1","Hololive_CallRoboco"],"score":6505,"play_id":"4f8b2ca8-1123-4e84-87f3-9fd899b98c4c","local_time":"20210217195940","daily_mods":["challengethespire:Platinum Difficulty","challengethespire:Modded Boss Rush","Uncertain Future"],"is_ascension_mode":true,"campfire_choices":[],"circlet_count":16,"master_deck":["AscendersBane","Hololive_ManjiGathering+1","Hololive_CallInugamiKorone","Hololive_CallFriendA","Apotheosis+1","Hololive_DiamondStrike+2","Hololive_Trident+1","Hololive_Thief+1"],"relics":["Hololive_TheStar","The Courier","Molten Egg 2","Toxic Egg 2","Frozen Egg 2","StoneCalendar","conspire:InfiniteJournal","reliquary:WeakTea","Kunai","reliquary:ExpiredCoupon","conspire:GlowingRock","reliquary:TuningFork","Vajra","bronze:DonusWashers","CeramicFish","Mercury Hourglass","reliquary:SharkskinSheath","reliquary:Stiletto","Gremlin Horn","reliquary:BoilingFlask","Unceasing Top","Ancient Tea Set","reliquary:Boomerang","reliquary:GummyVitamins","War Paint","Cauldron","reliquary:Sod","Bronze Scales","Bag of Preparation","sneckomod:BlankCard","Nunchaku","Pen Nib","Meat on the Bone","StrikeDummy","reliquary:Spinner","hexamod:CandleOfCauterizing","Guardian:PocketSentry","RuthlessExorcism:ReiMu","Art of War","Sundial","Potion Belt","reliquary:Buckler","Strawberry","MealTicket","reliquary:Vitrine","Orichalcum","Pocketwatch","reliquary:HotPoker","Eternal Feather","Lizard Tail","Pear","Oddly Smooth Stone","Toy Ornithopter","reliquary:OuijaBoard","HornCleat","Bird Faced Urn","Darkstone Periapt","reliquary:Firecrackers","reliquary:PrincelyHelmet","Ginger","reliquary:BallBearing","Bag of Marbles","Whetstone","reliquary:Aerogel","Hololive_FriedShrimpLion","Happy Flower","conspire:DecoderRing","hexamod:BolsterEngine","reliquary:Knoch","Mastiff:ReiMu","reliquary:NewFriend","Letter Opener","Blood Vial","reliquary:TridentHead","InkBottle","Ornamental Fan","reliquary:JackalopeAntler","Slimebound:PreparedRelic","conspire:TopHat","Anchor","reliquary:PorcupineQuills","bronze:DecasWashers","PureWhite:ReiMu","reliquary:PurpleTingedLeaf","reliquary:Sideboard","White Beast Statue","Akabeko","conspire:DeflatedDodgeball","Centennial Puzzle","Omamori","Guardian:GemstoneGun","Medical Kit","reliquary:RoseTintedGlasses","CrazyTorch:ReiMu","reliquary:JackalopeAntler","reliquary:PartyBalloon","reliquary:TatteredRug","Shuriken","reliquary:RosewoodLute","Bottled Flame","Gambling Chip","Blue Candle","Lantern","reliquary:QuartzCube","Slimebound:StickyStick","Du-Vu Doll","conspire:GiftBox","Mango","Dead Branch","FossilizedHelix","hexamod:Sixitude","Tea:ReiMu","TentaclePot:ReiMu","Hololive_LightStick","reliquary:SilkGlove","bronze:BronzeIdol","Peace Pipe","TungstenRod","champ:DuelingGlove","Calipers","Turnip","conspire:Boomerang","Girya","Ice Cream","Thread and Needle","Circlet","Boot","champ:DeflectingBracers","Torii","conspire:Dentures","Regal Pillow","conspire:SlowCooker","champ:Barbells","Frozen Eye","reliquary:BrokenClock","reliquary:FingerTrap","reliquary:WritOfMandamus","Lee\u0027s Waffle","TheAbacus","Toolbox"],"acts_visited":["Exordium"],"potions_floor_usage":[],"damage_taken":[{"damage":0,"enemies":"The Guardian","floor":3,"turns":1},{"damage":0,"enemies":"Hexaghost","floor":4,"turns":1},{"damage":0,"enemies":"Slime Boss","floor":5,"turns":1},{"damage":0,"enemies":"Champ","floor":9,"turns":1},{"damage":0,"enemies":"Collector","floor":10,"turns":1},{"damage":0,"enemies":"conspire:MysteriousRune","floor":11,"turns":1},{"damage":0,"enemies":"Awakened One","floor":15,"turns":3},{"damage":0,"enemies":"conspire:OrnateMirror","floor":16,"turns":1},{"damage":0,"enemies":"Time Eater","floor":17,"turns":1},{"damage":0,"enemies":"The Heart","floor":18,"turns":5}],"seed_played":"-8295918210250356908","potions_obtained":[{"floor":3,"key":"DistilledChaos"},{"floor":4,"key":"Block Potion"},{"floor":9,"key":"DuplicationPotion"},{"floor":10,"key":"Weak Potion"}],"is_trial":true,"path_per_floor":["$","$","M","M","M","T","$","$","M","M","M","T","$","$","M","M","M","M",null],"character_chosen":"Hololive_HololiveCharacter","items_purchased":["Apotheosis+1","Hololive_DiamondStrike+1","StoneCalendar","conspire:InfiniteJournal","reliquary:WeakTea","Kunai","reliquary:ExpiredCoupon","conspire:GlowingRock","reliquary:TuningFork","Vajra","bronze:DonusWashers","CeramicFish","Mercury Hourglass","reliquary:SharkskinSheath","reliquary:Stiletto","Gremlin Horn","reliquary:BoilingFlask","Unceasing Top","Ancient Tea Set","reliquary:Boomerang","reliquary:GummyVitamins","War Paint","Cauldron","reliquary:Sod","Bronze Scales","Bag of Preparation","sneckomod:BlankCard","Nunchaku","Pen Nib","Meat on the Bone","StrikeDummy","reliquary:Spinner","hexamod:CandleOfCauterizing","Guardian:PocketSentry","RuthlessExorcism:ReiMu","Art of War","Sundial","Potion Belt","reliquary:Buckler","Strawberry","MealTicket","reliquary:Vitrine","Orichalcum","Pocketwatch","reliquary:HotPoker","Eternal Feather","Lizard Tail","Pear","Oddly Smooth Stone","Toy Ornithopter","reliquary:OuijaBoard","HornCleat","Bird Faced Urn","Darkstone Periapt","reliquary:Firecrackers","reliquary:PrincelyHelmet","Ginger","reliquary:BallBearing","Bag of Marbles","Whetstone","reliquary:Aerogel","Hololive_FriedShrimpLion","Happy Flower","conspire:DecoderRing","hexamod:BolsterEngine","reliquary:Knoch","Mastiff:ReiMu","reliquary:NewFriend","Letter Opener","Blood Vial","reliquary:TridentHead","InkBottle","Ornamental Fan","reliquary:JackalopeAntler","Slimebound:PreparedRelic","conspire:TopHat","Anchor","reliquary:PorcupineQuills","bronze:DecasWashers","PureWhite:ReiMu","reliquary:PurpleTingedLeaf","reliquary:Sideboard","White Beast Statue","Akabeko","conspire:DeflatedDodgeball","Centennial Puzzle","Omamori","Guardian:GemstoneGun","Medical Kit","reliquary:RoseTintedGlasses","CrazyTorch:ReiMu","reliquary:SculptingSteel","reliquary:PartyBalloon","reliquary:TatteredRug","Shuriken","reliquary:RosewoodLute","Bottled Flame","Gambling Chip","Blue Candle","Lantern","reliquary:QuartzCube","Slimebound:StickyStick","Du-Vu Doll","conspire:GiftBox","Mango","Dead Branch","FossilizedHelix","hexamod:Sixitude","Hololive_Trident+1","Tea:ReiMu","TentaclePot:ReiMu","Hololive_LightStick","reliquary:SilkGlove","bronze:BronzeIdol","Peace Pipe","TungstenRod","champ:DuelingGlove","Calipers","Turnip","conspire:Boomerang","Girya","Ice Cream","Thread and Needle","Circlet","Boot","champ:DeflectingBracers","Torii","conspire:Dentures","Regal Pillow","champ:Barbells","Circlet","Frozen Eye","reliquary:BrokenClock","reliquary:FingerTrap","Circlet","Circlet","Circlet","Circlet","Circlet","Circlet","Lee\u0027s Waffle","TheAbacus","Toolbox"],"campfire_rested":0,"item_purchase_floors":[1,1,1,1,1,1,1,1,1,1,1,1,1,1,1,1,1,1,1,1,1,1,1,1,1,1,1,1,1,1,1,1,1,1,1,1,1,1,1,1,1,1,1,1,1,1,1,1,1,1,1,1,1,1,1,1,1,1,1,1,1,1,1,1,1,1,1,1,1,1,1,1,1,1,1,1,1,1,1,1,1,1,1,1,1,1,1,1,2,2,2,2,2,2,2,2,2,2,2,2,2,2,2,2,2,2,2,2,2,2,2,2,2,2,2,2,2,2,2,2,2,2,2,2,2,2,2,2,2,7,7,7,8,8,8,8,8,8,8,8,13,14,14],"current_hp_per_floor":[44,61,61,61,61,61,61,61,61,61,61,61,68,68,68,68,68,68],"gold":469589,"neow_bonus":"","is_daily":false,"chose_seed":false,"campfire_upgraded":0,"win_rate":0.0,"timestamp":1613563180,"path_taken":["$","$","M","M","M","T","$","$","M","M","M","T","$","$","M","M","M","M"],"items_purchased_type":["Card","Card","Relic","Relic","Relic","Relic","Relic","Relic","Relic","Relic","Relic","Relic","Relic","Relic","Relic","Relic","Relic","Relic","Relic","Relic","Relic","Relic","Relic","Relic","Relic","Relic","Relic","Relic","Relic","Relic","Relic","Relic","Relic","Relic","Relic","Relic","Relic","Relic","Relic","Relic","Relic","Relic","Relic","Relic","Relic","Relic","Relic","Relic","Relic","Relic","Relic","Relic","Relic","Relic","Relic","Relic","Relic","Relic","Relic","Relic","Relic","Relic","Relic","Relic","Relic","Relic","Relic","Relic","Relic","Relic","Relic","Relic","Relic","Relic","Relic","Relic","Relic","Relic","Relic","Relic","Relic","Relic","Relic","Relic","Relic","Relic","Relic","Relic","Relic","Relic","Relic","Relic","Relic","Relic","Relic","Relic","Relic","Relic","Relic","Relic","Relic","Relic","Relic","Relic","Relic","Relic","Relic","Relic","Card","Relic","Relic","Relic","Relic","Relic","Relic","Relic","Relic","Relic","Relic","Relic","Relic","Relic","Relic","Undefined","Relic","Relic","Relic","Relic","Relic","Relic","Undefined","Relic","Relic","Relic","Undefined","Undefined","Undefined","Undefined","Undefined","Undefined","Relic","Relic","Relic"],"build_version":"2020-12-22","purchased_purges":8,"victory":true,"max_hp_per_floor":[47,61,61,61,61,61,61,61,61,61,61,61,68,68,68,68,68,68],"relic_stats":{"Darkstone Periapt":0,"Regal Pillow":0,"Gremlin Horn":[1,3],"Torii":0,"CeramicFish":36,"StoneCalendar":[0],"Bag of Preparation":[16],"Ginger":[2],"Whetstone":["Hololive_ManjiGathering","Hololive_DiamondStrike"],"Boot":[0],"Blood Vial":0,"Nunchaku":[5],"Lizard Tail":0,"Centennial Puzzle":[0],"TheAbacus":[36],"Sundial":[4],"Gambling Chip":[0],"MealTicket":3,"Kunai":[11],"InkBottle":[10],"Lee\u0027s Waffle":7,"Happy Flower":[5],"counters":[10,16],"Blue Candle":[2],"Dead Branch":[69],"Eternal Feather":0,"Pen Nib":[5],"Letter Opener":[25],"War Paint":["Hololive_Defend","Hololive_Defend"],"Orichalcum":[18],"Medical Kit":[2],"Mercury Hourglass":[51],"Peace Pipe":0,"Ornamental Fan":[44],"Shuriken":[11],"Bronze Scales":[51],"Bird Faced Urn":[0],"Turnip":[2],"Art of War":[0],"obtain_stats":[{"Ginger":1,"Whetstone":1,"Boot":2,"Blood Vial":1,"conspire:GlowingRock":1,"Sundial":1,"MealTicket":1,"Kunai":1,"reliquary:FingerTrap":8,"champ:Barbells":7,"Pear":1,"Blue Candle":2,"TentaclePot:ReiMu":2,"Eternal Feather":1,"Pen Nib":1,"Guardian:PocketSentry":1,"reliquary:WeakTea":1,"Akabeko":1,"Bird Faced Urn":1,"reliquary:GummyVitamins":1,"reliquary:SculptingSteel":2,"reliquary:BrokenClock":8,"StrikeDummy":1,"Unceasing Top":1,"Lantern":2,"Regal Pillow":2,"reliquary:SilkGlove":2,"Torii":2,"reliquary:Aerogel":1,"sneckomod:BlankCard":1,"StoneCalendar":1,"Bag of Preparation":1,"Ancient Tea Set":1,"conspire:InfiniteJournal":1,"reliquary:TridentHead":1,"Toolbox":14,"reliquary:Buckler":1,"reliquary:NewFriend":1,"InkBottle":1,"Potion Belt":1,"Lee\u0027s Waffle":13,"bronze:DecasWashers":1,"Guardian:GemstoneGun":1,"Circlet":2,"Thread and Needle":2,"The Courier":0,"champ:DeflectingBracers":2,"Omamori":1,"reliquary:Spinner":1,"Frozen Egg 2":0,"reliquary:RosewoodLute":2,"bronze:BronzeIdol":2,"reliquary:Sod":1,"PureWhite:ReiMu":1,"Ornamental Fan":1,"CrazyTorch:ReiMu":2,"Hololive_FriedShrimpLion":1,"Turnip":2,"Art of War":1,"hexamod:BolsterEngine":1,"conspire:DeflatedDodgeball":1,"Toy Ornithopter":1,"reliquary:OuijaBoard":1,"Ice Cream":2,"champ:DuelingGlove":2,"Calipers":2,"Gremlin Horn":1,"reliquary:PartyBalloon":2,"CeramicFish":1,"Vajra":1,"Tea:ReiMu":2,"reliquary:QuartzCube":2,"Lizard Tail":1,"Centennial Puzzle":1,"HornCleat":1,"Mastiff:ReiMu":1,"Strawberry":1,"conspire:DecoderRing":1,"Toxic Egg 2":0,"reliquary:Vitrine":1,"reliquary:SharkskinSheath":1,"conspire:Dentures":2,"Girya":2,"Happy Flower":1,"reliquary:Sideboard":1,"Dead Branch":2,"Oddly Smooth Stone":1,"reliquary:TatteredRug":2,"conspire:SlowCooker":6,"conspire:Boomerang":2,"Letter Opener":1,"War Paint":1,"reliquary:JackalopeAntler":1,"Du-Vu Doll":2,"Bottled Flame":2,"conspire:GiftBox":2,"reliquary:PorcupineQuills":1,"Shuriken":2,"Bronze Scales":1,"Hololive_TheStar":0,"Molten Egg 2":0,"reliquary:BallBearing":1,"Slimebound:PreparedRelic":1,"reliquary:Knoch":1,"reliquary:WritOfMandamus":12,"Meat on the Bone":1,"Pocketwatch":1,"Darkstone Periapt":1,"reliquary:Boomerang":1,"reliquary:PrincelyHelmet":1,"reliquary:BoilingFlask":1,"reliquary:Firecrackers":1,"Mango":2,"conspire:TopHat":1,"Frozen Eye":7,"Nunchaku":1,"reliquary:HotPoker":1,"TheAbacus":14,"Slimebound:StickyStick":2,"Gambling Chip":2,"reliquary:RoseTintedGlasses":2,"bronze:DonusWashers":1,"hexamod:CandleOfCauterizing":1,"hexamod:Sixitude":2,"Orichalcum":1,"Medical Kit":2,"White Beast Statue":1,"Mercury Hourglass":1,"Peace Pipe":2,"reliquary:ExpiredCoupon":1,"Cauldron":1,"Anchor":1,"Hololive_LightStick":2,"reliquary:Stiletto":1,"reliquary:TuningFork":1,"Bag of Marbles":1,"reliquary:PurpleTingedLeaf":1,"FossilizedHelix":2,"TungstenRod":2,"RuthlessExorcism:ReiMu":1},{"Ginger":0,"Whetstone":0,"Boot":0,"Blood Vial":0,"conspire:GlowingRock":0,"Sundial":0,"MealTicket":0,"Kunai":0,"reliquary:FingerTrap":3,"champ:Barbells":3,"Pear":0,"Blue Candle":0,"TentaclePot:ReiMu":0,"Eternal Feather":0,"Pen Nib":0,"Guardian:PocketSentry":0,"reliquary:WeakTea":0,"Akabeko":0,"Bird Faced Urn":0,"reliquary:GummyVitamins":0,"reliquary:SculptingSteel":0,"reliquary:BrokenClock":3,"StrikeDummy":0,"Unceasing Top":0,"Lantern":0,"Regal Pillow":0,"reliquary:SilkGlove":0,"Torii":0,"reliquary:Aerogel":0,"sneckomod:BlankCard":0,"StoneCalendar":0,"Bag of Preparation":0,"Ancient Tea Set":0,"conspire:InfiniteJournal":0,"reliquary:TridentHead":0,"Toolbox":6,"reliquary:Buckler":0,"reliquary:NewFriend":0,"InkBottle":0,"Potion Belt":0,"Lee\u0027s Waffle":6,"bronze:DecasWashers":0,"Guardian:GemstoneGun":0,"Circlet":0,"Thread and Needle":0,"The Courier":0,"champ:DeflectingBracers":0,"Omamori":0,"reliquary:Spinner":0,"Frozen Egg 2":0,"reliquary:RosewoodLute":0,"bronze:BronzeIdol":0,"reliquary:Sod":0,"PureWhite:ReiMu":0,"Ornamental Fan":0,"CrazyTorch:ReiMu":0,"Hololive_FriedShrimpLion":0,"Turnip":0,"Art of War":0,"hexamod:BolsterEngine":0,"conspire:DeflatedDodgeball":0,"Toy Ornithopter":0,"reliquary:OuijaBoard":0,"Ice Cream":0,"champ:DuelingGlove":0,"Calipers":0,"Gremlin Horn":0,"reliquary:PartyBalloon":0,"CeramicFish":0,"Vajra":0,"Tea:ReiMu":0,"reliquary:QuartzCube":0,"Lizard Tail":0,"Centennial Puzzle":0,"HornCleat":0,"Mastiff:ReiMu":0,"Strawberry":0,"conspire:DecoderRing":0,"Toxic Egg 2":0,"reliquary:Vitrine":0,"reliquary:SharkskinSheath":0,"conspire:Dentures":0,"Girya":0,"Happy Flower":0,"reliquary:Sideboard":0,"Dead Branch":0,"Oddly Smooth Stone":0,"reliquary:TatteredRug":0,"conspire:SlowCooker":3,"conspire:Boomerang":0,"Letter Opener":0,"War Paint":0,"reliquary:JackalopeAntler":0,"Du-Vu Doll":0,"Bottled Flame":0,"conspire:GiftBox":0,"reliquary:PorcupineQuills":0,"Shuriken":0,"Bronze Scales":0,"Hololive_TheStar":0,"Molten Egg 2":0,"reliquary:BallBearing":0,"Slimebound:PreparedRelic":0,"reliquary:Knoch":0,"reliquary:WritOfMandamus":6,"Meat on the Bone":0,"Pocketwatch":0,"Darkstone Periapt":0,"reliquary:Boomerang":0,"reliquary:PrincelyHelmet":0,"reliquary:BoilingFlask":0,"reliquary:Firecrackers":0,"Mango":0,"conspire:TopHat":0,"Frozen Eye":3,"Nunchaku":0,"reliquary:HotPoker":0,"TheAbacus":6,"Slimebound:StickyStick":0,"Gambling Chip":0,"reliquary:RoseTintedGlasses":0,"bronze:DonusWashers":0,"hexamod:CandleOfCauterizing":0,"hexamod:Sixitude":0,"Orichalcum":0,"Medical Kit":0,"White Beast Statue":0,"Mercury Hourglass":0,"Peace Pipe":0,"reliquary:ExpiredCoupon":0,"Cauldron":0,"Anchor":0,"Hololive_LightStick":0,"reliquary:Stiletto":0,"reliquary:TuningFork":0,"Bag of Marbles":0,"reliquary:PurpleTingedLeaf":0,"FossilizedHelix":0,"TungstenRod":0,"RuthlessExorcism:ReiMu":0},{"Ginger":0,"Whetstone":0,"Boot":0,"Blood Vial":0,"conspire:GlowingRock":0,"Sundial":0,"MealTicket":0,"Kunai":0,"reliquary:FingerTrap":3,"champ:Barbells":3,"Pear":0,"Blue Candle":0,"TentaclePot:ReiMu":0,"Eternal Feather":0,"Pen Nib":0,"Guardian:PocketSentry":0,"reliquary:WeakTea":0,"Akabeko":0,"Bird Faced Urn":0,"reliquary:GummyVitamins":0,"reliquary:SculptingSteel":0,"reliquary:BrokenClock":3,"StrikeDummy":0,"Unceasing Top":0,"Lantern":0,"Regal Pillow":0,"reliquary:SilkGlove":0,"Torii":0,"reliquary:Aerogel":0,"sneckomod:BlankCard":0,"StoneCalendar":0,"Bag of Preparation":0,"Ancient Tea Set":0,"conspire:InfiniteJournal":0,"reliquary:TridentHead":0,"Toolbox":6,"reliquary:Buckler":0,"reliquary:NewFriend":0,"InkBottle":0,"Potion Belt":0,"Lee\u0027s Waffle":6,"bronze:DecasWashers":0,"Guardian:GemstoneGun":0,"Circlet":0,"Thread and Needle":0,"The Courier":0,"champ:DeflectingBracers":0,"Omamori":0,"reliquary:Spinner":0,"Frozen Egg 2":0,"reliquary:RosewoodLute":0,"bronze:BronzeIdol":0,"reliquary:Sod":0,"PureWhite:ReiMu":0,"Ornamental Fan":0,"CrazyTorch:ReiMu":0,"Hololive_FriedShrimpLion":0,"Turnip":0,"Art of War":0,"hexamod:BolsterEngine":0,"conspire:DeflatedDodgeball":0,"Toy Ornithopter":0,"reliquary:OuijaBoard":0,"Ice Cream":0,"champ:DuelingGlove":0,"Calipers":0,"Gremlin Horn":0,"reliquary:PartyBalloon":0,"CeramicFish":0,"Vajra":0,"Tea:ReiMu":0,"reliquary:QuartzCube":0,"Lizard Tail":0,"Centennial Puzzle":0,"HornCleat":0,"Mastiff:ReiMu":0,"Strawberry":0,"conspire:DecoderRing":0,"Toxic Egg 2":0,"reliquary:Vitrine":0,"reliquary:SharkskinSheath":0,"conspire:Dentures":0,"Girya":0,"Happy Flower":0,"reliquary:Sideboard":0,"Dead Branch":0,"Oddly Smooth Stone":0,"reliquary:TatteredRug":0,"conspire:SlowCooker":3,"conspire:Boomerang":0,"Letter Opener":0,"War Paint":0,"reliquary:JackalopeAntler":0,"Du-Vu Doll":0,"Bottled Flame":0,"conspire:GiftBox":0,"reliquary:PorcupineQuills":0,"Shuriken":0,"Bronze Scales":0,"Hololive_TheStar":0,"Molten Egg 2":0,"reliquary:BallBearing":0,"Slimebound:PreparedRelic":0,"reliquary:Knoch":0,"reliquary:WritOfMandamus":6,"Meat on the Bone":0,"Pocketwatch":0,"Darkstone Periapt":0,"reliquary:Boomerang":0,"reliquary:PrincelyHelmet":0,"reliquary:BoilingFlask":0,"reliquary:Firecrackers":0,"Mango":0,"conspire:TopHat":0,"Frozen Eye":3,"Nunchaku":0,"reliquary:HotPoker":0,"TheAbacus":6,"Slimebound:StickyStick":0,"Gambling Chip":0,"reliquary:RoseTintedGlasses":0,"bronze:DonusWashers":0,"hexamod:CandleOfCauterizing":0,"hexamod:Sixitude":0,"Orichalcum":0,"Medical Kit":0,"White Beast Statue":0,"Mercury Hourglass":0,"Peace Pipe":0,"reliquary:ExpiredCoupon":0,"Cauldron":0,"Anchor":0,"Hololive_LightStick":0,"reliquary:Stiletto":0,"reliquary:TuningFork":0,"Bag of Marbles":0,"reliquary:PurpleTingedLeaf":0,"FossilizedHelix":0,"TungstenRod":0,"RuthlessExorcism:ReiMu":0}],"Unceasing Top":[0],"Toy Ornithopter":0,"TungstenRod":0,"Meat on the Bone":0,"Pocketwatch":[0]},"card_choices":[],"player_experience":80058,"relics_obtained":[{"floor":3,"key":"Circlet"},{"floor":9,"key":"Circlet"},{"floor":10,"key":"Circlet"},{"floor":11,"key":"Circlet"},{"floor":15,"key":"Circlet"},{"floor":16,"key":"Circlet"},{"floor":17,"key":"Circlet"},{"floor":18,"key":"Circlet"}],"event_choices":[],"is_beta":false,"boss_relics":[{"not_picked":["reliquary:Ember","SacredBark"],"picked":"conspire:SlowCooker"},{"not_picked":["Snecko Eye","RedLine:ReiMu"],"picked":"reliquary:WritOfMandamus"}],"items_purged_floors":[1,2,7,8,13,13,14,14],"is_endless":false,"potions_floor_spawned":[3,4,5,9,10,11,15,16,17,18],"ascension_level":20}}