{"host":"zu1swnxjkaahohqc","time":1613599984,"event":{"mods":["BaseMod","Hubris","Minty Spire (QoL Compilation)","Replay The Spire","StSLib","UnlockEverythingMod"],"gold_per_floor":[112,112,112,112,322,322,322,322,322,357,30,46,78,89,89,191,191,209,209,149,164,175,201,201,214,214,214,214,239,69,81,81,178,178,198,73,73,91,111,139,139,174,223,242,262,292,310,160,160,160],"floor_reached":51,"language":"ENG","playtime":3472,"items_purged":["Strike_P","Strike_P","ThirdEye+1","Defend_P"],"score":1155,"play_id":"d14f067f-5c02-49ae-96df-21f3b02b53ca","local_time":"20210217171304","is_ascension_mode":true,"campfire_choices":[{"data":"Eruption","floor":6.0,"key":"SMITH"},{"floor":8.0,"key":"REST"},{"data":"Scrawl","floor":15.0,"key":"SMITH"},{"data":"Vault","floor":24,"key":"SMITH"},{"data":"WindmillStrike","floor":28,"key":"SMITH"},{"data":"DeusExMachina","floor":32,"key":"SMITH"},{"data":"FlurryOfBlows","floor":41,"key":"SMITH"},{"data":"Study","floor":49,"key":"SMITH"}],"circlet_count":0,"master_deck":["Eruption+1","Vigilance","Scrawl+1","FlyingSleeves","EmptyFist","FearNoEvil","EmptyBody","WindmillStrike+1","FlurryOfBlows+1","WreathOfFlame","Vault+1","Meditate","DeusExMachina+1","Indignation+1","Evaluate+1","Replay:AllIn+1","CurseOfTheBell","EmptyFist","Tantrum","Replay:BluntJabs","FlurryOfBlows","Study+1"],"relics":["PureWater","NeowsBlessing","Onion Ring","hubris:Towel","Orichalcum","hubris:GlazedTorus","Ornamental Fan","Replay:PocketPolymizer","hubris:Stopwatch","ReplayTheSpireMod:Ninjato","Toxic Egg 2","hubris:BottledHeart","Golden Egg","Calling Bell","hubris:ToyBattleship","ReplayTheSpireMod:Shallot","hubris:Spice","Letter Opener","Replay:Multitool","Replay:Wax Seal","Art of War"],"acts_visited":["Exordium","TheCity","TheBeyond"],"potions_floor_usage":[23,33,39,40,45,46,50],"damage_taken":[{"damage":0.0,"enemies":"2 Louse","floor":1.0,"turns":1.0},{"damage":0.0,"enemies":"3 Sentries","floor":10.0,"turns":1.0},{"damage":0.0,"enemies":"Jaw Worm","floor":12.0,"turns":1.0},{"damage":0.0,"enemies":"Gremlin Nob","floor":13.0,"turns":2.0},{"damage":0.0,"enemies":"Small Slimes","floor":14.0,"turns":2.0},{"damage":39.0,"enemies":"Hexaghost","floor":16.0,"turns":5.0},{"damage":6,"enemies":"2 Thieves","floor":18,"turns":4},{"damage":0,"enemies":"3 Byrds","floor":21,"turns":4},{"damage":0,"enemies":"Snake Plant","floor":22,"turns":1},{"damage":9,"enemies":"Gremlin Leader","floor":23,"turns":5},{"damage":8,"enemies":"Centurion and Healer","floor":25,"turns":3},{"damage":0,"enemies":"Slavers","floor":29,"turns":4},{"damage":0,"enemies":"Snecko","floor":31,"turns":3},{"damage":0,"enemies":"hubris:MusketHawk","floor":33,"turns":7},{"damage":0,"enemies":"3 Darklings","floor":35,"turns":6},{"damage":0,"enemies":"Orb Walker","floor":38,"turns":2},{"damage":0,"enemies":"Jaw Worm Horde","floor":39,"turns":3},{"damage":0,"enemies":"Nemesis","floor":40,"turns":3},{"damage":0,"enemies":"Giant Head","floor":42,"turns":3},{"damage":0,"enemies":"Transient","floor":44,"turns":6},{"damage":0,"enemies":"Sphere and 2 Shapes","floor":45,"turns":2},{"damage":0,"enemies":"R_Hoarder","floor":46,"turns":3},{"damage":0,"enemies":"4 Shapes","floor":47,"turns":2},{"damage":0,"enemies":"hubris:GrandSnecko","floor":50,"turns":6}],"seed_played":"-9219200573979885733","potions_obtained":[{"floor":10.0,"key":"LiquidMemories"},{"floor":14.0,"key":"SpeedPotion"},{"floor":23,"key":"SpeedPotion"},{"floor":25,"key":"LifebloodPotion"},{"floor":33,"key":"SpeedPotion"},{"floor":35,"key":"Fire Potion"},{"floor":44,"key":"Ambrosia"},{"floor":46,"key":"Swift Potion"},{"floor":47,"key":"Swift Potion"}],"is_trial":false,"path_per_floor":["M","?","T","?","?","R","?","R","T","E","$","M","E","M","R","B",null,"M","?","?","M","M","E","R","M","T","?","R","E","$","M","R","B",null,"M","$","?","M","M","E","R","E","T","M","M","E","M","$","R","B",null],"character_chosen":"WATCHER","items_purchased":["Ornamental Fan","Indignation+1"],"campfire_rested":1,"item_purchase_floors":[11,30],"current_hp_per_floor":[72,72,72,72,44,44,44,65,65,65,65,65,65,65,65,26,72,66,66,66,66,66,57,57,49,49,1,1,1,1,1,1,1,1,1,1,1,1,1,1,1,1,1,1,1,1,1,1,1,1],"gold":160,"neow_bonus":"THREE_ENEMY_KILL","is_daily":false,"chose_seed":false,"campfire_upgraded":7,"win_rate":0.0,"timestamp":1613599984,"path_taken":["M","?","?","?","?","R","?","R","T","E","$","M","E","M","R","BOSS","M","?","?","M","M","E","R","?","T","?","R","E","$","M","R","BOSS","M","$","?","M","M","E","R","E","T","M","M","E","M","$","R","BOSS"],"items_purchased_type":["Relic","Card"],"build_version":"2020-12-13","purchased_purges":4,"victory":true,"max_hp_per_floor":[72,72,72,72,72,72,72,72,72,72,72,72,72,72,72,72,72,72,72,72,72,72,72,72,72,72,1,1,1,1,1,1,1,1,1,1,1,1,1,1,1,1,1,1,1,1,1,1,1,1],"card_choices":[{"not_picked":["FlyingSleeves","EmptyFist","BowlingBash"],"picked":"SKIP","floor":1.0},{"not_picked":["CutThroughFate","DeceiveReality"],"picked":"FlyingSleeves","floor":5.0},{"not_picked":["Prostrate","ClearTheMind"],"picked":"FearNoEvil","floor":10.0},{"not_picked":["Replay:Cycle","CutThroughFate"],"picked":"EmptyBody","floor":12.0},{"not_picked":["Replay:AtTheReady","Replay:Hum"],"picked":"WindmillStrike","floor":13.0},{"not_picked":["Crescendo","Replay:AtTheReady"],"picked":"FlurryOfBlows","floor":14.0},{"not_picked":["Omniscience","Wish"],"picked":"Vault","floor":16.0},{"not_picked":["PathToVictory","Replay:DivineShield"],"picked":"ClearTheMind","floor":18},{"not_picked":["WreathOfFlame+1","Worship+1"],"picked":"Meditate","floor":21},{"not_picked":["Pray","CutThroughFate","BowlingBash"],"picked":"SKIP","floor":22},{"not_picked":["Worship","SandsOfTime","Replay:AllIn"],"picked":"SKIP","floor":23},{"not_picked":["Evaluate","ClearTheMind","Halt"],"picked":"SKIP","floor":25},{"not_picked":["CrushJoints","InnerPeace+1","ThirdEye+1"],"picked":"SKIP","floor":29},{"not_picked":["Replay:ManipulateFuture+1","SandsOfTime"],"picked":"Evaluate+1","floor":31},{"not_picked":["SpiritShield+1","Wish+1"],"picked":"Replay:AllIn+1","floor":33},{"not_picked":["CutThroughFate","Study"],"picked":"EmptyFist","floor":35},{"not_picked":["CrushJoints","Fasting2+1"],"picked":"Tantrum","floor":38},{"not_picked":["Nirvana","WindmillStrike","ConjureBlade+1"],"picked":"SKIP","floor":39},{"not_picked":["SashWhip+1","Pray+1","Protect+1"],"picked":"SKIP","floor":40},{"not_picked":["Vengeance+1","BowlingBash","Adaptation"],"picked":"SKIP","floor":42},{"not_picked":["TalkToTheHand+1","Consecrate+1","CutThroughFate"],"picked":"SKIP","floor":44},{"not_picked":["Sanctity+1","Replay:ManipulateFuture+1","MentalFortress+1"],"picked":"SKIP","floor":45},{"not_picked":["WaveOfTheHand+1","Worship+1","BattleHymn+1"],"picked":"SKIP","floor":46},{"not_picked":["CrushJoints+1","Worship+1"],"picked":"FlurryOfBlows","floor":47}],"player_experience":6510,"relics_obtained":[{"floor":3.0,"key":"Onion Ring"},{"floor":9.0,"key":"Orichalcum"},{"floor":10.0,"key":"hubris:GlazedTorus"},{"floor":13.0,"key":"Replay:PocketPolymizer"},{"floor":23,"key":"ReplayTheSpireMod:Ninjato"},{"floor":26,"key":"Toxic Egg 2"},{"floor":29,"key":"Golden Egg"},{"floor":34,"key":"hubris:ToyBattleship"},{"floor":34,"key":"ReplayTheSpireMod:Shallot"},{"floor":34,"key":"hubris:Spice"},{"floor":40,"key":"Letter Opener"},{"floor":42,"key":"Replay:Multitool"},{"floor":43,"key":"Replay:Wax Seal"},{"floor":46,"key":"Art of War"}],"event_choices":[{"damage_healed":0.0,"max_hp_gain":0.0,"max_hp_loss":0.0,"gold_gain":0.0,"cards_transformed":["Defend_P"],"event_name":"Living Wall","player_choice":"Change","floor":2.0,"gold_loss":0.0,"damage_taken":0.0,"cards_obtained":["Scrawl"]},{"damage_healed":0,"gold_gain":0,"player_choice":"Ignored","damage_taken":0,"max_hp_gain":0,"max_hp_loss":0,"event_name":"Ghosts","floor":19,"gold_loss":0},{"damage_healed":0,"gold_gain":0,"player_choice":"Max HP","damage_taken":0,"max_hp_gain":0,"max_hp_loss":0,"event_name":"Winding Halls","floor":37,"gold_loss":0}],"is_beta":false,"boss_relics":[{"not_picked":["Coffee Dripper","Runic Dome"],"picked":"hubris:Stopwatch"},{"not_picked":["SlaversCollar","Replay:Wanted Poster"],"picked":"Calling Bell"}],"items_purged_floors":[11,30,36,48],"is_endless":false,"potions_floor_spawned":[10,14,23,25,33,35,38,44,46,47],"ascension_level":3}}