{"host":"aaist0epu260r53e","time":1613573565,"event":{"mods":["BaseMod","Colored Map","Colored Powertips","Minty Spire (QoL Compilation)","Quick Restart"],"gold_per_floor":[109,109,109,127,127,127,155,155,155,155,155,155,169,183,183,288,288,263,263,263,188,207,207,238,254,336,236,262,262,282,381,381,478,478,489,489,541,541,416,442,442,468,468,481,481,516,65,80,80,80],"floor_reached":51,"language":"ZHS","playtime":4147,"items_purged":["Strike_G","Strike_G","Defend_G","Strike_G"],"score":742,"play_id":"f5b5f4ff-ece8-4aa0-b0ad-b0e61c1e96a5","local_time":"20210217225245","is_ascension_mode":false,"campfire_choices":[{"data":"Poisoned Stab","floor":6,"key":"SMITH"},{"floor":8,"key":"REST"},{"data":"Backflip","floor":10,"key":"SMITH"},{"data":"Survivor","floor":12,"key":"SMITH"},{"floor":15,"key":"REST"},{"data":"Adrenaline","floor":32,"key":"SMITH"},{"floor":41,"key":"REST"},{"data":"Noxious Fumes","floor":45,"key":"SMITH"},{"floor":49,"key":"REST"}],"circlet_count":0,"master_deck":["Strike_G+1","Defend_G","Defend_G+1","Survivor+1","Neutralize+1","Poisoned Stab+1","Backflip+1","Escape Plan","Adrenaline+1","Deadly Poison+1","Reflex+1","Adrenaline","Acrobatics+1","Dagger Throw+1","Noxious Fumes+1","Quick Slash+1","Backstab+1","Burst"],"relics":["Ring of the Snake","Dream Catcher","Bottled Flame","SlaversCollar","MutagenicStrength","Orichalcum","Bottled Lightning","Juzu Bracelet","Lizard Tail","Paper Crane","Kunai","Gambling Chip","Meat on the Bone","Snake Skull"],"acts_visited":["Exordium","TheCity","TheBeyond"],"potions_floor_usage":[18,33,33,50,50],"damage_taken":[{"damage":1,"enemies":"Jaw Worm","floor":1,"turns":6},{"damage":2,"enemies":"Small Slimes","floor":4,"turns":5},{"damage":17,"enemies":"Lagavulin","floor":7,"turns":7},{"damage":0,"enemies":"2 Louse","floor":13,"turns":2},{"damage":0,"enemies":"Exordium Wildlife","floor":14,"turns":4},{"damage":34,"enemies":"Hexaghost","floor":16,"turns":12},{"damage":9,"enemies":"2 Thieves","floor":18,"turns":5},{"damage":1,"enemies":"Spheric Guardian","floor":22,"turns":5},{"damage":12,"enemies":"Book of Stabbing","floor":24,"turns":6},{"damage":5,"enemies":"Shelled Parasite and Fungi","floor":25,"turns":5},{"damage":0,"enemies":"Gremlin Leader","floor":28,"turns":5},{"damage":4,"enemies":"Sentry and Sphere","floor":30,"turns":6},{"damage":25,"enemies":"Champ","floor":33,"turns":11},{"damage":30,"enemies":"3 Darklings","floor":35,"turns":9},{"damage":41,"enemies":"2 Orb Walkers","floor":37,"turns":7},{"damage":34,"enemies":"Reptomancer","floor":40,"turns":7},{"damage":22,"enemies":"Giant Head","floor":42,"turns":8},{"damage":0,"enemies":"Orb Walker","floor":44,"turns":3},{"damage":33,"enemies":"Reptomancer","floor":46,"turns":5},{"damage":3,"enemies":"3 Darklings","floor":48,"turns":4},{"damage":32,"enemies":"Donu and Deca","floor":50,"turns":9}],"seed_played":"-7135625734052403142","potions_obtained":[{"floor":4,"key":"SkillPotion"},{"floor":13,"key":"Weak Potion"},{"floor":28,"key":"Strength Potion"},{"floor":30,"key":"AttackPotion"},{"floor":42,"key":"Swift Potion"},{"floor":44,"key":"Weak Potion"},{"floor":48,"key":"Regen Potion"}],"is_trial":false,"path_per_floor":["M","?","?","M","?","R","E","R","T","R","?","R","M","M","R","B",null,"M","?","?","$","M","?","E","M","T","$","E","?","M","?","R","B",null,"M","?","?","?","$","E","R","E","T","M","R","E","$","M","R","B",null],"character_chosen":"THE_SILENT","items_purchased":["Snake Skull","Burst"],"campfire_rested":4,"item_purchase_floors":[47,47],"current_hp_per_floor":[69,69,74,72,57,57,40,62,62,62,55,55,55,55,75,41,75,66,66,66,66,65,65,53,48,48,48,48,48,44,44,44,19,75,45,45,4,62,62,28,46,24,24,24,24,23,23,32,50,30],"gold":80,"neow_bonus":"UPGRADE_CARD","is_daily":false,"chose_seed":false,"campfire_upgraded":5,"win_rate":0.0,"timestamp":1613573565,"path_taken":["M","?","?","M","?","R","E","R","T","R","?","R","M","M","R","BOSS","M","?","?","$","M","?","E","M","T","$","E","?","M","?","R","BOSS","M","?","?","?","$","E","R","E","T","M","R","E","$","M","R","BOSS"],"items_purchased_type":["Relic","Card"],"build_version":"2020-12-22","purchased_purges":4,"victory":true,"max_hp_per_floor":[70,70,75,75,75,75,75,75,75,75,75,75,75,75,75,75,75,75,75,75,75,75,75,75,75,75,75,75,75,75,75,75,75,75,75,71,71,62,62,62,62,62,62,62,62,62,62,62,62,62],"card_choices":[{"not_picked":["Underhanded Strike","Expertise","Deflect"],"picked":"SKIP","floor":1},{"not_picked":["Blade Dance","Terror"],"picked":"Poisoned Stab","floor":4},{"not_picked":["Sucker Punch","Bane","Glass Knife"],"picked":"SKIP","floor":7},{"not_picked":["Dagger Throw","Bane"],"picked":"Backflip","floor":8},{"not_picked":["Heel Hook","Flying Knee","Blade Dance"],"picked":"SKIP","floor":13},{"not_picked":["Heel Hook","Dagger Throw","PiercingWail"],"picked":"SKIP","floor":14},{"not_picked":["Caltrops","PiercingWail"],"picked":"Escape Plan","floor":15},{"not_picked":["Doppelganger","After Image"],"picked":"Adrenaline","floor":16},{"not_picked":["Prepared","Backstab"],"picked":"Deadly Poison+1","floor":18},{"not_picked":["Outmaneuver","Flying Knee","Distraction"],"picked":"SKIP","floor":22},{"not_picked":["Dagger Spray+1","Poisoned Stab","Blade Dance+1"],"picked":"SKIP","floor":24},{"not_picked":["Dodge and Roll+1","Slice","Endless Agony+1"],"picked":"SKIP","floor":25},{"not_picked":["Slice","Masterful Stab+1"],"picked":"Reflex+1","floor":28},{"not_picked":["Deflect","Unload","Choke"],"picked":"SKIP","floor":30},{"not_picked":["Venomology","Die Die Die"],"picked":"Adrenaline","floor":33},{"not_picked":["Dodge and Roll","Expertise"],"picked":"Acrobatics+1","floor":35},{"not_picked":["Poisoned Stab","Outmaneuver+1"],"picked":"Dagger Throw+1","floor":37},{"not_picked":["Sucker Punch","Flying Knee"],"picked":"Noxious Fumes","floor":40},{"not_picked":["Outmaneuver+1","Deadly Poison"],"picked":"Quick Slash+1","floor":41},{"not_picked":["Flechettes+1","Acrobatics+1","Underhanded Strike+1"],"picked":"SKIP","floor":42},{"not_picked":["Predator","Calculated Gamble+1","Sucker Punch+1"],"picked":"SKIP","floor":44},{"not_picked":["Flechettes+1","Acrobatics"],"picked":"Backstab+1","floor":46},{"not_picked":["Escape Plan+1","Acrobatics","Bane"],"picked":"SKIP","floor":48}],"player_experience":77036,"relics_obtained":[{"floor":7,"key":"Dream Catcher"},{"floor":9,"key":"Bottled Flame"},{"floor":24,"key":"Orichalcum"},{"floor":26,"key":"Bottled Lightning"},{"floor":28,"key":"Juzu Bracelet"},{"floor":37,"key":"Lizard Tail"},{"floor":40,"key":"Paper Crane"},{"floor":42,"key":"Kunai"},{"floor":43,"key":"Gambling Chip"},{"floor":46,"key":"Meat on the Bone"}],"event_choices":[{"cards_removed":["Strike_G"],"damage_healed":0,"gold_gain":0,"player_choice":"Forget","damage_taken":0,"max_hp_gain":0,"max_hp_loss":0,"event_name":"Living Wall","floor":2,"gold_loss":0},{"damage_healed":0,"gold_gain":0,"player_choice":"Donut","damage_taken":0,"max_hp_gain":5,"max_hp_loss":0,"event_name":"Big Fish","floor":3,"gold_loss":0},{"damage_healed":0,"gold_gain":0,"player_choice":"Entered Light","damage_taken":15,"max_hp_gain":0,"max_hp_loss":0,"event_name":"Shining Light","floor":5,"gold_loss":0,"cards_upgraded":["Strike_G","Defend_G"]},{"cards_removed":["Defend_G"],"damage_healed":0,"gold_gain":0,"player_choice":"Card Removal","damage_taken":7,"max_hp_gain":0,"max_hp_loss":0,"event_name":"Golden Wing","floor":11,"gold_loss":0},{"damage_healed":0,"gold_gain":0,"player_choice":"Inject Mutagens","damage_taken":0,"relics_obtained":["MutagenicStrength"],"max_hp_gain":0,"max_hp_loss":0,"event_name":"Drug Dealer","floor":19,"gold_loss":0},{"damage_healed":0,"gold_gain":0,"player_choice":"Ignored","damage_taken":0,"max_hp_gain":0,"max_hp_loss":0,"event_name":"Vampires","floor":20,"gold_loss":0},{"cards_removed":["Defend_G"],"damage_healed":0,"gold_gain":0,"player_choice":"Purged","damage_taken":0,"max_hp_gain":0,"max_hp_loss":0,"event_name":"Purifier","floor":23,"gold_loss":0},{"damage_healed":0,"gold_gain":0,"player_choice":"Ignored","damage_taken":0,"max_hp_gain":0,"max_hp_loss":0,"event_name":"Ghosts","floor":29,"gold_loss":0},{"damage_healed":0,"gold_gain":99,"player_choice":"Stole From Cult","damage_taken":0,"max_hp_gain":0,"max_hp_loss":0,"event_name":"Nest","floor":31,"gold_loss":0},{"damage_healed":0,"gold_gain":0,"player_choice":"Max HP","damage_taken":0,"max_hp_gain":0,"max_hp_loss":4,"event_name":"Winding Halls","floor":36,"gold_loss":0},{"damage_healed":0,"gold_gain":0,"player_choice":"Fight","damage_taken":0,"max_hp_gain":0,"max_hp_loss":0,"event_name":"Mysterious Sphere","floor":37,"gold_loss":0},{"damage_healed":62,"gold_gain":0,"player_choice":"Heal","damage_taken":0,"max_hp_gain":0,"max_hp_loss":9,"event_name":"The Moai Head","floor":38,"gold_loss":0}],"is_beta":false,"boss_relics":[{"not_picked":["Empty Cage","Velvet Choker"],"picked":"SlaversCollar"},{"not_picked":["Astrolabe","Fusion Hammer","Snecko Eye"]}],"items_purged_floors":[21,27,39,47],"is_endless":false,"potions_floor_spawned":[4,13,28,30,42,44,48],"ascension_level":0}}