{"host":"qwv9nni2x0umspiu","time":1613522847,"event":{"mods":["BaseMod","Downfall","Minty Spire (QoL Compilation)","Replay The Spire","StSLib","The Hierophant","Wandering Minibosses"],"gold_per_floor":[117,117,117,137,137,137,61,61,61,61,91,104,130,149,149,223,223,239,256,102,117,117,145,160,177,177,186,30,42,42,42,42],"floor_reached":31,"language":"ENG","playtime":915,"items_purged":["hierophant:Strike_Hierophant","hierophant:Strike_Hierophant"],"score":720,"play_id":"388213a2-3dd6-473b-9d96-78b0d6157e16","local_time":"20210216164727","is_ascension_mode":true,"campfire_choices":[{"data":"hierophant:ChurchCoffers","floor":6,"key":"SMITH"},{"data":"hierophant:HammerAndAnvil","floor":8,"key":"SMITH"},{"data":"hierophant:Upheaval","floor":10,"key":"SMITH"},{"floor":15,"key":"REST"}],"circlet_count":0,"master_deck":["AscendersBane","hierophant:Strike_Hierophant","hierophant:Strike_Hierophant+1","hierophant:Punish","hierophant:Defend_Hierophant","hierophant:Defend_Hierophant+1","hierophant:Defend_Hierophant","hierophant:Defend_Hierophant","hierophant:ChurchCoffers+1","hierophant:HammerAndAnvil+1","hierophant:Zeal","hierophant:Upheaval+1","hierophant:Racketeering+1","hierophant:Shelter","hierophant:Community","hierophant:Chorus+1","CurseOfTheBell","hierophant:MirrorShield+1","hierophant:Smite"],"relics":["hierophant:PropheticMaskRelic","NeowsBlessing","Ginger","Toxic Egg 2","Calling Bell","Replay:Bottled Eggs","ReplayTheSpireMod:Lightbulb","Replay:Multitool","InkBottle","Gambling Chip","Orichalcum"],"acts_visited":["Exordium","TheCity"],"potions_floor_usage":[13,16,23,29],"damage_taken":[{"damage":0,"enemies":"Cultist","floor":1,"turns":1},{"damage":0,"enemies":"2 Louse","floor":4,"turns":1},{"damage":0,"enemies":"3 Sentries","floor":11,"turns":2},{"damage":0,"enemies":"Jaw Worm","floor":12,"turns":1},{"damage":33,"enemies":"Replay:BlueRogue","floor":13,"turns":3},{"damage":12,"enemies":"3 Louse","floor":14,"turns":2},{"damage":22,"enemies":"The Guardian","floor":16,"turns":4},{"damage":0,"enemies":"Chosen","floor":18,"turns":3},{"damage":0,"enemies":"Shell Parasite","floor":19,"turns":1},{"damage":0,"enemies":"Sentry and Sphere","floor":21,"turns":2},{"damage":3,"enemies":"Replay:Snechameleon","floor":23,"turns":3},{"damage":0,"enemies":"Shelled Parasite and Fungi","floor":24,"turns":2},{"damage":0,"enemies":"Centurion and Healer","floor":25,"turns":3},{"damage":0,"enemies":"Slavers","floor":27,"turns":1},{"damage":0,"enemies":"3 Cultists","floor":29,"turns":1},{"damage":48,"enemies":"Gremlin Leader","floor":31,"turns":5}],"seed_played":"-6095437123680268370","potions_obtained":[{"floor":12,"key":"sneckomod:MuddlingPotion"},{"floor":14,"key":"Death Potion"},{"floor":19,"key":"Swift Potion"},{"floor":23,"key":"Reflective Coating"},{"floor":27,"key":"Swift Potion"},{"floor":29,"key":"sneckomod:MuddlingPotion"}],"is_trial":false,"path_per_floor":["M","?","?","M","$","R","$","R","T","R","E","M","E","M","R","B",null,"M","M","$","M","?","E","M","M","T","E","$","M","?","E"],"character_chosen":"HIEROPHANT","items_purchased":["hierophant:Upheaval","hierophant:MirrorShield+1","hierophant:Smite"],"campfire_rested":1,"item_purchase_floors":[7,20,28],"current_hp_per_floor":[68,73,49,49,49,49,49,49,49,49,49,49,16,4,28,6,62,62,62,62,62,62,59,59,59,59,59,59,59,36,0,0],"gold":42,"neow_bonus":"THREE_ENEMY_KILL","is_daily":false,"chose_seed":false,"campfire_upgraded":3,"win_rate":0.0,"timestamp":1613522847,"path_taken":["M","?","?","?","$","R","$","R","T","R","E","M","E","M","R","BOSS","M","M","$","M","?","E","M","M","T","E","$","M","?","E"],"items_purchased_type":["Card","Card","Card"],"build_version":"2020-12-22","purchased_purges":2,"victory":false,"max_hp_per_floor":[75,80,80,80,80,80,80,80,80,80,80,80,80,80,80,80,80,80,80,80,80,80,80,80,80,80,80,80,80,85,85,85],"card_choices":[{"not_picked":["hierophant:FieryStrike","hierophant:RustyCrate"],"picked":"hierophant:HammerAndAnvil","floor":1},{"not_picked":["hierophant:Empathy","hierophant:PassingBell"],"picked":"hierophant:Zeal","floor":4},{"not_picked":["hierophant:DisplayOfPower","hierophant:LocustPlague"],"picked":"hierophant:Racketeering","floor":11},{"not_picked":["hierophant:Racketeering","hierophant:CoinFling"],"picked":"hierophant:Shelter","floor":12},{"not_picked":["hierophant:Exaltation+1","hierophant:FieryStrike"],"picked":"hierophant:Community","floor":13},{"not_picked":["hierophant:Remorse","hierophant:Zeal"],"picked":"hierophant:Chorus+1","floor":14},{"not_picked":["hierophant:RustyCrate+1","hierophant:Patience+1","hierophant:Remorse+1"],"picked":"SKIP","floor":18},{"not_picked":["hierophant:Blessing+1","hierophant:MorningPrayer+1","hierophant:ThreeLashes"],"picked":"SKIP","floor":19},{"not_picked":["hierophant:Shelter+1","hierophant:CoinFling","hierophant:PassingBell"],"picked":"SKIP","floor":21},{"not_picked":["hierophant:Shelter+1","hierophant:CoinFling","hierophant:PassingBell"],"picked":"SKIP","floor":21},{"not_picked":["hierophant:CoinFling","hierophant:ThreeLashes","hierophant:SolarFlare"],"picked":"SKIP","floor":23},{"not_picked":["hierophant:Martyrdom","hierophant:TollTheBells+1","hierophant:ThreeLashes"],"picked":"SKIP","floor":24},{"not_picked":["hierophant:Rebuild+1","hierophant:Purify","hierophant:Sermon+1"],"picked":"SKIP","floor":25},{"not_picked":["hierophant:Determination","hierophant:HolyVerse+1","hierophant:FlamingChariot+1"],"picked":"SKIP","floor":27},{"not_picked":["hierophant:Embezzle+1","hierophant:PristineSoul+1","hierophant:Blessing+1"],"picked":"SKIP","floor":29}],"player_experience":1370086,"relics_obtained":[{"floor":11,"key":"Ginger"},{"floor":13,"key":"Toxic Egg 2"},{"floor":17,"key":"Replay:Bottled Eggs"},{"floor":17,"key":"ReplayTheSpireMod:Lightbulb"},{"floor":17,"key":"Replay:Multitool"},{"floor":23,"key":"InkBottle"},{"floor":26,"key":"Gambling Chip"},{"floor":27,"key":"Orichalcum"}],"event_choices":[{"damage_healed":0,"gold_gain":0,"player_choice":"Donut","damage_taken":0,"max_hp_gain":5,"max_hp_loss":0,"event_name":"Big Fish","floor":2,"gold_loss":0},{"damage_healed":0,"gold_gain":0,"player_choice":"Entered Light","damage_taken":24,"max_hp_gain":0,"max_hp_loss":0,"event_name":"Shining Light","floor":3,"gold_loss":0,"cards_upgraded":["hierophant:Strike_Hierophant","hierophant:Defend_Hierophant"]},{"damage_healed":0,"gold_gain":0,"player_choice":"Ignored","damage_taken":0,"max_hp_gain":0,"max_hp_loss":0,"event_name":"Ghosts","floor":22,"gold_loss":0},{"damage_healed":0,"gold_gain":0,"player_choice":"Shed Blood","damage_taken":28,"max_hp_gain":5,"max_hp_loss":0,"event_name":"Forgotten Altar","floor":30,"gold_loss":0}],"is_beta":false,"boss_relics":[{"not_picked":["Runic Pyramid","Replay:Ancient Bell"],"picked":"Calling Bell"}],"items_purged_floors":[20,28],"is_endless":false,"potions_floor_spawned":[12,14,19,23,27,29],"killed_by":"Gremlin Leader","ascension_level":20}}