{"host":"bgptblc1sp470rxq","time":1613578992,"event":{"mods":["BaseMod","Colored Map","Downfall","Highlight Path","Minty Spire (QoL Compilation)","Quick Restart","StSLib","Waifu the Spire"],"gold_per_floor":[99,111,123,182,200,200,200,225,28,44,63,63,77,88,100,205,205,205,217,234,253,138,138,138,153,163,178,193,213,232,232,252,355,355,355,365,379,61,61,78,78,78,126,145,145,164,164,181,198,198],"floor_reached":51,"language":"ZHS","playtime":3635,"items_purged":["Slimebound:Strike_Slimebound","downfall:Malfunctioning","Slimebound:Repurpose"],"score":655,"play_id":"7b26f67a-4b37-41e3-a82b-8f386cc77fc0","local_time":"20210218002312","is_ascension_mode":false,"campfire_choices":[{"data":"Slimebound:Split","floor":1.0,"key":"SMITH"},{"data":"Slimebound:AcidTongue","floor":12.0,"key":"SMITH"},{"data":"Slimebound:SlimeTap","floor":18.0,"key":"SMITH"},{"data":"Slimebound:LeadByExample","floor":23.0,"key":"SMITH"},{"data":"Slimebound:MassRepurpose","floor":35.0,"key":"SMITH"},{"data":"Slimebound:WasteNot","floor":42.0,"key":"SMITH"},{"data":"Slimebound:SlimeSlap","floor":45,"key":"SMITH"}],"circlet_count":0,"master_deck":["Slimebound:Tackle+1","Slimebound:Split+1","Slimebound:CorrosiveSpit","Slimebound:Equalize","Slimebound:Schlurp","Slimebound:LeechEnergy+1","Slimebound:Dissolve","Slimebound:AcidTongue+1","Slimebound:Repurpose","Slimebound:SplitMire","Slimebound:SpikyOuterGoop","Slimebound:ProtectTheBoss","Slimebound:MassRepurpose+1","Slimebound:SlimeTap+1","Slimebound:MegaLick","Slimebound:Chomp","Slimebound:SamplingLick","Slimebound:LeadByExample+1","Slimebound:WasteNot+1","Slimebound:SplitMire","Slimebound:SplitBruiser","Slimebound:ComboTackle+1","Slimebound:MegaLick+1","Slimebound:SpikyOuterGoop+1","Slimebound:SlimeTap","Slimebound:SlimeSlap+1","Slimebound:Darklings","Slimebound:SelfFormingGoo","Slimebound:MegaLick+1","Slimebound:FirmFortitude","SignatureMove","Slimebound:ComboTackle+1"],"relics":["Slimebound:AbsorbEndCombat","Bag of Marbles","Slimebound:MaxSlimesRelic","Odd Mushroom","Pandora\u0027s Box","Happy Flower","Slimebound:TarBlob","Anchor","Slimebound:SelfDamagePreventRelic","Oddly Smooth Stone","Thread and Needle"],"acts_visited":["Exordium","TheCity","TheBeyond"],"potions_floor_usage":[43,50,50,50],"damage_taken":[{"damage":5.0,"enemies":"2 Louse","floor":2.0,"turns":3.0},{"damage":3.0,"enemies":"Jaw Worm","floor":3.0,"turns":4.0},{"damage":36.0,"enemies":"3 Sentries","floor":4.0,"turns":8.0},{"damage":9.0,"enemies":"Small Slimes","floor":5.0,"turns":3.0},{"damage":10.0,"enemies":"The Mushroom Lair","floor":8.0,"turns":4.0},{"damage":2.0,"enemies":"downfall:FleeingMerchant","floor":9.0,"turns":4.0},{"damage":11.0,"enemies":"Blue Slaver","floor":10.0,"turns":3.0},{"damage":3.0,"enemies":"Exordium Wildlife","floor":11.0,"turns":4.0},{"damage":18.0,"enemies":"Lots of Slimes","floor":13.0,"turns":5.0},{"damage":7.0,"enemies":"downfall:LooterAlt","floor":14.0,"turns":2.0},{"damage":7.0,"enemies":"Blue Slaver","floor":15.0,"turns":4.0},{"damage":21.0,"enemies":"WA_ARCHETYPE_RETAIN","floor":16.0,"turns":6.0},{"damage":25.0,"enemies":"3 Byrds","floor":19.0,"turns":5.0},{"damage":3.0,"enemies":"Chosen","floor":20.0,"turns":4.0},{"damage":12.0,"enemies":"Centurion and Healer","floor":21.0,"turns":5.0},{"damage":6.0,"enemies":"downfall:FleeingMerchant","floor":22.0,"turns":4.0},{"damage":11.0,"enemies":"Snecko","floor":25.0,"turns":4.0},{"damage":25.0,"enemies":"Snake Plant","floor":26.0,"turns":4.0},{"damage":3.0,"enemies":"Centurion and Healer","floor":27.0,"turns":3.0},{"damage":7.0,"enemies":"Sentry and Sphere","floor":28.0,"turns":3.0},{"damage":10.0,"enemies":"3 Cultists","floor":29.0,"turns":5.0},{"damage":15.0,"enemies":"Snake Plant","floor":30.0,"turns":3.0},{"damage":6.0,"enemies":"Centurion and Healer","floor":32.0,"turns":5.0},{"damage":31.0,"enemies":"SI_MIRROR_ARCHETYPE","floor":33.0,"turns":7.0},{"damage":22.0,"enemies":"3 Shapes","floor":36.0,"turns":3.0},{"damage":15.0,"enemies":"Orb Walker","floor":37.0,"turns":2.0},{"damage":20.0,"enemies":"downfall:FleeingMerchant","floor":38.0,"turns":4.0},{"damage":15.0,"enemies":"Sphere and 2 Shapes","floor":40.0,"turns":4.0},{"damage":31,"enemies":"2 Orb Walkers","floor":43,"turns":4},{"damage":3,"enemies":"3 Darklings","floor":44,"turns":3},{"damage":0,"enemies":"Transient","floor":46,"turns":5},{"damage":0,"enemies":"Spire Growth","floor":48,"turns":4},{"damage":0,"enemies":"Sphere and 2 Shapes","floor":49,"turns":3},{"damage":25,"enemies":"IC_BLOCK_ARCHETYPE","floor":50,"turns":6}],"seed_played":"-4374969631071844014","potions_obtained":[{"floor":3.0,"key":"Regen Potion"},{"floor":10.0,"key":"Fire Potion"},{"floor":14.0,"key":"BlessingOfTheForge"},{"floor":15.0,"key":"champ:CounterPotion"},{"floor":28.0,"key":"EntropicBrew"},{"floor":33.0,"key":"Swift Potion"},{"floor":43,"key":"Strength Potion"},{"floor":46,"key":"Fruit Juice"}],"is_trial":false,"path_per_floor":["R","M","M","?","M","?","T","?","$","M","M","R","M","M","M","B",null,"R","M","M","M","$","R","T","M","M","M","M","M","M","?","M","B",null,"R","M","M","$","?","M","T","R","?","M","R","M","?","M","M","B",null],"character_chosen":"SLIMEBOUND","items_purchased":["Slimebound:AcidTongue","Slimebound:Repurpose","Slimebound:SlimeTap","Slimebound:SlimeSlap","Anchor","Slimebound:SelfDamagePreventRelic"],"campfire_rested":0,"item_purchase_floors":[9,9,38,38,38,38],"current_hp_per_floor":[71,66,71,51,54,54,54,52,62,65,70,70,69,66,65,60,71,71,52,65,69,71,71,71,62,41,48,53,59,56,56,62,51,71,71,63,62,58,58,53,53,53,38,51,51,67,67,71,71,67],"gold":198,"neow_bonus":"TEN_PERCENT_HP_BONUS","is_daily":false,"chose_seed":false,"campfire_upgraded":7,"win_rate":0.0,"timestamp":1613578992,"path_taken":["R","M","M","?","M","?","T","?","?","M","?","R","M","M","M","BOSS","R","M","M","M","?","R","T","M","?","M","?","M","M","?","M","BOSS","R","M","M","$","?","M","T","R","?","M","R","M","?","M","M","BOSS"],"items_purchased_type":["Card","Card","Card","Card","Relic","Relic"],"build_version":"2020-12-22","purchased_purges":3,"victory":true,"max_hp_per_floor":[71,71,71,71,71,71,71,71,71,71,71,71,71,71,71,71,71,71,71,71,71,71,71,71,71,71,71,71,71,71,71,71,71,71,71,71,71,71,71,71,71,71,71,71,71,71,71,71,71,76],"card_choices":[{"not_picked":["Slimebound:FinishingTackle","Slimebound:SplitAcid"],"picked":"Slimebound:Equalize","floor":2.0},{"not_picked":["Slimebound:SamplingLick","Slimebound:TongueLash"],"picked":"Slimebound:Schlurp","floor":3.0},{"not_picked":["Slimebound:ItLooksTasty","Slimebound:PressTheAttack"],"picked":"Slimebound:Gluttony","floor":4.0},{"not_picked":["Slimebound:DisruptingSlam","Slimebound:LeechingTouch"],"picked":"Slimebound:LeechEnergy","floor":5.0},{"not_picked":["Slimebound:SamplingLick","Slimebound:Chomp"],"picked":"Slimebound:Dissolve","floor":8.0},{"not_picked":["Slimebound:SlimeTap","Slimebound:ItLooksTasty"],"picked":"Slimebound:Repurpose","floor":9.0},{"not_picked":["Slimebound:GoopSpray","Slimebound:RollThrough"],"picked":"Slimebound:SplitMire","floor":10.0},{"not_picked":["Slimebound:GoopSpray","Slimebound:RollThrough"],"picked":"Slimebound:OozeBath","floor":11.0},{"not_picked":["Slimebound:LeechEnergy","Slimebound:RejuvenatingLick","Slimebound:SplitAcid"],"picked":"SKIP","floor":13.0},{"not_picked":["Slimebound:ComboTackle","Slimebound:ViciousTackle"],"picked":"Slimebound:SpikyOuterGoop","floor":14.0},{"not_picked":["Slimebound:SpikyOuterGoop","Slimebound:Gluttony"],"picked":"Slimebound:ProtectTheBoss","floor":15.0},{"not_picked":["Slimebound:FirmFortitude","Slimebound:MassFeed"],"picked":"Slimebound:MassRepurpose","floor":16.0},{"not_picked":["Slimebound:ItLooksTasty","Slimebound:SlimeTap","Slimebound:RollThrough"],"picked":"SKIP","floor":19.0},{"not_picked":["Slimebound:SamplingLick","Slimebound:PressTheAttack","Slimebound:SplitLeeching+1"],"picked":"SKIP","floor":20.0},{"not_picked":["Slimebound:FinishingTackle+1","Slimebound:SlimeBarrage","Slimebound:Dissolve"],"picked":"SKIP","floor":21.0},{"not_picked":["Slimebound:ItLooksTasty","Slimebound:MegaLick","Slimebound:ComboTackle"],"picked":"SKIP","floor":22.0},{"not_picked":["Slimebound:GoopSpray","Slimebound:SplitMire+1"],"picked":"Slimebound:WasteNot","floor":25.0},{"not_picked":["Slimebound:Dissolve","Slimebound:Grow"],"picked":"Slimebound:SplitMire","floor":26.0},{"not_picked":["Slimebound:LeechEnergy","Slimebound:LivingWall+1","Slimebound:ItLooksTasty"],"picked":"SKIP","floor":27.0},{"not_picked":["Slimebound:GoopSpray","Slimebound:RollThrough+1","Slimebound:PressTheAttack"],"picked":"SKIP","floor":28.0},{"not_picked":["Slimebound:RollThrough","Slimebound:AcidTongue","Slimebound:ItLooksTasty+1"],"picked":"SKIP","floor":29.0},{"not_picked":["Slimebound:FinishingTackle","Slimebound:DisruptingSlam+1"],"picked":"Slimebound:SplitBruiser","floor":30.0},{"not_picked":["Slimebound:ItLooksTasty","Slimebound:MegaLick"],"picked":"Slimebound:ComboTackle+1","floor":32.0},{"not_picked":["Slimebound:ProtectTheBoss+1","Slimebound:PressTheAttack"],"picked":"Slimebound:MegaLick+1","floor":36.0},{"not_picked":["Slimebound:FormOfPuddle","Slimebound:PressTheAttack+1","Slimebound:Chomp+1"],"picked":"SKIP","floor":37.0},{"not_picked":["Slimebound:SamplingLick","Slimebound:LeechEnergy"],"picked":"Slimebound:SpikyOuterGoop+1","floor":38.0},{"not_picked":["Slimebound:RollThrough","Slimebound:GoopSpray+1"],"picked":"Slimebound:SelfFormingGoo","floor":40.0},{"not_picked":["Slimebound:ItLooksTasty+1","Slimebound:SplitAcid"],"picked":"Slimebound:MegaLick+1","floor":43},{"not_picked":["Slimebound:LeadByExample","Slimebound:GoopTackle+1","Slimebound:RollThrough"],"picked":"SKIP","floor":44},{"not_picked":["Slimebound:SlimeBrawl+1","Slimebound:Dissolve+1"],"picked":"Slimebound:FirmFortitude","floor":46},{"not_picked":["Slimebound:LeechingTouch","Slimebound:ItLooksTasty+1"],"picked":"Slimebound:ComboTackle+1","floor":48},{"not_picked":["Slimebound:HauntingLick","Slimebound:Schlurp+1","Slimebound:SlimeSpikes+1"],"picked":"SKIP","floor":49}],"player_experience":266053,"relics_obtained":[{"floor":7.0,"key":"Slimebound:MaxSlimesRelic"},{"floor":8.0,"key":"Odd Mushroom"},{"floor":24.0,"key":"Happy Flower"},{"floor":41.0,"key":"Oddly Smooth Stone"},{"floor":43,"key":"Thread and Needle"}],"event_choices":[{"damage_healed":0.0,"max_hp_gain":0.0,"max_hp_loss":0.0,"gold_gain":0.0,"event_name":"Mushrooms","player_choice":"Fought Mushrooms","floor":8.0,"gold_loss":0.0,"damage_taken":0.0},{"damage_healed":0,"gold_gain":0,"player_choice":"Fight","damage_taken":0,"max_hp_gain":0,"max_hp_loss":0,"event_name":"Mysterious Sphere","floor":43,"gold_loss":0},{"cards_removed":["Slimebound:Gluttony"],"damage_healed":0,"gold_gain":0,"player_choice":"Took Card","damage_taken":0,"max_hp_gain":0,"max_hp_loss":0,"event_name":"NoteForYourself","floor":47,"gold_loss":0,"cards_obtained":["SignatureMove"]}],"is_beta":false,"boss_relics":[{"not_picked":["Fusion Hammer","Philosopher\u0027s Stone"],"picked":"Pandora\u0027s Box"},{"not_picked":["Empty Cage","Sozu"],"picked":"Slimebound:TarBlob"}],"items_purged_floors":[9,22,38],"is_endless":false,"potions_floor_spawned":[2,3,10,14,15,16,19,25,28,29,33,37,43,44,46,48,49],"ascension_level":0}}