{"host":"sw6p9u0oh417cx03","time":1613571713,"event":{"mods":["AchievementEnabler","Act Like it!","BaseMod","CapriCore","DeckTracker","Highlight Path","Minty Spire (QoL Compilation)","Quick Restart","StSLib"],"gold_per_floor":[115,131,131,81,99,99,130,130,155,155,180,68,83,101,101,196,196,214,245,245,265,117,150,163,163,163,173,189,238,252,70,70,173,223,243,243,258,258,138,171,181,216,240,275,300,312,324,56,56,56,56,56,17,46,46],"floor_reached":56,"language":"ZHS","playtime":4088,"items_purged":["Strike_G","Strike_G","Defend_G","Defend_G","Defend_G"],"score":1846,"play_id":"707dfb7e-2f5e-43e3-9a4c-c935b9ee378d","local_time":"20210217222153","is_ascension_mode":true,"campfire_choices":[{"data":"Blade Dance","floor":6.0,"key":"SMITH"},{"floor":8.0,"key":"REST"},{"data":"Footwork","floor":15.0,"key":"SMITH"},{"data":"Prepared","floor":25.0,"key":"SMITH"},{"floor":32.0,"key":"REST"},{"floor":46.0,"key":"RECALL"},{"data":"Madness","floor":49.0,"key":"SMITH"},{"data":"Reflex","floor":52.0,"key":"SMITH"}],"circlet_count":0,"master_deck":["Defend_G","Defend_G","Survivor","Neutralize","Backflip","After Image","Blade Dance+1","Footwork+1","Acrobatics+1","Glass Knife+1","Deflect+1","Grand Finale+1","Backflip","Prepared+1","Prepared+1","Concentrate+1","Madness","Madness+1","Well Laid Plans+1","Reflex+1"],"relics":["Ring of the Snake","NeowsBlessing","Lantern","Omamori","Regal Pillow","Astrolabe","Red Mask","The Courier","InkBottle","Bronze Scales","Tiny House","Snake Skull","StrikeDummy","Akabeko","MawBank","Happy Flower"],"acts_visited":["Exordium","TheCity","TheBeyond","TheEnding"],"potions_floor_usage":[55,55,55],"damage_taken":[{"damage":0.0,"enemies":"Cultist","floor":1.0,"turns":1.0},{"damage":0.0,"enemies":"Small Slimes","floor":2.0,"turns":1.0},{"damage":0.0,"enemies":"2 Louse","floor":5.0,"turns":1.0},{"damage":37.0,"enemies":"Lagavulin","floor":7.0,"turns":8.0},{"damage":0.0,"enemies":"Blue Slaver","floor":13.0,"turns":4.0},{"damage":0.0,"enemies":"Looter","floor":14.0,"turns":3.0},{"damage":36.0,"enemies":"Slime Boss","floor":16.0,"turns":11.0},{"damage":4.0,"enemies":"Chosen","floor":18.0,"turns":7.0},{"damage":5.0,"enemies":"Masked Bandits","floor":19.0,"turns":3.0},{"damage":3.0,"enemies":"Spheric Guardian","floor":21.0,"turns":3.0},{"damage":8.0,"enemies":"Gremlin Leader","floor":23.0,"turns":7.0},{"damage":1.0,"enemies":"Snake Plant","floor":24.0,"turns":7.0},{"damage":0.0,"enemies":"Shelled Parasite and Fungi","floor":27.0,"turns":5.0},{"damage":5.0,"enemies":"Snecko","floor":28.0,"turns":6.0},{"damage":0.0,"enemies":"Snake Plant","floor":30.0,"turns":2.0},{"damage":0.0,"enemies":"Collector","floor":33.0,"turns":8.0},{"damage":0.0,"enemies":"3 Darklings","floor":35.0,"turns":1.0},{"damage":0.0,"enemies":"3 Shapes","floor":37.0,"turns":5.0},{"damage":0.0,"enemies":"Nemesis","floor":40.0,"turns":3.0},{"damage":2.0,"enemies":"Maw","floor":41.0,"turns":6.0},{"damage":0.0,"enemies":"Giant Head","floor":42.0,"turns":5.0},{"damage":0.0,"enemies":"Reptomancer","floor":44.0,"turns":4.0},{"damage":0.0,"enemies":"Transient","floor":45.0,"turns":5.0},{"damage":0.0,"enemies":"Sphere and 2 Shapes","floor":47.0,"turns":2.0},{"damage":0.0,"enemies":"Awakened One","floor":50.0,"turns":4.0},{"damage":0.0,"enemies":"Shield and Spear","floor":54.0,"turns":2.0},{"damage":1,"enemies":"The Heart","floor":55,"turns":6}],"seed_played":"7753611751542169986","potions_obtained":[{"floor":7.0,"key":"Strength Potion"},{"floor":13.0,"key":"ColorlessPotion"},{"floor":16.0,"key":"Weak Potion"},{"floor":18.0,"key":"Block Potion"},{"floor":19.0,"key":"Weak Potion"},{"floor":21.0,"key":"Poison Potion"},{"floor":34.0,"key":"Dexterity Potion"},{"floor":38.0,"key":"LiquidMemories"},{"floor":38.0,"key":"DistilledChaos"},{"floor":42.0,"key":"Fire Potion"},{"floor":44.0,"key":"SmokeBomb"}],"is_trial":false,"path_per_floor":["M","M","?","?","M","R","E","R","T","T","T","$","M","M","R","B",null,"M","?","?","M","$","E","M","R","T","M","M","T","M","$","R","B",null,"M","?","M","?","$","E","M","E","T","E","M","R","M","$","R","B",null,"R","$","E","B",null],"character_chosen":"THE_SILENT","items_purchased":["Footwork","Backflip","PowerPotion","Energy Potion","Reflex","GhostInAJar","ColorlessPotion"],"campfire_rested":2,"item_purchase_floors":[12,22,31,31,48,48,53],"current_hp_per_floor":[63,63,63,63,63,63,26,47,47,47,47,47,47,47,47,11,55,51,46,46,43,43,35,34,34,34,34,29,29,29,29,65,65,74,74,65,65,65,65,65,63,63,63,63,63,63,63,63,63,63,72,72,72,72,71],"gold":46,"neow_bonus":"THREE_ENEMY_KILL","is_daily":false,"chose_seed":false,"campfire_upgraded":5,"win_rate":0.0,"timestamp":1613571713,"path_taken":["M","?","?","?","M","R","E","R","T","?","?","?","M","?","R","BOSS","M","?","?","?","$","E","M","R","T","M","M","?","M","$","R","BOSS","M","?","M","?","$","E","M","E","T","E","?","R","M","$","R","BOSS","R","$","E","BOSS"],"items_purchased_type":["Card","Card","Potion","Potion","Card","Potion","Potion"],"build_version":"2020-12-22","purchased_purges":5,"victory":true,"max_hp_per_floor":[70,70,70,70,70,70,70,70,70,70,70,70,70,70,70,70,70,70,70,70,70,70,70,70,70,70,70,70,70,70,70,70,70,75,75,75,75,75,75,75,75,75,75,75,75,75,75,75,75,75,75,75,75,75,75],"card_choices":[{"not_picked":["Bane","Quick Slash","Setup"],"picked":"SKIP","floor":1.0},{"not_picked":["Slice","Prepared"],"picked":"Backflip","floor":2.0},{"not_picked":["Quick Slash","Outmaneuver"],"picked":"Blade Dance","floor":5.0},{"not_picked":["Setup","Flying Knee","Heel Hook"],"picked":"SKIP","floor":7.0},{"not_picked":["Sucker Punch","Backflip"],"picked":"Acrobatics","floor":13.0},{"not_picked":["Outmaneuver","Flying Knee"],"picked":"Finisher","floor":14.0},{"not_picked":["Corpse Explosion","Storm of Steel"],"picked":"Bullet Time","floor":16.0},{"not_picked":["Accuracy","Outmaneuver","PiercingWail"],"picked":"SKIP","floor":18.0},{"not_picked":["Flechettes","Choke+1","Dodge and Roll"],"picked":"SKIP","floor":21.0},{"not_picked":["PiercingWail+1","Deflect+1","Burst"],"picked":"SKIP","floor":23.0},{"not_picked":["Outmaneuver","Tactician"],"picked":"Prepared","floor":24.0},{"not_picked":["Distraction","Outmaneuver","PiercingWail"],"picked":"SKIP","floor":27.0},{"not_picked":["PiercingWail+1","Noxious Fumes"],"picked":"Prepared","floor":28.0},{"not_picked":["Accuracy+1","Blur+1","Masterful Stab"],"picked":"SKIP","floor":30.0},{"not_picked":["Acrobatics","Sucker Punch"],"picked":"Concentrate+1","floor":34.0},{"not_picked":["Flechettes","Caltrops","Footwork"],"picked":"SKIP","floor":35.0},{"not_picked":["Quick Slash","Cloak And Dagger+1"],"picked":"Well Laid Plans+1","floor":37.0},{"not_picked":["Deflect+1","Prepared+1","All Out Attack"],"picked":"SKIP","floor":40.0},{"not_picked":["Bane","Underhanded Strike","PiercingWail+1"],"picked":"SKIP","floor":41.0},{"not_picked":["Riddle With Holes","Poisoned Stab","PiercingWail+1"],"picked":"SKIP","floor":42.0},{"not_picked":["Burst","Quick Slash","Well Laid Plans+1"],"picked":"SKIP","floor":44.0},{"not_picked":["Sucker Punch","Heel Hook","Leg Sweep+1"],"picked":"SKIP","floor":45.0},{"not_picked":["Heel Hook+1","Prepared+1","All Out Attack+1"],"picked":"SKIP","floor":54.0}],"player_experience":368891,"relics_obtained":[{"floor":7.0,"key":"Lantern"},{"floor":10.0,"key":"Omamori"},{"floor":11.0,"key":"Regal Pillow"},{"floor":19.0,"key":"Red Mask"},{"floor":23.0,"key":"The Courier"},{"floor":26.0,"key":"InkBottle"},{"floor":29.0,"key":"Bronze Scales"},{"floor":40.0,"key":"Snake Skull"},{"floor":42.0,"key":"StrikeDummy"},{"floor":43.0,"key":"Akabeko"},{"floor":44.0,"key":"MawBank"},{"floor":54.0,"key":"Happy Flower"}],"event_choices":[{"damage_healed":0.0,"max_hp_gain":0.0,"max_hp_loss":0.0,"gold_gain":0.0,"cards_transformed":["Strike_G"],"event_name":"Living Wall","player_choice":"Change","floor":3.0,"gold_loss":0.0,"damage_taken":0.0,"cards_obtained":["After Image"]},{"cards_removed":["Strike_G"],"damage_healed":0.0,"max_hp_gain":0.0,"max_hp_loss":0.0,"gold_gain":0.0,"event_name":"The Cleric","player_choice":"Card Removal","floor":4.0,"gold_loss":50.0,"damage_taken":0.0},{"damage_healed":0.0,"max_hp_gain":0.0,"max_hp_loss":0.0,"gold_gain":0.0,"event_name":"Masked Bandits","player_choice":"Fought Bandits","floor":19.0,"gold_loss":0.0,"damage_taken":0.0},{"damage_healed":0.0,"max_hp_gain":0.0,"max_hp_loss":0.0,"gold_gain":0.0,"event_name":"Accursed Blacksmith","player_choice":"Forge","floor":20.0,"gold_loss":0.0,"damage_taken":0.0,"cards_upgraded":["Acrobatics"]},{"damage_healed":0.0,"max_hp_gain":0.0,"max_hp_loss":0.0,"gold_gain":0.0,"event_name":"Winding Halls","player_choice":"Embrace Madness","floor":36.0,"gold_loss":0.0,"damage_taken":9.0,"cards_obtained":["Madness","Madness"]},{"damage_healed":0.0,"max_hp_gain":0.0,"max_hp_loss":0.0,"gold_gain":0.0,"event_name":"Lab","player_choice":"Got Potions","floor":38.0,"gold_loss":0.0,"damage_taken":0.0}],"is_beta":false,"boss_relics":[{"not_picked":["SacredBark","WristBlade"],"picked":"Astrolabe"},{"not_picked":["Ring of the Serpent","Cursed Key"],"picked":"Tiny House"}],"items_purged_floors":[12,22,31,39,48],"is_endless":false,"potions_floor_spawned":[7,13,16,18,19,21,42,44,45,47,54],"ascension_level":7}}