{"host":"3z9xbwjeimmg738z","time":1613536836,"event":{"mods":["100% Spire Juice","2.2 Compatiblity","Act Like it!","AlwaysNeverKeys","Bard","BaseMod","Beaked The Cultist","Better Altar","Better Match","Better Note","Better Sensory Stone","Better Skull","Better Synergies","Better Third Choice","CapriCore","Colored Powertips","Defuse TimeMaze Blight","Dio Mod","Displayed Cursed Tome","Emptier Cage","Faster Ascension Climbing","GifTheSpireLib","Minty Spire (QoL Compilation)","Permanent Neow","Replay The Spire","Ruina","StSLib","The Showman","TheBandit","Uncapped"],"gold_per_floor":[119,132,12,29,39,64,64,97,97,97,123,3,20,38,38,133,133,29,48,61,74,92,120,120,120,120],"floor_reached":25,"language":"ENG","playtime":2051,"items_purged":[],"score":362,"play_id":"bc346086-da44-432e-8cce-2bcd2f937b52","local_time":"20210216204036","daily_mods":["ControlledChaos"],"is_ascension_mode":true,"campfire_choices":[{"floor":7,"key":"REST"},{"data":"Moonworks:Encore","floor":10,"key":"SMITH"},{"data":"Moonworks:NicePresent","floor":10,"key":"SMITH"},{"data":"Moonworks:TreasureThief","floor":15,"key":"SMITH"},{"data":"Moonworks:Ambush","floor":15,"key":"SMITH"},{"data":"Moonworks:PlushieMaster","floor":24,"key":"SMITH"},{"data":"Moonworks:SakisCookie","floor":24,"key":"SMITH"}],"circlet_count":0,"master_deck":["Moonworks:Strike","Moonworks:Strike","Moonworks:Strike","Moonworks:Strike","Moonworks:Defend","Moonworks:Defend","Moonworks:Defend","Moonworks:Defend","Moonworks:Ambush+1","Moonworks:LongDistanceShot","Moonworks:TreasureThief+1","Moonworks:SakisCookie+1","Moonworks:NicePresent+1","Moonworks:Encore+1","Moonworks:PlushieMaster+1","Moonworks:EvilSpyWorkPreparation+1"],"relics":["Moonworks:SBBomb","Moonworks:Homemark","Frozen Eye","Happy Flower","HornCleat","Replay:Arrowhead","Mango","Replay:Rubber Ducky"],"acts_visited":["Exordium","ruina:Briah"],"potions_floor_usage":[8],"damage_taken":[{"damage":1,"enemies":"Cultist","floor":1,"turns":3},{"damage":0,"enemies":"Small Slimes","floor":2,"turns":3},{"damage":5,"enemies":"Jaw Worm","floor":4,"turns":3},{"damage":3,"enemies":"2 Fungi Beasts","floor":5,"turns":5},{"damage":30,"enemies":"Gremlin Nob","floor":6,"turns":7},{"damage":0,"enemies":"Lagavulin","floor":8,"turns":5},{"damage":17,"enemies":"Gremlin Nob","floor":11,"turns":4},{"damage":10,"enemies":"Looter","floor":13,"turns":3},{"damage":12,"enemies":"Lots of Slimes","floor":14,"turns":5},{"damage":9,"enemies":"Slime Boss","floor":16,"turns":7},{"damage":0,"enemies":"ruina:2_Scarecrows","floor":18,"turns":7},{"damage":11,"enemies":"ruina:Nosferatu","floor":19,"turns":4},{"damage":0,"enemies":"ruina:KingOfGreed","floor":20,"turns":6},{"damage":17,"enemies":"ruina:3_Scarecrows","floor":21,"turns":4},{"damage":25,"enemies":"ruina:QueenOfHate","floor":22,"turns":4},{"damage":0,"enemies":"ruina:ServantOfWrath","floor":23,"turns":6},{"damage":1011,"enemies":"ruina:Mountain","floor":25,"turns":5}],"seed_played":"7186807146718918566","potions_obtained":[{"floor":1,"key":"FearPotion"},{"floor":4,"key":"Elixir"},{"floor":6,"key":"PowerPotion"},{"floor":14,"key":"SmokeBomb"}],"is_trial":true,"path_per_floor":["M","M","$","M","M","E","R","E","T","R","E","?","M","M","R","B",null,"M","M","M","M","M","E","R","E"],"character_chosen":"THE_STARBREAKER","items_purchased":[],"campfire_rested":1,"item_purchase_floors":[],"current_hp_per_floor":[59,59,59,54,51,21,39,41,41,41,48,53,44,32,32,23,79,79,68,68,51,31,31,31,0,0],"gold":120,"neow_bonus":"","is_daily":false,"chose_seed":false,"campfire_upgraded":6,"win_rate":0.0,"timestamp":1613536836,"path_taken":["M","?","$","M","M","E","R","E","T","R","E","?","M","M","R","BOSS","M","M","M","M","M","E","R","E"],"items_purchased_type":[],"build_version":"2020-12-22","purchased_purges":0,"victory":false,"max_hp_per_floor":[60,60,60,60,60,60,60,60,60,60,74,79,79,79,79,79,79,79,79,79,79,79,79,79,79,79],"card_choices":[{"not_picked":["Moonworks:IntelligenceOfficer","Moonworks:Dash","Moonworks:x16BigRocket"],"picked":"SKIP","floor":1},{"not_picked":["Moonworks:BigMagnum","Moonworks:ForcedRevival","Moonworks:IndiscriminateFireSupport"],"picked":"SKIP","floor":2},{"not_picked":["Moonworks:JonathanRush","Moonworks:ImOnFire"],"picked":"Moonworks:TreasureThief","floor":4},{"not_picked":["Moonworks:Assault","Moonworks:DeployBits"],"picked":"Moonworks:SakisCookie","floor":5},{"not_picked":["Moonworks:Assault","Moonworks:FullSpeedAlicianrone"],"picked":"Moonworks:NicePresent","floor":6},{"not_picked":["Moonworks:LulusLuckyEgg","Moonworks:Dinner"],"picked":"Moonworks:Encore","floor":8},{"not_picked":["Moonworks:StiffCrystal","Moonworks:BackdoorTrade","Moonworks:Assault"],"picked":"SKIP","floor":11},{"not_picked":["Moonworks:SakisCookie","Moonworks:ScrambledEve","Moonworks:CloudOfSeagulls"],"picked":"SKIP","floor":13},{"not_picked":["Moonworks:SakisCookie","Moonworks:BeyondHell","Moonworks:SelfDestruct"],"picked":"SKIP","floor":14},{"not_picked":["Moonworks:WeAreWaruda","Moonworks:ReflectiveShell"],"picked":"Moonworks:PlushieMaster","floor":16},{"not_picked":["Moonworks:JonathanRush+1","Moonworks:DeployBits","Moonworks:SealedMemories"],"picked":"SKIP","floor":18},{"not_picked":["Moonworks:StiffCrystal","Moonworks:FinalSurgery+1"],"picked":"Moonworks:EvilSpyWorkPreparation+1","floor":19},{"not_picked":["Moonworks:MiracleRedBeanIceCream","Moonworks:ImmovableObject","Moonworks:Assault+1"],"picked":"SKIP","floor":20},{"not_picked":["Moonworks:DeployBits","Moonworks:CloudOfSeagulls","Moonworks:BigMagnum+1"],"picked":"SKIP","floor":21},{"not_picked":["Moonworks:ImmovableObject","Moonworks:ImOnFire","Moonworks:ScrambledEve"],"picked":"SKIP","floor":22},{"not_picked":["Moonworks:Assault","Moonworks:DeployBits","Moonworks:CloudOfSeagulls+1"],"picked":"SKIP","floor":23}],"player_experience":189727,"relics_obtained":[{"floor":6,"key":"Happy Flower"},{"floor":8,"key":"HornCleat"},{"floor":9,"key":"Replay:Arrowhead"},{"floor":11,"key":"Mango"},{"floor":23,"key":"Replay:Rubber Ducky"}],"event_choices":[{"damage_healed":0,"gold_gain":0,"player_choice":"Donut","damage_taken":0,"max_hp_gain":5,"max_hp_loss":0,"event_name":"Big Fish","floor":12,"gold_loss":0}],"is_beta":false,"boss_relics":[{"not_picked":["SlaversCollar","Painkiller Herb"],"picked":"Moonworks:SBBomb"}],"items_purged_floors":[],"is_endless":false,"potions_floor_spawned":[1,4,6,14,16,19,23],"killed_by":"ruina:Mountain","ascension_level":1}}