{"host":"cd7awanv0x2msn9z","time":1613572264,"event":{"mods":["BaseMod","Downfall","Minty Spire (QoL Compilation)","Replay The Spire","StSLib","SuperFastMode"],"gold_per_floor":[117,117,117,131,108,108,148,148,223,35,66,86,105,124,124,243,243,262,393,418,517,535,553,553,567,636,686,72,72,88,132,132,132,132],"floor_reached":33,"language":"ZHS","playtime":4761,"items_purged":["Strike_G"],"score":291,"play_id":"f237c112-184b-4d3e-89fa-a8b11a8234bb","local_time":"20210217223104","is_ascension_mode":true,"campfire_choices":[{"data":"Terror","floor":6.0,"key":"SMITH"},{"data":"Infinite Blades","floor":8.0,"key":"SMITH"},{"data":"Blade Dance","floor":15.0,"key":"SMITH"},{"data":"Adrenaline","floor":24.0,"key":"SMITH"},{"data":"A Thousand Cuts","floor":29.0,"key":"SMITH"},{"data":"ReplayTheSpireMod:The Works","floor":32,"key":"SMITH"}],"circlet_count":0,"master_deck":["Strike_G","Strike_G","Strike_G","Strike_G","Defend_G","Defend_G","Defend_G","Defend_G","Defend_G","Survivor","Neutralize","Terror+1","Dagger Spray","Hidden Blade","Infinite Blades+1","Blade Dance","Blade Dance+1","Dodge and Roll","Escape Plan","Dagger Spray","Adrenaline+1","Deflect","ReplayTheSpireMod:The Works+1","Outmaneuver+1","Tactician+1","Cloak And Dagger+1","Prepared","A Thousand Cuts+1","Guardian:Gem_Red","bronze:FineTuning"],"relics":["Coffee Dripper","Golden Idol","Mummified Hand","Sundial","Blue Doll","MealTicket","Replay:Grab Bag","SlaversCollar","Philosopher\u0027s Stone","Honey Jar","Smiling Mask","Meat on the Bone","Iron Hammer","Anchor","PrismaticShard","Molten Egg 2"],"acts_visited":["TheCity"],"potions_floor_usage":[30,31],"damage_taken":[{"damage":0.0,"enemies":"Cultist","floor":1.0,"turns":4.0},{"damage":0.0,"enemies":"Jaw Worm","floor":4.0,"turns":4.0},{"damage":8.0,"enemies":"Lagavulin","floor":7.0,"turns":5.0},{"damage":21.0,"enemies":"Gremlin Nob","floor":11.0,"turns":4.0},{"damage":0.0,"enemies":"2 Louse","floor":12.0,"turns":2.0},{"damage":10.0,"enemies":"Blue Slaver","floor":13.0,"turns":3.0},{"damage":8.0,"enemies":"Red Slaver","floor":14.0,"turns":3.0},{"damage":5.0,"enemies":"Fading Forest","floor":16.0,"turns":11.0},{"damage":2.0,"enemies":"Spheric Guardian","floor":18.0,"turns":4.0},{"damage":21.0,"enemies":"2 Thieves","floor":20.0,"turns":4.0},{"damage":28.0,"enemies":"Centurion and Healer","floor":22.0,"turns":4.0},{"damage":7.0,"enemies":"Snecko","floor":23.0,"turns":4.0},{"damage":3.0,"enemies":"3 Cultists","floor":25.0,"turns":5.0},{"damage":0,"enemies":"Centurion and Healer","floor":30,"turns":2},{"damage":12,"enemies":"Slavers","floor":31,"turns":4},{"damage":50,"enemies":"Collector","floor":33,"turns":5}],"seed_played":"4125294099701656465","potions_obtained":[{"floor":7.0,"key":"Poison Potion"},{"floor":12.0,"key":"SkillPotion"},{"floor":14.0,"key":"Block Potion"},{"floor":16.0,"key":"Venom Potion"},{"floor":20.0,"key":"Fire Potion"},{"floor":23.0,"key":"DistilledChaos"},{"floor":25.0,"key":"Swift Potion"}],"is_trial":false,"path_per_floor":["M","?","?","M","$","R","E","R","T","$","E","M","M","M","R","B",null,"M","?","M","?","M","M","R","M","T","?","$","R","M","E","R","B"],"character_chosen":"THE_SILENT","items_purchased":["Hidden Blade","Blade Dance","Blue Doll","Iron Hammer","Anchor","PrismaticShard"],"campfire_rested":0,"item_purchase_floors":[5,10,10,28,28,28],"current_hp_per_floor":[70,53,70,70,70,70,62,62,62,62,41,41,31,23,23,28,70,68,68,47,47,19,12,12,9,9,9,24,24,36,36,36,0,0],"gold":132,"neow_bonus":"BOSS_RELIC","is_daily":false,"chose_seed":false,"campfire_upgraded":6,"win_rate":0.0,"timestamp":1613572264,"path_taken":["M","?","?","M","$","R","E","R","T","$","E","M","M","M","R","BOSS","M","?","M","?","M","M","R","M","T","?","$","R","?","E","R","BOSS"],"items_purchased_type":["Card","Card","Relic","Relic","Relic","Relic"],"build_version":"2020-12-22","purchased_purges":1,"victory":false,"max_hp_per_floor":[70,70,70,70,70,70,70,70,70,70,70,70,70,70,70,70,70,70,70,70,70,70,70,70,70,70,70,70,70,70,70,70,70,70],"card_choices":[{"not_picked":["Prepared","Outmaneuver"],"picked":"Terror","floor":1.0},{"not_picked":["Dodge and Roll","ReplayTheSpireMod:Exploit Weakness"],"picked":"Dagger Spray","floor":4.0},{"not_picked":["Underhanded Strike","Dodge and Roll"],"picked":"Infinite Blades","floor":7.0},{"not_picked":["ReplayTheSpireMod:Exploit Weakness","Bane"],"picked":"Dodge and Roll","floor":11.0},{"not_picked":["Dagger Throw","Expertise"],"picked":"Escape Plan","floor":12.0},{"not_picked":["All Out Attack","Deflect"],"picked":"Dagger Spray","floor":13.0},{"not_picked":["Blade Dance","Prepared","Flying Knee"],"picked":"SKIP","floor":14.0},{"not_picked":["Die Die Die","Poison Darts"],"picked":"Adrenaline","floor":16.0},{"not_picked":["Quick Slash","Sucker Punch","Acrobatics"],"picked":"Deflect","floor":18.0},{"not_picked":["Dodge and Roll","Distraction+1","Backstab"],"picked":"ReplayTheSpireMod:The Works","floor":19.0},{"not_picked":["PiercingWail","Hidden Blade","Choke"],"picked":"Outmaneuver+1","floor":19.0},{"not_picked":["Catalyst","Sneak Up+1","Quick Slash"],"picked":"Tactician+1","floor":20.0},{"not_picked":["Flying Knee","Terror","Caltrops"],"picked":"Cloak And Dagger+1","floor":22.0},{"not_picked":["Heel Hook","Sucker Punch","Dodge and Roll"],"picked":"Prepared","floor":23.0},{"not_picked":["Predator","Caltrops+1","Outmaneuver+1"],"picked":"A Thousand Cuts","floor":25.0},{"not_picked":["hexamod:GhostLash","EmptyFist+1","Guardian:Gem_White"],"picked":"Guardian:Gem_Red","floor":30},{"not_picked":["Bullet Time","bronze:BugBarrage+1","Slimebound:SplitBruiser+1"],"picked":"bronze:FineTuning","floor":31}],"player_experience":87507,"relics_obtained":[{"floor":7.0,"key":"Mummified Hand"},{"floor":9.0,"key":"Sundial"},{"floor":11.0,"key":"MealTicket"},{"floor":19.0,"key":"Smiling Mask"},{"floor":26.0,"key":"Meat on the Bone"},{"floor":31,"key":"Molten Egg 2"}],"event_choices":[{"damage_healed":0.0,"max_hp_gain":0.0,"max_hp_loss":0.0,"gold_gain":0.0,"event_name":"Golden Idol","player_choice":"Take Damage","floor":2.0,"gold_loss":0.0,"damage_taken":17.0,"relics_obtained":["Golden Idol"]},{"damage_healed":17.0,"max_hp_gain":0.0,"max_hp_loss":0.0,"gold_gain":0.0,"event_name":"Wheel of Change","player_choice":"Full Heal","floor":3.0,"gold_loss":0.0,"damage_taken":0.0},{"damage_healed":0.0,"max_hp_gain":0.0,"max_hp_loss":0.0,"gold_gain":99.0,"event_name":"Nest","player_choice":"Stole From Cult","floor":21.0,"gold_loss":0.0,"damage_taken":0.0},{"damage_healed":0.0,"max_hp_gain":0.0,"max_hp_loss":0.0,"gold_gain":100.0,"event_name":"The Joust","player_choice":"Bet on Murderer","floor":27.0,"gold_loss":50.0,"damage_taken":0.0}],"is_beta":false,"boss_relics":[{"not_picked":["Replay:Bronze Core","Ectoplasm"],"picked":"Replay:Grab Bag"},{"not_picked":["Runic Dome","ChewingGum"],"picked":"SlaversCollar"},{"not_picked":["Velvet Choker","Sozu"],"picked":"Philosopher\u0027s Stone"},{"not_picked":["Kintsugi","Empty Cage"],"picked":"Honey Jar"}],"items_purged_floors":[28],"is_endless":false,"potions_floor_spawned":[7,12,14,16,20,23,25],"killed_by":"Collector","ascension_level":1}}