{"host":"3jpcvpprzj9sjffh","time":1613569931,"event":{"mods":["AchievementEnabler","BaseMod","Colored Map","Minty Spire (QoL Compilation)","Rare Cards Sparkle","SuperFastMode","everything is the same but u backflip on backflip"],"gold_per_floor":[118,138,152,164,87,121,121,134,185,201,201,216,216,234,234,234,234],"floor_reached":16,"language":"KOR","playtime":485,"items_purged":[],"score":156,"play_id":"4d92e58a-5f15-4eeb-b4e3-0bf02afac4db","local_time":"20210217225211","is_ascension_mode":false,"campfire_choices":[{"data":"Body Slam","floor":7,"key":"SMITH"},{"floor":11,"key":"REST"},{"floor":15,"key":"REST"}],"circlet_count":0,"master_deck":["Strike_R","Strike_R","Strike_R","Strike_R","Defend_R","Defend_R","Defend_R","Defend_R","Bash","Shrug It Off","Intimidate","Perfected Strike","Evolve","Body Slam+1","Armaments","Juggernaut+1","Dual Wield","Fire Breathing+1","Ghostly Armor","Uppercut"],"relics":["Burning Blood","NeowsBlessing","Frozen Egg 2"],"acts_visited":["Exordium"],"potions_floor_usage":[6,16,16,16],"damage_taken":[{"damage":0,"enemies":"Small Slimes","floor":1,"turns":1},{"damage":0,"enemies":"2 Louse","floor":2,"turns":1},{"damage":0,"enemies":"Cultist","floor":3,"turns":1},{"damage":15,"enemies":"3 Louse","floor":4,"turns":3},{"damage":36,"enemies":"3 Sentries","floor":6,"turns":9},{"damage":5,"enemies":"2 Fungi Beasts","floor":8,"turns":3},{"damage":28,"enemies":"Large Slime","floor":10,"turns":7},{"damage":10,"enemies":"Looter","floor":12,"turns":3},{"damage":7,"enemies":"Blue Slaver","floor":14,"turns":3}],"seed_played":"-5578323788822379428","potions_obtained":[{"floor":2,"key":"PowerPotion"},{"floor":4,"key":"EssenceOfSteel"},{"floor":6,"key":"SkillPotion"},{"floor":14,"key":"CultistPotion"}],"is_trial":false,"path_per_floor":["M","M","M","M","$","E","R","M","T","M","R","M","?","M","R","B"],"character_chosen":"IRONCLAD","items_purchased":["Body Slam","Armaments"],"campfire_rested":2,"item_purchase_floors":[5,5],"current_hp_per_floor":[80,80,80,71,71,41,41,42,42,20,44,40,33,32,56,0,0],"gold":234,"neow_bonus":"THREE_ENEMY_KILL","is_daily":false,"chose_seed":false,"campfire_upgraded":1,"win_rate":0.0,"timestamp":1613569931,"path_taken":["M","M","M","M","$","E","R","M","T","M","R","M","?","M","R","BOSS"],"items_purchased_type":["Card","Card"],"build_version":"2020-12-22","purchased_purges":0,"victory":false,"max_hp_per_floor":[80,80,80,80,80,80,80,80,80,80,80,80,80,80,80,80,80],"card_choices":[{"not_picked":["Headbutt","Havoc"],"picked":"Shrug It Off","floor":1},{"not_picked":["Iron Wave","Clash"],"picked":"Intimidate","floor":2},{"not_picked":["True Grit","Reckless Charge"],"picked":"Perfected Strike","floor":3},{"not_picked":["Shrug It Off","Inflame"],"picked":"Evolve","floor":4},{"not_picked":["Reckless Charge","Anger"],"picked":"Juggernaut+1","floor":6},{"not_picked":["Clothesline","Armaments"],"picked":"Dual Wield","floor":8},{"not_picked":["Power Through","Perfected Strike"],"picked":"Fire Breathing+1","floor":10},{"not_picked":["True Grit","Shockwave"],"picked":"Ghostly Armor","floor":12},{"not_picked":["Inflame+1","Warcry"],"picked":"Uppercut","floor":14}],"player_experience":334485,"relics_obtained":[{"floor":6,"key":"Frozen Egg 2"}],"event_choices":[{"cards_removed":["Strike_R"],"damage_healed":0,"gold_gain":0,"player_choice":"Card Removal","damage_taken":7,"max_hp_gain":0,"max_hp_loss":0,"event_name":"Golden Wing","floor":13,"gold_loss":0}],"is_beta":false,"boss_relics":[],"items_purged_floors":[],"is_endless":false,"potions_floor_spawned":[2,4,6,14],"killed_by":"The Guardian","ascension_level":0}}