{"host":"a6ztjasp7lxlo10n","time":1613557305,"event":{"mods":["Act Like it!","BaseMod","Colored Map","Marisa£®ÏF”Í°°ƒß¿Ì…≥£©","Minty Spire (QoL Compilation)","Quick Restart","StSLib","SuperFastMode","UnlockEverythingMod"],"gold_per_floor":[115,38,38,38,50,78,98,98,172,172,199,215,257,283,283,371,371,381,361,374,393,51,51,51,51],"floor_reached":24,"language":"ZHS","playtime":582,"items_purged":["Strike_R"],"score":478,"play_id":"070a8a62-0df2-4d2b-a09f-b33aea998d05","local_time":"20210217182145","is_ascension_mode":true,"campfire_choices":[{"data":"Carnage","floor":8.0,"key":"SMITH"},{"data":"Inflame","floor":10.0,"key":"SMITH"},{"data":"Rupture","floor":15.0,"key":"SMITH"},{"data":"Apotheosis","floor":23.0,"key":"SMITH"}],"circlet_count":0,"master_deck":["AscendersBane","Strike_R","Strike_R","Strike_R","Defend_R","Defend_R","Defend_R","Defend_R","Bash","Shrug It Off","Rupture+1","Inflame+1","Blood for Blood","Carnage+1","Bloodletting","Shrug It Off","Hemokinesis","Immolate","True Grit","Reaper","Apotheosis+1"],"relics":["Burning Blood","NeowsBlessing","Nunchaku","Kunai","Bronze Scales","CeramicFish","Odd Mushroom","Runic Pyramid"],"acts_visited":["Exordium","TheCity"],"potions_floor_usage":[24],"damage_taken":[{"damage":0.0,"enemies":"2 Louse","floor":1.0,"turns":1.0},{"damage":0.0,"enemies":"Jaw Worm","floor":5.0,"turns":1.0},{"damage":0.0,"enemies":"Lagavulin","floor":6.0,"turns":1.0},{"damage":6.0,"enemies":"Cultist","floor":7.0,"turns":3.0},{"damage":8.0,"enemies":"Gremlin Nob","floor":11.0,"turns":3.0},{"damage":4.0,"enemies":"Blue Slaver","floor":12.0,"turns":4.0},{"damage":18.0,"enemies":"Lagavulin","floor":13.0,"turns":5.0},{"damage":20.0,"enemies":"The Mushroom Lair","floor":14.0,"turns":4.0},{"damage":47.0,"enemies":"The Guardian","floor":16.0,"turns":7.0},{"damage":37.0,"enemies":"Shell Parasite","floor":18.0,"turns":4.0},{"damage":2.0,"enemies":"Chosen","floor":20.0,"turns":5.0},{"damage":17.0,"enemies":"Centurion and Healer","floor":21.0,"turns":5.0},{"damage":41,"enemies":"Slavers","floor":24,"turns":3}],"seed_played":"-4310680801281750925","potions_obtained":[{"floor":1.0,"key":"Block Potion"},{"floor":6.0,"key":"ElixirPotion"},{"floor":7.0,"key":"AttackPotion"},{"floor":11.0,"key":"Swift Potion"},{"floor":13.0,"key":"BlessingOfTheForge"},{"floor":19.0,"key":"SpeedPotion"},{"floor":20.0,"key":"LiquidMemories"}],"is_trial":false,"path_per_floor":["M","$","?","?","M","E","M","R","T","R","E","M","E","?","R","B",null,"M","?","M","M","$","R","E"],"character_chosen":"IRONCLAD","items_purchased":["Rupture","Reaper","Apotheosis"],"campfire_rested":0,"item_purchase_floors":[2,22,22],"current_hp_per_floor":[74,74,75,75,75,75,75,75,75,75,73,75,63,49,49,8,58,27,27,31,20,20,20,0,0],"gold":51,"neow_bonus":"THREE_ENEMY_KILL","is_daily":false,"chose_seed":false,"campfire_upgraded":4,"win_rate":0.0,"timestamp":1613557305,"path_taken":["M","$","?","?","M","E","M","R","T","R","E","M","E","?","R","BOSS","M","?","M","M","$","R","E"],"items_purchased_type":["Card","Card","Card"],"build_version":"2020-12-22","purchased_purges":1,"victory":false,"max_hp_per_floor":[75,75,75,75,75,75,75,75,75,75,75,75,75,75,75,75,75,75,75,75,75,75,75,75,75],"card_choices":[{"not_picked":["Pummel","Dark Embrace"],"picked":"Shrug It Off","floor":1.0},{"not_picked":["Dropkick","Armaments"],"picked":"Inflame","floor":5.0},{"not_picked":["Entrench","Thunderclap"],"picked":"Blood for Blood","floor":6.0},{"not_picked":["Wild Strike","True Grit"],"picked":"Carnage","floor":7.0},{"not_picked":["Blood for Blood","Iron Wave"],"picked":"Bloodletting","floor":11.0},{"not_picked":["Flex","Juggernaut"],"picked":"Shrug It Off","floor":12.0},{"not_picked":["Second Wind","Thunderclap"],"picked":"Hemokinesis","floor":13.0},{"not_picked":["Berserk","Impervious"],"picked":"Immolate","floor":16.0},{"not_picked":["Anger","Body Slam","Twin Strike"],"picked":"SKIP","floor":18.0},{"not_picked":["Evolve","Heavy Blade","Headbutt"],"picked":"SKIP","floor":20.0},{"not_picked":["Uppercut","Entrench"],"picked":"True Grit","floor":21.0}],"player_experience":247564,"relics_obtained":[{"floor":6.0,"key":"Nunchaku"},{"floor":9.0,"key":"Kunai"},{"floor":11.0,"key":"Bronze Scales"},{"floor":13.0,"key":"CeramicFish"},{"floor":14.0,"key":"Odd Mushroom"}],"event_choices":[{"damage_healed":25.0,"max_hp_gain":0.0,"max_hp_loss":0.0,"gold_gain":0.0,"event_name":"Big Fish","player_choice":"Banana","floor":3.0,"gold_loss":0.0,"damage_taken":0.0},{"cards_removed":["Strike_R"],"damage_healed":0.0,"max_hp_gain":0.0,"max_hp_loss":0.0,"gold_gain":0.0,"event_name":"Living Wall","player_choice":"Forget","floor":4.0,"gold_loss":0.0,"damage_taken":0.0},{"damage_healed":0.0,"max_hp_gain":0.0,"max_hp_loss":0.0,"gold_gain":0.0,"event_name":"Mushrooms","player_choice":"Fought Mushrooms","floor":14.0,"gold_loss":0.0,"damage_taken":0.0},{"damage_healed":0.0,"max_hp_gain":0.0,"max_hp_loss":0.0,"gold_gain":0.0,"event_name":"The Woman in Blue","player_choice":"Bought 1 Potion","floor":19.0,"gold_loss":0.0,"damage_taken":0.0}],"is_beta":false,"boss_relics":[{"not_picked":["Ectoplasm","Coffee Dripper"],"picked":"Runic Pyramid"}],"items_purged_floors":[22],"is_endless":false,"potions_floor_spawned":[1,6,7,11,13,20],"killed_by":"Slavers","ascension_level":20}}