{"host":"sndfgesrkxbbj8ze","time":1613584159,"event":{"mods":["AchievementEnabler","BaseMod","Colored Powertips","Minty Spire (QoL Compilation)","StSLib","The Hierophant"],"gold_per_floor":[116,128,139,139,163,188,188,205,205,205,205,6,16,48,48,148,148,161,12,12,12,23,54,69,69,69],"floor_reached":25,"language":"ENG","playtime":1063,"items_purged":[],"score":243,"play_id":"a9994f41-6099-4165-b07a-454b4883ccde","local_time":"20210217184919","is_ascension_mode":true,"campfire_choices":[{"floor":7,"key":"REST"},{"data":"Bouncing Flask","floor":11,"key":"SMITH"},{"data":"Catalyst","floor":15,"key":"SMITH"}],"circlet_count":0,"master_deck":["Strike_G","Strike_G","Strike_G","Strike_G","Defend_G","Defend_G","Defend_G","Defend_G","Defend_G","Survivor","Neutralize","Blade Dance","Bouncing Flask+1","Accuracy","Flying Knee","Regret","Cloak And Dagger","Finisher","Catalyst+1","After Image","Footwork","Deadly Poison","Infinite Blades"],"relics":["Ring of the Serpent","NeowsBlessing","Bag of Preparation","HornCleat","Blood Vial","Vajra","Tough Bandages","Toolbox","GremlinMask","Molten Egg 2"],"acts_visited":["Exordium","TheCity"],"potions_floor_usage":[6,13,25],"damage_taken":[{"damage":0,"enemies":"Jaw Worm","floor":1,"turns":1},{"damage":0,"enemies":"Cultist","floor":2,"turns":1},{"damage":0,"enemies":"2 Louse","floor":3,"turns":1},{"damage":25,"enemies":"3 Sentries","floor":6,"turns":10},{"damage":0,"enemies":"Exordium Thugs","floor":8,"turns":3},{"damage":2,"enemies":"Gremlin Gang","floor":13,"turns":6},{"damage":7,"enemies":"Gremlin Nob","floor":14,"turns":4},{"damage":11,"enemies":"Hexaghost","floor":16,"turns":7},{"damage":5,"enemies":"Chosen","floor":18,"turns":4},{"damage":11,"enemies":"Spheric Guardian","floor":22,"turns":5},{"damage":24,"enemies":"Book of Stabbing","floor":23,"turns":4},{"damage":28,"enemies":"Shelled Parasite and Fungi","floor":24,"turns":6},{"damage":10,"enemies":"Slavers","floor":25,"turns":3}],"seed_played":"-7603599810795521684","potions_obtained":[{"floor":2,"key":"Fire Potion"},{"floor":6,"key":"EssenceOfSteel"},{"floor":14,"key":"Swift Potion"},{"floor":23,"key":"GhostInAJar"}],"is_trial":false,"path_per_floor":["M","M","M","?","T","E","R","M","T","?","R","$","M","E","R","B",null,"M","$","?","$","M","E","M","E"],"character_chosen":"THE_SILENT","items_purchased":["Vajra","Cloak And Dagger","Toolbox"],"campfire_rested":1,"item_purchase_floors":[12,12,19],"current_hp_per_floor":[70,70,70,63,63,38,59,59,59,59,59,59,59,54,54,45,70,65,65,65,65,56,34,8,0,0],"gold":69,"neow_bonus":"THREE_ENEMY_KILL","is_daily":false,"chose_seed":false,"campfire_upgraded":2,"win_rate":0.0,"timestamp":1613584159,"path_taken":["M","M","M","?","?","E","R","?","T","?","R","$","M","E","R","BOSS","M","$","?","?","M","E","?","E"],"items_purchased_type":["Relic","Card","Relic"],"build_version":"2020-12-22","purchased_purges":0,"victory":false,"max_hp_per_floor":[70,70,70,70,70,70,70,70,70,70,70,70,70,70,70,70,70,70,70,70,70,70,70,70,70,70],"card_choices":[{"not_picked":["Blur","Dagger Throw"],"picked":"Blade Dance","floor":1},{"not_picked":["Blade Dance","PiercingWail"],"picked":"Bouncing Flask","floor":2},{"not_picked":["Dagger Spray","Reflex","Choke"],"picked":"SKIP","floor":3},{"not_picked":["Calculated Gamble","Sucker Punch"],"picked":"Accuracy","floor":6},{"not_picked":["Bane","Caltrops"],"picked":"Flying Knee","floor":8},{"not_picked":["Deadly Poison","Reflex"],"picked":"Finisher","floor":13},{"not_picked":["Bane","Tactician"],"picked":"Catalyst","floor":14},{"not_picked":["Venomology","Bullet Time"],"picked":"After Image","floor":16},{"not_picked":["Masterful Stab","Skewer","Sucker Punch"],"picked":"SKIP","floor":18},{"not_picked":["Dodge and Roll+1","Outmaneuver"],"picked":"Footwork","floor":22},{"not_picked":["Backstab+1","Riddle With Holes+1"],"picked":"Deadly Poison","floor":23},{"not_picked":["Dagger Spray+1","Reflex"],"picked":"Infinite Blades","floor":24}],"player_experience":261054,"relics_obtained":[{"floor":6,"key":"Bag of Preparation"},{"floor":9,"key":"HornCleat"},{"floor":14,"key":"Tough Bandages"},{"floor":23,"key":"Molten Egg 2"}],"event_choices":[{"cards_removed":["Strike_G"],"damage_healed":0,"gold_gain":0,"player_choice":"Card Removal","damage_taken":7,"max_hp_gain":0,"max_hp_loss":0,"event_name":"Golden Wing","floor":4,"gold_loss":0},{"damage_healed":0,"gold_gain":0,"player_choice":"Box","damage_taken":0,"relics_obtained":["Blood Vial"],"max_hp_gain":0,"max_hp_loss":0,"event_name":"Big Fish","floor":10,"gold_loss":0,"cards_obtained":["Regret"]},{"damage_healed":0,"gold_gain":0,"player_choice":"Trade","damage_taken":0,"relics_obtained":["GremlinMask"],"max_hp_gain":0,"max_hp_loss":0,"event_name":"FaceTrader","floor":20,"gold_loss":0}],"is_beta":false,"boss_relics":[{"not_picked":["Runic Pyramid","Fusion Hammer"],"picked":"Ring of the Serpent"}],"items_purged_floors":[],"is_endless":false,"potions_floor_spawned":[2,6,14,23],"killed_by":"Slavers","ascension_level":1}}