{"host":"ndpbn7fqb3wjbd7p","time":1613589483,"event":{"mods":["AchievementEnabler","Act Like it!","AlwaysNeverKeys","BaseMod","Better Vampires","Block Reminder","Colored Powertips","DeckTracker","Defuse TimeMaze Blight","Friendly Minions","Highlight Path","MarisaÅiñ∂âJÅ@ñÇóùçπÅj","Minty Spire (QoL Compilation)","Permanent Neow","Shade Mod","StSLib","SuperFastMode","Synergy Search","The Mystic","Unceasing Turn Reminder","Wandering Minibosses"],"gold_per_floor":[111,111,111,51,66,66,101,111,111,128,139,21,21,21,21,96,96,96,96],"floor_reached":18,"language":"ENG","playtime":909,"items_purged":["Defend_R"],"score":264,"play_id":"29413592-2356-4130-b832-ee493c258310","local_time":"20210217201803","is_ascension_mode":true,"campfire_choices":[{"data":"Entrench","floor":6,"key":"SMITH"},{"data":"True Grit","floor":13,"key":"SMITH"},{"data":"Body Slam","floor":15,"key":"SMITH"}],"circlet_count":0,"master_deck":["AscendersBane","Strike_R","Strike_R","Defend_R","Defend_R","Defend_R","Bash","Sentinel","Entrench+1","Sever Soul","Body Slam+1","True Grit+1","Reckless Charge","Evolve","Barricade"],"relics":["Burning Blood","The Courier","Strawberry","MealTicket","Dream Catcher","TheAbacus","Singing Bowl","Empty Cage"],"acts_visited":["Exordium","TheCity"],"potions_floor_usage":[7,16,16],"damage_taken":[{"damage":14,"enemies":"Small Slimes","floor":1,"turns":7},{"damage":15,"enemies":"Jaw Worm","floor":5,"turns":8},{"damage":42,"enemies":"Lagavulin","floor":7,"turns":11},{"damage":6,"enemies":"Cultist","floor":8,"turns":4},{"damage":5,"enemies":"Blue Slaver","floor":10,"turns":6},{"damage":4,"enemies":"Red Slaver","floor":11,"turns":5},{"damage":23,"enemies":"Hexaghost","floor":16,"turns":13},{"damage":71,"enemies":"3 Byrds","floor":18,"turns":6}],"seed_played":"-227295964378155358","potions_obtained":[{"floor":1,"key":"Dexterity Potion"},{"floor":8,"key":"LiquidMemories"},{"floor":11,"key":"SteroidPotion"}],"is_trial":false,"path_per_floor":["M","?","T","$","M","R","E","M","T","M","M","$","R","?","R","B",null,"M"],"character_chosen":"IRONCLAD","items_purchased":["TheAbacus"],"campfire_rested":0,"item_purchase_floors":[12],"current_hp_per_floor":[64,61,68,68,59,59,23,23,23,24,26,41,41,41,41,24,71,0,0],"gold":96,"neow_bonus":"TRANSFORM_CARD","is_daily":false,"chose_seed":false,"campfire_upgraded":3,"win_rate":0.0,"timestamp":1613589483,"path_taken":["M","?","?","?","M","R","E","M","T","?","M","$","R","?","R","BOSS","M"],"items_purchased_type":["Relic"],"build_version":"2020-12-22","purchased_purges":1,"victory":false,"max_hp_per_floor":[80,80,87,87,87,87,87,87,87,87,87,87,87,87,87,87,87,87,87],"card_choices":[{"not_picked":["Cleave","Flex"],"picked":"Entrench","floor":1},{"not_picked":["Headbutt","Infernal Blade"],"picked":"Sever Soul","floor":5},{"not_picked":["Cleave","Hemokinesis"],"picked":"Body Slam","floor":7},{"not_picked":["Anger","Body Slam"],"picked":"True Grit","floor":8},{"not_picked":["Iron Wave","Sword Boomerang"],"picked":"Reckless Charge","floor":10},{"not_picked":["Pommel Strike","Headbutt"],"picked":"Evolve","floor":11},{"not_picked":["Limit Break","Bludgeon"],"picked":"Barricade","floor":16}],"player_experience":1226806,"relics_obtained":[{"floor":3,"key":"Strawberry"},{"floor":7,"key":"MealTicket"},{"floor":9,"key":"Dream Catcher"}],"event_choices":[{"damage_healed":0,"gold_gain":0,"player_choice":"Success","damage_taken":3,"relics_obtained":["The Courier"],"max_hp_gain":0,"max_hp_loss":0,"event_name":"Scrap Ooze","floor":2,"gold_loss":0},{"damage_healed":0,"gold_gain":0,"player_choice":"Searched \u00271\u0027 times","damage_taken":0,"relics_obtained":["Singing Bowl"],"max_hp_gain":0,"max_hp_loss":0,"event_name":"Dead Adventurer","floor":14,"gold_loss":0}],"is_beta":false,"boss_relics":[{"not_picked":["Pandora\u0027s Box","Ectoplasm"],"picked":"Empty Cage"}],"items_purged_floors":[4],"is_endless":false,"potions_floor_spawned":[1,8,11],"killed_by":"3 Byrds","ascension_level":13}}