{"host":"3syfdf73vqzvzpwj","time":1613591724,"event":{"mods":["AchievementEnabler","BaseMod","Colored Map","Minty Spire (QoL Compilation)","everything is the same but u backflip on backflip"],"gold_per_floor":[117,292,292,309,309,343,220,220,244,263,263,282,282,282],"floor_reached":13,"language":"KOR","playtime":284,"items_purged":["Doubt"],"score":135,"play_id":"37185932-6b62-40e7-84df-ecc6a366258d","local_time":"20210218045524","is_ascension_mode":true,"campfire_choices":[{"data":"Neutralize","floor":8,"key":"SMITH"}],"circlet_count":0,"master_deck":["Strike_G","Strike_G","Strike_G","Strike_G","Strike_G","Defend_G","Defend_G","Defend_G","Defend_G","Defend_G","Survivor","Neutralize+1","Outmaneuver","Neutralize","Deadly Poison","Sucker Punch","Poisoned Stab"],"relics":["Ring of the Snake","NeowsBlessing","Golden Idol","Centennial Puzzle","Omamori","Nunchaku"],"acts_visited":["Exordium"],"potions_floor_usage":[],"damage_taken":[{"damage":0,"enemies":"Jaw Worm","floor":1,"turns":1},{"damage":0,"enemies":"Cultist","floor":4,"turns":1},{"damage":0,"enemies":"Lagavulin","floor":6,"turns":1},{"damage":7,"enemies":"Small Slimes","floor":10,"turns":2},{"damage":4,"enemies":"Blue Slaver","floor":12,"turns":4},{"damage":41,"enemies":"3 Sentries","floor":13,"turns":8}],"seed_played":"-2204638468108027436","potions_obtained":[{"floor":6,"key":"ColorlessPotion"},{"floor":12,"key":"Weak Potion"}],"is_trial":false,"path_per_floor":["M","?","?","M","?","E","$","R","T","M","?","M","E"],"character_chosen":"THE_SILENT","items_purchased":["Poisoned Stab"],"campfire_rested":0,"item_purchase_floors":[7],"current_hp_per_floor":[70,70,70,70,53,53,53,53,53,46,39,35,0,0],"gold":282,"neow_bonus":"THREE_ENEMY_KILL","is_daily":false,"chose_seed":false,"campfire_upgraded":1,"win_rate":0.0,"timestamp":1613591724,"path_taken":["M","?","?","?","?","E","$","R","T","M","?","M","E"],"items_purchased_type":["Card"],"build_version":"2020-12-22","purchased_purges":1,"victory":false,"max_hp_per_floor":[70,70,70,70,70,70,70,70,70,70,70,70,70,70],"card_choices":[{"not_picked":["Eviscerate","Well Laid Plans"],"picked":"Outmaneuver","floor":1},{"not_picked":["Dagger Spray","Riddle With Holes"],"picked":"Deadly Poison","floor":4},{"not_picked":["Wraith Form v2","Acrobatics"],"picked":"Sucker Punch","floor":6},{"not_picked":["Predator","Quick Slash","Acrobatics"],"picked":"SKIP","floor":10},{"not_picked":["Calculated Gamble","Underhanded Strike","Flying Knee"],"picked":"SKIP","floor":12}],"player_experience":206729,"relics_obtained":[{"floor":6,"key":"Centennial Puzzle"},{"floor":9,"key":"Omamori"}],"event_choices":[{"damage_healed":0,"gold_gain":175,"player_choice":"AGREE","damage_taken":0,"max_hp_gain":0,"max_hp_loss":0,"event_name":"Liars Game","floor":2,"gold_loss":0,"cards_obtained":["Doubt"]},{"damage_healed":0,"gold_gain":0,"player_choice":"1 cards matched","damage_taken":0,"max_hp_gain":0,"max_hp_loss":0,"event_name":"Match and Keep!","floor":3,"gold_loss":0,"cards_obtained":["Neutralize"]},{"damage_healed":0,"gold_gain":0,"player_choice":"Take Damage","damage_taken":17,"relics_obtained":["Golden Idol"],"max_hp_gain":0,"max_hp_loss":0,"event_name":"Golden Idol","floor":5,"gold_loss":0},{"damage_healed":0,"gold_gain":0,"player_choice":"Success","damage_taken":7,"relics_obtained":["Nunchaku"],"max_hp_gain":0,"max_hp_loss":0,"event_name":"Scrap Ooze","floor":11,"gold_loss":0}],"is_beta":false,"boss_relics":[],"items_purged_floors":[7],"is_endless":false,"potions_floor_spawned":[6,12],"killed_by":"3 Sentries","ascension_level":5}}