{"host":"6r762osam2bvfm66","time":1613579868,"event":{"mods":["BaseMod","Bestiary","Colored Map","Highlight Path","Minty Spire (QoL Compilation)","Relic Stats"],"gold_per_floor":[114,124,143,143,156,190,190,190,261,261,294,294,308,340,340,443,443,453,470,486,498,109,140,152,178,204,220,81,113,113,148,148,251,251,261,261,271,286,286,286,286,286,286,302,332,332,92,111,111,111],"floor_reached":51,"language":"ENG","playtime":3564,"items_purged":["Strike_G","Strike_G","Strike_G"],"score":1178,"play_id":"c4f715cd-bd85-419a-ad12-03035db2c6bd","local_time":"20210217103748","is_ascension_mode":true,"campfire_choices":[{"data":"Storm of Steel","floor":8,"key":"SMITH"},{"data":"Blade Dance","floor":10,"key":"SMITH"},{"data":"Footwork","floor":12,"key":"SMITH"},{"data":"Blade Dance","floor":15,"key":"SMITH"},{"data":"Envenom","floor":30,"key":"SMITH"},{"data":"Accuracy","floor":32,"key":"SMITH"},{"data":"Burst","floor":40,"key":"SMITH"},{"data":"Neutralize","floor":42,"key":"SMITH"},{"data":"Leg Sweep","floor":46,"key":"SMITH"},{"data":"Blade Dance","floor":49,"key":"SMITH"}],"circlet_count":0,"master_deck":["Defend_G","Defend_G","Defend_G","Defend_G","Defend_G","Survivor","Neutralize+1","Storm of Steel+1","Blade Dance+1","All Out Attack","Blade Dance+1","Predator","Footwork+1","Envenom+1","Deflect+1","Accuracy+1","Backstab+1","Leg Sweep+1","Burst+1","Cloak And Dagger+1","Acrobatics+1","Bouncing Flask+1","Blur+1","Deflect+1","Terror+1","Blade Dance+1","Blade Dance","Calculated Gamble"],"relics":["Ring of the Snake","Incense Burner","Omamori","Bottled Lightning","Kunai","Dead Branch","Busted Crown","Bird Faced Urn","Juzu Bracelet","Prayer Wheel","Snake Skull","Question Card","Centennial Puzzle","Empty Cage","Meat on the Bone","Pear","The Courier","Pen Nib"],"acts_visited":["Exordium","TheCity","TheBeyond"],"potions_floor_usage":[3,21,50,50],"damage_taken":[{"damage":0,"enemies":"Cultist","floor":1,"turns":4},{"damage":0,"enemies":"2 Louse","floor":2,"turns":3},{"damage":0,"enemies":"Small Slimes","floor":3,"turns":2},{"damage":6,"enemies":"Exordium Wildlife","floor":5,"turns":3},{"damage":16,"enemies":"3 Sentries","floor":6,"turns":7},{"damage":1,"enemies":"Gremlin Nob","floor":11,"turns":3},{"damage":10,"enemies":"Lots of Slimes","floor":13,"turns":2},{"damage":6,"enemies":"3 Sentries","floor":14,"turns":6},{"damage":5,"enemies":"Hexaghost","floor":16,"turns":7},{"damage":0,"enemies":"2 Thieves","floor":18,"turns":1},{"damage":0,"enemies":"3 Byrds","floor":19,"turns":2},{"damage":0,"enemies":"Centurion and Healer","floor":20,"turns":4},{"damage":3,"enemies":"Snake Plant","floor":21,"turns":4},{"damage":0,"enemies":"Gremlin Leader","floor":23,"turns":5},{"damage":10,"enemies":"Cultist and Chosen","floor":24,"turns":4},{"damage":34,"enemies":"Book of Stabbing","floor":25,"turns":7},{"damage":0,"enemies":"3 Cultists","floor":27,"turns":3},{"damage":0,"enemies":"Gremlin Leader","floor":29,"turns":3},{"damage":17,"enemies":"Book of Stabbing","floor":31,"turns":5},{"damage":0,"enemies":"Automaton","floor":33,"turns":6},{"damage":0,"enemies":"3 Darklings","floor":35,"turns":1},{"damage":0,"enemies":"3 Shapes","floor":37,"turns":3},{"damage":0,"enemies":"Transient","floor":38,"turns":5},{"damage":0,"enemies":"4 Shapes","floor":44,"turns":6},{"damage":0,"enemies":"Reptomancer","floor":45,"turns":5},{"damage":0,"enemies":"Sphere and 2 Shapes","floor":48,"turns":6},{"damage":14,"enemies":"Awakened One","floor":50,"turns":8}],"seed_played":"4960680967132836532","potions_obtained":[{"floor":3,"key":"Fruit Juice"},{"floor":11,"key":"SneckoOil"},{"floor":18,"key":"GhostInAJar"},{"floor":21,"key":"FearPotion"},{"floor":27,"key":"Dexterity Potion"},{"floor":29,"key":"GhostInAJar"},{"floor":38,"key":"DistilledChaos"},{"floor":45,"key":"Poison Potion"}],"is_trial":false,"path_per_floor":["M","M","M","?","M","E","?","R","T","R","E","R","M","E","R","B",null,"M","M","M","M","$","E","M","E","T","M","$","E","R","E","R","B",null,"M","?","M","M","?","R","?","R","T","M","E","R","$","M","R","B",null],"character_chosen":"THE_SILENT","items_purchased":["Bird Faced Urn","Accuracy","Blade Dance","Pen Nib"],"campfire_rested":0,"item_purchase_floors":[22,28,47,47],"current_hp_per_floor":[70,70,75,75,69,53,46,46,46,46,45,45,35,29,29,24,62,62,62,62,59,59,65,61,29,29,31,31,39,39,32,32,46,68,70,70,74,75,75,75,71,71,81,81,81,81,81,81,81,73],"gold":111,"neow_bonus":"ONE_RANDOM_RARE_CARD","is_daily":false,"chose_seed":false,"campfire_upgraded":10,"win_rate":0.0,"timestamp":1613579868,"path_taken":["M","M","?","?","M","E","?","R","T","R","E","R","M","E","R","BOSS","M","M","M","M","$","E","M","E","T","M","$","E","R","E","R","BOSS","M","?","M","M","?","R","?","R","T","M","E","R","$","M","R","BOSS"],"items_purchased_type":["Relic","Card","Card","Relic"],"build_version":"2020-12-22","purchased_purges":3,"victory":true,"max_hp_per_floor":[70,70,75,75,75,75,75,75,75,75,75,75,75,75,75,75,75,75,75,75,75,75,75,75,75,75,75,75,75,75,75,75,75,75,75,75,75,75,75,75,71,71,81,81,81,81,81,81,81,81],"relic_stats":{"counters":[27,115],"Dead Branch":[359],"Snake Skull":[172],"Pen Nib":[6],"Juzu Bracelet":1,"Question Card":13,"Centennial Puzzle":[3],"Busted Crown":46,"Bird Faced Urn":[61],"Prayer Wheel":6,"Kunai":[120],"obtain_stats":[{"Pear":43,"Dead Branch":14,"Snake Skull":26,"The Courier":45,"Pen Nib":47,"Incense Burner":4,"Omamori":6,"Juzu Bracelet":23,"Question Card":29,"Empty Cage":34,"Centennial Puzzle":31,"Busted Crown":17,"Bird Faced Urn":22,"Prayer Wheel":25,"Bottled Lightning":9,"Kunai":11,"Ring of the Snake":0,"Meat on the Bone":36},{"Pear":23,"Dead Branch":8,"Snake Skull":16,"The Courier":25,"Pen Nib":25,"Incense Burner":3,"Omamori":5,"Juzu Bracelet":14,"Question Card":18,"Empty Cage":20,"Centennial Puzzle":19,"Busted Crown":9,"Bird Faced Urn":13,"Prayer Wheel":16,"Bottled Lightning":5,"Kunai":6,"Ring of the Snake":0,"Meat on the Bone":21},{"Pear":90,"Dead Branch":30,"Snake Skull":64,"The Courier":101,"Pen Nib":101,"Incense Burner":9,"Omamori":19,"Juzu Bracelet":53,"Question Card":70,"Empty Cage":81,"Centennial Puzzle":75,"Busted Crown":37,"Bird Faced Urn":48,"Prayer Wheel":64,"Bottled Lightning":19,"Kunai":22,"Ring of the Snake":0,"Meat on the Bone":82}],"Ring of the Snake":[54],"Meat on the Bone":0},"card_choices":[{"not_picked":["Footwork","Outmaneuver"],"picked":"Blade Dance","floor":1},{"not_picked":["Sucker Punch","Prepared","Deflect"],"picked":"SKIP","floor":2},{"not_picked":["Underhanded Strike","Poisoned Stab"],"picked":"All Out Attack","floor":3},{"not_picked":["Quick Slash","Reflex"],"picked":"Blade Dance","floor":5},{"not_picked":["Deflect","Flechettes"],"picked":"Predator","floor":6},{"not_picked":["Poisoned Stab","Terror"],"picked":"Footwork","floor":11},{"not_picked":["Bane","All Out Attack","Tactician"],"picked":"SKIP","floor":13},{"not_picked":["All Out Attack","Backstab","Eviscerate"],"picked":"SKIP","floor":14},{"not_picked":["Phantasmal Killer","Burst"],"picked":"Envenom","floor":16},{"not_picked":["All Out Attack"],"picked":"SKIP","floor":18},{"not_picked":["Underhanded Strike+1"],"picked":"SKIP","floor":19},{"not_picked":["Deflect"],"picked":"SKIP","floor":20},{"not_picked":[],"picked":"Deflect+1","floor":21},{"not_picked":["Die Die Die"],"picked":"SKIP","floor":23},{"not_picked":["Heel Hook"],"picked":"SKIP","floor":24},{"not_picked":["Deadly Poison+1"],"picked":"SKIP","floor":25},{"not_picked":["Dagger Throw"],"picked":"SKIP","floor":27},{"not_picked":["Eviscerate"],"picked":"SKIP","floor":27},{"not_picked":[],"picked":"Backstab+1","floor":29},{"not_picked":["Skewer"],"picked":"Leg Sweep","floor":31},{"not_picked":["Phantasmal Killer"],"picked":"Burst","floor":33},{"not_picked":["Flechettes+1"],"picked":"Cloak And Dagger+1","floor":35},{"not_picked":["Deflect+1"],"picked":"Acrobatics+1","floor":35},{"not_picked":["Slice","Poisoned Stab"],"picked":"SKIP","floor":37},{"not_picked":["Underhanded Strike","Dodge and Roll"],"picked":"SKIP","floor":37},{"not_picked":["Dodge and Roll"],"picked":"Bouncing Flask+1","floor":38},{"not_picked":["Slice","Dagger Spray"],"picked":"SKIP","floor":38},{"not_picked":["Quick Slash+1"],"picked":"Blur+1","floor":44},{"not_picked":["Escape Plan"],"picked":"Deflect+1","floor":44},{"not_picked":["Quick Slash+1"],"picked":"Terror+1","floor":45},{"not_picked":["Flechettes+1"],"picked":"Blade Dance","floor":48},{"not_picked":["Deadly Poison+1"],"picked":"Calculated Gamble","floor":48}],"player_experience":105299,"relics_obtained":[{"floor":6,"key":"Omamori"},{"floor":9,"key":"Bottled Lightning"},{"floor":11,"key":"Kunai"},{"floor":14,"key":"Dead Branch"},{"floor":23,"key":"Juzu Bracelet"},{"floor":25,"key":"Prayer Wheel"},{"floor":26,"key":"Snake Skull"},{"floor":29,"key":"Question Card"},{"floor":31,"key":"Centennial Puzzle"},{"floor":43,"key":"Pear"},{"floor":45,"key":"The Courier"}],"event_choices":[{"damage_healed":0,"gold_gain":0,"player_choice":"Box","damage_taken":0,"relics_obtained":["Incense Burner"],"max_hp_gain":0,"max_hp_loss":0,"event_name":"Big Fish","floor":4,"gold_loss":0,"cards_obtained":["Regret"]},{"cards_removed":["Regret"],"damage_healed":0,"gold_gain":0,"player_choice":"Card Removal","damage_taken":7,"max_hp_gain":0,"max_hp_loss":0,"event_name":"Golden Wing","floor":7,"gold_loss":0},{"damage_healed":0,"gold_gain":0,"player_choice":"Gave Potion","damage_taken":0,"relics_obtained":["Meat on the Bone"],"max_hp_gain":0,"max_hp_loss":0,"event_name":"WeMeetAgain","floor":36,"gold_loss":0},{"damage_healed":0,"gold_gain":0,"player_choice":"Ignored","damage_taken":0,"max_hp_gain":0,"max_hp_loss":0,"event_name":"Tomb of Lord Red Mask","floor":39,"gold_loss":0},{"damage_healed":0,"gold_gain":0,"player_choice":"Max HP","damage_taken":0,"max_hp_gain":0,"max_hp_loss":4,"event_name":"Winding Halls","floor":41,"gold_loss":0}],"is_beta":false,"boss_relics":[{"not_picked":["Cursed Key","Tiny House"],"picked":"Busted Crown"},{"not_picked":["Fusion Hammer","Black Star"],"picked":"Empty Cage"}],"items_purged_floors":[22,28,47],"is_endless":false,"potions_floor_spawned":[3,11,18,21,27,29,31,38,44,45],"ascension_level":5}}