{"host":"c83fcgyuu74iknko","time":1613546451,"event":{"mods":["BaseMod","BetterRewards","Colored Map","Colored Powertips","Minty Spire (QoL Compilation)","Quick Restart","StSLib","The Animator","The Senshi"],"gold_per_floor":[121,121,145,163,63,63,73,101,101,31,31,31,49,19,19,19,19],"floor_reached":16,"language":"ENG","playtime":1190,"items_purged":["animator:Strike","animator:Strike"],"score":142,"play_id":"06834b4b-6e5f-49f5-89f2-1aebaf36a958","local_time":"20210216232051","is_ascension_mode":false,"campfire_choices":[{"data":"animator:Chung","floor":6,"key":"SMITH"},{"data":"animator:Lu","floor":12,"key":"SMITH"},{"data":"animator:Ciel","floor":15,"key":"SMITH"}],"circlet_count":0,"master_deck":["animator:Strike_Elsword","animator:Defend_Elsword","animator:Defend","animator:Defend","animator:Defend","animator:Chung+1","animator:Raven","animator:Ara","animator:Laby+1","animator:Fredrika","animator:Ain","animator:Ciel+1","animator:Lu+1"],"relics":["animator:LivingPicture","animator:TheMissingPiece","Gremlin Horn","StoneCalendar"],"acts_visited":["Exordium"],"potions_floor_usage":[14],"damage_taken":[{"damage":0,"enemies":"Cultist","floor":1,"turns":4},{"damage":3,"enemies":"Jaw Worm","floor":3,"turns":6},{"damage":0,"enemies":"2 Louse","floor":4,"turns":3},{"damage":1,"enemies":"2 Fungi Beasts","floor":7,"turns":5},{"damage":7,"enemies":"Gremlin Gang","floor":8,"turns":7},{"damage":0,"enemies":"Exordium Wildlife","floor":13,"turns":5},{"damage":0,"enemies":"Looter","floor":14,"turns":4},{"damage":37,"enemies":"Hexaghost","floor":16,"turns":13}],"seed_played":"-6050415977520210730","potions_obtained":[{"floor":7,"key":"SpeedPotion"},{"floor":8,"key":"ColorlessPotion"},{"floor":13,"key":"Weak Potion"}],"is_trial":false,"path_per_floor":["M","?","M","M","$","R","M","M","T","$","?","R","M","M","R","B"],"character_chosen":"THE_ANIMATOR","items_purchased":["animator:Ara","Gremlin Horn","animator:Lu"],"campfire_rested":0,"item_purchase_floors":[0,0,10],"current_hp_per_floor":[42,42,39,39,39,39,39,32,32,32,32,32,32,32,32,0,0],"gold":19,"neow_bonus":"","is_daily":false,"chose_seed":false,"campfire_upgraded":3,"win_rate":0.0,"timestamp":1613546451,"path_taken":["M","?","?","M","$","R","M","M","T","$","?","R","M","M","R","BOSS"],"items_purchased_type":["Card","Relic","Card"],"build_version":"2020-12-22","purchased_purges":2,"victory":false,"max_hp_per_floor":[66,66,66,66,66,66,67,67,67,67,67,67,67,67,67,67,67],"card_choices":[{"not_picked":["animator:Demiurge","animator:Bozes"],"picked":"animator:Laby","floor":1},{"not_picked":["animator:LeleiLaLalena","animator:YaoHaDucy"],"picked":"animator:Fredrika","floor":3},{"not_picked":["animator:Tatsumaki","animator:Demiurge","animator:TukaLunaMarceau"],"picked":"SKIP","floor":4},{"not_picked":["animator:Chung","animator:Raven"],"picked":"animator:Ain","floor":7},{"not_picked":["animator:Benimaru","animator:Chung"],"picked":"animator:Ciel","floor":8},{"not_picked":["animator:Shion","animator:Kaijin","animator:Shichika"],"picked":"SKIP","floor":13},{"not_picked":["animator:Melzalgald","animator:Entoma","animator:Gillette"],"picked":"SKIP","floor":14}],"player_experience":257068,"relics_obtained":[{"floor":9,"key":"StoneCalendar"}],"event_choices":[{"damage_healed":0,"gold_gain":0,"player_choice":"Forge","damage_taken":0,"max_hp_gain":0,"max_hp_loss":0,"event_name":"Accursed Blacksmith","floor":2,"gold_loss":0,"cards_upgraded":["animator:Laby"]},{"cards_removed":["animator:Strike"],"damage_healed":0,"gold_gain":0,"player_choice":"Forget","damage_taken":0,"max_hp_gain":0,"max_hp_loss":0,"event_name":"Living Wall","floor":11,"gold_loss":0}],"is_beta":false,"boss_relics":[],"items_purged_floors":[0,5],"is_endless":false,"potions_floor_spawned":[7,8,13],"killed_by":"Hexaghost","ascension_level":0}}