{"host":"ppqll9nf92xyjrj9","time":1613553435,"event":{"mods":["BaseMod","Bestiary","Better Third Choice","Bossed Relics","Curses Come First","Evolution","Hermit","Jorbs\u0027s Wanderer Trilogy","Keyboard Shortcuts","Marked Mod","Minty Spire (QoL Compilation)","Relic Stats","Shapeshifter Mod","StS++","StSLib","The Marked","The Runesmith"],"gold_per_floor":[114,130,145,320,69,97,97,130,130,163,163,188,188,205,205,309,309,324,334,22,33,43,73,143,67,142,177,177,219,219,230,230,327,327,341,358,376,404,404,404,442,442,442,62,62,111,111,144,144,174],"floor_reached":51,"language":"ENG","playtime":6192,"items_purged":["stsjorbsmod:Defend_Wanderer"],"score":965,"play_id":"838ca262-5a01-4f5d-aa3e-f261a3b1ce80","local_time":"20210217011715","is_ascension_mode":false,"campfire_choices":[{"data":"stsjorbsmod:Stalwart","floor":7,"key":"SMITH"},{"data":"stsjorbsmod:DeathThroes","floor":11,"key":"SMITH"},{"data":"stsjorbsmod:MistyStep","floor":15,"key":"SMITH"},{"data":"stsjorbsmod:Rediscovery","floor":30,"key":"SMITH"},{"data":"stsjorbsmod:GatherPower","floor":32,"key":"SMITH"},{"data":"stsjorbsmod:ScorchingRay","floor":40,"key":"SMITH"},{"data":"stsjorbsmod:WanderingMind","floor":42,"key":"SMITH"},{"data":"Secret Weapon","floor":45,"key":"SMITH"},{"data":"stsjorbsmod:Index","floor":47,"key":"SMITH"},{"data":"stsjorbsmod:WanderingMind","floor":49,"key":"SMITH"}],"circlet_count":0,"master_deck":["stsjorbsmod:ForbiddenGrimoire+1","stsjorbsmod:Strike_Wanderer+1","stsjorbsmod:Strike_Wanderer+1","stsjorbsmod:Defend_Wanderer+1","stsjorbsmod:Defend_Wanderer+1","stsjorbsmod:Defend_Wanderer","stsjorbsmod:FreshAdventure+1","stsjorbsmod:EyeOfTheStorm+1","stsjorbsmod:MageArmor","stsjorbsmod:MistyStep+1","stsjorbsmod:WanderingMind+1","stsjorbsmod:Stalwart+1","stsjorbsmod:DeathThroes+1","stsjorbsmod:ScorchingRay+1","stsjorbsmod:Mania+1","stsjorbsmod:Message+1","stsjorbsmod:GatherPower+1","stsjorbsmod:BlackTentacles+1","stsjorbsmod:BookOfTongues","stsjorbsmod:MagicMirror","stsjorbsmod:FranticSearch+1","stsjorbsmod:Rediscovery+1","stsjorbsmod:EyeOfTheStorm+1","stsjorbsmod:FranticSearch+1","stsjorbsmod:Aid+1","stsjorbsmod:MageArmor+1","stsjorbsmod:ArcaneForm+1","stsjorbsmod:WanderingMind+1","stsjorbsmod:ChatteringStrike+1","stsjorbsmod:ColorSpray+1","stsjorbsmod:LocateObject+1","Mayhem+1","stsjorbsmod:BookOfTongues+1","Secret Weapon+1","stsjorbsmod:Index+1","stsjorbsmod:UnseenServant+1"],"relics":["stsjorbsmod:GrimoireRelic","EVO:Axolotl","Gambling Chip","Meat on the Bone","War Paint","Ornamental Fan","Tiny Chest","Thread and Needle","Sundial","Empty Cage","Membership Card","StSpp:WoodenPendulum","Omamori","Frozen Egg 2","DollysMirror","Eternal Feather","StSpp:Monolith","Spirit Poop","Potion Belt","StSpp:Magatama","Bird Faced Urn","Letter Opener","Ice Cream","Whetstone","Toy Ornithopter","Centennial Puzzle"],"acts_visited":["Exordium","TheCity","TheBeyond"],"potions_floor_usage":[8,8,10,21,23,23,23,29,29,41,50,50],"damage_taken":[{"damage":0,"enemies":"Cultist","floor":1,"turns":4},{"damage":3,"enemies":"Jaw Worm","floor":2,"turns":3},{"damage":0,"enemies":"2 Louse","floor":3,"turns":3},{"damage":39,"enemies":"Lagavulin","floor":6,"turns":9},{"damage":16,"enemies":"3 Sentries","floor":8,"turns":9},{"damage":11,"enemies":"Lagavulin","floor":10,"turns":8},{"damage":5,"enemies":"3 Sentries","floor":12,"turns":7},{"damage":0,"enemies":"Lots of Slimes","floor":14,"turns":1},{"damage":12,"enemies":"The Guardian","floor":16,"turns":8},{"damage":0,"enemies":"Chosen","floor":18,"turns":4},{"damage":0,"enemies":"Shell Parasite","floor":19,"turns":5},{"damage":0,"enemies":"Cultist and Chosen","floor":21,"turns":5},{"damage":2,"enemies":"Centurion and Healer","floor":22,"turns":5},{"damage":10,"enemies":"Slavers","floor":23,"turns":4},{"damage":27,"enemies":"Book of Stabbing","floor":27,"turns":7},{"damage":7,"enemies":"Gremlin Leader","floor":29,"turns":4},{"damage":0,"enemies":"Chosen and Byrds","floor":31,"turns":4},{"damage":0,"enemies":"Automaton","floor":33,"turns":5},{"damage":0,"enemies":"3 Shapes","floor":35,"turns":3},{"damage":0,"enemies":"Orb Walker","floor":36,"turns":4},{"damage":0,"enemies":"Writhing Mass","floor":37,"turns":5},{"damage":0,"enemies":"4 Shapes","floor":38,"turns":3},{"damage":22,"enemies":"Reptomancer","floor":41,"turns":5},{"damage":7,"enemies":"Giant Head","floor":48,"turns":4},{"damage":0,"enemies":"Awakened One","floor":50,"turns":5}],"seed_played":"-1668739856922883522","potions_obtained":[{"floor":6,"key":"StSpp:ScatteredWeakPotion"},{"floor":10,"key":"StSpp:SecondWindPotion"},{"floor":14,"key":"StSpp:ScatteredWeakPotion"},{"floor":19,"key":"Block Potion"},{"floor":21,"key":"stsjorbsmod:LiquidClarity"},{"floor":27,"key":"LiquidBronze"},{"floor":33,"key":"stsjorbsmod:LiquidClarity"},{"floor":35,"key":"PowerPotion"},{"floor":37,"key":"SpeedPotion"},{"floor":48,"key":"Weak Potion"}],"is_trial":false,"path_per_floor":["M","M","M","?","$","E","R","E","T","E","R","E","?","M","R","B",null,"M","M","$","M","M","E","T","$","T","E","?","E","R","M","R","B",null,"M","M","M","M","?","R","E","R","T","$","R","T","R","E","R","B",null],"character_chosen":"WANDERER","items_purchased":["Meat on the Bone","Membership Card","stsjorbsmod:BookOfTongues","StSpp:WoodenPendulum","DollysMirror","Ice Cream","Whetstone","Secret Weapon","stsjorbsmod:Index"],"campfire_rested":0,"item_purchase_floors":[5,20,20,20,25,44,44,44,44],"current_hp_per_floor":[62,61,62,62,62,35,35,31,31,32,32,43,43,44,44,32,62,62,62,62,62,62,56,56,56,56,47,47,46,61,66,66,66,66,72,74,76,76,76,76,63,76,76,76,76,76,76,76,76,76],"gold":174,"neow_bonus":"ONE_RARE_RELIC","is_daily":false,"chose_seed":false,"campfire_upgraded":10,"win_rate":0.0,"timestamp":1613553435,"path_taken":["M","M","M","?","$","E","R","E","T","E","R","E","?","M","R","BOSS","M","?","$","M","?","E","?","$","T","E","?","E","R","M","R","BOSS","M","M","M","?","?","R","E","R","T","$","R","?","R","E","R","BOSS"],"items_purchased_type":["Relic","Relic","Card","Relic","Relic","Relic","Relic","Card","Card"],"build_version":"2020-12-22","purchased_purges":1,"victory":true,"max_hp_per_floor":[62,62,62,62,62,62,62,62,62,62,62,62,62,62,62,62,62,62,62,62,62,62,62,62,62,62,64,64,64,64,66,66,66,66,72,74,76,76,76,76,76,76,76,76,76,76,76,76,76,76],"relic_stats":{"counters":[25,124],"Eternal Feather":28,"Letter Opener":[77],"Whetstone":["stsjorbsmod:FreshAdventure"],"War Paint":["stsjorbsmod:Defend_Wanderer","stsjorbsmod:EyeOfTheStorm"],"Centennial Puzzle":[0],"Ornamental Fan":[120],"Sundial":[14],"Gambling Chip":[43],"Bird Faced Urn":[7],"Tiny Chest":2,"obtain_stats":[{"StSpp:Magatama":34,"Ice Cream":44,"Spirit Poop":28,"EVO:Axolotl":0,"Whetstone":44,"Empty Cage":17,"Centennial Puzzle":48,"Sundial":12,"DollysMirror":25,"Gambling Chip":0,"Tiny Chest":9,"StSpp:Monolith":27,"Potion Belt":29,"StSpp:WoodenPendulum":20,"stsjorbsmod:GrimoireRelic":0,"Thread and Needle":10,"Eternal Feather":26,"Omamori":23,"Letter Opener":43,"War Paint":6,"Frozen Egg 2":24,"Ornamental Fan":8,"Bird Faced Urn":41,"Membership Card":20,"Toy Ornithopter":46,"Meat on the Bone":5},{"StSpp:Magatama":18,"Ice Cream":23,"Spirit Poop":15,"EVO:Axolotl":0,"Whetstone":23,"Empty Cage":9,"Centennial Puzzle":24,"Sundial":7,"DollysMirror":14,"Gambling Chip":0,"Tiny Chest":5,"StSpp:Monolith":15,"Potion Belt":16,"StSpp:WoodenPendulum":11,"stsjorbsmod:GrimoireRelic":0,"Thread and Needle":6,"Eternal Feather":14,"Omamori":14,"Letter Opener":23,"War Paint":4,"Frozen Egg 2":14,"Ornamental Fan":5,"Bird Faced Urn":23,"Membership Card":11,"Toy Ornithopter":23,"Meat on the Bone":3},{"StSpp:Magatama":95,"Ice Cream":115,"Spirit Poop":82,"EVO:Axolotl":0,"Whetstone":115,"Empty Cage":52,"Centennial Puzzle":119,"Sundial":43,"DollysMirror":75,"Gambling Chip":0,"Tiny Chest":28,"StSpp:Monolith":82,"Potion Belt":86,"StSpp:WoodenPendulum":61,"stsjorbsmod:GrimoireRelic":0,"Thread and Needle":36,"Eternal Feather":75,"Omamori":75,"Letter Opener":115,"War Paint":19,"Frozen Egg 2":75,"Ornamental Fan":28,"Bird Faced Urn":115,"Membership Card":61,"Toy Ornithopter":115,"Meat on the Bone":10}],"Toy Ornithopter":0,"Meat on the Bone":60},"card_choices":[{"not_picked":["stsjorbsmod:WeightOfMemory","stsjorbsmod:Prestidigitation"],"picked":"stsjorbsmod:MageArmor","floor":1},{"not_picked":["stsjorbsmod:MageArmor","stsjorbsmod:RayOfFrost"],"picked":"stsjorbsmod:MistyStep","floor":2},{"not_picked":["stsjorbsmod:Hurt","stsjorbsmod:Message"],"picked":"stsjorbsmod:WanderingMind","floor":3},{"not_picked":["stsjorbsmod:Index","stsjorbsmod:ParryingBlow"],"picked":"stsjorbsmod:Stalwart","floor":6},{"not_picked":["stsjorbsmod:Channel","stsjorbsmod:ArcaneWeapon"],"picked":"stsjorbsmod:DeathThroes","floor":8},{"not_picked":["stsjorbsmod:Pyromancy","stsjorbsmod:UnseenServant"],"picked":"stsjorbsmod:ScorchingRay","floor":10},{"not_picked":["stsjorbsmod:FracturedMind","stsjorbsmod:WanderingMind"],"picked":"stsjorbsmod:Mania","floor":12},{"not_picked":["stsjorbsmod:Prestidigitation","stsjorbsmod:Channel"],"picked":"stsjorbsmod:Message","floor":14},{"not_picked":["stsjorbsmod:PurgeMind","stsjorbsmod:DeathThroes"],"picked":"stsjorbsmod:GatherPower","floor":16},{"not_picked":["stsjorbsmod:TollTheDead","stsjorbsmod:Prepare"],"picked":"stsjorbsmod:BlackTentacles+1","floor":18},{"not_picked":["stsjorbsmod:DisguiseSelf","stsjorbsmod:Hibernate","stsjorbsmod:WeightOfMemory"],"picked":"SKIP","floor":19},{"not_picked":["stsjorbsmod:Hurt","stsjorbsmod:WanderingMind+1","stsjorbsmod:Thorns+1","stsjorbsmod:OldPocket"],"picked":"stsjorbsmod:MagicMirror","floor":21},{"not_picked":["stsjorbsmod:TinyHut","stsjorbsmod:Message+1","stsjorbsmod:ChatteringStrike","stsjorbsmod:ArcaneWeapon"],"picked":"stsjorbsmod:FranticSearch+1","floor":22},{"not_picked":["stsjorbsmod:MistyStep+1","stsjorbsmod:Firebolt+1","stsjorbsmod:TrueStrike","stsjorbsmod:DisguiseSelf"],"picked":"stsjorbsmod:Rediscovery","floor":23},{"not_picked":["stsjorbsmod:MageArmor","stsjorbsmod:BurningFlask+1","stsjorbsmod:WeightOfMemory+1","stsjorbsmod:TollTheDead"],"picked":"stsjorbsmod:FranticSearch","floor":27},{"not_picked":["stsjorbsmod:Prestidigitation+1","stsjorbsmod:AnimateObjects","stsjorbsmod:ColorSpray","stsjorbsmod:Mania"],"picked":"stsjorbsmod:Aid+1","floor":29},{"not_picked":["stsjorbsmod:Hibernate","stsjorbsmod:MirrorImage","stsjorbsmod:Rest","stsjorbsmod:BurningFlask+1"],"picked":"stsjorbsmod:MageArmor+1","floor":31},{"not_picked":["stsjorbsmod:Rediscovery+1","stsjorbsmod:MirrorImage","stsjorbsmod:GatherPower","stsjorbsmod:IvoryTower"],"picked":"stsjorbsmod:ArcaneForm+1","floor":33},{"not_picked":["stsjorbsmod:SchoolsOfMagic","stsjorbsmod:MagicMissiles","stsjorbsmod:RefuseToForget","stsjorbsmod:MageArmor"],"picked":"stsjorbsmod:WanderingMind","floor":35},{"not_picked":["stsjorbsmod:WeightOfMemory","stsjorbsmod:RayOfFrost","stsjorbsmod:HedgeWizard+1","stsjorbsmod:MagicMissiles+1"],"picked":"stsjorbsmod:ChatteringStrike+1","floor":36},{"not_picked":["stsjorbsmod:WanderingMind","stsjorbsmod:Rest+1","stsjorbsmod:MageArmor","stsjorbsmod:BurningFlask+1"],"picked":"stsjorbsmod:ColorSpray+1","floor":37},{"not_picked":["stsjorbsmod:Introspection+1","stsjorbsmod:BlackTentacles+1","stsjorbsmod:DisguiseSelf+1","stsjorbsmod:Prestidigitation+1"],"picked":"stsjorbsmod:LocateObject+1","floor":38},{"not_picked":["Discovery","Panacea","Blind","Madness"],"picked":"Mayhem+1","floor":39},{"not_picked":["stsjorbsmod:Thorns","stsjorbsmod:Prestidigitation+1","stsjorbsmod:TrueStrike","stsjorbsmod:ColorSpray"],"picked":"stsjorbsmod:BookOfTongues+1","floor":41},{"not_picked":["stsjorbsmod:DoubleCheck+1","stsjorbsmod:Index+1","stsjorbsmod:BurningFlask","stsjorbsmod:FracturedMind+1"],"picked":"stsjorbsmod:UnseenServant+1","floor":48}],"player_experience":80020,"relics_obtained":[{"floor":6,"key":"War Paint"},{"floor":8,"key":"Ornamental Fan"},{"floor":9,"key":"Tiny Chest"},{"floor":10,"key":"Thread and Needle"},{"floor":12,"key":"Sundial"},{"floor":23,"key":"Omamori"},{"floor":24,"key":"Frozen Egg 2"},{"floor":26,"key":"Eternal Feather"},{"floor":27,"key":"StSpp:Monolith"},{"floor":29,"key":"Potion Belt"},{"floor":41,"key":"Bird Faced Urn"},{"floor":43,"key":"Letter Opener"},{"floor":46,"key":"Toy Ornithopter"},{"floor":48,"key":"Centennial Puzzle"}],"event_choices":[{"damage_healed":0,"gold_gain":175,"player_choice":"AGREE","damage_taken":145,"max_hp_gain":0,"max_hp_loss":0,"event_name":"betterThird:BetterSerpent","floor":4,"gold_loss":0},{"damage_healed":0,"gold_gain":0,"player_choice":"Upgraded","damage_taken":0,"max_hp_gain":0,"max_hp_loss":0,"event_name":"Upgrade Shrine","floor":13,"gold_loss":0,"cards_upgraded":["stsjorbsmod:Mania"]},{"cards_removed":["Doubt"],"damage_healed":0,"gold_gain":0,"player_choice":"Offered Curse","damage_taken":0,"relics_obtained":["Spirit Poop"],"max_hp_gain":0,"max_hp_loss":0,"event_name":"Bonfire Elementals","floor":28,"gold_loss":0},{"damage_healed":0,"gold_gain":0,"player_choice":"Memory 1","damage_taken":0,"max_hp_gain":0,"max_hp_loss":0,"event_name":"SensoryStone","floor":39,"gold_loss":0}],"is_beta":false,"boss_relics":[{"not_picked":["Snecko Eye","Ectoplasm"],"picked":"Empty Cage"},{"not_picked":["Tiny House","Busted Crown"],"picked":"StSpp:Magatama"}],"items_purged_floors":[44],"is_endless":false,"potions_floor_spawned":[6,10,14,19,21,27,33,35,37,48],"ascension_level":0}}