{"host":"3syfdf73vqzvzpwj","time":1613591237,"event":{"mods":["AchievementEnabler","BaseMod","Colored Map","Minty Spire (QoL Compilation)","everything is the same but u backflip on backflip"],"gold_per_floor":[110,32,44,44,44,71,84,114,114,143,143,70,70,82,82,182,182,196,196,215,234,234,234,234],"floor_reached":23,"language":"KOR","playtime":779,"items_purged":[],"score":293,"play_id":"999d6a96-0e41-41f7-920d-ac9cf35cabcb","local_time":"20210218044717","is_ascension_mode":true,"campfire_choices":[{"floor":13.0,"key":"REST"},{"data":"Neutralize","floor":15.0,"key":"SMITH"}],"circlet_count":0,"master_deck":["Strike_G+1","Strike_G","Strike_G","Strike_G","Defend_G","Defend_G","Defend_G","Defend_G","Defend_G","Survivor","Neutralize+1","Crippling Poison+1","Calculated Gamble","Dagger Throw","Poisoned Stab","Finisher","Footwork","Bullet Time","Deadly Poison","Catalyst"],"relics":["Ring of the Snake","NeowsBlessing","Regal Pillow","InkBottle","Orichalcum","Shuriken","Black Star"],"acts_visited":["Exordium","TheCity"],"potions_floor_usage":[21],"damage_taken":[{"damage":0.0,"enemies":"Small Slimes","floor":1.0,"turns":1.0},{"damage":0.0,"enemies":"2 Louse","floor":3.0,"turns":1.0},{"damage":0.0,"enemies":"Gremlin Nob","floor":6.0,"turns":1.0},{"damage":0.0,"enemies":"Cultist","floor":7.0,"turns":3.0},{"damage":25.0,"enemies":"Lagavulin","floor":8.0,"turns":9.0},{"damage":6.0,"enemies":"3 Sentries","floor":10.0,"turns":5.0},{"damage":3.0,"enemies":"Looter","floor":14.0,"turns":2.0},{"damage":32.0,"enemies":"Slime Boss","floor":16.0,"turns":10.0},{"damage":6.0,"enemies":"Chosen","floor":18.0,"turns":6.0},{"damage":3.0,"enemies":"Spheric Guardian","floor":20.0,"turns":4.0},{"damage":30,"enemies":"Cultist and Chosen","floor":21,"turns":8},{"damage":21,"enemies":"Gremlin Leader","floor":23,"turns":3}],"seed_played":"6735557988524798514","potions_obtained":[{"floor":7.0,"key":"Energy Potion"},{"floor":8.0,"key":"SkillPotion"},{"floor":10.0,"key":"Regen Potion"},{"floor":16.0,"key":"Weak Potion"},{"floor":18.0,"key":"Block Potion"},{"floor":20.0,"key":"EssenceOfSteel"}],"is_trial":false,"path_per_floor":["M","$","M","?","?","E","M","E","T","E","?","$","R","M","R","B",null,"M","?","M","M","?","E"],"character_chosen":"THE_SILENT","items_purchased":["Calculated Gamble","CunningPotion"],"campfire_rested":1,"item_purchase_floors":[2,12],"current_hp_per_floor":[70,70,70,70,56,56,56,31,31,25,25,25,61,58,58,41,63,57,57,54,24,24,3,3],"gold":234,"neow_bonus":"THREE_ENEMY_KILL","is_daily":false,"chose_seed":false,"campfire_upgraded":1,"win_rate":0.0,"timestamp":1613591237,"path_taken":["M","$","M","?","?","E","M","E","T","E","?","$","R","M","R","BOSS","M","?","M","M","?","E"],"items_purchased_type":["Card","Potion"],"build_version":"2020-12-22","purchased_purges":0,"victory":false,"max_hp_per_floor":[70,70,70,70,70,70,70,70,70,70,70,70,70,70,70,70,70,70,70,70,70,70,70,70],"card_choices":[{"not_picked":["Quick Slash","Tactician"],"picked":"Crippling Poison","floor":1.0},{"not_picked":["Reflex","Prepared"],"picked":"Dagger Throw","floor":3.0},{"not_picked":["Well Laid Plans","Slice","Dodge and Roll"],"picked":"SKIP","floor":6.0},{"not_picked":["Accuracy","Outmaneuver","Sucker Punch"],"picked":"SKIP","floor":7.0},{"not_picked":["Expertise","Choke"],"picked":"Poisoned Stab","floor":8.0},{"not_picked":["Dash","All Out Attack","Acrobatics"],"picked":"SKIP","floor":10.0},{"not_picked":["Backflip","Concentrate"],"picked":"Footwork","floor":14.0},{"not_picked":["Die Die Die","Glass Knife"],"picked":"Bullet Time","floor":16.0},{"not_picked":["Blade Dance","Acrobatics"],"picked":"Deadly Poison","floor":18.0},{"not_picked":["Deflect","Finisher","Quick Slash"],"picked":"SKIP","floor":20.0},{"not_picked":["Acrobatics+1","Masterful Stab+1","Backstab"],"picked":"SKIP","floor":21}],"player_experience":205765,"relics_obtained":[{"floor":6.0,"key":"Regal Pillow"},{"floor":8.0,"key":"InkBottle"},{"floor":9.0,"key":"Orichalcum"},{"floor":10.0,"key":"Shuriken"}],"event_choices":[{"damage_healed":0.0,"max_hp_gain":0.0,"max_hp_loss":0.0,"gold_gain":0.0,"event_name":"The Cleric","player_choice":"Leave","floor":4.0,"gold_loss":0.0,"damage_taken":0.0},{"damage_healed":0.0,"max_hp_gain":0.0,"max_hp_loss":0.0,"gold_gain":0.0,"event_name":"Shining Light","player_choice":"Entered Light","floor":5.0,"gold_loss":0.0,"damage_taken":14.0,"cards_upgraded":["Crippling Poison","Strike_G"]},{"damage_healed":0.0,"max_hp_gain":0.0,"max_hp_loss":0.0,"gold_gain":0.0,"cards_transformed":["Strike_G"],"event_name":"Transmorgrifier","player_choice":"Transformed","floor":11.0,"gold_loss":0.0,"damage_taken":0.0,"cards_obtained":["Finisher"]},{"damage_healed":0.0,"max_hp_gain":0.0,"max_hp_loss":0.0,"gold_gain":0.0,"event_name":"The Library","player_choice":"Read","floor":19.0,"gold_loss":0.0,"damage_taken":0.0,"cards_obtained":["Catalyst"]},{"damage_healed":0,"gold_gain":0,"player_choice":"Ignored","damage_taken":0,"max_hp_gain":0,"max_hp_loss":0,"event_name":"Ghosts","floor":22,"gold_loss":0}],"is_beta":false,"boss_relics":[{"not_picked":["Pandora\u0027s Box","Philosopher\u0027s Stone"],"picked":"Black Star"}],"items_purged_floors":[],"is_endless":false,"potions_floor_spawned":[7,8,10,16,18,20],"killed_by":"Gremlin Leader","ascension_level":5}}