{"host":"ox77rn1xcurm2t5a","time":1613594419,"event":{"mods":["2.2 Compatiblity","AchievementEnabler","Act Like it!","Aspiration","BaseMod","Best Route Mod","Better Match","Better Note","Better Sensory Stone","Block Reminder","Colored Map","Colored Powertips","Conjunction","Conspire","Custom Start","Energized Spire","GifTheSpireLib","Gold Saver","Gremlin Skip","Halation","Highlight Path","Hubris","Infinite Spire","Minty Spire (QoL Compilation)","Pale of the Ancients","Quick Restart","Replay The Spire","Reworked Bosses","ShortenTheSpire","Spire Exporter","StSLib","Stuff the Spire","Wandering Minibosses"],"gold_per_floor":[206,219,40,68,83,83,109,9,9,9,19,39,73,73,73,193,193,229,229,265,265,307,307,307,361,361,361,361,361,422,12,12,56,56],"floor_reached":33,"language":"ENG","playtime":667,"items_purged":["Defend_R","Defend_R","Defend_R"],"score":443,"play_id":"3d793579-f410-449b-afe2-034e008508f2","local_time":"20210217224019","is_ascension_mode":true,"campfire_choices":[{"floor":6.0,"key":"RECALL"},{"data":"Inflame","floor":15.0,"key":"SMITH"},{"data":"Spot Weakness","floor":23.0,"key":"SMITH"},{"floor":27.0,"key":"REST"},{"data":"Cleave","floor":29.0,"key":"SMITH"},{"floor":32.0,"key":"REST"}],"circlet_count":0,"master_deck":["Strike_R+1","Strike_R+1","Strike_R+1","Strike_R+1","Strike_R+1","Bash+1","Clash","Cleave+1","Inflame+1","Pommel Strike","Thunderclap","Spot Weakness+1"],"relics":["Burning Blood","NeowsBlessing","ReplayTheSpireMod:Spearhead","Replay:Baseball","Replay:Bandana","infinitespire:Cupcake","infinitespire:Midas Blood","WingedGreaves","aspiration:FrozenJewel","ReplayTheSpireMod:Ninjato","Brimstone","infinitespire:FocusingShard"],"acts_visited":["Exordium","TheCity"],"potions_floor_usage":[],"damage_taken":[{"damage":0.0,"enemies":"Small Slimes","floor":1.0,"turns":1.0},{"damage":0.0,"enemies":"Jaw Worm","floor":2.0,"turns":1.0},{"damage":0.0,"enemies":"conspire:MimicChest","floor":4.0,"turns":1.0},{"damage":8.0,"enemies":"Cultist","floor":5.0,"turns":5.0},{"damage":30.0,"enemies":"3 Sentries","floor":7.0,"turns":8.0},{"damage":0.0,"enemies":"Large Slime","floor":11.0,"turns":2.0},{"damage":13.0,"enemies":"Blue Slaver","floor":12.0,"turns":2.0},{"damage":16.0,"enemies":"Gremlin Nob","floor":13.0,"turns":3.0},{"damage":0.0,"enemies":"Slime Boss","floor":16.0,"turns":7.0},{"damage":30.0,"enemies":"Shell Parasite","floor":18.0,"turns":3.0},{"damage":12.0,"enemies":"conspire:FuzzyDice","floor":20.0,"turns":7.0},{"damage":28.0,"enemies":"Centurion and Healer","floor":22.0,"turns":5.0},{"damage":14.0,"enemies":"Book of Stabbing","floor":25.0,"turns":2.0},{"damage":32.0,"enemies":"Replay:Snechameleon","floor":30.0,"turns":3.0},{"damage":38,"enemies":"Pondfish","floor":33,"turns":3}],"seed_played":"1999485600327491006","potions_obtained":[{"floor":2.0,"key":"Venom Potion"},{"floor":7.0,"key":"Venom Potion"},{"floor":11.0,"key":"PowerPotion"},{"floor":22.0,"key":"Adrenaline Potion"}],"is_trial":false,"path_per_floor":["M","M","$","?","M","R","E","$","T","?","M","M","E","?","R","B",null,"M","?","M","?","M","R","AVR","E","T","R","?","R","E","$","R","B"],"character_chosen":"IRONCLAD","items_purchased":["Cleave","Inflame","Brimstone","infinitespire:FocusingShard"],"campfire_rested":2,"item_purchase_floors":[3,3,31,31],"current_hp_per_floor":[78,80,80,80,78,78,54,54,54,54,60,53,43,43,43,49,72,48,48,42,42,20,20,20,12,12,36,36,36,10,10,34,0,0],"gold":56,"neow_bonus":"THREE_ENEMY_KILL","is_daily":false,"chose_seed":false,"campfire_upgraded":3,"win_rate":0.0,"timestamp":1613594419,"path_taken":["M","M","$","?","M","R","E","$","T","?","?","M","E","?","R","BOSS","M","?","M","?","M","R","AVR","E","T","R","?","R","E","?","R","BOSS"],"items_purchased_type":["Card","Card","Relic","Relic"],"build_version":"2020-12-22","purchased_purges":3,"victory":false,"max_hp_per_floor":[80,80,80,80,80,80,80,80,80,80,80,80,80,80,80,80,80,80,80,80,80,80,80,80,80,80,80,80,80,80,80,80,80,80],"card_choices":[{"not_picked":["Havoc","ReplayTheSpireMod:Strike From Hell"],"picked":"Clash","floor":1.0},{"not_picked":["Warcry","StuffTheSpire:RockThrow","ReplayTheSpireMod:LeadingStrike"],"picked":"SKIP","floor":2.0},{"not_picked":["Sentinel","Combust","conspire:Charge"],"picked":"SKIP","floor":5.0},{"not_picked":["ReplayReversal","Sentinel","StuffTheSpire:RagingBull"],"picked":"SKIP","floor":7.0},{"not_picked":["Headbutt","Searing Blow"],"picked":"Pommel Strike","floor":11.0},{"not_picked":["Sever Soul","StuffTheSpire:RockThrow","Immolate"],"picked":"SKIP","floor":12.0},{"not_picked":["conspire:Charge","Dark Embrace","Wild Strike"],"picked":"SKIP","floor":13.0},{"not_picked":["Headbutt","conspire:ExplosiveBarrier","StuffTheSpire:Incineration+1"],"picked":"SKIP","floor":18.0},{"not_picked":["Body Slam","Perfected Strike"],"picked":"Thunderclap","floor":20.0},{"not_picked":["Clothesline+1","Perfected Strike"],"picked":"Spot Weakness","floor":22.0},{"not_picked":["Bludgeon","ReplayTheSpireMod:Strike From Hell","Havoc"],"picked":"SKIP","floor":25.0},{"not_picked":["Shockwave","Iron Wave","StuffTheSpire:Slingshot"],"picked":"SKIP","floor":30.0}],"player_experience":3138212,"relics_obtained":[{"floor":4.0,"key":"ReplayTheSpireMod:Spearhead"},{"floor":7.0,"key":"Replay:Baseball"},{"floor":13.0,"key":"Replay:Bandana"},{"floor":25.0,"key":"WingedGreaves"},{"floor":26.0,"key":"aspiration:FrozenJewel"},{"floor":30.0,"key":"ReplayTheSpireMod:Ninjato"}],"event_choices":[{"cards_removed":["Defend_R"],"damage_healed":0.0,"max_hp_gain":0.0,"max_hp_loss":0.0,"gold_gain":0.0,"event_name":"Bonfire Elementals","player_choice":"Offered Basic","floor":10.0,"gold_loss":0.0,"damage_taken":0.0},{"damage_healed":0.0,"max_hp_gain":0.0,"max_hp_loss":0.0,"gold_gain":0.0,"event_name":"Accursed Blacksmith","player_choice":"Forge","floor":19.0,"gold_loss":0.0,"damage_taken":0.0,"cards_upgraded":["Bash"]},{"damage_healed":0.0,"max_hp_gain":0.0,"max_hp_loss":0.0,"gold_gain":0.0,"event_name":"betterNote:BetterNote","player_choice":"Ignored","floor":21.0,"gold_loss":0.0,"damage_taken":0.0,"cards_obtained":["Strike_P"]},{"damage_healed":0.0,"max_hp_gain":0.0,"max_hp_loss":0.0,"gold_gain":0.0,"event_name":"Back to Basics","player_choice":"Simplicity","floor":28.0,"gold_loss":0.0,"damage_taken":0.0,"cards_upgraded":["Strike_R","Strike_R","Strike_R","Strike_R","Strike_R"]}],"is_beta":false,"boss_relics":[{"not_picked":["halation:Risk","SlaversCollar"],"picked":"infinitespire:Cupcake"}],"items_purged_floors":[3,8,24],"is_endless":false,"potions_floor_spawned":[2,7,11,22],"killed_by":"Pondfish","ascension_level":6}}