{"host":"5hsgormuu0lj4iiq","time":1613523136,"event":{"mods":["AchievementEnabler","BaseMod","Colored Map","Colored Powertips","Minty Spire (QoL Compilation)","Quick Restart","Relic Stats","SuperFastMode","everything is the same but u backflip on backflip","slay the spire mod where everything is the same but ironclad has a cowboy hat"],"gold_per_floor":[17,36,49,49,59,59,93,93,175,192,15,33,50,26,26,26,26],"floor_reached":16,"language":"ENG","playtime":434,"items_purged":[],"score":156,"play_id":"61c58189-e22f-43a0-be18-e9e41766aaf0","local_time":"20210216195216","is_ascension_mode":true,"campfire_choices":[{"data":"Fiend Fire","floor":6,"key":"SMITH"},{"data":"Thunderclap","floor":8,"key":"SMITH"},{"data":"Sword Boomerang","floor":15,"key":"SMITH"}],"circlet_count":0,"master_deck":["AscendersBane","Strike_R","Strike_R","Defend_R","Defend_R","Defend_R","Defend_R","Bash","Carnage","Fiend Fire+1","Pommel Strike","Shrug It Off","Wild Strike","Cleave","Thunderclap+1","Sword Boomerang+1","Pummel","Pommel Strike","True Grit"],"relics":["Burning Blood","TungstenRod","Letter Opener","Pen Nib"],"acts_visited":["Exordium"],"potions_floor_usage":[7],"damage_taken":[{"damage":1,"enemies":"2 Louse","floor":1,"turns":2},{"damage":6,"enemies":"Cultist","floor":2,"turns":3},{"damage":2,"enemies":"Small Slimes","floor":3,"turns":3},{"damage":2,"enemies":"2 Fungi Beasts","floor":5,"turns":3},{"damage":25,"enemies":"Lagavulin","floor":7,"turns":6},{"damage":18,"enemies":"Exordium Thugs","floor":10,"turns":4},{"damage":9,"enemies":"Gremlin Gang","floor":12,"turns":2},{"damage":19,"enemies":"Blue Slaver","floor":13,"turns":5},{"damage":68,"enemies":"Slime Boss","floor":16,"turns":7}],"seed_played":"63744342780612773","potions_obtained":[{"floor":1,"key":"Block Potion"},{"floor":3,"key":"FairyPotion"},{"floor":5,"key":"BloodPotion"},{"floor":12,"key":"Dexterity Potion"}],"is_trial":false,"path_per_floor":["M","M","M","?","M","R","E","R","T","M","$","M","M","$","R","B"],"character_chosen":"IRONCLAD","items_purchased":["Pummel","Pen Nib","True Grit"],"campfire_rested":0,"item_purchase_floors":[11,11,14],"current_hp_per_floor":[77,77,80,80,80,80,61,61,61,49,49,46,33,33,33,0,0],"gold":26,"neow_bonus":"TRANSFORM_TWO_CARDS","is_daily":false,"chose_seed":false,"campfire_upgraded":3,"win_rate":0.0,"timestamp":1613523136,"path_taken":["M","M","M","?","M","R","E","R","T","?","$","M","?","?","R","BOSS"],"items_purchased_type":["Card","Relic","Card"],"build_version":"2020-12-22","purchased_purges":0,"victory":false,"max_hp_per_floor":[80,80,80,80,80,80,80,80,80,80,80,80,80,80,80,80,80],"relic_stats":{"counters":[9,35],"Pen Nib":[2],"Letter Opener":[0],"obtain_stats":[{"Pen Nib":11,"Letter Opener":9,"Burning Blood":0,"TungstenRod":7},{"Pen Nib":6,"Letter Opener":5,"Burning Blood":0,"TungstenRod":5},{"Pen Nib":21,"Letter Opener":17,"Burning Blood":0,"TungstenRod":17}],"Burning Blood":43,"TungstenRod":14},"card_choices":[{"not_picked":["Anger","Battle Trance"],"picked":"Pommel Strike","floor":1},{"not_picked":["Warcry","Ghostly Armor"],"picked":"Shrug It Off","floor":2},{"not_picked":["Perfected Strike","Armaments"],"picked":"Wild Strike","floor":3},{"not_picked":["Seeing Red","Rupture"],"picked":"Cleave","floor":5},{"not_picked":["Demon Form","Dark Embrace"],"picked":"Thunderclap","floor":7},{"not_picked":["Iron Wave","Flex"],"picked":"Sword Boomerang","floor":10},{"not_picked":["Dark Embrace","Cleave","Dual Wield"],"picked":"SKIP","floor":12},{"not_picked":["Perfected Strike","Headbutt"],"picked":"Pommel Strike","floor":13}],"player_experience":744120,"relics_obtained":[{"floor":7,"key":"TungstenRod"},{"floor":9,"key":"Letter Opener"}],"event_choices":[{"cards_removed":["Strike_R"],"damage_healed":0,"gold_gain":0,"player_choice":"Purged","damage_taken":0,"max_hp_gain":0,"max_hp_loss":0,"event_name":"Purifier","floor":4,"gold_loss":0}],"is_beta":false,"boss_relics":[],"items_purged_floors":[],"is_endless":false,"potions_floor_spawned":[1,3,5,12,13],"killed_by":"Slime Boss","ascension_level":10}}