{"host":"0k7350af1t8odskw","time":1613527728,"event":{"mods":["AchievementEnabler","BaseMod","Better Vampires","BetterRewards","Colored Map","Downfall","Highlight Path","Hubris","Lobotomy","Marisa£®ÏF”Í°°ƒß¿Ì…≥£©","Minty Spire (QoL Compilation)","Quick Restart","Replay The Spire","Shop Mod","StSLib","The Administrix","The Death Knight","The Runesmith","Youmu£®ªÍ∆«—˝√Œ£©"],"gold_per_floor":[117,50,63,63,74,74,92,92,119,129,147,147,222,65,65,161,161,172,22,22,22,40,40,60,71,71,71,71,71],"floor_reached":28,"language":"ZHS","playtime":856,"items_purged":[],"score":242,"play_id":"476f4c74-2834-4dbf-bd7d-3abda419e482","local_time":"20210216180848","is_ascension_mode":true,"campfire_choices":[{"data":"Draining Mist","floor":6,"key":"SMITH"},{"data":"Crippling Poison","floor":8,"key":"SMITH"},{"data":"Replay:Bag of Tricks","floor":12,"key":"SMITH"},{"data":"Distraction","floor":15,"key":"SMITH"},{"data":"Poison Darts","floor":23,"key":"SMITH"},{"data":"Bane","floor":27,"key":"SMITH"}],"circlet_count":0,"master_deck":["Strike_G","Defend_G","Survivor","Neutralize","Bullet Time+1","Backstab+1","Crippling Poison+1","Draining Mist+1","Flying Knee","Distraction+1","Quick Slash","Replay:Bag of Tricks+1","Prepared","Poison Darts+1","Poisoned Stab+1","Replay:Bag of Tricks+1","Doubt","Amnesia","downfall:Bewildered","hubris:SlightOfHand","Slice","Bane+1"],"relics":["Astrolabe","Happy Flower","Oddly Smooth Stone","Snake Skull","Kintsugi","DollysMirror","sneckomod:BabySnecko","The Courier"],"acts_visited":["Exordium","TheCity"],"potions_floor_usage":[],"damage_taken":[{"damage":0,"enemies":"Cultist","floor":1,"turns":3},{"damage":4,"enemies":"Small Slimes","floor":3,"turns":3},{"damage":2,"enemies":"2 Louse","floor":5,"turns":2},{"damage":0,"enemies":"2 Fungi Beasts","floor":7,"turns":2},{"damage":0,"enemies":"3 Louse","floor":10,"turns":2},{"damage":0,"enemies":"Large Slime","floor":11,"turns":4},{"damage":18,"enemies":"The Guardian","floor":16,"turns":8},{"damage":3,"enemies":"Shell Parasite","floor":18,"turns":3},{"damage":6,"enemies":"Spheric Guardian","floor":22,"turns":3},{"damage":19,"enemies":"Centurion and Healer","floor":24,"turns":4},{"damage":0,"enemies":"Snecko","floor":25,"turns":3},{"damage":51,"enemies":"Gremlin Leader","floor":28,"turns":3}],"seed_played":"7323099364165446110","potions_obtained":[{"floor":1,"key":"CultistPotion"},{"floor":3,"key":"Block Potion"},{"floor":5,"key":"SpeedPotion"},{"floor":10,"key":"Toxic Potion"}],"is_trial":false,"path_per_floor":["M","$","M","?","M","R","M","R","T","M","M","R","?","$","R","B",null,"M","$","?","?","M","R","M","M","T","R","E"],"character_chosen":"THE_SILENT","items_purchased":["Draining Mist","Snake Skull","DollysMirror"],"campfire_rested":0,"item_purchase_floors":[2,14,19],"current_hp_per_floor":[70,70,66,66,64,64,64,64,64,64,64,64,53,53,53,35,70,67,67,67,67,61,61,42,42,42,42,0,0],"gold":71,"neow_bonus":"BOSS_RELIC","is_daily":false,"chose_seed":false,"campfire_upgraded":6,"win_rate":0.0,"timestamp":1613527728,"path_taken":["M","$","?","?","?","R","M","R","T","M","?","R","?","$","R","BOSS","M","$","?","?","M","R","M","M","T","R","E"],"items_purchased_type":["Card","Relic","Relic"],"build_version":"2020-12-22","purchased_purges":0,"victory":false,"max_hp_per_floor":[70,70,70,70,70,70,70,70,70,70,70,70,70,70,70,70,70,70,70,70,70,70,70,70,70,70,70,70,70],"card_choices":[{"not_picked":["hubris:SlightOfHand","ReplayTheSpireMod:Speed Training"],"picked":"Crippling Poison","floor":1},{"not_picked":["Quick Slash","Caltrops"],"picked":"Flying Knee","floor":3},{"not_picked":["Sucker Punch","Cloak And Dagger"],"picked":"Distraction","floor":5},{"not_picked":["Underhanded Strike","Eviscerate"],"picked":"Quick Slash","floor":7},{"not_picked":["Sucker Punch","PiercingWail"],"picked":"Replay:Bag of Tricks","floor":10},{"not_picked":["Deflect","Cloak And Dagger"],"picked":"Prepared","floor":11},{"not_picked":["Phantasmal Killer","Tools of the Trade"],"picked":"Poison Darts","floor":16},{"not_picked":["Fluid Movement","Deflect"],"picked":"Poisoned Stab+1","floor":18},{"not_picked":["Deflect","Underhanded Strike"],"picked":"hubris:SlightOfHand","floor":22},{"not_picked":["Choke","Cloak And Dagger"],"picked":"Slice","floor":24},{"not_picked":["Dash","Blade Dance"],"picked":"Bane","floor":25}],"player_experience":171637,"relics_obtained":[{"floor":9,"key":"Oddly Smooth Stone"},{"floor":26,"key":"The Courier"}],"event_choices":[{"cards_removed":["Calculated Gamble"],"damage_healed":0,"gold_gain":0,"player_choice":"Gave Card","damage_taken":0,"relics_obtained":["Happy Flower"],"max_hp_gain":0,"max_hp_loss":0,"event_name":"WeMeetAgain","floor":4,"gold_loss":0},{"damage_healed":0,"gold_gain":75,"player_choice":"Gather Gold","damage_taken":11,"max_hp_gain":0,"max_hp_loss":0,"event_name":"World of Goop","floor":13,"gold_loss":0},{"damage_healed":0,"gold_gain":0,"cards_transformed":["hubris:Lust","Decay"],"player_choice":"Became Test Subject","damage_taken":0,"max_hp_gain":0,"max_hp_loss":0,"event_name":"Drug Dealer","floor":20,"gold_loss":0,"cards_obtained":["Doubt","Amnesia"]}],"is_beta":false,"boss_relics":[{"not_picked":["HoveringKite","hubris:GrandSneckoEye"],"picked":"Kintsugi"}],"items_purged_floors":[],"is_endless":false,"potions_floor_spawned":[1,3,5,10,18,25],"killed_by":"Gremlin Leader","ascension_level":3}}