{"host":"dlyy4wv9zatha4f7","time":1613587425,"event":{"mods":["BaseMod","Better Third Choice","Colored Map","GifTheSpireLib","Minty Spire (QoL Compilation)","Spicy Shops","StSLib","Stuff the Spire","SuperFastMode","Unceasing Turn Reminder"],"gold_per_floor":[215,390,405,37,52,79,6,23,75,75,175,175,202,213,213,313,313,326,148,162,178,178,178],"floor_reached":22,"language":"ENG","playtime":1050,"items_purged":["Doubt","Strike_B"],"score":284,"play_id":"1aa65ad7-0754-43b9-925d-b5e572cbb22a","local_time":"20210217204345","is_ascension_mode":true,"campfire_choices":[{"data":"Defragment","floor":10,"key":"SMITH"},{"data":"Zap","floor":12,"key":"SMITH"},{"data":"Dualcast","floor":15,"key":"SMITH"}],"circlet_count":0,"master_deck":["Strike_B","Strike_B","Strike_B","Defend_B","Defend_B","Defend_B","Defend_B","Zap+1","Dualcast+1","Steam","Scrape","Cold Snap","Defragment+1","All For One","Compile Driver","Chill","Coolheaded","Fission","Barrage+1","StuffTheSpire:Plugnplay+1","Ball Lightning+1"],"relics":["Cracked Core","Runic Capacitor","StuffTheSpire:EmeraldSignet","Lantern","StuffTheSpire:HeavyRock","Philosopher\u0027s Stone","Medical Kit"],"acts_visited":["Exordium","TheCity"],"potions_floor_usage":[6,16,18],"damage_taken":[{"damage":8,"enemies":"Small Slimes","floor":1,"turns":3},{"damage":2,"enemies":"Jaw Worm","floor":3,"turns":4},{"damage":0,"enemies":"Cultist","floor":5,"turns":3},{"damage":21,"enemies":"Gremlin Nob","floor":6,"turns":4},{"damage":6,"enemies":"Gremlin Gang","floor":8,"turns":5},{"damage":3,"enemies":"Lagavulin","floor":13,"turns":6},{"damage":0,"enemies":"Exordium Wildlife","floor":14,"turns":2},{"damage":3,"enemies":"Slime Boss","floor":16,"turns":10},{"damage":0,"enemies":"3 Byrds","floor":18,"turns":4},{"damage":29,"enemies":"Chosen","floor":20,"turns":5},{"damage":21,"enemies":"Snake Plant","floor":21,"turns":4},{"damage":19,"enemies":"Shelled Parasite and Fungi","floor":22,"turns":1}],"seed_played":"-7580440488819856395","potions_obtained":[{"floor":5,"key":"Energy Potion"},{"floor":8,"key":"SkillPotion"},{"floor":16,"key":"ColorlessPotion"}],"is_trial":false,"path_per_floor":["M","?","M","$","M","E","$","M","T","R","?","R","E","M","R","B",null,"M","$","M","M","M"],"character_chosen":"DEFECT","items_purchased":["Runic Capacitor","Cold Snap","Defragment","Chill","Medical Kit"],"campfire_rested":0,"item_purchase_floors":[4,4,4,7,19],"current_hp_per_floor":[60,60,58,58,58,37,37,39,39,39,39,39,36,36,36,39,66,66,66,37,18,0,0],"gold":178,"neow_bonus":"HUNDRED_GOLD","is_daily":false,"chose_seed":false,"campfire_upgraded":3,"win_rate":0.0,"timestamp":1613587425,"path_taken":["M","?","M","$","M","E","$","M","T","R","?","R","E","?","R","BOSS","M","$","M","?","M"],"items_purchased_type":["Relic","Card","Card","Card","Relic"],"build_version":"2020-12-22","purchased_purges":2,"victory":false,"max_hp_per_floor":[75,75,75,75,75,75,75,75,75,75,75,75,75,75,75,75,75,75,75,75,75,75,75],"card_choices":[{"not_picked":["Go for the Eyes","Compile Driver"],"picked":"Steam","floor":1},{"not_picked":["Redo","Streamline"],"picked":"Scrape","floor":3},{"not_picked":["Force Field","StuffTheSpire:Plugnplay"],"picked":"All For One","floor":5},{"not_picked":["Capacitor","Barrage"],"picked":"Compile Driver","floor":6},{"not_picked":["StuffTheSpire:LoadUp","Double Energy","Aggregate"],"picked":"SKIP","floor":8},{"not_picked":["StuffTheSpire:LoadUp","Double Energy","Aggregate"],"picked":"SKIP","floor":8},{"not_picked":["Sweeping Beam","Darkness"],"picked":"Coolheaded","floor":13},{"not_picked":["Go for the Eyes","Streamline","Fusion"],"picked":"SKIP","floor":14},{"not_picked":["StuffTheSpire:Purify","Machine Learning"],"picked":"Fission","floor":16},{"not_picked":["Sweeping Beam","Cold Snap+1"],"picked":"Barrage+1","floor":18},{"not_picked":["Stack","Cold Snap+1"],"picked":"StuffTheSpire:Plugnplay+1","floor":20},{"not_picked":["Cold Snap","Fission"],"picked":"Ball Lightning+1","floor":21}],"player_experience":2294087,"relics_obtained":[{"floor":6,"key":"StuffTheSpire:EmeraldSignet"},{"floor":9,"key":"Lantern"},{"floor":13,"key":"StuffTheSpire:HeavyRock"}],"event_choices":[{"damage_healed":0,"gold_gain":175,"player_choice":"AGREE","damage_taken":215,"max_hp_gain":0,"max_hp_loss":0,"event_name":"betterThird:BetterSerpent","floor":2,"gold_loss":0},{"damage_healed":0,"gold_gain":100,"player_choice":"Pray","damage_taken":0,"max_hp_gain":0,"max_hp_loss":0,"event_name":"Golden Shrine","floor":11,"gold_loss":0}],"is_beta":false,"boss_relics":[{"not_picked":["Runic Pyramid","Fusion Hammer"],"picked":"Philosopher\u0027s Stone"}],"items_purged_floors":[4,19],"is_endless":false,"potions_floor_spawned":[5,8,16],"killed_by":"Shelled Parasite and Fungi","ascension_level":9}}