{"host":"j5shy70asow5koz5","time":1613556241,"event":{"mods":["2.2 Compatiblity","Act Like it!","Arknights","BaseMod","Colored Map","Marisa£¨Ùöéë¡¡Øª×âÞÞ£©","Minty Spire (QoL Compilation)","Prisma Mod","StSLib","SuperFastMode","Td1madao Mod","The Disciple","The Gatherer","The Servant 0.9.4","Waifu the Spire"],"gold_per_floor":[115,40,40,52,4,4,35,35,35,35,35,54,54,70,70,141,141,160,140,156,168,8,8,26,50,74,74,90,13,13,42,42,115,115,134,134,134,134,134,166,166,177,200,217,229,66,66,76,76,76],"floor_reached":51,"language":"KOR","playtime":1181,"items_purged":["Strike_MRS","Wraith"],"score":1263,"play_id":"fc062a73-f636-44be-8b62-34bd33b7e99c","local_time":"20210217190401","is_ascension_mode":true,"campfire_choices":[{"data":"MasterSpark","floor":6,"key":"SMITH"},{"data":"MilkyWay","floor":11,"key":"SMITH"},{"data":"MysteriousBeam","floor":15,"key":"SMITH"},{"data":"AlicesGift","floor":23,"key":"SMITH"},{"data":"UpSweep","floor":27,"key":"SMITH"},{"floor":32,"key":"REST"},{"data":"PowerUp","floor":41,"key":"SMITH"},{"floor":47,"key":"REST"},{"floor":49,"key":"REST"}],"circlet_count":0,"master_deck":["AscendersBane","Strike_MRS+1","Strike_MRS+1","Defend_MRS+1","Defend_MRS","Defend_MRS","MasterSpark+1","UpSweep+1","PowerUp+1","MysteriousBeam+1","MilkyWay+1","Acceleration","UltimateShortwave","AlicesGift+1","MagicChant+1","6A+1","CurseOfTheBell","Parasite","Parasite","Finesse","AsteroidBelt","OortCloud","SprinkleStarSeal","Singularity","UnstableBomb"],"relics":["MiniHakkero","NeowsBlessing","Pantograph","FossilizedHelix","Ornamental Fan","Sozu","Membership Card","Smiling Mask","Bag of Marbles","Lantern","Mummified Hand","Calling Bell","ShroomBag","Sundial","StoneCalendar","Omamori","Whetstone","Bag of Preparation"],"acts_visited":["Exordium","TheCity","TheBeyond"],"potions_floor_usage":[28],"damage_taken":[{"damage":0,"enemies":"Jaw Worm","floor":1,"turns":1},{"damage":0,"enemies":"ats:Genji","floor":4,"turns":1},{"damage":0,"enemies":"Gremlin Nob","floor":7,"turns":1},{"damage":0,"enemies":"Cultist","floor":12,"turns":2},{"damage":0,"enemies":"Looter","floor":14,"turns":2},{"damage":39,"enemies":"Hexaghost","floor":16,"turns":8},{"damage":0,"enemies":"Shell Parasite","floor":18,"turns":2},{"damage":11,"enemies":"2 Thieves","floor":20,"turns":3},{"damage":9,"enemies":"Centurion and Healer","floor":21,"turns":3},{"damage":0,"enemies":"Snake Plant","floor":24,"turns":2},{"damage":0,"enemies":"Sentry and Sphere","floor":28,"turns":1},{"damage":18,"enemies":"Book of Stabbing","floor":31,"turns":4},{"damage":45,"enemies":"Champ","floor":33,"turns":10},{"damage":16,"enemies":"3 Darklings","floor":35,"turns":7},{"damage":14,"enemies":"Nemesis","floor":40,"turns":3},{"damage":18,"enemies":"3 Shapes","floor":42,"turns":7},{"damage":19,"enemies":"Transient","floor":44,"turns":5},{"damage":0,"enemies":"Jaw Worm Horde","floor":45,"turns":5},{"damage":0,"enemies":"4 Shapes","floor":48,"turns":6},{"damage":56,"enemies":"Donu and Deca","floor":50,"turns":8}],"seed_played":"6543043374777800741","potions_obtained":[{"floor":16,"key":"Energy Potion"}],"is_trial":false,"path_per_floor":["M","$","?","M","$","R","E","?","T","$","R","M","?","M","R","B",null,"M","?","M","M","$","R","M","T","T","R","M","$","?","E","R","B",null,"M","?","?","?","?","E","R","M","T","M","M","$","R","M","R","B",null],"character_chosen":"MARISA","items_purchased":["MilkyWay","Membership Card","6A","Lantern","Singularity","Bag of Preparation"],"campfire_rested":3,"item_purchase_floors":[5,22,22,29,46,46],"current_hp_per_floor":[63,63,42,42,42,42,42,42,42,42,42,42,42,42,42,28,60,60,60,49,40,40,40,40,40,40,40,40,40,40,22,43,23,58,46,46,46,46,46,36,36,22,22,5,9,9,30,34,55,18],"gold":76,"neow_bonus":"THREE_ENEMY_KILL","is_daily":false,"chose_seed":false,"campfire_upgraded":6,"win_rate":0.0,"timestamp":1613556241,"path_taken":["M","$","?","M","$","R","E","?","T","$","R","M","?","?","R","BOSS","M","?","M","M","$","R","?","?","T","R","M","$","?","E","R","BOSS","M","?","?","?","?","E","R","M","T","?","M","$","R","M","R","BOSS"],"items_purchased_type":["Card","Relic","Card","Relic","Card","Relic"],"build_version":"2020-12-22","purchased_purges":2,"victory":true,"max_hp_per_floor":[70,70,70,70,70,70,70,70,70,70,70,70,70,70,70,70,70,70,70,70,70,70,70,70,70,70,70,70,70,70,70,70,70,70,70,70,70,70,70,70,70,70,70,70,70,70,70,70,70,70],"card_choices":[{"not_picked":["ChargeUpSpray","ShootingEcho"],"picked":"PowerUp","floor":1},{"not_picked":["DC","WitchOfGreed"],"picked":"MysteriousBeam","floor":4},{"not_picked":["MysteriousBeam","FinalSpark","StarlightTyphoon"],"picked":"SKIP","floor":7},{"not_picked":["SporeBomb","MeteoricShower","MysteriousBeam"],"picked":"SKIP","floor":12},{"not_picked":["ShootingEcho","LuminesStrike"],"picked":"Acceleration","floor":14},{"not_picked":["AbsoluteMagnitude","ManaRampage"],"picked":"UltimateShortwave","floor":16},{"not_picked":["SporeBomb+1","EnergyRecoil"],"picked":"AlicesGift","floor":18},{"not_picked":["Robbery","SporeBomb+1","DoubleSpark"],"picked":"SKIP","floor":20},{"not_picked":["PowerUp","SporeBomb+1"],"picked":"MagicChant+1","floor":21},{"not_picked":["LuminesStrike","AbsoluteMagnitude","GalacticHalo"],"picked":"SKIP","floor":24},{"not_picked":["OneTimeOff","WitchLeyline","SporeBomb"],"picked":"SKIP","floor":28},{"not_picked":["GalacticHalo+1","MysteriousBeam","IllusionStar"],"picked":"SKIP","floor":31},{"not_picked":["GalacticHalo","Acceleration","LuminesStrike+1"],"picked":"SKIP","floor":35},{"not_picked":["Deep Breath","Panacea"],"picked":"Finesse","floor":39},{"not_picked":["StarlightTyphoon","NonDirectionalLaser"],"picked":"AsteroidBelt","floor":40},{"not_picked":["DoubleSpark+1","RefractionSpark+1","WitchOfGreed+1"],"picked":"SKIP","floor":42},{"not_picked":["Occultation","BinaryStars"],"picked":"OortCloud","floor":44},{"not_picked":["Acceleration","WitchLeyline"],"picked":"SprinkleStarSeal","floor":45},{"not_picked":["LuminesStrike","AsteroidBelt"],"picked":"UnstableBomb","floor":48}],"player_experience":113912,"relics_obtained":[{"floor":7,"key":"Pantograph"},{"floor":9,"key":"Ornamental Fan"},{"floor":25,"key":"Smiling Mask"},{"floor":26,"key":"Bag of Marbles"},{"floor":31,"key":"Mummified Hand"},{"floor":34,"key":"ShroomBag"},{"floor":34,"key":"Sundial"},{"floor":34,"key":"StoneCalendar"},{"floor":40,"key":"Omamori"},{"floor":43,"key":"Whetstone"}],"event_choices":[{"damage_healed":0,"gold_gain":0,"player_choice":"Entered Light","damage_taken":21,"max_hp_gain":0,"max_hp_loss":0,"event_name":"Shining Light","floor":3,"gold_loss":0,"cards_upgraded":["Strike_MRS","Defend_MRS"]},{"damage_healed":0,"gold_gain":0,"player_choice":"Searched \u00271\u0027 times","damage_taken":0,"relics_obtained":["FossilizedHelix"],"max_hp_gain":0,"max_hp_loss":0,"event_name":"Dead Adventurer","floor":8,"gold_loss":0},{"cards_removed":["Strike_MRS"],"damage_healed":0,"gold_gain":0,"player_choice":"Offered Basic","damage_taken":0,"max_hp_gain":0,"max_hp_loss":0,"event_name":"Bonfire Elementals","floor":13,"gold_loss":0},{"damage_healed":0,"gold_gain":0,"player_choice":"Bought 1 Potion","damage_taken":0,"max_hp_gain":0,"max_hp_loss":0,"event_name":"The Woman in Blue","floor":19,"gold_loss":0},{"damage_healed":0,"gold_gain":0,"player_choice":"Ignored","damage_taken":0,"max_hp_gain":0,"max_hp_loss":0,"event_name":"Mysterious Sphere","floor":36,"gold_loss":0},{"damage_healed":0,"gold_gain":0,"player_choice":"Ignored","damage_taken":0,"max_hp_gain":0,"max_hp_loss":0,"event_name":"OrinTheCat","floor":37,"gold_loss":0},{"cards_removed":["Defend_MRS"],"damage_healed":0,"gold_gain":0,"player_choice":"Removed Skill","damage_taken":0,"max_hp_gain":0,"max_hp_loss":0,"event_name":"Falling","floor":38,"gold_loss":0},{"damage_healed":0,"gold_gain":0,"player_choice":"Memory 1","damage_taken":0,"max_hp_gain":0,"max_hp_loss":0,"event_name":"SensoryStone","floor":39,"gold_loss":0}],"is_beta":false,"boss_relics":[{"not_picked":["Runic Dome","Busted Crown"],"picked":"Sozu"},{"not_picked":["Tiny House","SlaversCollar"],"picked":"Calling Bell"}],"items_purged_floors":[2,46],"is_endless":false,"potions_floor_spawned":[16,21,24,33,42,44,45],"ascension_level":15}}