{"host":"8yon5n5je7lh4vc0","time":1613556406,"event":{"mods":["AchievementEnabler","BaseMod","Downfall","Highlight Path","Hubris","Minty Spire (QoL Compilation)","Quick Restart","Replay The Spire","Shop Mod","Spicy Shops","StSLib","SuperFastMode","TestMod","The Jungle","The Servant 0.9.4","óô»ðÖ¸ÄÏ"],"gold_per_floor":[113,200,218,59,69,69,69,69,69,69,69,82,106,136,136,239,239,252,252,252,252,265,42,55,55,55,16,45,63,89,89,89,192,192,203,143,143,163,182,182,200,200,200,215,215,1,15,15,15,15],"floor_reached":51,"language":"ZHS","playtime":3693,"items_purged":["hubris:Despair","Pain","downfall:Haunted","Strike_R"],"score":768,"play_id":"980f4314-19f4-4bcd-830b-7732fb3d09a3","local_time":"20210217180646","is_ascension_mode":true,"campfire_choices":[{"data":"hubris:ReadiedAction","floor":6.0,"key":"SMITH"},{"data":"Anger","floor":11.0,"key":"SMITH"},{"data":"Warcry","floor":15.0,"key":"SMITH"},{"data":"Flex","floor":25.0,"key":"SMITH"},{"floor":32.0,"key":"REST"},{"floor":40.0,"key":"REST"},{"floor":49,"key":"REST"}],"circlet_count":0,"master_deck":["Strike_R","Defend_R","Defend_R","Defend_R","Defend_R","Bash","Spot Weakness","Anger+1","Rupture","hubris:ReadiedAction+1","Rupture","Shockwave+1","Warcry+1","Juggernaut","ReplayTheSpireMod:Muscle Training","Flex+1","Combust","Combust","Flex","Corruption","Intimidate","Demonic Infusion","Parasite","Dual Wield","Metallicize+1","ReplayTheSpireMod:Brewmster","Anger+1"],"relics":["Burning Blood","testmod-TestBox","NeowsBlessing","testmod-ThousandKnives","ReplayTheSpireMod:CursedCoin","MerchantsRug","hubris:Icosahedron","ReplayTheSpireMod:Lightbulb","hubris:SlimyHat","Replay:Wax Seal","testmod-CardMagician","WarpedTongs","hubris:TinFlute","hubris:FunFungus","Painkiller Herb","Ornamental Fan"],"acts_visited":["Exordium","TheCity","TheBeyond"],"potions_floor_usage":[50,50,50],"damage_taken":[{"damage":0.0,"enemies":"Jaw Worm","floor":1.0,"turns":1.0},{"damage":0.0,"enemies":"Cultist","floor":3.0,"turns":1.0},{"damage":0.0,"enemies":"Small Slimes","floor":5.0,"turns":2.0},{"damage":19.0,"enemies":"2 Fungi Beasts","floor":12.0,"turns":4.0},{"damage":15.0,"enemies":"Lagavulin","floor":14.0,"turns":4.0},{"damage":33.0,"enemies":"Hexaghost","floor":16.0,"turns":6.0},{"damage":0.0,"enemies":"Chosen","floor":18.0,"turns":3.0},{"damage":2.0,"enemies":"Spheric Guardian","floor":22.0,"turns":3.0},{"damage":18.0,"enemies":"Snecko","floor":24.0,"turns":4.0},{"damage":2.0,"enemies":"Gremlin Leader","floor":28.0,"turns":3.0},{"damage":41.0,"enemies":"3 Cultists","floor":29.0,"turns":4.0},{"damage":38.0,"enemies":"Slavers","floor":30.0,"turns":3.0},{"damage":21.0,"enemies":"hubris:MusketHawk","floor":33.0,"turns":5.0},{"damage":32.0,"enemies":"3 Darklings","floor":35.0,"turns":4.0},{"damage":9.0,"enemies":"3 Shapes","floor":38.0,"turns":4.0},{"damage":15.0,"enemies":"3 Darklings","floor":39.0,"turns":4.0},{"damage":22.0,"enemies":"Writhing Mass","floor":41.0,"turns":5.0},{"damage":35.0,"enemies":"Jaw Worm Horde","floor":44.0,"turns":5.0},{"damage":0.0,"enemies":"Transient","floor":45.0,"turns":1.0},{"damage":12,"enemies":"Sphere and 2 Shapes","floor":47,"turns":3},{"damage":19,"enemies":"hubris:GrandSnecko","floor":50,"turns":5}],"seed_played":"-3264945736941278985","potions_obtained":[{"floor":1.0,"key":"Ancient Potion"},{"floor":3.0,"key":"champ:CounterPotion"},{"floor":5.0,"key":"Adrenaline Potion"},{"floor":16.0,"key":"Elixir"},{"floor":24.0,"key":"PowerPotion"},{"floor":30.0,"key":"LiquidBronze"},{"floor":35.0,"key":"SmokeBomb"},{"floor":38.0,"key":"SpeedPotion"},{"floor":39.0,"key":"ColorlessPotion"}],"is_trial":false,"path_per_floor":["M","?","M","$","M","R","?","?","T","?","R","M","T","E","R","B",null,"M","?","?","?","M","R","M","R","T","$","E","M","E","?","R","B",null,"?","?","T","?","?","T","?","?","T","?","?","T","?","T","T","B",null],"character_chosen":"IRONCLAD","items_purchased":["ReplayTheSpireMod:CursedCoin","hubris:ReadiedAction","MerchantsRug","Rupture","Flex","Combust","Flex","Ornamental Fan","ReplayTheSpireMod:Brewmster"],"campfire_rested":3,"item_purchase_floors":[4,4,4,4,23,27,27,37,46],"current_hp_per_floor":[80,80,80,80,80,80,80,92,92,92,92,79,79,70,70,43,92,92,74,74,80,84,84,72,72,72,72,76,41,9,9,39,26,103,82,82,61,61,53,83,72,72,72,47,53,53,48,48,78,72],"gold":15,"neow_bonus":"THREE_ENEMY_KILL","is_daily":false,"chose_seed":false,"campfire_upgraded":4,"win_rate":0.0,"timestamp":1613556406,"path_taken":["M","?","?","$","M","R","?","?","T","?","R","?","?","E","R","BOSS","M","?","?","?","M","R","M","R","T","$","E","?","E","?","R","BOSS","?","?","?","?","?","T","?","?","T","?","?","T","?","T","T","BOSS"],"items_purchased_type":["Relic","Card","Relic","Card","Card","Card","Card","Relic","Card"],"build_version":"2020-12-22","purchased_purges":4,"victory":true,"max_hp_per_floor":[80,80,80,80,80,80,80,92,92,92,92,92,92,92,92,92,92,92,97,97,103,103,103,103,103,103,103,103,103,103,103,103,103,103,103,103,103,103,103,103,103,103,103,103,103,103,103,103,103,103],"card_choices":[{"not_picked":["Body Slam","Headbutt"],"picked":"Spot Weakness","floor":1.0},{"not_picked":["Warcry","Sever Soul"],"picked":"Anger","floor":2.0},{"not_picked":["Clothesline","Massacre"],"picked":"Rupture","floor":3.0},{"not_picked":["Run Through","Body Slam"],"picked":"Shockwave","floor":5.0},{"not_picked":["Entrench","Wild Strike"],"picked":"Warcry","floor":12.0},{"not_picked":["Entrench","Wild Strike","ReplayReversal"],"picked":"SKIP","floor":14.0},{"not_picked":["Feed","Eclipse"],"picked":"Juggernaut","floor":16.0},{"not_picked":["Inflame","Massacre"],"picked":"ReplayTheSpireMod:Muscle Training","floor":18.0},{"not_picked":["Perfected Strike","Iron Wave","Sword Boomerang+1"],"picked":"SKIP","floor":22.0},{"not_picked":["ReplayTheSpireMod:Strike From Hell+1","Thunderclap+1","Armaments"],"picked":"SKIP","floor":24.0},{"not_picked":["Iron Wave","Feel No Pain","Clothesline+1"],"picked":"SKIP","floor":28.0},{"not_picked":["Clothesline","Heavy Blade","hubris:ReadiedAction"],"picked":"SKIP","floor":29.0},{"not_picked":["Cleave+1","Infernal Blade","Perfected Strike"],"picked":"SKIP","floor":30.0},{"not_picked":["Juggernaut","Feed"],"picked":"Corruption","floor":33.0},{"not_picked":["Body Slam","Clothesline+1","Carnage"],"picked":"SKIP","floor":35.0},{"not_picked":["Abandon+1","Twin Strike+1","Sword Boomerang+1"],"picked":"SKIP","floor":38.0},{"not_picked":["ReplayTheSpireMod:Strike From Hell+1","Sword Boomerang","Perfected Strike"],"picked":"SKIP","floor":39.0},{"not_picked":["Run Through","Fiend Fire","Whirlwind+1"],"picked":"SKIP","floor":41.0},{"not_picked":["Body Slam+1","hubris:ReadiedAction+1"],"picked":"Metallicize+1","floor":44.0},{"not_picked":["Thunderclap+1","Fire Breathing"],"picked":"Anger+1","floor":47}],"player_experience":32437,"relics_obtained":[{"floor":2.0,"key":"King of Hearts"},{"floor":9.0,"key":"ReplayTheSpireMod:Lightbulb"},{"floor":13.0,"key":"hubris:SlimyHat"},{"floor":14.0,"key":"Replay:Wax Seal"},{"floor":26.0,"key":"testmod-FatalChain"},{"floor":28.0,"key":"hubris:TinFlute"},{"floor":30.0,"key":"hubris:FunFungus"},{"floor":43.0,"key":"Replay:Rubber Ducky"}],"event_choices":[{"damage_healed":0.0,"max_hp_gain":0.0,"max_hp_loss":0.0,"gold_gain":0.0,"event_name":"Upgrade Shrine","player_choice":"Upgraded","floor":10.0,"gold_loss":0.0,"damage_taken":0.0,"cards_upgraded":["Shockwave"]},{"damage_healed":0.0,"max_hp_gain":5.0,"max_hp_loss":0.0,"gold_gain":0.0,"event_name":"Forgotten Altar","player_choice":"Shed Blood","floor":19.0,"gold_loss":0.0,"damage_taken":23.0},{"damage_healed":0.0,"max_hp_gain":0.0,"max_hp_loss":0.0,"gold_gain":0.0,"event_name":"Ghosts","player_choice":"Ignored","floor":20.0,"gold_loss":0.0,"damage_taken":0.0},{"damage_healed":0.0,"max_hp_gain":0.0,"max_hp_loss":0.0,"gold_gain":0.0,"event_name":"Accursed Blacksmith","player_choice":"Rummage","floor":21.0,"gold_loss":0.0,"damage_taken":0.0,"relics_obtained":["WarpedTongs"],"cards_obtained":["Pain"]},{"cards_removed":["downfall:Haunted"],"damage_healed":0.0,"max_hp_gain":0.0,"max_hp_loss":0.0,"gold_gain":0.0,"event_name":"Fountain of Cleansing","player_choice":"Removed Curses","floor":31.0,"gold_loss":0.0,"damage_taken":0.0},{"damage_healed":0.0,"max_hp_gain":0.0,"max_hp_loss":0.0,"gold_gain":0.0,"cards_transformed":["Strike_R","Strike_R"],"event_name":"Designer","player_choice":"Transformed Cards","floor":36.0,"gold_loss":60.0,"damage_taken":0.0,"cards_obtained":["Intimidate","Demonic Infusion"]},{"damage_healed":0.0,"max_hp_gain":0.0,"max_hp_loss":0.0,"gold_gain":0.0,"cards_transformed":["Strike_R"],"event_name":"Transmorgrifier","player_choice":"Transformed","floor":42.0,"gold_loss":0.0,"damage_taken":0.0,"cards_obtained":["Dual Wield"]}],"is_beta":false,"boss_relics":[{"not_picked":["Sozu","SlaversCollar"],"picked":"testmod-CardMagician"},{"not_picked":["Replay:Grab Bag","hubris:HollowSoul"],"picked":"Painkiller Herb"}],"items_purged_floors":[4,23,23,37],"is_endless":false,"potions_floor_spawned":[1,3,5,16,24,30,35,38,39,45],"ascension_level":1}}