{"host":"vlqej45p0v31lhdi","time":1613547891,"event":{"mods":["AchievementEnabler","BaseMod","Bestiary","Colored Powertips","Minty Spire (QoL Compilation)","Relic Stats"],"gold_per_floor":[112,124,140,154,164,164,191,205,205,205,234,234,234,254,254,254,254],"floor_reached":16,"language":"ENG","playtime":811,"items_purged":[],"score":217,"play_id":"d6f6ae16-452e-41db-a3ef-51dd52f93d0e","local_time":"20210217014451","is_ascension_mode":true,"campfire_choices":[{"floor":6.0,"key":"REST"},{"floor":10.0,"key":"REST"},{"floor":13.0,"key":"REST"},{"data":"True Grit","floor":15.0,"key":"SMITH"}],"circlet_count":0,"master_deck":["AscendersBane","Strike_R","Strike_R","Strike_R","Strike_R","Strike_R","Defend_R","Defend_R","Defend_R","Defend_R","Bash","Thunderclap","Evolve","Burning Pact","Pommel Strike","Rampage","True Grit+1","Blood for Blood","Iron Wave","Dark Embrace"],"relics":["Burning Blood","Juzu Bracelet","Ice Cream","Bag of Marbles"],"acts_visited":["Exordium"],"potions_floor_usage":[],"damage_taken":[{"damage":14.0,"enemies":"Jaw Worm","floor":1.0,"turns":4.0},{"damage":20.0,"enemies":"Small Slimes","floor":2.0,"turns":3.0},{"damage":1.0,"enemies":"Cultist","floor":3.0,"turns":3.0},{"damage":21.0,"enemies":"Large Slime","floor":4.0,"turns":7.0},{"damage":19.0,"enemies":"Exordium Thugs","floor":5.0,"turns":5.0},{"damage":33.0,"enemies":"3 Sentries","floor":7.0,"turns":9.0},{"damage":7.0,"enemies":"Blue Slaver","floor":8.0,"turns":5.0},{"damage":27.0,"enemies":"Gremlin Nob","floor":11.0,"turns":4.0},{"damage":23.0,"enemies":"3 Louse","floor":14.0,"turns":4.0},{"damage":40,"enemies":"The Guardian","floor":16,"turns":10}],"seed_played":"2709650253569511755","potions_obtained":[{"floor":2.0,"key":"FearPotion"},{"floor":3.0,"key":"ColorlessPotion"},{"floor":5.0,"key":"Swift Potion"},{"floor":11.0,"key":"BloodPotion"}],"is_trial":false,"path_per_floor":["M","M","M","M","M","R","E","M","T","R","E","?","R","M","R","B"],"character_chosen":"IRONCLAD","items_purchased":[],"campfire_rested":3,"item_purchase_floors":[],"current_hp_per_floor":[60,46,51,36,23,45,18,17,17,39,18,18,40,23,38,0,0],"gold":254,"neow_bonus":"THREE_CARDS","is_daily":false,"chose_seed":false,"campfire_upgraded":1,"win_rate":0.0,"timestamp":1613547891,"path_taken":["M","M","M","M","M","R","E","M","T","R","E","?","R","M","R","BOSS"],"items_purchased_type":[],"build_version":"2020-12-22","purchased_purges":0,"victory":false,"max_hp_per_floor":[75,75,75,75,75,75,75,75,75,75,75,75,75,75,75,75,75],"relic_stats":{"counters":[10,54],"Juzu Bracelet":0,"obtain_stats":[{"Ice Cream":9,"Juzu Bracelet":7,"Bag of Marbles":11,"Burning Blood":0},{"Ice Cream":7,"Juzu Bracelet":6,"Bag of Marbles":8,"Burning Blood":0},{"Ice Cream":36,"Juzu Bracelet":31,"Bag of Marbles":40,"Burning Blood":0}],"Burning Blood":54},"card_choices":[{"not_picked":["Flex","Seeing Red"],"picked":"Thunderclap","floor":0.0},{"not_picked":["Body Slam","Flex"],"picked":"Evolve","floor":1.0},{"not_picked":["Wild Strike","Sentinel"],"picked":"Burning Pact","floor":2.0},{"not_picked":["Entrench","Body Slam"],"picked":"Pommel Strike","floor":3.0},{"not_picked":["Shrug It Off","Havoc"],"picked":"Rampage","floor":4.0},{"not_picked":["Seeing Red","Armaments"],"picked":"True Grit","floor":5.0},{"not_picked":["Seeing Red","Rampage"],"picked":"Blood for Blood","floor":7.0},{"not_picked":["Power Through","Anger"],"picked":"Iron Wave","floor":8.0},{"not_picked":["Juggernaut","Thunderclap"],"picked":"Dark Embrace","floor":11.0},{"not_picked":["Flex","Iron Wave","Anger"],"picked":"SKIP","floor":14.0}],"player_experience":2981488,"relics_obtained":[{"floor":7.0,"key":"Juzu Bracelet"},{"floor":9.0,"key":"Ice Cream"},{"floor":11.0,"key":"Bag of Marbles"}],"event_choices":[{"damage_healed":0.0,"max_hp_gain":0.0,"max_hp_loss":0.0,"gold_gain":0.0,"event_name":"Liars Game","player_choice":"Ignored","floor":12.0,"gold_loss":0.0,"damage_taken":0.0}],"is_beta":false,"boss_relics":[],"items_purged_floors":[],"is_endless":false,"potions_floor_spawned":[2,3,5,11],"killed_by":"The Guardian","ascension_level":18}}