{"host":"cgv4xfjbrthxr81g","time":1613598143,"event":{"mods":["2.2 Compatiblity","Act Like it!","BaseMod","Bestiary","Better Altar","Better Match","Better Note","Better Sensory Stone","Better Skull","Better Third Choice","BetterRewards","Block Reminder","Card Forge","Clawfect","Colored Map","Colored Powertips","Curses Come First","DeckTracker","Defuse TimeMaze Blight","Downfall","Downfall-Rebalance","Energized Spire","Evolution","Filter the Spire","Friendly Minions","Gremlin Mod","Hallownest","Highlight Path","Hubris","Infinite Spire","Mimic Mod","Minty Spire (QoL Compilation)","Morshu Shopkeeper","Permanent Neow","Poor People Problems","Quick Restart","Rare Cards Sparkle","Relic Sorter","Relic Stats","Reliquary","Replay The Spire","Robot Space Explorer","Shop Mod","Spicy Shops","StSLib","SuperFastMode","The Bug Knight","The Caster","The Construct","The Dragon Tamer","The Jungle","TheVacant","Uncapped","Wandering Minibosses","thorton","????"],"gold_per_floor":[121,143,158,158,158,158,179,24,24,40,40,40,40,69,69,486,536,567,10,68,68,68,127,3,3,27,27,104,164,245,306,306,352,352,352],"floor_reached":33,"language":"ENG","playtime":2055,"items_purged":["thethorton:Jackpot"],"score":302,"play_id":"05ab7112-e549-4ec9-8798-e90e867713f4","local_time":"20210217164223","is_ascension_mode":false,"campfire_choices":[{"data":"thethorton:Heckle","floor":6,"key":"SMITH"},{"data":"thethorton:BookBash","floor":11,"key":"SMITH"},{"data":"thethorton:PennyToss","floor":13,"key":"SMITH"},{"data":"thethorton:Defend","floor":15,"key":"SMITH"},{"data":"thethorton:OddChange","floor":27,"key":"SMITH"},{"floor":32,"key":"REST"}],"circlet_count":0,"master_deck":["thethorton:Defend+1","thethorton:Defend","thethorton:Defend","thethorton:Heckle+1","thethorton:CreditCard","thethorton:BookBash+1","thethorton:CannonShot","thethorton:ElbowSmash","Bandage Up","thethorton:BusinessCard","thethorton:PennyToss+1","thethorton:ChartProject+1","thethorton:Hindsight","thethorton:ROI","thethorton:BusinessCard","thethorton:BusinessCard","thethorton:StumblingSlap+1","thethorton:OddChange+1","thethorton:TakeAccounts","Slimebound:Tackle+1","Slimebound:Tackle+1","Slimebound:Tackle+1","thethorton:ElbowSmash","thethorton:LongTermPayoff","thethorton:HitAhead","thethorton:BigBreak"],"relics":["thethorton:CouragePotion","infinitespire:CursedDice","Hammer of Thor","Seething Fire","Anvil of the Gods","EVO:Axolotl","MealTicket","Orichalcum","Torii","Tiny House","Chemical X","Juzu Bracelet","Blue Doll","Toy Ornithopter","reliquary:Aerogel","Iron Hammer","Replay:PocketPolymizer"],"acts_visited":["Exordium","TheCity"],"potions_floor_usage":[16,18,23,29,30,33],"damage_taken":[{"damage":10,"enemies":"Cultist","floor":1,"turns":5},{"damage":0,"enemies":"Small Slimes","floor":2,"turns":3},{"damage":2,"enemies":"2 Louse","floor":3,"turns":4},{"damage":10,"enemies":"Looter","floor":7,"turns":4},{"damage":6,"enemies":"Lots of Slimes","floor":10,"turns":5},{"damage":0,"enemies":"3 Louse","floor":14,"turns":3},{"damage":34,"enemies":"Fading Forest","floor":16,"turns":11},{"damage":31,"enemies":"Spheric Guardian","floor":18,"turns":8},{"damage":7,"enemies":"Chosen","floor":20,"turns":6},{"damage":16,"enemies":"Snake Plant","floor":23,"turns":7},{"damage":33,"enemies":"Nightmare","floor":28,"turns":6},{"damage":19,"enemies":"3 Cultists","floor":29,"turns":6},{"damage":19,"enemies":"Book of Stabbing","floor":30,"turns":4},{"damage":18,"enemies":"Sentry and Sphere","floor":31,"turns":6},{"damage":66,"enemies":"Collector","floor":33,"turns":6}],"seed_played":"3789789770867580263","potions_obtained":[{"floor":10,"key":"Swift Potion"},{"floor":14,"key":"Strength Potion"},{"floor":17,"key":"Toxic Potion"},{"floor":18,"key":"Explosive Potion"},{"floor":20,"key":"LiquidBronze"},{"floor":31,"key":"Languid Potion"}],"is_trial":false,"path_per_floor":["M","M","M","?","?","R","M","$","T","M","R","$","R","M","R","B",null,"M","$","M","?","?","M","$","?","T","R","NM","M","E","M","R","B"],"character_chosen":"THE_THORT","items_purchased":["Orichalcum","Chemical X","Juzu Bracelet","thethorton:BusinessCard","Blue Doll","thethorton:OddChange","thethorton:TakeAccounts"],"campfire_rested":1,"item_purchase_floors":[8,19,19,19,19,24,24],"current_hp_per_floor":[58,58,56,56,56,56,50,65,65,63,63,68,68,68,68,38,73,46,61,58,58,58,46,61,61,61,61,32,22,12,26,47,0,0,0],"gold":352,"neow_bonus":"RANDOM_COMMON_RELIC","is_daily":false,"chose_seed":false,"campfire_upgraded":5,"win_rate":0.0,"timestamp":1613598143,"path_taken":["M","M","?","?","?","R","M","$","T","M","R","$","R","M","R","BOSS","M","$","M","?","?","M","$","?","T","R","NM","M","E","M","R","BOSS"],"items_purchased_type":["Relic","Relic","Relic","Card","Relic","Card","Card"],"build_version":"2020-12-22","purchased_purges":1,"victory":false,"max_hp_per_floor":[68,68,68,68,68,68,68,68,68,68,68,68,68,68,68,68,73,73,73,73,73,73,73,73,73,73,73,73,73,73,73,73,73,73,73],"relic_stats":{"Torii":53,"counters":[15,84],"MealTicket":50,"Juzu Bracelet":2,"Chemical X":[15],"Orichalcum":[228],"obtain_stats":[{"Tiny House":17,"Replay:PocketPolymizer":31,"Torii":9,"infinitespire:CursedDice":28,"reliquary:Aerogel":28,"Blue Doll":19,"Hammer of Thor":0,"Juzu Bracelet":19,"EVO:Axolotl":0,"Seething Fire":0,"Orichalcum":8,"Anvil of the Gods":0,"MealTicket":0,"Iron Hammer":30,"thethorton:CouragePotion":0,"Chemical X":19,"Toy Ornithopter":26},{"Tiny House":7,"Replay:PocketPolymizer":14,"Torii":4,"infinitespire:CursedDice":11,"reliquary:Aerogel":11,"Blue Doll":8,"Hammer of Thor":0,"Juzu Bracelet":8,"EVO:Axolotl":0,"Seething Fire":0,"Orichalcum":4,"Anvil of the Gods":0,"MealTicket":0,"Iron Hammer":13,"thethorton:CouragePotion":0,"Chemical X":8,"Toy Ornithopter":10},{"Tiny House":35,"Replay:PocketPolymizer":76,"Torii":16,"infinitespire:CursedDice":57,"reliquary:Aerogel":62,"Blue Doll":43,"Hammer of Thor":0,"Juzu Bracelet":43,"EVO:Axolotl":0,"Seething Fire":0,"Orichalcum":16,"Anvil of the Gods":0,"MealTicket":0,"Iron Hammer":72,"thethorton:CouragePotion":0,"Chemical X":43,"Toy Ornithopter":56}],"Toy Ornithopter":15},"card_choices":[{"not_picked":["thethorton:BusinessCard","thethorton:Hindsight"],"picked":"thethorton:BookBash","floor":1},{"not_picked":["thethorton:BusinessCard","thethorton:AngerMoment"],"picked":"thethorton:CannonShot","floor":2},{"not_picked":["thethorton:Crash","thethorton:CannonShot"],"picked":"thethorton:ElbowSmash","floor":3},{"not_picked":["Dark Shackles","Replay:Sssssssssstrike"],"picked":"Bandage Up","floor":4},{"not_picked":["thethorton:ShoutAndRun","thethorton:DownPayment"],"picked":"thethorton:BusinessCard","floor":7},{"not_picked":["thethorton:DownPayment","thethorton:SnowDay"],"picked":"thethorton:PennyToss","floor":10},{"not_picked":["thethorton:SnowDay","thethorton:LastDitchEffort"],"picked":"thethorton:ChartProject","floor":14},{"not_picked":["thethorton:GoldenPetal","thethorton:DodgeAndRollAndRun"],"picked":"thethorton:Jackpot","floor":16},{"not_picked":["thethorton:ChartProject","thethorton:DownPayment"],"picked":"thethorton:Hindsight","floor":17},{"not_picked":["thethorton:ChartProject","thethorton:DownPayment"],"picked":"thethorton:ROI","floor":18},{"not_picked":["thethorton:ShoutAndRun+1","thethorton:StumblingSlap"],"picked":"thethorton:BusinessCard","floor":20},{"not_picked":["thethorton:DualBap","thethorton:CallIn+1"],"picked":"thethorton:StumblingSlap+1","floor":23},{"not_picked":["thethorton:FearfulRun","thethorton:CashBash"],"picked":"thethorton:ElbowSmash","floor":28},{"not_picked":["thethorton:DoubleRun","thethorton:GoldBuffer"],"picked":"thethorton:LongTermPayoff","floor":29},{"not_picked":["thethorton:ShoutAndRun","thethorton:LongTermPayoff"],"picked":"thethorton:HitAhead","floor":30},{"not_picked":["thethorton:WhirlingBriefcase","thethorton:CashBash"],"picked":"thethorton:BigBreak","floor":31}],"player_experience":126096,"relics_obtained":[{"floor":9,"key":"Torii"},{"floor":26,"key":"Toy Ornithopter"},{"floor":28,"key":"reliquary:Aerogel"},{"floor":30,"key":"Iron Hammer"}],"event_choices":[{"damage_healed":0,"gold_gain":1,"player_choice":"1","damage_taken":0,"max_hp_gain":0,"max_hp_loss":0,"event_name":"betterStone:BetterStone","floor":4,"gold_loss":0},{"cards_removed":["Normality"],"damage_healed":0,"gold_gain":0,"player_choice":"Purged","damage_taken":0,"max_hp_gain":0,"max_hp_loss":0,"event_name":"Purifier","floor":5,"gold_loss":0},{"cards_removed":["thethorton:BusinessCard"],"damage_healed":0,"gold_gain":0,"player_choice":"Give","damage_taken":0,"max_hp_gain":0,"max_hp_loss":0,"event_name":"betterNote:BetterNote","floor":21,"gold_loss":0,"cards_obtained":["None"]},{"cards_removed":["thethorton:Defend"],"damage_healed":0,"gold_gain":0,"player_choice":"Purged","damage_taken":0,"max_hp_gain":0,"max_hp_loss":0,"event_name":"Purifier","floor":22,"gold_loss":0}],"is_beta":false,"boss_relics":[{"not_picked":["Runic Dome","Fusion Hammer"],"picked":"Tiny House"}],"items_purged_floors":[19],"is_endless":false,"potions_floor_spawned":[10,14,18,20,31],"killed_by":"Collector","ascension_level":0}}