{"host":"1poy056mauca3bbh","time":1613571296,"event":{"mods":["Ascension Unlocker","BaseMod","Bestiary","Block Reminder","Colored Map","Colored Powertips","Curses Come First","Highlight Path","Minty Spire (QoL Compilation)","Permanent Neow","Quick Restart","Rare Cards Sparkle","Relic Stats","Smile Girya","StSLib","UnlockEverythingMod"],"gold_per_floor":[117,117,117,136,136,180,195,120,120,120,141,141,156,174,174,269,269,290,290,290,7,32,32,32,32],"floor_reached":24,"language":"ENG","playtime":897,"items_purged":["Defend_G"],"score":442,"play_id":"241540cd-e859-4000-ad80-c53e22bf6b23","local_time":"20210217091456","is_ascension_mode":true,"campfire_choices":[{"data":"Blade Dance","floor":10.0,"key":"SMITH"},{"data":"Backflip","floor":12.0,"key":"SMITH"},{"floor":15.0,"key":"REST"},{"floor":23,"key":"REST"}],"circlet_count":0,"master_deck":["AscendersBane","Strike_G","Strike_G","Strike_G","Strike_G","Defend_G","Defend_G","Defend_G","Survivor","Neutralize","Skewer+1","Sucker Punch","Blade Dance+1","Backflip+1","Backflip","Terror","Accuracy","Venomology","Dagger Spray","Crippling Poison","Footwork","Prepared+1","Blur","Night Terror","Caltrops","Infinite Blades"],"relics":["Ring of the Snake","NeowsBlessing","Golden Idol","Incense Burner","White Beast Statue","SacredBark","MutagenicStrength","Orrery"],"acts_visited":["Exordium","TheCity"],"potions_floor_usage":[22,22,24],"damage_taken":[{"damage":0.0,"enemies":"Small Slimes","floor":1.0,"turns":1.0},{"damage":0.0,"enemies":"Jaw Worm","floor":4.0,"turns":1.0},{"damage":0.0,"enemies":"Lagavulin","floor":6.0,"turns":1.0},{"damage":0.0,"enemies":"Cultist","floor":7.0,"turns":2.0},{"damage":5.0,"enemies":"Blue Slaver","floor":11.0,"turns":4.0},{"damage":16.0,"enemies":"Large Slime","floor":13.0,"turns":7.0},{"damage":14.0,"enemies":"Exordium Wildlife","floor":14.0,"turns":4.0},{"damage":25.0,"enemies":"The Guardian","floor":16.0,"turns":10.0},{"damage":4.0,"enemies":"3 Byrds","floor":18.0,"turns":6.0},{"damage":43,"enemies":"Shell Parasite","floor":22,"turns":5},{"damage":74,"enemies":"Gremlin Leader","floor":24,"turns":5}],"seed_played":"4297423335255369883","potions_obtained":[{"floor":1.0,"key":"SkillPotion"},{"floor":4.0,"key":"SneckoOil"},{"floor":11.0,"key":"Explosive Potion"},{"floor":14.0,"key":"EssenceOfSteel"},{"floor":16.0,"key":"AttackPotion"},{"floor":18.0,"key":"BlessingOfTheForge"},{"floor":22,"key":"Regen Potion"}],"is_trial":false,"path_per_floor":["M","?","?","M","?","E","M","?","T","R","M","R","M","M","R","B",null,"M","?","?","$","M","R","E"],"character_chosen":"THE_SILENT","items_purchased":["Orrery","Caltrops"],"campfire_rested":2,"item_purchase_floors":[21,21],"current_hp_per_floor":[59,52,52,52,52,52,52,52,52,52,47,47,31,17,36,11,52,48,48,48,48,5,24,0,0],"gold":32,"neow_bonus":"THREE_ENEMY_KILL","is_daily":false,"chose_seed":false,"campfire_upgraded":2,"win_rate":0.0,"timestamp":1613571296,"path_taken":["M","?","?","?","?","E","M","?","T","R","?","R","M","M","R","BOSS","M","?","?","$","M","R","E"],"items_purchased_type":["Relic","Card"],"build_version":"2020-12-22","purchased_purges":1,"victory":false,"max_hp_per_floor":[66,66,66,66,66,66,66,66,66,66,66,66,66,66,66,66,66,66,66,66,66,66,66,66,66],"relic_stats":{"counters":[11,46],"Golden Idol":54,"obtain_stats":[{"NeowsBlessing":0,"Golden Idol":5,"SacredBark":17,"MutagenicStrength":19,"Orrery":21,"Incense Burner":6,"White Beast Statue":9,"Ring of the Snake":0},{"NeowsBlessing":0,"Golden Idol":2,"SacredBark":8,"MutagenicStrength":9,"Orrery":9,"Incense Burner":3,"White Beast Statue":4,"Ring of the Snake":0},{"NeowsBlessing":0,"Golden Idol":2,"SacredBark":30,"MutagenicStrength":36,"Orrery":36,"Incense Burner":3,"White Beast Statue":5,"Ring of the Snake":0}],"Ring of the Snake":[22]},"card_choices":[{"not_picked":["All Out Attack","Quick Slash"],"picked":"Skewer","floor":1.0},{"not_picked":["Eviscerate","Tactician"],"picked":"Sucker Punch","floor":4.0},{"not_picked":["Backstab","Cloak And Dagger"],"picked":"Blade Dance","floor":6.0},{"not_picked":["Dodge and Roll","Concentrate"],"picked":"Backflip","floor":7.0},{"not_picked":["Sucker Punch","Outmaneuver"],"picked":"Backflip","floor":11.0},{"not_picked":["PiercingWail","Slice"],"picked":"Terror","floor":13.0},{"not_picked":["Terror","Dodge and Roll"],"picked":"Accuracy","floor":14.0},{"not_picked":["Bullet Time","Unload"],"picked":"Venomology","floor":16.0},{"not_picked":["Dagger Throw","Tactician"],"picked":"Dagger Spray","floor":18.0},{"not_picked":["Cloak And Dagger","Masterful Stab"],"picked":"Crippling Poison","floor":21.0},{"not_picked":["Storm of Steel","Poisoned Stab"],"picked":"Footwork","floor":21.0},{"not_picked":["Acrobatics","Eviscerate"],"picked":"Prepared+1","floor":21.0},{"not_picked":["Bane+1","Quick Slash"],"picked":"Blur","floor":21.0},{"not_picked":["Underhanded Strike+1","Cloak And Dagger"],"picked":"Night Terror","floor":21.0},{"not_picked":["Eviscerate","Underhanded Strike"],"picked":"Infinite Blades","floor":22}],"player_experience":156884,"relics_obtained":[{"floor":6.0,"key":"Incense Burner"},{"floor":9.0,"key":"White Beast Statue"}],"event_choices":[{"cards_removed":["Defend_G"],"damage_healed":0.0,"max_hp_gain":0.0,"max_hp_loss":0.0,"gold_gain":0.0,"event_name":"Golden Wing","player_choice":"Card Removal","floor":2.0,"gold_loss":0.0,"damage_taken":7.0},{"damage_healed":0.0,"max_hp_gain":0.0,"max_hp_loss":0.0,"gold_gain":0.0,"event_name":"Upgrade Shrine","player_choice":"Upgraded","floor":3.0,"gold_loss":0.0,"damage_taken":0.0,"cards_upgraded":["Skewer"]},{"damage_healed":0.0,"max_hp_gain":0.0,"max_hp_loss":0.0,"gold_gain":0.0,"event_name":"Golden Idol","player_choice":"Take Wound","floor":5.0,"gold_loss":0.0,"damage_taken":0.0,"relics_obtained":["Golden Idol"],"cards_obtained":["Injury"]},{"cards_removed":["Injury"],"damage_healed":0.0,"max_hp_gain":0.0,"max_hp_loss":0.0,"gold_gain":0.0,"event_name":"The Cleric","player_choice":"Card Removal","floor":8.0,"gold_loss":75.0,"damage_taken":0.0},{"damage_healed":0.0,"max_hp_gain":0.0,"max_hp_loss":0.0,"gold_gain":0.0,"event_name":"Drug Dealer","player_choice":"Inject Mutagens","floor":19.0,"gold_loss":0.0,"damage_taken":0.0,"relics_obtained":["MutagenicStrength"]},{"cards_removed":["Strike_G"],"damage_healed":0.0,"max_hp_gain":0.0,"max_hp_loss":0.0,"gold_gain":0.0,"event_name":"Bonfire Elementals","player_choice":"Offered Basic","floor":20.0,"gold_loss":0.0,"damage_taken":0.0}],"is_beta":false,"boss_relics":[{"not_picked":["Ring of the Serpent","Pandora\u0027s Box"],"picked":"SacredBark"}],"items_purged_floors":[21],"is_endless":false,"potions_floor_spawned":[1,4,7,11,13,14,16,18,22],"killed_by":"Gremlin Leader","ascension_level":20}}