{"host":"8d3fefv2347kqkpz","time":1613564462,"event":{"mods":["AchievementEnabler","Aspiration","BaseMod","Better Vampires","BetterRewards","Colored Map","Colored Powertips","Downfall","Emptier Cage","Highlight Path","Marked Mod","Minty Spire (QoL Compilation)","Permanent Neow","Quick Restart","Rare Cards Sparkle","Relic Stats","Say the Spire","Spicy Shops","StSLib","Waifu the Spire"],"gold_per_floor":[117,117,130,146,146,146,160,160,239,239,320,337,347,347,347,444,444,460,86,86,98,108,108,108,120,120,152,152,52,52,70,70,166,166,184,198,73,73,93,93,123,135,158,158,8,25,25,37,37,37,37,37,37,68,68,68],"floor_reached":55,"language":"ZHS","playtime":3724,"items_purged":["Strike_P","Strike_P","Omniscience+1","Establishment+1"],"score":734,"play_id":"daf5775e-7368-4015-a08f-1463df45af7a","local_time":"20210217202102","is_ascension_mode":false,"campfire_choices":[{"data":"Vigilance","floor":6.0,"key":"SMITH"},{"floor":8.0,"key":"RECALL"},{"data":"SignatureMove","floor":15.0,"key":"SMITH"},{"floor":23.0,"key":"REST"},{"data":"Defend_P","floor":30.0,"key":"PURGE"},{"floor":32.0,"key":"REST"},{"data":"Strike_P","floor":40.0,"key":"PURGE"},{"data":"Defend_P","floor":47,"key":"PURGE"},{"floor":49,"key":"REST"},{"data":"InnerPeace","floor":52,"key":"PURGE"}],"circlet_count":0,"master_deck":["Eruption+1","Vigilance+1","SignatureMove+1","Evaluate+1"],"relics":["PureWater","Singing Bowl","Busted Crown","Peace Pipe","StrikeDummy","Akabeko","Astrolabe","TeardropLocket","Art of War","Mummified Hand"],"acts_visited":["Exordium","TheCity","TheBeyond","TheEnding"],"potions_floor_usage":[55,55],"damage_taken":[{"damage":0.0,"enemies":"Small Slimes","floor":1.0,"turns":6.0},{"damage":0.0,"enemies":"Cultist","floor":3.0,"turns":2.0},{"damage":0.0,"enemies":"2 Louse","floor":4.0,"turns":4.0},{"damage":0.0,"enemies":"Looter","floor":7.0,"turns":2.0},{"damage":2.0,"enemies":"Blue Slaver","floor":12.0,"turns":5.0},{"damage":0.0,"enemies":"2 Fungi Beasts","floor":13.0,"turns":4.0},{"damage":30.0,"enemies":"Slime Boss","floor":16.0,"turns":5.0},{"damage":14.0,"enemies":"Spheric Guardian","floor":18.0,"turns":4.0},{"damage":34.0,"enemies":"3 Byrds","floor":21.0,"turns":7.0},{"damage":15.0,"enemies":"Centurion and Healer","floor":22.0,"turns":6.0},{"damage":8.0,"enemies":"Chosen and Byrds","floor":25.0,"turns":8.0},{"damage":0.0,"enemies":"Gremlin Leader","floor":27.0,"turns":3.0},{"damage":15.0,"enemies":"Colosseum Slavers","floor":28.0,"turns":6.0},{"damage":0.0,"enemies":"Snecko","floor":31.0,"turns":2.0},{"damage":43.0,"enemies":"Automaton","floor":33.0,"turns":8.0},{"damage":0.0,"enemies":"Orb Walker","floor":35.0,"turns":1.0},{"damage":3.0,"enemies":"3 Shapes","floor":36.0,"turns":2.0},{"damage":19.0,"enemies":"Maw","floor":39.0,"turns":6.0},{"damage":36.0,"enemies":"Nemesis","floor":41.0,"turns":7.0},{"damage":0.0,"enemies":"Spire Growth","floor":42.0,"turns":2.0},{"damage":0,"enemies":"Writhing Mass","floor":46,"turns":4},{"damage":0,"enemies":"Sphere and 2 Shapes","floor":48,"turns":3},{"damage":14,"enemies":"Donu and Deca","floor":50,"turns":6},{"damage":22,"enemies":"Shield and Spear","floor":54,"turns":5},{"damage":93,"enemies":"The Heart","floor":55,"turns":3}],"seed_played":"-8860937186021657511","potions_obtained":[{"floor":7.0,"key":"Ancient Potion"},{"floor":13.0,"key":"PowerPotion"},{"floor":16.0,"key":"Strength Potion"},{"floor":21.0,"key":"Swift Potion"},{"floor":25.0,"key":"PowerPotion"},{"floor":27.0,"key":"BlessingOfTheForge"},{"floor":33.0,"key":"SteroidPotion"},{"floor":38.0,"key":"FearPotion"}],"is_trial":false,"path_per_floor":["M","?","M","M","?","R","M","R","T","?","T","M","M","?","R","B",null,"M","$","?","M","M","R","?","M","T","E","?","$","R","M","R","B",null,"M","M","$","?","M","R","E","M","T","?","$","M","R","M","R","B",null,"R","$","E","B"],"character_chosen":"WATCHER","items_purchased":["Peace Pipe"],"campfire_rested":3,"item_purchase_floors":[19],"current_hp_per_floor":[51,51,51,51,51,51,51,51,51,51,51,49,49,49,49,21,74,62,62,62,30,17,41,41,35,35,37,22,22,22,24,49,8,88,90,89,89,89,72,72,38,40,40,40,40,42,42,44,74,60,102,102,102,82,0,0],"gold":68,"neow_bonus":"THREE_RARE_CARDS","is_daily":false,"chose_seed":false,"campfire_upgraded":2,"win_rate":0.0,"timestamp":1613564462,"path_taken":["M","?","M","?","?","R","M","R","T","?","?","M","M","?","R","BOSS","M","$","?","M","?","R","?","M","T","E","?","$","R","M","R","BOSS","M","M","$","?","?","R","E","M","T","?","$","M","R","M","R","BOSS","R","$","E","BOSS"],"items_purchased_type":["Relic"],"build_version":"2020-12-22","purchased_purges":4,"victory":false,"max_hp_per_floor":[72,72,72,72,72,72,72,72,72,72,72,72,72,72,72,74,74,76,76,76,78,80,80,80,82,82,84,84,84,84,86,86,88,88,90,92,92,92,94,94,96,98,98,98,98,100,100,102,102,102,102,102,102,104,104,104],"relic_stats":{"Peace Pipe":4,"Busted Crown":30,"Singing Bowl":32,"counters":[25,111],"Mummified Hand":[0],"Astrolabe":["Omniscience","Evaluate","Establishment"],"Art of War":[1],"obtain_stats":[{"Peace Pipe":19,"Busted Crown":17,"Singing Bowl":9,"Mummified Hand":54,"Astrolabe":34,"Art of War":43,"TeardropLocket":41,"PureWater":0,"StrikeDummy":26,"Akabeko":27},{"Peace Pipe":8,"Busted Crown":7,"Singing Bowl":4,"Mummified Hand":24,"Astrolabe":15,"Art of War":20,"TeardropLocket":19,"PureWater":0,"StrikeDummy":11,"Akabeko":12},{"Peace Pipe":32,"Busted Crown":28,"Singing Bowl":14,"Mummified Hand":108,"Astrolabe":72,"Art of War":90,"TeardropLocket":88,"PureWater":0,"StrikeDummy":53,"Akabeko":56}]},"card_choices":[{"not_picked":["MarkedMod:GentlePulse","Prostrate","JustLucky"],"picked":"SKIP","floor":1.0},{"not_picked":["EmptyBody","JustLucky","FlyingSleeves"],"picked":"SKIP","floor":3.0},{"not_picked":["LessonLearned","MarkedMod:FirstStrike","BowlingBash"],"picked":"SKIP","floor":4.0},{"not_picked":["ClearTheMind","Indignation","CrushJoints"],"picked":"SKIP","floor":7.0},{"not_picked":["CrushJoints","Vengeance"],"picked":"SignatureMove","floor":12.0},{"not_picked":["WindmillStrike","Protect"],"picked":"InnerPeace","floor":13.0},{"not_picked":["MasterReality","MarkedMod:NorthStar","DevaForm"],"picked":"Singing Bowl","floor":16.0},{"not_picked":["SashWhip+1"],"picked":"Singing Bowl","floor":18.0},{"not_picked":["BowlingBash"],"picked":"Singing Bowl","floor":21.0},{"not_picked":["Vengeance"],"picked":"Singing Bowl","floor":22.0},{"not_picked":["FlurryOfBlows"],"picked":"Singing Bowl","floor":25.0},{"not_picked":["FollowUp"],"picked":"Singing Bowl","floor":27.0},{"not_picked":["Prostrate"],"picked":"Singing Bowl","floor":31.0},{"not_picked":["Blasphemy"],"picked":"Singing Bowl","floor":33.0},{"not_picked":["Crescendo+1"],"picked":"Singing Bowl","floor":35.0},{"not_picked":["MarkedMod:GentlePulse"],"picked":"Singing Bowl","floor":36.0},{"not_picked":["PathToVictory+1"],"picked":"Singing Bowl","floor":39.0},{"not_picked":["PathToVictory+1"],"picked":"Singing Bowl","floor":41.0},{"not_picked":["CrushJoints+1"],"picked":"Singing Bowl","floor":42.0},{"not_picked":["Protect"],"picked":"Singing Bowl","floor":46},{"not_picked":["SignatureMove"],"picked":"Singing Bowl","floor":48},{"not_picked":["WindmillStrike+1"],"picked":"Singing Bowl","floor":54}],"player_experience":446766,"relics_obtained":[{"floor":9.0,"key":"Singing Bowl"},{"floor":26.0,"key":"StrikeDummy"},{"floor":27.0,"key":"Akabeko"},{"floor":41.0,"key":"TeardropLocket"},{"floor":43.0,"key":"Art of War"},{"floor":54,"key":"Mummified Hand"}],"event_choices":[{"damage_healed":0.0,"max_hp_gain":0.0,"max_hp_loss":0.0,"gold_gain":0.0,"event_name":"Accursed Blacksmith","player_choice":"Forge","floor":2.0,"gold_loss":0.0,"damage_taken":0.0,"cards_upgraded":["Eruption"]},{"damage_healed":0.0,"max_hp_gain":0.0,"max_hp_loss":0.0,"gold_gain":0.0,"event_name":"Liars Game","player_choice":"Ignored","floor":10.0,"gold_loss":0.0,"damage_taken":0.0},{"damage_healed":0.0,"max_hp_gain":0.0,"max_hp_loss":0.0,"gold_gain":0.0,"event_name":"Golden Idol","player_choice":"Ignored","floor":14.0,"gold_loss":0.0,"damage_taken":0.0},{"damage_healed":0.0,"max_hp_gain":0.0,"max_hp_loss":0.0,"gold_gain":0.0,"event_name":"The Woman in Blue","player_choice":"Bought 0 Potions","floor":20.0,"gold_loss":0.0,"damage_taken":0.0},{"damage_healed":0.0,"max_hp_gain":0.0,"max_hp_loss":0.0,"gold_gain":0.0,"event_name":"Colosseum","player_choice":"Fight","floor":28.0,"gold_loss":0.0,"damage_taken":0.0},{"damage_healed":0.0,"max_hp_gain":0.0,"max_hp_loss":0.0,"gold_gain":0.0,"event_name":"Colosseum","player_choice":"Fled From Nobs","floor":28.0,"gold_loss":0.0,"damage_taken":0.0},{"damage_healed":0.0,"max_hp_gain":0.0,"max_hp_loss":0.0,"gold_gain":0.0,"event_name":"Lab","player_choice":"Got Potions","floor":38.0,"gold_loss":0.0,"damage_taken":0.0},{"damage_healed":0,"gold_gain":0,"player_choice":"Ignored","damage_taken":0,"max_hp_gain":0,"max_hp_loss":0,"event_name":"Duplicator","floor":44,"gold_loss":0}],"is_beta":false,"boss_relics":[{"not_picked":["Cursed Key","aspiration:PoetsPen_weak"],"picked":"Busted Crown"},{"not_picked":["expansioncontent:StudyCardRelic","Tiny House"],"picked":"Astrolabe"}],"items_purged_floors":[19,29,37,45],"is_endless":false,"potions_floor_spawned":[7,13,16,21,22,25,27,33,35,39,41],"killed_by":"The Heart","ascension_level":0}}