{"host":"js2su9tbbk4rmjfl","time":1613597048,"event":{"mods":["AchievementEnabler","BaseMod","Block Reminder","Colored Map","Colored Powertips","Highlight Path","Minty Spire (QoL Compilation)","Relic Stats"],"gold_per_floor":[113,133,55,73,73,73,102,102,102,113,123,123,123,123,123,123,123],"floor_reached":16,"language":"ENG","playtime":710,"items_purged":[],"score":190,"play_id":"2be64c51-775c-4cf3-bd13-4ad5def279ad","local_time":"20210217222408","is_ascension_mode":true,"campfire_choices":[{"data":"Shockwave","floor":6,"key":"SMITH"},{"data":"Body Slam","floor":8,"key":"SMITH"},{"data":"Perfected Strike","floor":12,"key":"SMITH"},{"floor":15,"key":"REST"}],"circlet_count":0,"master_deck":["AscendersBane","Strike_R","Strike_R","Strike_R","Strike_R","Strike_R","Defend_R","Defend_R","Defend_R","Defend_R","Bash","Body Slam+1","Battle Trance","Shockwave+1","Double Tap","Headbutt","Perfected Strike+1"],"relics":["Burning Blood","Pear","Du-Vu Doll","Gremlin Horn","Bottled Lightning"],"acts_visited":["Exordium"],"potions_floor_usage":[16],"damage_taken":[{"damage":8,"enemies":"Cultist","floor":1,"turns":5},{"damage":1,"enemies":"Small Slimes","floor":2,"turns":5},{"damage":2,"enemies":"Jaw Worm","floor":4,"turns":4},{"damage":56,"enemies":"Gremlin Nob","floor":7,"turns":5},{"damage":17,"enemies":"3 Louse","floor":10,"turns":5},{"damage":4,"enemies":"Blue Slaver","floor":11,"turns":3},{"damage":59,"enemies":"The Guardian","floor":16,"turns":10}],"seed_played":"-3988501133934663337","potions_obtained":[{"floor":11,"key":"Block Potion"}],"is_trial":false,"path_per_floor":["M","M","$","M","?","R","E","R","T","M","M","R","T","?","R","B"],"character_chosen":"IRONCLAD","items_purchased":["Shockwave"],"campfire_rested":1,"item_purchase_floors":[3],"current_hp_per_floor":[66,71,71,75,80,80,30,30,30,19,21,21,21,21,46,0,0],"gold":123,"neow_bonus":"THREE_CARDS","is_daily":false,"chose_seed":false,"campfire_upgraded":3,"win_rate":0.0,"timestamp":1613597048,"path_taken":["M","M","$","?","?","R","E","R","T","M","M","R","?","?","R","BOSS"],"items_purchased_type":["Card"],"build_version":"2020-12-22","purchased_purges":0,"victory":false,"max_hp_per_floor":[75,75,75,75,85,85,85,85,85,85,85,85,85,85,85,85,85],"relic_stats":{"Gremlin Horn":[1,2],"counters":[7,37],"obtain_stats":[{"Du-Vu Doll":7,"Pear":5,"Gremlin Horn":9,"Bottled Lightning":13,"Burning Blood":0},{"Du-Vu Doll":4,"Pear":3,"Gremlin Horn":4,"Bottled Lightning":6,"Burning Blood":0},{"Du-Vu Doll":19,"Pear":14,"Gremlin Horn":19,"Bottled Lightning":27,"Burning Blood":0}],"Burning Blood":36},"card_choices":[{"not_picked":["Sever Soul","Twin Strike"],"picked":"Body Slam","floor":0},{"not_picked":["Pommel Strike","Iron Wave"],"picked":"Battle Trance","floor":1},{"not_picked":["Twin Strike","Body Slam","Wild Strike"],"picked":"SKIP","floor":2},{"not_picked":["Pommel Strike","Iron Wave"],"picked":"Double Tap","floor":4},{"not_picked":["Sever Soul","Havoc","Metallicize"],"picked":"SKIP","floor":7},{"not_picked":["Dark Embrace","Heavy Blade"],"picked":"Headbutt","floor":10},{"not_picked":["Shockwave","Hemokinesis"],"picked":"Perfected Strike","floor":11}],"player_experience":821917,"relics_obtained":[{"floor":7,"key":"Du-Vu Doll"},{"floor":9,"key":"Gremlin Horn"},{"floor":13,"key":"Bottled Lightning"}],"event_choices":[{"damage_healed":0,"gold_gain":0,"player_choice":"Success","damage_taken":5,"relics_obtained":["Pear"],"max_hp_gain":0,"max_hp_loss":0,"event_name":"Scrap Ooze","floor":5,"gold_loss":0},{"damage_healed":0,"gold_gain":0,"player_choice":"Ignored","damage_taken":0,"max_hp_gain":0,"max_hp_loss":0,"event_name":"Golden Wing","floor":14,"gold_loss":0}],"is_beta":false,"boss_relics":[],"items_purged_floors":[],"is_endless":false,"potions_floor_spawned":[11],"killed_by":"The Guardian","ascension_level":18}}