{"host":"sav7uxregyirlf69","time":1613567020,"event":{"mods":["AchievementEnabler","BaseMod","Colored Map","DeckTracker","Keyboard Shortcuts","Minty Spire (QoL Compilation)","READ ME - Guardian Mod","StSLib","SuperFastMode"],"gold_per_floor":[117,42,42,54,54,89,89,124,173,9,29,64,64,64,64,141,141,151,151,165,182,199,199,234,253,253,253,253,253,253,253,253,326,326,336,350,405,416,153,153,166,191,216,234,234,273,2,33,33,33,33,33,33,33,61,61,61],"floor_reached":56,"language":"KOR","playtime":1633,"items_purged":["Strike_B","Doom and Gloom"],"score":1932,"play_id":"2c7bc635-4d1b-45b1-b82f-dd57bbf386b4","local_time":"20210217220340","is_ascension_mode":true,"campfire_choices":[{"data":"Defragment","floor":7.0,"key":"SMITH"},{"floor":15,"key":"REST"},{"data":"Coolheaded","floor":23,"key":"SMITH"},{"floor":28,"key":"REST"},{"data":"Recycle","floor":30,"key":"SMITH"},{"data":"Hologram","floor":32,"key":"SMITH"},{"data":"Dualcast","floor":40,"key":"SMITH"},{"data":"Biased Cognition","floor":45,"key":"SMITH"},{"floor":49,"key":"RECALL"},{"data":"Defend_B","floor":53,"key":"PURGE"}],"circlet_count":0,"master_deck":["AscendersBane","Defend_B","Defend_B","Defend_B+1","Zap+1","Dualcast+1","Darkness+1","Defragment+1","Biased Cognition+1","Recycle+1","Chill","Rainbow","Chill+1","Coolheaded+1","Hologram+1","Glacier","Compile Driver","Turbo","Conserve Battery","BootSequence","Fission","Double Energy","Self Repair","Core Surge"],"relics":["Cracked Core","NeowsBlessing","Anchor","Prayer Wheel","War Paint","Boot","Runic Capacitor","Bag of Marbles","Busted Crown","Juzu Bracelet","Runic Pyramid","Peace Pipe","ClockworkSouvenir","Torii","CeramicFish","Emotion Chip","Mummified Hand","Letter Opener","InkBottle"],"acts_visited":["Exordium","TheCity","TheBeyond","TheEnding"],"potions_floor_usage":[16,33,37,55,56],"damage_taken":[{"damage":0.0,"enemies":"2 Louse","floor":1.0,"turns":1.0},{"damage":0.0,"enemies":"Cultist","floor":4.0,"turns":1.0},{"damage":0.0,"enemies":"3 Sentries","floor":6.0,"turns":1.0},{"damage":11,"enemies":"Gremlin Nob","floor":8,"turns":3},{"damage":2,"enemies":"Jaw Worm","floor":11,"turns":3},{"damage":22,"enemies":"Lagavulin","floor":12,"turns":6},{"damage":23,"enemies":"The Guardian","floor":16,"turns":9},{"damage":3,"enemies":"Spheric Guardian","floor":18,"turns":5},{"damage":10,"enemies":"Chosen","floor":20,"turns":6},{"damage":0,"enemies":"Centurion and Healer","floor":21,"turns":4},{"damage":0,"enemies":"Chosen and Byrds","floor":22,"turns":5},{"damage":3,"enemies":"Book of Stabbing","floor":24,"turns":6},{"damage":0,"enemies":"Snake Plant","floor":25,"turns":4},{"damage":5,"enemies":"Automaton","floor":33,"turns":8},{"damage":5,"enemies":"Orb Walker","floor":35,"turns":4},{"damage":0,"enemies":"3 Shapes","floor":36,"turns":5},{"damage":2,"enemies":"2 Orb Walkers","floor":37,"turns":5},{"damage":0,"enemies":"Sphere and 2 Shapes","floor":38,"turns":8},{"damage":0,"enemies":"4 Shapes","floor":41,"turns":10},{"damage":0,"enemies":"Mind Bloom Boss Battle","floor":42,"turns":7},{"damage":0,"enemies":"3 Darklings","floor":44,"turns":6},{"damage":0,"enemies":"Giant Head","floor":46,"turns":8},{"damage":12,"enemies":"Nemesis","floor":48,"turns":9},{"damage":1,"enemies":"Awakened One","floor":50,"turns":10},{"damage":11,"enemies":"Time Eater","floor":51,"turns":12},{"damage":12,"enemies":"Shield and Spear","floor":55,"turns":8},{"damage":75,"enemies":"The Heart","floor":56,"turns":8}],"seed_played":"877025298134293723","potions_obtained":[{"floor":1.0,"key":"Weak Potion"},{"floor":6.0,"key":"Dexterity Potion"},{"floor":11,"key":"Swift Potion"},{"floor":20,"key":"PotionOfCapacity"},{"floor":25,"key":"PowerPotion"},{"floor":36,"key":"FearPotion"},{"floor":37,"key":"Block Potion"},{"floor":41,"key":"SkillPotion"}],"is_trial":false,"path_per_floor":["M","$","?","M","?","E","R","E","T","$","M","E","?","?","R","B",null,"M","?","M","M","M","R","E","M","T","?","R","?","R","?","R","B",null,"M","M","?","M","$","R","M","?","T","M","R","E","$","E","R","B","B",null,"R","$","E","B"],"character_chosen":"DEFECT","items_purchased":["Runic Capacitor","ClockworkSouvenir","Mummified Hand"],"campfire_rested":2,"item_purchase_floors":[10,39,47],"current_hp_per_floor":[64,64,64,64,64,64,64,53,53,53,51,29,22,22,43,20,58,55,35,25,25,25,25,22,22,22,22,44,44,44,44,44,39,67,62,62,60,67,67,67,74,76,76,76,76,76,76,71,71,76,72,75,75,75,70,0,0],"gold":61,"neow_bonus":"THREE_ENEMY_KILL","is_daily":false,"chose_seed":false,"campfire_upgraded":6,"win_rate":0.0,"timestamp":1613567020,"path_taken":["M","$","?","?","?","E","R","E","T","$","?","E","?","?","R","BOSS","M","?","M","M","M","R","E","M","T","?","R","?","R","?","R","BOSS","M","M","?","M","$","R","M","?","T","M","R","E","?","E","R","BOSS","BOSS","R","$","E","BOSS"],"items_purchased_type":["Relic","Relic","Relic"],"build_version":"2020-12-22","purchased_purges":2,"victory":false,"max_hp_per_floor":[71,71,71,71,71,71,71,71,71,71,71,71,71,71,71,71,71,71,76,76,76,76,76,76,76,76,76,76,76,76,76,76,76,76,76,76,76,76,76,76,76,76,76,76,76,76,76,76,76,76,76,76,76,76,76,76,76],"card_choices":[{"not_picked":["Turbo","Leap"],"picked":"Darkness","floor":1.0},{"not_picked":["Barrage","Blizzard"],"picked":"Defragment","floor":4.0},{"not_picked":["Stack","Barrage","Gash"],"picked":"SKIP","floor":6.0},{"not_picked":["Conserve Battery","Streamline"],"picked":"Biased Cognition","floor":8},{"not_picked":["Darkness","Barrage"],"picked":"Recycle","floor":11},{"not_picked":["Sweeping Beam","Reprogram","Darkness"],"picked":"SKIP","floor":11},{"not_picked":["Steam Power","Darkness"],"picked":"Chill","floor":12},{"not_picked":["Hyperbeam","All For One"],"picked":"Rainbow","floor":16},{"not_picked":[],"picked":"Chill+1","floor":18},{"not_picked":["Sweeping Beam"],"picked":"SKIP","floor":18},{"not_picked":[],"picked":"Coolheaded","floor":20},{"not_picked":[],"picked":"Hologram","floor":20},{"not_picked":[],"picked":"Glacier","floor":21},{"not_picked":[],"picked":"Compile Driver","floor":21},{"not_picked":[],"picked":"Turbo","floor":22},{"not_picked":[],"picked":"Conserve Battery","floor":22},{"not_picked":[],"picked":"BootSequence","floor":24},{"not_picked":["Leap"],"picked":"SKIP","floor":25},{"not_picked":["Leap"],"picked":"SKIP","floor":25},{"not_picked":[],"picked":"Double Energy","floor":35},{"not_picked":["Compile Driver"],"picked":"SKIP","floor":35},{"not_picked":["Conserve Battery"],"picked":"SKIP","floor":36},{"not_picked":["Force Field"],"picked":"SKIP","floor":36},{"not_picked":[],"picked":"Self Repair","floor":37},{"not_picked":["Fusion"],"picked":"SKIP","floor":38},{"not_picked":["Static Discharge"],"picked":"SKIP","floor":38},{"not_picked":["Leap"],"picked":"SKIP","floor":41},{"not_picked":["Go for the Eyes"],"picked":"SKIP","floor":41},{"not_picked":["Hologram"],"picked":"SKIP","floor":44},{"not_picked":["Conserve Battery"],"picked":"SKIP","floor":44},{"not_picked":[],"picked":"Core Surge","floor":46},{"not_picked":["Lockon+1"],"picked":"SKIP","floor":48},{"not_picked":["Conserve Battery"],"picked":"SKIP","floor":55}],"player_experience":1595715,"relics_obtained":[{"floor":6.0,"key":"Prayer Wheel"},{"floor":8,"key":"War Paint"},{"floor":9,"key":"Boot"},{"floor":12,"key":"Bag of Marbles"},{"floor":24,"key":"Juzu Bracelet"},{"floor":37,"key":"Peace Pipe"},{"floor":42,"key":"Torii"},{"floor":43,"key":"CeramicFish"},{"floor":46,"key":"Emotion Chip"},{"floor":48,"key":"Letter Opener"},{"floor":55,"key":"InkBottle"}],"event_choices":[{"damage_healed":0.0,"max_hp_gain":0.0,"max_hp_loss":0.0,"gold_gain":0.0,"event_name":"WeMeetAgain","player_choice":"Gave Potion","floor":3.0,"gold_loss":0.0,"damage_taken":0.0,"relics_obtained":["Anchor"]},{"damage_healed":0.0,"max_hp_gain":0.0,"max_hp_loss":0.0,"gold_gain":0.0,"event_name":"Accursed Blacksmith","player_choice":"Forge","floor":5.0,"gold_loss":0.0,"damage_taken":0.0,"cards_upgraded":["Darkness"]},{"cards_removed":["Strike_B"],"damage_healed":0,"gold_gain":0,"player_choice":"Card Removal","damage_taken":7,"max_hp_gain":0,"max_hp_loss":0,"event_name":"Golden Wing","floor":13,"gold_loss":0},{"damage_healed":0,"gold_gain":0,"player_choice":"Ignored","damage_taken":0,"max_hp_gain":0,"max_hp_loss":0,"event_name":"Liars Game","floor":14,"gold_loss":0},{"damage_healed":0,"gold_gain":0,"player_choice":"Shed Blood","damage_taken":25,"max_hp_gain":5,"max_hp_loss":0,"event_name":"Forgotten Altar","floor":19,"gold_loss":0},{"damage_healed":0,"gold_gain":0,"player_choice":"Ignored","damage_taken":0,"max_hp_gain":0,"max_hp_loss":0,"event_name":"Cursed Tome","floor":27,"gold_loss":0},{"damage_healed":0,"gold_gain":0,"cards_transformed":["Strike_B","Strike_B"],"player_choice":"Became Test Subject","damage_taken":0,"max_hp_gain":0,"max_hp_loss":0,"event_name":"Drug Dealer","floor":29,"gold_loss":0,"cards_obtained":["Doom and Gloom","Fission"]},{"damage_healed":0,"gold_gain":0,"player_choice":"Ignored","damage_taken":0,"max_hp_gain":0,"max_hp_loss":0,"event_name":"Ghosts","floor":31,"gold_loss":0},{"damage_healed":0,"gold_gain":0,"player_choice":"Fight","damage_taken":0,"max_hp_gain":0,"max_hp_loss":0,"event_name":"Mysterious Sphere","floor":37,"gold_loss":0},{"damage_healed":0,"gold_gain":0,"player_choice":"Fight","damage_taken":0,"max_hp_gain":0,"max_hp_loss":0,"event_name":"MindBloom","floor":42,"gold_loss":0}],"is_beta":false,"boss_relics":[{"not_picked":["SacredBark","Black Star"],"picked":"Busted Crown"},{"not_picked":["Pandora\u0027s Box","Astrolabe"],"picked":"Runic Pyramid"}],"items_purged_floors":[2,39],"is_endless":false,"potions_floor_spawned":[1,6,11,20,24,25,36,37,41],"killed_by":"The Heart","ascension_level":20}}