{"host":"hemqwg9ve6welna9","time":1613601972,"event":{"mods":["2.2 Compatiblity","AchievementEnabler","BaseMod","Beaked The Cultist","Bestiary","Better Match","Better Note","Better Third Choice","BetterRewards","Curses Come First","Dio Mod","Downfall","Gremlin Mod","Hermit","Highlight Path","Melee Mod","Minty Spire (QoL Compilation)","Permanent Neow","Potionbrewer","Quick Restart","Rare Cards Sparkle","Relic Stats","Reliquary","Robot Space Explorer","SOS（斯巴达之子）","StSLib","SuperFastMode","Td1madao Mod","The Bug Knight","The Cursed","The Disciple","The Forsaken","The Jungle","The Marked","The Runesmith","The Senshi","The Servant 0.9.4","The Wild Card","TheBandit","TheVacant","UnlockEverythingMod","everything is the same but u backflip on backflip"],"gold_per_floor":[117,117,91,91,91,91,106,106,130,130,142,142,161,188,188,283,283],"floor_reached":16,"language":"ENG","playtime":1454,"items_purged":[],"score":148,"play_id":"019a6f35-3a5e-47ac-9c64-1a641e7c5a2b","local_time":"20210217164612","is_ascension_mode":false,"campfire_choices":[{"floor":6.0,"key":"REST"},{"data":"PrimeTime","floor":8.0,"key":"SMITH"},{"data":"AlternateTimeline","floor":15.0,"key":"SMITH"}],"circlet_count":0,"master_deck":["Strike_Br","Strike_Br","Strike_Br","Defend_Br","Defend_Br","Defend_Br","Defend_Br","SecondHand","PatternShift","Keepsakes","LockedBlood","FormalWear","PrimeTime+1","AlternateTimeline+1","Flay","CrunchTime","Parity","LockedAnchor","HandsUpC"],"relics":["Chronometer","HeavySwitch","Eternal Feather","IceCream?","Blue Candle","Runesmith:AutoHammer","Paper Turtyl","Bag of Preparation"],"acts_visited":["Exordium"],"potions_floor_usage":[],"damage_taken":[{"damage":4.0,"enemies":"2 Louse","floor":1.0,"turns":3.0},{"damage":8.0,"enemies":"Small Slimes","floor":7.0,"turns":4.0},{"damage":11.0,"enemies":"Jaw Worm","floor":11.0,"turns":4.0},{"damage":18.0,"enemies":"Exordium Thugs","floor":13.0,"turns":4.0},{"damage":21.0,"enemies":"Lagavulin","floor":14.0,"turns":7.0},{"damage":39.0,"enemies":"The Guardian","floor":16.0,"turns":10.0}],"seed_played":"-4756227226432123962","potions_obtained":[{"floor":7.0,"key":"BlessingOfTheForge"},{"floor":11.0,"key":"potionbrewer:CleansingPotion"}],"is_trial":false,"path_per_floor":["M","?","$","?","?","R","M","R","T","T","M","$","M","E","R","B"],"character_chosen":"CHRONO_CLASS","items_purchased":["Keepsakes","LockedBlood","Eternal Feather","FormalWear","AlternateTimeline"],"campfire_rested":1,"item_purchase_floors":[0,0,0,0,3],"current_hp_per_floor":[32,32,32,32,27,55,53,62,62,62,55,55,41,29,38,5,5],"gold":283,"neow_bonus":"","is_daily":false,"chose_seed":false,"campfire_upgraded":2,"win_rate":0.0,"timestamp":1613601972,"path_taken":["M","?","$","?","?","R","?","R","T","?","?","?","M","E","R","BOSS","BOSS"],"items_purchased_type":["Card","Card","Relic","Card","Card"],"build_version":"2020-12-22","purchased_purges":0,"victory":false,"max_hp_per_floor":[65,65,65,65,65,65,65,65,65,65,65,65,65,65,65,65,65],"relic_stats":{"counters":[26,128],"Blue Candle":[0],"Eternal Feather":27,"Bag of Preparation":[38],"obtain_stats":[{"Lantern":30,"Juzu Bracelet":3,"Bag of Preparation":9,"HeavySwitch":0,"theForsaken:HumbleEgg":24,"MealTicket":0,"Toxic Egg 2":14,"hermit:Spyglass":30,"Runesmith:Nanobots":26,"Happy Flower":28,"Blue Candle":5,"Eternal Feather":0,"War Paint":20,"Orichalcum":41,"MawBank":10,"WarpedTongs":19,"Mercury Hourglass":48,"Chronometer":0,"Runesmith:UraniumAnvil":17,"hermit:BartenderGlass":34,"Bag of Marbles":43,"Runesmith:AutoHammer":9,"Paper Turtyl":10,"hermit:Momento":0,"IceCream?":2},{"Lantern":11,"Juzu Bracelet":1,"Bag of Preparation":2,"HeavySwitch":20,"theForsaken:HumbleEgg":8,"MealTicket":0,"Toxic Egg 2":4,"hermit:Spyglass":11,"Runesmith:Nanobots":8,"Happy Flower":10,"Blue Candle":21,"Eternal Feather":20,"War Paint":6,"Orichalcum":15,"MawBank":2,"WarpedTongs":6,"Mercury Hourglass":19,"Chronometer":0,"Runesmith:UraniumAnvil":5,"hermit:BartenderGlass":13,"Bag of Marbles":16,"Runesmith:AutoHammer":22,"Paper Turtyl":22,"hermit:Momento":0,"IceCream?":21},{"Lantern":54,"Juzu Bracelet":4,"Bag of Preparation":6,"HeavySwitch":96,"theForsaken:HumbleEgg":44,"MealTicket":0,"Toxic Egg 2":15,"hermit:Spyglass":54,"Runesmith:Nanobots":44,"Happy Flower":51,"Blue Candle":99,"Eternal Feather":96,"War Paint":33,"Orichalcum":72,"MawBank":6,"WarpedTongs":33,"Mercury Hourglass":85,"Chronometer":0,"Runesmith:UraniumAnvil":28,"hermit:BartenderGlass":67,"Bag of Marbles":78,"Runesmith:AutoHammer":103,"Paper Turtyl":103,"hermit:Momento":0,"IceCream?":99}]},"card_choices":[{"not_picked":["CrunchTime","BeatsPerMinute"],"picked":"PrimeTime","floor":1.0},{"not_picked":["BlueShift","HandsUpB"],"picked":"CrunchTime","floor":7.0},{"not_picked":["EscortCommand","Engulf"],"picked":"Parity","floor":11.0},{"not_picked":["ReapSow","LockedAstrolabe"],"picked":"LockedAnchor","floor":13.0},{"not_picked":["Engulf","Break"],"picked":"HandsUpC","floor":14.0}],"player_experience":14433,"relics_obtained":[{"floor":9.0,"key":"Runesmith:AutoHammer"},{"floor":10.0,"key":"Paper Turtyl"},{"floor":14.0,"key":"Bag of Preparation"}],"event_choices":[{"damage_healed":0.0,"max_hp_gain":0.0,"max_hp_loss":0.0,"gold_gain":0.0,"cards_transformed":["Strike_Br"],"event_name":"Living Wall","player_choice":"Change","floor":4.0,"gold_loss":0.0,"damage_taken":0.0,"cards_obtained":["Flay"]}],"is_beta":false,"boss_relics":[],"items_purged_floors":[],"is_endless":false,"potions_floor_spawned":[7,11],"killed_by":"The Guardian","ascension_level":0}}