{"host":"vjt3l4e4gk5t90rp","time":1613583876,"event":{"mods":["BaseMod","Colored Map","Highlight Path","Minty Spire (QoL Compilation)","StSLib"],"gold_per_floor":[111,121,141,316,316,316,84,107,132,152,152,152,52,116,116,220,220,239,239,338,349,361,394,394,394,420,455,455,114,126,126,126,223,223,238,88,88,115,135,163,163,181,204,235,205,0,0,0],"floor_reached":49,"language":"KOR","playtime":4543,"items_purged":["Doubt","Regret","Strike_R","Strike_R"],"score":742,"play_id":"ee6e291b-83ac-4bbe-a028-9e5687aacce4","local_time":"20210218024436","is_ascension_mode":false,"campfire_choices":[{"data":"Heavy Blade","floor":6.0,"key":"SMITH"},{"floor":11.0,"key":"REST"},{"floor":15.0,"key":"REST"},{"floor":24.0,"key":"REST"},{"floor":32.0,"key":"REST"},{"floor":41,"key":"REST"}],"circlet_count":0,"master_deck":["Strike_R","Strike_R","Defend_R","Defend_R","Defend_R","Defend_R","Bash","Heavy Blade+1","Shrug It Off","Warcry","Inflame","Flex","Fiend Fire","Bloodletting","Bandage Up","Flex","Thunderclap","Reaper","Warcry+1","Rupture","Pommel Strike+1","Brutality","Blood for Blood+1","Rage+1","Armaments+1"],"relics":["Burning Blood","NeowsBlessing","FaceOfCleric","Juzu Bracelet","Odd Mushroom","Pen Nib","Toy Ornithopter","Bottled Lightning","Runic Cube","Question Card","Tiny Chest","Bird Faced Urn","Enchiridion","HandDrill","Fusion Hammer","Orichalcum","Centennial Puzzle","Bag of Marbles","Smiling Mask","Red Mask"],"acts_visited":["Exordium","TheCity","TheBeyond"],"potions_floor_usage":[40,48,48,48],"damage_taken":[{"damage":0.0,"enemies":"Cultist","floor":1.0,"turns":1.0},{"damage":0.0,"enemies":"2 Louse","floor":2.0,"turns":1.0},{"damage":0.0,"enemies":"Small Slimes","floor":3.0,"turns":1.0},{"damage":48.0,"enemies":"The Mushroom Lair","floor":8.0,"turns":8.0},{"damage":11.0,"enemies":"Blue Slaver","floor":10.0,"turns":5.0},{"damage":8.0,"enemies":"Gremlin Nob","floor":14.0,"turns":3.0},{"damage":69.0,"enemies":"Hexaghost","floor":16.0,"turns":11.0},{"damage":14.0,"enemies":"3 Byrds","floor":18.0,"turns":4.0},{"damage":17.0,"enemies":"Spheric Guardian","floor":21.0,"turns":4.0},{"damage":54.0,"enemies":"3 Cultists","floor":22.0,"turns":7.0},{"damage":52.0,"enemies":"Book of Stabbing","floor":23.0,"turns":5.0},{"damage":71.0,"enemies":"Slavers","floor":27.0,"turns":5.0},{"damage":22.0,"enemies":"Cultist and Chosen","floor":30.0,"turns":6.0},{"damage":70.0,"enemies":"Automaton","floor":33.0,"turns":8.0},{"damage":24.0,"enemies":"Orb Walker","floor":35.0,"turns":4.0},{"damage":32.0,"enemies":"3 Darklings","floor":39.0,"turns":4.0},{"damage":53,"enemies":"Reptomancer","floor":40,"turns":5},{"damage":52,"enemies":"Jaw Worm Horde","floor":42,"turns":4},{"damage":17,"enemies":"Giant Head","floor":44,"turns":6},{"damage":36,"enemies":"Donu and Deca","floor":48,"turns":6}],"seed_played":"7767551104179592578","potions_obtained":[{"floor":2.0,"key":"ColorlessPotion"},{"floor":3.0,"key":"Weak Potion"},{"floor":16.0,"key":"FairyPotion"},{"floor":21.0,"key":"Strength Potion"},{"floor":22.0,"key":"FairyPotion"},{"floor":23.0,"key":"Swift Potion"},{"floor":27.0,"key":"Block Potion"},{"floor":33.0,"key":"Weak Potion"},{"floor":39.0,"key":"Regen Potion"},{"floor":45,"key":"EntropicBrew"},{"floor":45,"key":"SkillPotion"}],"is_trial":false,"path_per_floor":["M","M","M","?","?","R","$","?","T","M","R","?","$","?","R","B",null,"M","?","?","M","M","E","R","?","T","E","?","$","M","?","R","B",null,"M","$","?","T","M","E","R","M","T","E","?","?","?","B",null],"character_chosen":"IRONCLAD","items_purchased":["Juzu Bracelet","Rupture","HandDrill"],"campfire_rested":5,"item_purchase_floors":[7,29,29],"current_hp_per_floor":[80,80,80,80,80,80,80,39,39,35,59,59,59,58,82,26,84,77,77,77,71,28,19,45,45,45,30,14,14,19,19,46,22,91,92,92,92,92,88,76,94,92,92,94,94,94,94,92],"gold":0,"neow_bonus":"THREE_ENEMY_KILL","is_daily":false,"chose_seed":false,"campfire_upgraded":1,"win_rate":0.0,"timestamp":1613583876,"path_taken":["M","?","M","?","?","R","$","?","T","M","R","?","$","?","R","BOSS","M","?","?","M","M","E","R","?","T","E","?","$","M","?","R","BOSS","M","$","?","?","M","E","R","M","T","E","?","?","?","BOSS"],"items_purchased_type":["Relic","Card","Relic"],"build_version":"2020-12-22","purchased_purges":4,"victory":true,"max_hp_per_floor":[80,80,80,80,80,80,80,81,81,82,82,82,82,83,83,84,84,85,85,85,86,87,88,88,88,88,89,89,89,90,90,90,91,91,92,92,92,92,93,94,94,95,95,96,96,96,96,97],"card_choices":[{"not_picked":["Wild Strike","Anger"],"picked":"Heavy Blade","floor":1.0},{"not_picked":["Havoc","Bloodletting","Anger"],"picked":"SKIP","floor":2.0},{"not_picked":["Pummel","Brutality"],"picked":"Shrug It Off","floor":3.0},{"not_picked":["Body Slam","Disarm"],"picked":"Warcry","floor":8.0},{"not_picked":["Cleave","Havoc"],"picked":"Inflame","floor":10.0},{"not_picked":["Metallicize","Clothesline"],"picked":"Flex","floor":14.0},{"not_picked":["Juggernaut","Barricade"],"picked":"Fiend Fire","floor":16.0},{"not_picked":["Heavy Blade","Warcry+1"],"picked":"Bloodletting","floor":18.0},{"not_picked":["Havoc+1","Pummel"],"picked":"Flex","floor":21.0},{"not_picked":["Warcry","Iron Wave+1","Perfected Strike+1"],"picked":"SKIP","floor":22.0},{"not_picked":["Dropkick+1","Warcry+1"],"picked":"Thunderclap","floor":23.0},{"not_picked":["Brutality","Wild Strike+1","Sword Boomerang"],"picked":"Warcry+1","floor":27.0},{"not_picked":["Body Slam","Sever Soul","Sword Boomerang"],"picked":"Pommel Strike+1","floor":30.0},{"not_picked":["Exhume","Juggernaut","Impervious"],"picked":"Brutality","floor":33.0},{"not_picked":["Warcry+1","Clothesline","Combust+1"],"picked":"Blood for Blood+1","floor":35.0},{"not_picked":["Sentinel","Anger","Thunderclap"],"picked":"Rage+1","floor":39.0},{"not_picked":["Wild Strike","Shockwave+1","Dual Wield+1","Iron Wave+1"],"picked":"SKIP","floor":40},{"not_picked":["Uppercut+1","Dual Wield+1","Perfected Strike+1"],"picked":"Armaments+1","floor":42},{"not_picked":["Armaments+1","Wild Strike","Corruption","True Grit+1"],"picked":"SKIP","floor":44}],"player_experience":112949,"relics_obtained":[{"floor":8.0,"key":"Odd Mushroom"},{"floor":9.0,"key":"Pen Nib"},{"floor":14.0,"key":"Bottled Lightning"},{"floor":23.0,"key":"Question Card"},{"floor":26.0,"key":"Tiny Chest"},{"floor":27.0,"key":"Bird Faced Urn"},{"floor":28.0,"key":"Enchiridion"},{"floor":38.0,"key":"Orichalcum"},{"floor":40,"key":"Centennial Puzzle"},{"floor":43,"key":"Bag of Marbles"},{"floor":44,"key":"Smiling Mask"}],"event_choices":[{"damage_healed":0.0,"max_hp_gain":0.0,"max_hp_loss":0.0,"gold_gain":175.0,"event_name":"Liars Game","player_choice":"AGREE","floor":4.0,"gold_loss":0.0,"damage_taken":0.0,"cards_obtained":["Doubt"]},{"damage_healed":0.0,"max_hp_gain":0.0,"max_hp_loss":0.0,"gold_gain":0.0,"event_name":"FaceTrader","player_choice":"Trade","floor":5.0,"gold_loss":0.0,"damage_taken":0.0,"relics_obtained":["FaceOfCleric"]},{"damage_healed":0.0,"max_hp_gain":0.0,"max_hp_loss":0.0,"gold_gain":0.0,"event_name":"Mushrooms","player_choice":"Fought Mushrooms","floor":8.0,"gold_loss":0.0,"damage_taken":0.0},{"damage_healed":0.0,"max_hp_gain":0.0,"max_hp_loss":0.0,"gold_gain":0.0,"event_name":"Big Fish","player_choice":"Box","floor":12.0,"gold_loss":0.0,"damage_taken":0.0,"relics_obtained":["Toy Ornithopter"],"cards_obtained":["Regret"]},{"damage_healed":0.0,"max_hp_gain":0.0,"max_hp_loss":0.0,"gold_gain":0.0,"event_name":"Dead Adventurer","player_choice":"Searched \u00271\u0027 times","floor":14.0,"gold_loss":0.0,"damage_taken":0.0},{"damage_healed":0.0,"max_hp_gain":0.0,"max_hp_loss":0.0,"gold_gain":0.0,"event_name":"Match and Keep!","player_choice":"1 cards matched","floor":19.0,"gold_loss":0.0,"damage_taken":0.0,"cards_obtained":["Bandage Up"]},{"damage_healed":0.0,"max_hp_gain":0.0,"max_hp_loss":0.0,"gold_gain":99.0,"event_name":"Nest","player_choice":"Stole From Cult","floor":20.0,"gold_loss":0.0,"damage_taken":0.0},{"damage_healed":0.0,"max_hp_gain":0.0,"max_hp_loss":0.0,"gold_gain":0.0,"event_name":"The Library","player_choice":"Read","floor":25.0,"gold_loss":0.0,"damage_taken":0.0,"cards_obtained":["Reaper"]},{"damage_healed":0.0,"max_hp_gain":0.0,"max_hp_loss":0.0,"gold_gain":0.0,"event_name":"Cursed Tome","player_choice":"Obtained Book","floor":28.0,"gold_loss":0.0,"damage_taken":16.0},{"damage_healed":0.0,"max_hp_gain":0.0,"max_hp_loss":0.0,"gold_gain":0.0,"event_name":"Vampires","player_choice":"Ignored","floor":31.0,"gold_loss":0.0,"damage_taken":0.0},{"cards_removed":["Strike_R"],"damage_healed":0.0,"max_hp_gain":0.0,"max_hp_loss":0.0,"gold_gain":0.0,"event_name":"Falling","player_choice":"Removed Attack","floor":37.0,"gold_loss":0.0,"damage_taken":0.0},{"damage_healed":0,"gold_gain":0,"player_choice":"Bought 2 Potions","damage_taken":0,"max_hp_gain":0,"max_hp_loss":0,"event_name":"The Woman in Blue","floor":45,"gold_loss":0},{"damage_healed":0,"gold_gain":0,"player_choice":"Paid","damage_taken":0,"relics_obtained":["Red Mask"],"max_hp_gain":0,"max_hp_loss":0,"event_name":"Tomb of Lord Red Mask","floor":46,"gold_loss":205},{"damage_healed":0,"gold_gain":0,"player_choice":"Took Portal","damage_taken":0,"max_hp_gain":0,"max_hp_loss":0,"event_name":"SecretPortal","floor":47,"gold_loss":0}],"is_beta":false,"boss_relics":[{"not_picked":["Astrolabe","Empty Cage"],"picked":"Runic Cube"},{"not_picked":["Snecko Eye","Sozu"],"picked":"Fusion Hammer"}],"items_purged_floors":[7,13,29,36],"is_endless":false,"potions_floor_spawned":[2,3,16,21,22,23,27,33,39],"ascension_level":0}}