{"host":"vumwfieg2b2mnrfl","time":1613521973,"event":{"mods":["AchievementEnabler","BaseMod","Minty Spire (QoL Compilation)","Rare Cards Sparkle","Relic Stats"],"gold_per_floor":[116,133,133,150,164,191,191,156,156,176,176,205,205,223,223,302,302,321,39,39,57,107,107,107,107],"floor_reached":24,"language":"ENG","playtime":638,"items_purged":["Strike_G"],"score":412,"play_id":"0f0d7cf1-e2ea-4003-8f2a-e45788a95123","local_time":"20210216183253","is_ascension_mode":true,"campfire_choices":[{"floor":7,"key":"REST"},{"data":"Deadly Poison","floor":11,"key":"SMITH"},{"data":"Prepared","floor":13,"key":"SMITH"},{"data":"Leg Sweep","floor":15,"key":"SMITH"},{"floor":23,"key":"REST"}],"circlet_count":0,"master_deck":["AscendersBane","Strike_G","Strike_G","Strike_G","Defend_G","Defend_G","Defend_G","Defend_G","Defend_G","Survivor","Neutralize","Backstab","Deadly Poison+1","Deadly Poison","Terror","Tactician","Prepared+1","Leg Sweep+1","Corpse Explosion","Noxious Fumes","Adrenaline","Noxious Fumes","Deflect+1"],"relics":["Ring of the Snake","NeowsBlessing","WarpedTongs","Smiling Mask","Anchor","Bottled Flame","Empty Cage","Art of War"],"acts_visited":["Exordium","TheCity"],"potions_floor_usage":[6,12,12],"damage_taken":[{"damage":0,"enemies":"Small Slimes","floor":1,"turns":1},{"damage":0,"enemies":"Cultist","floor":2,"turns":1},{"damage":0,"enemies":"Jaw Worm","floor":4,"turns":1},{"damage":1,"enemies":"Blue Slaver","floor":5,"turns":4},{"damage":44,"enemies":"Lagavulin","floor":6,"turns":9},{"damage":2,"enemies":"3 Louse","floor":10,"turns":3},{"damage":14,"enemies":"Gremlin Nob","floor":12,"turns":3},{"damage":6,"enemies":"2 Fungi Beasts","floor":14,"turns":4},{"damage":25,"enemies":"Hexaghost","floor":16,"turns":11},{"damage":11,"enemies":"Shell Parasite","floor":18,"turns":7},{"damage":16,"enemies":"Spheric Guardian","floor":21,"turns":4},{"damage":46,"enemies":"Gremlin Leader","floor":24,"turns":5}],"seed_played":"-6432493236659415895","potions_obtained":[{"floor":2,"key":"LiquidMemories"},{"floor":4,"key":"Weak Potion"},{"floor":6,"key":"Strength Potion"},{"floor":16,"key":"Explosive Potion"}],"is_trial":false,"path_per_floor":["M","M","?","M","M","E","R","?","T","M","R","E","R","M","R","B",null,"M","$","?","M","?","R","E"],"character_chosen":"THE_SILENT","items_purchased":["Art of War","Adrenaline"],"campfire_rested":2,"item_purchase_floors":[19,19],"current_hp_per_floor":[59,59,59,59,58,14,33,49,49,47,47,33,33,27,27,2,50,39,39,39,23,23,42,0,0],"gold":107,"neow_bonus":"THREE_ENEMY_KILL","is_daily":false,"chose_seed":false,"campfire_upgraded":3,"win_rate":0.0,"timestamp":1613521973,"path_taken":["M","M","?","?","?","E","R","?","T","M","R","E","R","M","R","BOSS","M","$","?","M","?","R","E"],"items_purchased_type":["Relic","Card"],"build_version":"2020-12-22","purchased_purges":1,"victory":false,"max_hp_per_floor":[66,66,66,66,66,66,66,66,66,66,66,66,66,66,66,66,66,66,66,66,66,66,66,66,66],"relic_stats":{"counters":[12,53],"Art of War":[2],"Smiling Mask":25,"obtain_stats":[{"Anchor":9,"Bottled Flame":12,"NeowsBlessing":0,"Art of War":19,"Smiling Mask":6,"Empty Cage":17,"Ring of the Snake":0,"WarpedTongs":3},{"Anchor":5,"Bottled Flame":7,"NeowsBlessing":0,"Art of War":10,"Smiling Mask":5,"Empty Cage":9,"Ring of the Snake":0,"WarpedTongs":2},{"Anchor":16,"Bottled Flame":22,"NeowsBlessing":0,"Art of War":44,"Smiling Mask":16,"Empty Cage":37,"Ring of the Snake":0,"WarpedTongs":2}],"Ring of the Snake":[24],"WarpedTongs":[50]},"card_choices":[{"not_picked":["Outmaneuver","Bane"],"picked":"Backstab","floor":1},{"not_picked":["Reflex","Underhanded Strike","Acrobatics"],"picked":"SKIP","floor":2},{"not_picked":["Dodge and Roll","Flying Knee"],"picked":"Deadly Poison","floor":4},{"not_picked":["Acrobatics","Cloak And Dagger"],"picked":"Deadly Poison","floor":5},{"not_picked":["Slice","Underhanded Strike"],"picked":"Terror","floor":6},{"not_picked":["Dagger Spray","Bane"],"picked":"Tactician","floor":10},{"not_picked":["Die Die Die","Flying Knee"],"picked":"Prepared","floor":12},{"not_picked":["Poisoned Stab","Choke"],"picked":"Leg Sweep","floor":14},{"not_picked":["Adrenaline","Envenom"],"picked":"Corpse Explosion","floor":16},{"not_picked":["Sucker Punch","Setup"],"picked":"Noxious Fumes","floor":18},{"not_picked":["All Out Attack","Poisoned Stab+1"],"picked":"Deflect+1","floor":21}],"player_experience":566807,"relics_obtained":[{"floor":6,"key":"Smiling Mask"},{"floor":9,"key":"Anchor"},{"floor":12,"key":"Bottled Flame"}],"event_choices":[{"damage_healed":0,"gold_gain":0,"player_choice":"Rummage","damage_taken":0,"relics_obtained":["WarpedTongs"],"max_hp_gain":0,"max_hp_loss":0,"event_name":"Accursed Blacksmith","floor":3,"gold_loss":0,"cards_obtained":["Pain"]},{"damage_healed":16,"gold_gain":0,"player_choice":"Healed","damage_taken":0,"max_hp_gain":0,"max_hp_loss":0,"event_name":"The Cleric","floor":8,"gold_loss":35},{"damage_healed":0,"gold_gain":0,"player_choice":"Read","damage_taken":0,"max_hp_gain":0,"max_hp_loss":0,"event_name":"The Library","floor":20,"gold_loss":0,"cards_obtained":["Noxious Fumes"]},{"damage_healed":0,"gold_gain":50,"player_choice":"Stole From Cult","damage_taken":0,"max_hp_gain":0,"max_hp_loss":0,"event_name":"Nest","floor":22,"gold_loss":0}],"is_beta":false,"boss_relics":[{"not_picked":["SlaversCollar","Tiny House"],"picked":"Empty Cage"}],"items_purged_floors":[19],"is_endless":false,"potions_floor_spawned":[2,4,6,16],"killed_by":"Gremlin Leader","ascension_level":20}}