{"host":"6vtgmkkqqeew181q","time":1613525297,"event":{"mods":["AYAYA","BaseMod","Better Skull","Better Third Choice","BetterRewards","Colored Powertips","Downfall","Faster Ascension Climbing","Highlight Path","Minty Spire (QoL Compilation)","Reliquary","Spicy Shops","Spire Birthday Party","StSLib","The Bug Knight","The Jungle"],"gold_per_floor":[365,73,93,105,30,63,63,63,63,77,77,89,89,115,115,214,214,231,330,348,348,362,362,362],"floor_reached":23,"language":"ENG","playtime":1636,"items_purged":["downfall:Malfunctioning"],"score":201,"play_id":"6541f79a-d2ae-4430-8f37-558bf5569793","local_time":"20210216172817","is_ascension_mode":false,"campfire_choices":[{"data":"HollowMod:GrimmsGift","floor":8,"key":"SMITH"},{"data":"HollowMod:QuirrelsAssistance","floor":11,"key":"SMITH"},{"floor":15,"key":"REST"}],"circlet_count":0,"master_deck":["HollowMod:NailStrikeStart","HollowMod:NailStrikeStart","HollowMod:QuickDashStart","HollowMod:QuickDashStart","HollowMod:QuickDashStart","HollowMod:QuickDashStart","HollowMod:FocusHealStart","HollowMod:PogoStrike","HollowMod:GrimmsGift+1","HollowMod:QuirrelsAssistance+1","HollowMod:SoulStrike","HollowMod:ChannelNail","HollowMod:SoulVessel","HollowMod:Hiveblood","HollowMod:CornifersMapStart","HollowMod:DesolateDive"],"relics":["HollowMod:VesselMask","Turnip","HollowMod:LumaflyLanternRelic","WarpedTongs","Sundial","Bag of Marbles","Empty Cage"],"acts_visited":["Exordium","TheCity"],"potions_floor_usage":[6,16,23],"damage_taken":[{"damage":1,"enemies":"Cultist","floor":1,"turns":4},{"damage":8,"enemies":"Small Slimes","floor":3,"turns":3},{"damage":0,"enemies":"Jaw Worm","floor":4,"turns":4},{"damage":39,"enemies":"3 Sentries","floor":6,"turns":10},{"damage":6,"enemies":"Red Slaver","floor":10,"turns":3},{"damage":10,"enemies":"2 Fungi Beasts","floor":12,"turns":3},{"damage":17,"enemies":"Gremlin Nob","floor":14,"turns":4},{"damage":29,"enemies":"The Guardian","floor":16,"turns":9},{"damage":27,"enemies":"Shell Parasite","floor":18,"turns":8},{"damage":19,"enemies":"Chosen","floor":20,"turns":5},{"damage":48,"enemies":"Shelled Parasite and Fungi","floor":22,"turns":9},{"damage":78,"enemies":"Slavers","floor":23,"turns":4}],"seed_played":"-3022047902625640768","potions_obtained":[{"floor":1,"key":"FearPotion"},{"floor":4,"key":"BlessingOfTheForge"},{"floor":6,"key":"CultistPotion"},{"floor":16,"key":"Dexterity Potion"},{"floor":18,"key":"Strength Potion"}],"is_trial":false,"path_per_floor":["M","$","M","M","$","E","?","R","T","M","R","M","?","E","R","B",null,"M","?","M","?","M","E"],"character_chosen":"THE_BUGKNIGHT","items_purchased":["Turnip"],"campfire_rested":1,"item_purchase_floors":[2],"current_hp_per_floor":[74,74,72,72,72,45,45,45,45,39,39,35,35,24,46,27,75,73,73,63,63,49,0,0],"gold":362,"neow_bonus":"TWO_FIFTY_GOLD","is_daily":false,"chose_seed":false,"campfire_upgraded":2,"win_rate":0.0,"timestamp":1613525297,"path_taken":["M","$","?","M","$","E","?","R","T","M","R","?","?","E","R","BOSS","M","?","M","?","M","E"],"items_purchased_type":["Relic"],"build_version":"2020-12-22","purchased_purges":1,"victory":false,"max_hp_per_floor":[75,75,75,75,75,75,75,75,75,75,75,75,75,75,75,75,75,75,75,75,75,75,75,75],"card_choices":[{"not_picked":["HollowMod:DoubleDash","HollowMod:HeavyBlow"],"picked":"HollowMod:GrimmsGift","floor":1},{"not_picked":["HollowMod:MawleksShell","HollowMod:SoulShaman"],"picked":"HollowMod:QuirrelsAssistance","floor":3},{"not_picked":["HollowMod:AbyssShriek","HollowMod:CrystalDash","HollowMod:LifebloodCocoon"],"picked":"SKIP","floor":4},{"not_picked":["HollowMod:CornifersMapStart","HollowMod:VengefulVoid"],"picked":"HollowMod:SoulStrike","floor":6},{"not_picked":["HollowMod:VengefulVoid","HollowMod:SiblingsSouls"],"picked":"HollowMod:ChannelNail","floor":10},{"not_picked":["HollowMod:HowlingWraiths","HollowMod:PureVessel"],"picked":"HollowMod:SoulVessel","floor":12},{"not_picked":["HollowMod:HeavyBlow","HollowMod:VengefulVoid","HollowMod:BlackTendrils"],"picked":"SKIP","floor":14},{"not_picked":["HollowMod:VoidDash","HollowMod:SoulMaster"],"picked":"HollowMod:Hiveblood","floor":16},{"not_picked":["HollowMod:InfectedAttack","HollowMod:NewGlowingWomb"],"picked":"HollowMod:CornifersMapStart","floor":18},{"not_picked":["HollowMod:DashSlash+1","HollowMod:LifebloodCocoon"],"picked":"HollowMod:DesolateDive","floor":20},{"not_picked":["HollowMod:SharpenedNail","HollowMod:NewLittleFool+1","HollowMod:NewJinnsSoul"],"picked":"SKIP","floor":22}],"player_experience":642629,"relics_obtained":[{"floor":6,"key":"HollowMod:LumaflyLanternRelic"},{"floor":9,"key":"Sundial"},{"floor":14,"key":"Bag of Marbles"}],"event_choices":[{"damage_healed":0,"gold_gain":0,"player_choice":"Rummage","damage_taken":0,"relics_obtained":["WarpedTongs"],"max_hp_gain":0,"max_hp_loss":0,"event_name":"Accursed Blacksmith","floor":7,"gold_loss":0,"cards_obtained":["Pain"]},{"damage_healed":0,"gold_gain":0,"player_choice":"Ignored","damage_taken":89,"max_hp_gain":0,"max_hp_loss":0,"event_name":"betterThird:BetterSerpent","floor":13,"gold_loss":0},{"damage_healed":0,"gold_gain":99,"player_choice":"Steal","damage_taken":0,"max_hp_gain":0,"max_hp_loss":0,"event_name":"betterThird:BetterNest","floor":19,"gold_loss":0},{"cards_removed":["Pain"],"damage_healed":0,"gold_gain":0,"player_choice":"Purged","damage_taken":0,"max_hp_gain":0,"max_hp_loss":0,"event_name":"Purifier","floor":21,"gold_loss":0}],"is_beta":false,"boss_relics":[{"not_picked":["Velvet Choker","Snecko Eye"],"picked":"Empty Cage"}],"items_purged_floors":[5],"is_endless":false,"potions_floor_spawned":[1,4,6,16,18,22],"killed_by":"Slavers","ascension_level":0}}