{"host":"nowlnq08cups5y6x","time":1613587167,"event":{"mods":["2.2 Compatiblity","AchievementEnabler","Aspiration","BaseMod","Beaked The Cultist","Better Altar","Better Match","Better Note","Better Sensory Stone","Better Silent Start","Better Skull","Better Third Choice","BetterRewards","Card Forge","Colored Map","Colored Powertips","Conspire","Curses Come First","Defuse TimeMaze Blight","Energized Spire","Filter the Spire","Gold Saver","Grow up Mod","Halation","Highlight Path","Hubris","Hyrulean Relics","Infinite Spire","Minty Spire (QoL Compilation)","Permanent Neow","Rare Cards Sparkle","Relic Filter Mod","Reliquary","Remove Card Discount Mod","Replay The Spire","SacredBarkPlus","Shop Mod","Spicy Shops","StS++","StSLib","The Cursed","Transform Curses","UnlockEverythingMod"],"gold_per_floor":[117,117,117,117,133,161,161,6,33,64,84,102,184,201,201,352,352,466,505,539,539,601,601,708,754,802,854,938,990,228,255,255,410,410,437,460,492,518,761,761,800,800,827,895,996,996,1060,1117,1117,1184],"floor_reached":51,"language":"ENG","playtime":3731,"items_purged":[],"score":1398,"play_id":"00c6d2f1-ab4c-4f36-b99f-3d7d66e39e0f","local_time":"20210217133927","is_ascension_mode":true,"campfire_choices":[{"floor":15.0,"key":"RECALL"},{"floor":23.0,"key":"REST"},{"floor":32,"key":"REST"},{"floor":40,"key":"REST"},{"floor":42,"key":"REST"},{"floor":49,"key":"REST"}],"circlet_count":0,"master_deck":["AscendersBane","beaked:Strike_Y","beaked:Strike_Y","beaked:Strike_Y","beaked:Strike_Y","beaked:Strike_Y","beaked:Strike_Y","beaked:Defend_Y","beaked:Defend_Y","beaked:Defend_Y","beaked:Defend_Y","beaked:Ceremony+1","beaked:Ceremony+1","beaked:Ceremony+1","beaked:Foresight+1","hubris:Fate+1","beaked:Windmill+1","beaked:Insight","beaked:Insight","beaked:FakeOut+1","beaked:Windmill+1","beaked:BraceForImpact+1","beaked:MimicWarrior+1","beaked:Recite+1","beaked:Insight","beaked:BraceForImpact+1","beaked:Evade+1","beaked:Pecker+1","beaked:Foresight+1","beaked:MaddeningMurmurs+1","beaked:Evade+1","beaked:AwakenedForm+1","beaked:Daydream+1","beaked:Resilience+1","beaked:Evade+1","infinitespire:FutureSight+1","beaked:Resilience+1","beaked:Devastation","beaked:Daydream+1","beaked:MimicHuntress+1","beaked:DigDeep+1","beaked:MachineEssence","beaked:AwakenedForm"],"relics":["beaked:MendingPlumage","Hammer of Thor","Seething Fire","Anvil of the Gods","aspiration:Nostalgia","Cracked Core","hubris:Towel","hubris:MobiusCoin","MerchantsRug","reliquary:Boomerang","Matryoshka","halation:IllGainedPizza","energizedSpire:RedRose","halation:PromiseList","Toxic Egg 2","PreservedInsect","beaked:ThroatLozenge","ReplayTheSpireMod:Lightbulb","halation:LettersToHer","reliquary:PorcupineQuills","Darkstone Periapt","halation:Sosunser","ReplayTheSpireMod:Ninjato","Bottled Tornado","reliquary:WritOfMandamus","Replay:Baseball","reliquary:OuijaBoard","Replay:Bandana","Replay:Wax Seal","reliquary:RoseTintedGlasses","aspiration:Lifesprig"],"acts_visited":["Exordium","TheCity","TheBeyond"],"potions_floor_usage":[29,31,39,39,50,50],"damage_taken":[{"damage":19.0,"enemies":"Small Slimes","floor":1.0,"turns":4.0},{"damage":26.0,"enemies":"Jaw Worm","floor":5.0,"turns":4.0},{"damage":32.0,"enemies":"3 Sentries","floor":6.0,"turns":7.0},{"damage":35.0,"enemies":"Lagavulin","floor":10.0,"turns":5.0},{"damage":0.0,"enemies":"2 Louse","floor":11.0,"turns":3.0},{"damage":34.0,"enemies":"Blue Slaver","floor":12.0,"turns":4.0},{"damage":41.0,"enemies":"Gremlin Nob","floor":13.0,"turns":6.0},{"damage":13.0,"enemies":"2 Fungi Beasts","floor":14.0,"turns":3.0},{"damage":20.0,"enemies":"Slime Boss","floor":16.0,"turns":6.0},{"damage":80.0,"enemies":"3 Byrds","floor":18.0,"turns":7.0},{"damage":44.0,"enemies":"Shell Parasite","floor":19.0,"turns":7.0},{"damage":12.0,"enemies":"3 Cultists","floor":20.0,"turns":4.0},{"damage":115.0,"enemies":"conspire:MimicChest","floor":22.0,"turns":8.0},{"damage":68.0,"enemies":"Nightmare","floor":24.0,"turns":7.0},{"damage":49.0,"enemies":"Replay:Snechameleon","floor":27.0,"turns":6.0},{"damage":33.0,"enemies":"Snecko","floor":28.0,"turns":4.0},{"damage":56,"enemies":"Slavers","floor":29,"turns":3},{"damage":25,"enemies":"Centurion and Healer","floor":31,"turns":3},{"damage":75,"enemies":"conspire:MysteriousRune","floor":33,"turns":5},{"damage":18,"enemies":"Orb Walker","floor":35,"turns":2},{"damage":10,"enemies":"3 Darklings","floor":37,"turns":2},{"damage":37,"enemies":"Jaw Worm Horde","floor":38,"turns":3},{"damage":55,"enemies":"infinitespire:Three Voidlings","floor":39,"turns":3},{"damage":370,"enemies":"Nightmare_Alpha","floor":39,"turns":11},{"damage":7,"enemies":"R_Hoarder","floor":41,"turns":3},{"damage":33,"enemies":"Reptomancer","floor":44,"turns":2},{"damage":26,"enemies":"Spire Growth","floor":45,"turns":2},{"damage":50,"enemies":"Nemesis","floor":47,"turns":4},{"damage":29,"enemies":"Sphere and 2 Shapes","floor":48,"turns":3},{"damage":219,"enemies":"Time Eater","floor":50,"turns":8}],"seed_played":"2875684005347931473","potions_obtained":[{"floor":5.0,"key":"Reflective Coating"},{"floor":6.0,"key":"SteroidPotion"},{"floor":14.0,"key":"DuplicationPotion"},{"floor":16.0,"key":"ColorlessPotion"},{"floor":19.0,"key":"Reflective Coating"},{"floor":28.0,"key":"SneckoOil"},{"floor":33,"key":"Elixir"},{"floor":35,"key":"Energy Potion"},{"floor":41,"key":"Venom Potion"},{"floor":45,"key":"Block Potion"}],"is_trial":false,"path_per_floor":["M","?","$","?","M","E","?","$","T","E","M","M","E","M","R","B",null,"M","M","M","?","?","R","NM","T","T","E","M","E","$","M","R","B",null,"M","T","M","M","?","R","E","R","T","E","M","$","E","M","R","B",null],"character_chosen":"BEAKED_THE_CULTIST","items_purchased":["MerchantsRug","halation:Sosunser","ReplayTheSpireMod:Ninjato","Bottled Tornado","beaked:MaddeningMurmurs"],"campfire_rested":5,"item_purchase_floors":[8,30,30,30,30],"current_hp_per_floor":[55,65,75,85,79,75,85,95,105,96,114,101,88,92,102,118,205,160,171,192,202,130,224,202,212,222,208,205,179,189,190,311,303,378,388,398,428,405,99,244,470,480,490,479,484,494,508,527,550,473],"gold":1184,"neow_bonus":"NOSTALGIA","is_daily":false,"chose_seed":false,"campfire_upgraded":0,"win_rate":0.0,"timestamp":1613587167,"path_taken":["M","?","$","?","M","E","?","?","T","E","M","M","E","M","R","BOSS","M","M","M","?","?","R","NM","?","T","E","M","E","$","M","R","BOSS","M","?","M","M","?","R","E","R","T","E","M","$","E","M","R","BOSS"],"items_purchased_type":["Relic","Relic","Relic","Relic","Card"],"build_version":"2020-12-22","purchased_purges":0,"victory":true,"max_hp_per_floor":[70,80,90,100,110,120,130,140,150,160,170,180,190,200,210,220,230,240,250,260,270,280,290,300,310,320,330,340,350,360,370,380,390,400,410,420,430,440,450,460,470,480,490,500,510,520,530,540,550,560],"card_choices":[{"not_picked":["beaked:Tweet","beaked:DesperateSwing"],"picked":"beaked:Foresight","floor":1.0},{"not_picked":["infinitespire:TheBestDefense","infinitespire:Starlight"],"picked":"hubris:Fate","floor":2.0},{"not_picked":["beaked:Redirect","beaked:Poke"],"picked":"beaked:Windmill","floor":5.0},{"not_picked":["beaked:DigDeep","beaked:Sacrifice","beaked:Redirect"],"picked":"SKIP","floor":6.0},{"not_picked":["beaked:Brace","beaked:Tradeoff","beaked:SurvivalInstinct"],"picked":"SKIP","floor":10.0},{"not_picked":["beaked:Negation","beaked:Hexing"],"picked":"beaked:Insight","floor":11.0},{"not_picked":["beaked:Struggle","beaked:Foresight"],"picked":"beaked:FakeOut","floor":12.0},{"not_picked":["beaked:Overexert","beaked:DigDeeper","beaked:DigDeep"],"picked":"SKIP","floor":13.0},{"not_picked":["beaked:Tradeoff","beaked:Poke"],"picked":"beaked:Windmill","floor":14.0},{"not_picked":["beaked:WarriorSpirit","beaked:HuntressEssence"],"picked":"beaked:BraceForImpact","floor":18.0},{"not_picked":["beaked:Pecker","beaked:Redirect+1"],"picked":"beaked:MimicWarrior","floor":19.0},{"not_picked":["beaked:CursingBlood+1","beaked:Struggle"],"picked":"beaked:Recite","floor":20.0},{"not_picked":["beaked:Tradeoff+1","ReplayTheSpireMod:Prepare the Ceremony+1"],"picked":"beaked:Insight","floor":22.0},{"not_picked":["beaked:Roost+1","beaked:CursingBlood+1"],"picked":"beaked:BraceForImpact+1","floor":24.0},{"not_picked":["beaked:Daydream+1","beaked:Poke+1"],"picked":"beaked:Evade+1","floor":27.0},{"not_picked":["beaked:Daydream+1","beaked:Redirect+1"],"picked":"beaked:Pecker","floor":28.0},{"not_picked":["beaked:Brace+1","beaked:DigDeeper+1"],"picked":"beaked:Foresight+1","floor":29},{"not_picked":["beaked:Cower+1","beaked:Insight"],"picked":"beaked:Evade+1","floor":31},{"not_picked":["beaked:SacrificialScars+1","beaked:WildInstinct"],"picked":"beaked:AwakenedForm","floor":33},{"not_picked":["beaked:Tradeoff+1","beaked:Brace+1"],"picked":"beaked:Daydream+1","floor":35},{"not_picked":["beaked:RitualOfBody+1","beaked:Brace+1"],"picked":"beaked:Resilience+1","floor":37},{"not_picked":["beaked:CursingBlood+1","beaked:MimicWarrior+1"],"picked":"beaked:Evade+1","floor":38},{"not_picked":["ReplayTheSpireMod:Haul","infinitespire:TheBestDefense"],"picked":"infinitespire:FutureSight","floor":39},{"not_picked":["beaked:BraceForImpact+1","beaked:CursingBlood+1"],"picked":"beaked:Resilience+1","floor":39},{"not_picked":["beaked:Insight","beaked:Struggle+1"],"picked":"beaked:Devastation","floor":41},{"not_picked":["beaked:Brace+1","beaked:Tweet+1"],"picked":"beaked:Daydream+1","floor":44},{"not_picked":["beaked:HuntressSpirit+1","beaked:Redirect+1"],"picked":"beaked:MimicHuntress+1","floor":45},{"not_picked":["beaked:SacrificialScars+1","beaked:Pecker"],"picked":"beaked:DigDeep+1","floor":47},{"not_picked":["beaked:Insight+1","beaked:Daydream+1"],"picked":"beaked:MachineEssence","floor":48}],"player_experience":517604,"relics_obtained":[{"floor":6.0,"key":"hubris:MobiusCoin"},{"floor":9.0,"key":"reliquary:Boomerang"},{"floor":10.0,"key":"Matryoshka"},{"floor":13.0,"key":"halation:IllGainedPizza"},{"floor":22.0,"key":"halation:PromiseList"},{"floor":24.0,"key":"Toxic Egg 2"},{"floor":25.0,"key":"PreservedInsect"},{"floor":25.0,"key":"beaked:ThroatLozenge"},{"floor":26.0,"key":"ReplayTheSpireMod:Lightbulb"},{"floor":26.0,"key":"halation:LettersToHer"},{"floor":27.0,"key":"reliquary:PorcupineQuills"},{"floor":29,"key":"Darkstone Periapt"},{"floor":36,"key":"halation:LettersToHer"},{"floor":36,"key":"Replay:Baseball"},{"floor":39,"key":"reliquary:OuijaBoard"},{"floor":41,"key":"Replay:Bandana"},{"floor":43,"key":"Replay:Wax Seal"},{"floor":43,"key":"halation:LettersToHer"},{"floor":44,"key":"reliquary:RoseTintedGlasses"},{"floor":47,"key":"aspiration:Lifesprig"}],"event_choices":[{"cards_removed":["hubris:Fate"],"damage_healed":0.0,"max_hp_gain":0.0,"max_hp_loss":0.0,"gold_gain":0.0,"event_name":"betterNote:BetterNote","player_choice":"Give","floor":21.0,"gold_loss":0.0,"damage_taken":0.0,"cards_obtained":["Strike_P"]}],"is_beta":false,"boss_relics":[{"not_picked":["halation:SmartPhone","Snecko Eye"],"picked":"energizedSpire:RedRose"},{"not_picked":["halation:LoveArrow","Replay:Wanted Poster"],"picked":"reliquary:WritOfMandamus"}],"items_purged_floors":[],"is_endless":false,"potions_floor_spawned":[5,6,14,16,19,22,28,33,35,37,41,45],"ascension_level":10}}