{"host":"vlqej45p0v31lhdi","time":1613568345,"event":{"mods":["AchievementEnabler","BaseMod","Bestiary","Colored Powertips","Minty Spire (QoL Compilation)","Relic Stats"],"gold_per_floor":[112,123,135,3,23,23,23,53,53,87,87,113,0,15,15,90,90,107,119,137,187,204,204,218,54,54,54,65,65,99,114,114,188,188,208,227,227,238,258,258,258,258],"floor_reached":41,"language":"ENG","playtime":2665,"items_purged":["Injury"],"score":901,"play_id":"eb75508c-6412-4e34-b46b-1b8b52aed5f3","local_time":"20210217072545","is_ascension_mode":true,"campfire_choices":[{"data":"Immolate","floor":6.0,"key":"SMITH"},{"data":"Fiend Fire","floor":11.0,"key":"SMITH"},{"data":"Fiend Fire","floor":15.0,"key":"SMITH"},{"floor":23.0,"key":"REST"},{"floor":29.0,"key":"REST"},{"data":"Barricade","floor":32.0,"key":"SMITH"},{"floor":40.0,"key":"REST"}],"circlet_count":0,"master_deck":["AscendersBane","Strike_R","Strike_R","Strike_R","Strike_R","Strike_R","Defend_R","Defend_R","Defend_R","Defend_R","Bash","Fiend Fire+1","Sword Boomerang","Thunderclap","Metallicize","Immolate+1","Twin Strike","Fiend Fire+1","Flame Barrier","Battle Trance","Spot Weakness","Barricade+1","Spot Weakness","Cleave","Corruption","Shockwave","Inflame","Dark Embrace","Shrug It Off","Warcry+1","Reaper","Parasite","Combust","Heavy Blade+1"],"relics":["Burning Blood","Peace Pipe","Gambling Chip","Self Forming Clay","Lizard Tail","SlaversCollar","Kunai","Shovel","Fusion Hammer"],"acts_visited":["Exordium","TheCity","TheBeyond"],"potions_floor_usage":[],"damage_taken":[{"damage":7.0,"enemies":"Jaw Worm","floor":1.0,"turns":4.0},{"damage":1.0,"enemies":"Small Slimes","floor":2.0,"turns":3.0},{"damage":0.0,"enemies":"Cultist","floor":3.0,"turns":3.0},{"damage":11.0,"enemies":"Red Slaver","floor":5.0,"turns":4.0},{"damage":22.0,"enemies":"3 Sentries","floor":8.0,"turns":5.0},{"damage":0.0,"enemies":"Gremlin Nob","floor":10.0,"turns":2.0},{"damage":5.0,"enemies":"3 Sentries","floor":12.0,"turns":2.0},{"damage":1.0,"enemies":"Exordium Thugs","floor":14.0,"turns":3.0},{"damage":41.0,"enemies":"The Guardian","floor":16.0,"turns":11.0},{"damage":12.0,"enemies":"3 Byrds","floor":18.0,"turns":3.0},{"damage":21.0,"enemies":"Shell Parasite","floor":19.0,"turns":3.0},{"damage":37.0,"enemies":"Sentry and Sphere","floor":20.0,"turns":7.0},{"damage":12.0,"enemies":"3 Cultists","floor":22.0,"turns":3.0},{"damage":21.0,"enemies":"Cultist and Chosen","floor":24.0,"turns":6.0},{"damage":20.0,"enemies":"Colosseum Slavers","floor":27.0,"turns":4.0},{"damage":3.0,"enemies":"Snecko","floor":28.0,"turns":5.0},{"damage":22.0,"enemies":"Gremlin Leader","floor":30.0,"turns":4.0},{"damage":24.0,"enemies":"Shelled Parasite and Fungi","floor":31.0,"turns":5.0},{"damage":88.0,"enemies":"Automaton","floor":33.0,"turns":11.0},{"damage":27.0,"enemies":"3 Shapes","floor":35.0,"turns":9.0},{"damage":8.0,"enemies":"Orb Walker","floor":36.0,"turns":4.0},{"damage":25.0,"enemies":"Writhing Mass","floor":38.0,"turns":6.0},{"damage":68.0,"enemies":"Spire Growth","floor":39.0,"turns":7.0},{"damage":52,"enemies":"Nemesis","floor":41,"turns":4}],"seed_played":"-7133093743253185231","potions_obtained":[{"floor":3.0,"key":"Regen Potion"},{"floor":10.0,"key":"AttackPotion"},{"floor":16.0,"key":"Strength Potion"},{"floor":20.0,"key":"Ancient Potion"},{"floor":24.0,"key":"Weak Potion"},{"floor":28.0,"key":"FairyPotion"},{"floor":31.0,"key":"EssenceOfSteel"},{"floor":33.0,"key":"PowerPotion"},{"floor":35.0,"key":"EssenceOfSteel"}],"is_trial":false,"path_per_floor":["M","M","M","$","M","R","?","E","T","E","R","E","$","M","R","B",null,"M","M","M","?","M","R","M","$","T","?","M","R","E","M","R","B",null,"M","M","?","M","M","R","E"],"character_chosen":"IRONCLAD","items_purchased":["Immolate","Swift Potion","EntropicBrew","Inflame"],"campfire_rested":3,"item_purchase_floors":[4,4,13,25],"current_hp_per_floor":[67,72,75,75,70,70,75,59,59,65,65,66,66,71,71,51,73,67,52,21,21,15,39,24,24,24,10,13,37,21,29,29,25,66,63,79,76,76,26,48,0,0],"gold":258,"neow_bonus":"THREE_RARE_CARDS","is_daily":false,"chose_seed":false,"campfire_upgraded":4,"win_rate":0.0,"timestamp":1613568345,"path_taken":["M","M","M","$","M","R","?","E","T","E","R","E","$","M","R","BOSS","M","M","M","?","M","R","M","?","T","?","M","R","E","M","R","BOSS","M","M","?","M","M","R","E"],"items_purchased_type":["Card","Potion","Potion","Card"],"build_version":"2020-12-22","purchased_purges":1,"victory":false,"max_hp_per_floor":[75,75,75,75,75,75,80,80,80,80,80,80,80,80,80,80,80,80,80,80,80,80,80,80,80,80,80,80,80,80,80,80,80,80,80,80,76,76,76,76,76,76],"relic_stats":{"Peace Pipe":0,"Lizard Tail":40,"Shovel":0,"counters":[24,118],"Self Forming Clay":[222],"Gambling Chip":[52],"Kunai":[9],"obtain_stats":[{"Peace Pipe":8,"SlaversCollar":17,"Lizard Tail":12,"Shovel":30,"Self Forming Clay":10,"Gambling Chip":9,"Fusion Hammer":34,"Kunai":26,"Burning Blood":0},{"Peace Pipe":5,"SlaversCollar":9,"Lizard Tail":7,"Shovel":17,"Self Forming Clay":6,"Gambling Chip":5,"Fusion Hammer":19,"Kunai":14,"Burning Blood":0},{"Peace Pipe":19,"SlaversCollar":37,"Lizard Tail":23,"Shovel":72,"Self Forming Clay":21,"Gambling Chip":19,"Fusion Hammer":88,"Kunai":59,"Burning Blood":0}],"Burning Blood":132},"card_choices":[{"not_picked":["Limit Break","Brutality"],"picked":"Fiend Fire","floor":0.0},{"not_picked":["Pommel Strike","Wild Strike"],"picked":"Sword Boomerang","floor":1.0},{"not_picked":["Warcry","Intimidate"],"picked":"Thunderclap","floor":2.0},{"not_picked":["Dropkick","Warcry"],"picked":"Metallicize","floor":3.0},{"not_picked":["Havoc","Clothesline"],"picked":"Twin Strike","floor":5.0},{"not_picked":["Rupture","Cleave"],"picked":"Fiend Fire","floor":8.0},{"not_picked":["Clothesline","Carnage"],"picked":"Flame Barrier","floor":10.0},{"not_picked":["Twin Strike","Seeing Red"],"picked":"Battle Trance","floor":12.0},{"not_picked":["Clash","Armaments"],"picked":"Spot Weakness","floor":14.0},{"not_picked":["Exhume","Double Tap"],"picked":"Barricade","floor":16.0},{"not_picked":["Havoc","Clash","Sword Boomerang"],"picked":"SKIP","floor":18.0},{"not_picked":["Havoc","Perfected Strike"],"picked":"Spot Weakness","floor":19.0},{"not_picked":["Carnage","Wild Strike"],"picked":"Cleave","floor":20.0},{"not_picked":["Warcry","Power Through"],"picked":"Corruption","floor":22.0},{"not_picked":["Twin Strike+1","Perfected Strike"],"picked":"Shockwave","floor":24.0},{"not_picked":["Uppercut","Wild Strike"],"picked":"Dark Embrace","floor":28.0},{"not_picked":["Wild Strike","Cleave"],"picked":"Shrug It Off","floor":30.0},{"not_picked":["Brutality","Whirlwind"],"picked":"Warcry+1","floor":31.0},{"not_picked":["Exhume","Fiend Fire"],"picked":"Reaper","floor":33.0},{"not_picked":["Armaments","Havoc","Perfected Strike"],"picked":"SKIP","floor":35.0},{"not_picked":["Hemokinesis","Perfected Strike+1","Twin Strike+1"],"picked":"SKIP","floor":36.0},{"not_picked":["Searing Blow","Clothesline"],"picked":"Combust","floor":38.0},{"not_picked":["Bloodletting","Twin Strike"],"picked":"Heavy Blade+1","floor":39.0}],"player_experience":2995109,"relics_obtained":[{"floor":8.0,"key":"Peace Pipe"},{"floor":9.0,"key":"Gambling Chip"},{"floor":10.0,"key":"Self Forming Clay"},{"floor":12.0,"key":"Lizard Tail"},{"floor":26.0,"key":"Kunai"},{"floor":30.0,"key":"Shovel"}],"event_choices":[{"damage_healed":0.0,"max_hp_gain":5.0,"max_hp_loss":0.0,"gold_gain":0.0,"event_name":"Big Fish","player_choice":"Donut","floor":7.0,"gold_loss":0.0,"damage_taken":0.0},{"damage_healed":0.0,"max_hp_gain":0.0,"max_hp_loss":0.0,"gold_gain":50.0,"event_name":"Nest","player_choice":"Stole From Cult","floor":21.0,"gold_loss":0.0,"damage_taken":0.0},{"damage_healed":0.0,"max_hp_gain":0.0,"max_hp_loss":0.0,"gold_gain":0.0,"event_name":"Colosseum","player_choice":"Fight","floor":27.0,"gold_loss":0.0,"damage_taken":0.0},{"damage_healed":0.0,"max_hp_gain":0.0,"max_hp_loss":0.0,"gold_gain":0.0,"event_name":"Colosseum","player_choice":"Fled From Nobs","floor":27.0,"gold_loss":0.0,"damage_taken":0.0},{"damage_healed":0.0,"max_hp_gain":0.0,"max_hp_loss":4.0,"gold_gain":0.0,"event_name":"Winding Halls","player_choice":"Max HP","floor":37.0,"gold_loss":0.0,"damage_taken":0.0}],"is_beta":false,"boss_relics":[{"not_picked":["Busted Crown","Runic Cube"],"picked":"SlaversCollar"},{"not_picked":["Calling Bell","Black Blood"],"picked":"Fusion Hammer"}],"items_purged_floors":[25],"is_endless":false,"potions_floor_spawned":[3,8,10,16,20,24,28,31,33,35],"killed_by":"Nemesis","ascension_level":19}}