{"host":"f1ywytio1xmbwkwz","time":1613540855,"event":{"mods":["BaseMod","Minty Spire (QoL Compilation)","Relic Stats","StSLib"],"gold_per_floor":[213,223,243,21,36,61,61,95,163,163,188,188,208,228,228,325,325,342,342,342,355,28,62,62,88,114,130,165,180,55,55,55,157,157,169,189,22,39,89,89,123,123,148,174,174,202,255,273,273,273],"floor_reached":51,"language":"ENG","playtime":2322,"items_purged":["Strike_R","Strike_R","Strike_R"],"score":1073,"play_id":"eb5b65f3-0439-46f2-833d-8cdd9903667f","local_time":"20210216224735","is_ascension_mode":true,"campfire_choices":[{"floor":7,"key":"REST"},{"data":"Bash","floor":10,"key":"SMITH"},{"floor":12,"key":"REST"},{"floor":15,"key":"REST"},{"floor":24,"key":"RECALL"},{"floor":32,"key":"REST"},{"floor":40,"key":"REST"},{"floor":42,"key":"REST"},{"floor":45,"key":"REST"},{"floor":49,"key":"REST"}],"circlet_count":0,"master_deck":["Strike_R","Strike_R","Defend_R","Defend_R","Defend_R","Defend_R","Bash+1","Heavy Blade","Cleave","Ghostly Armor","Flex","Inflame","Flex","Rage","Iron Wave+1","Reaper","Armaments+1","Shame","Pommel Strike+1","Spot Weakness","Iron Wave+1","Cleave","Warcry+1","RitualDagger","Impervious","Seeing Red","Shrug It Off","Spot Weakness","Shockwave","Metallicize+1","Body Slam+1","Demon Form+1"],"relics":["Burning Blood","Bronze Scales","Ice Cream","Torii","Shuriken","Pen Nib","Fusion Hammer","Anchor","Bag of Marbles","Frozen Egg 2","Red Mask","Ancient Tea Set","MealTicket","SlaversCollar","Whetstone","FossilizedHelix","Thread and Needle","PreservedInsect","StoneCalendar","Pocketwatch","Lizard Tail"],"acts_visited":["Exordium","TheCity","TheBeyond"],"potions_floor_usage":[8,11,14,16,28,28,33,38,41,44,50],"damage_taken":[{"damage":7.0,"enemies":"Jaw Worm","floor":1.0,"turns":3.0},{"damage":0.0,"enemies":"Small Slimes","floor":2.0,"turns":3.0},{"damage":0.0,"enemies":"2 Louse","floor":3.0,"turns":2.0},{"damage":11,"enemies":"Looter","floor":5,"turns":2},{"damage":39,"enemies":"Gremlin Nob","floor":6,"turns":4},{"damage":25,"enemies":"3 Sentries","floor":8,"turns":6},{"damage":25,"enemies":"Lagavulin","floor":11,"turns":5},{"damage":22,"enemies":"Exordium Thugs","floor":13,"turns":4},{"damage":5,"enemies":"Gremlin Gang","floor":14,"turns":4},{"damage":32,"enemies":"The Guardian","floor":16,"turns":9},{"damage":8,"enemies":"Shell Parasite","floor":18,"turns":5},{"damage":0,"enemies":"Chosen","floor":21,"turns":4},{"damage":22,"enemies":"Gremlin Leader","floor":23,"turns":6},{"damage":2,"enemies":"Masked Bandits","floor":25,"turns":4},{"damage":0,"enemies":"Snake Plant","floor":27,"turns":2},{"damage":20,"enemies":"Slavers","floor":28,"turns":2},{"damage":25,"enemies":"Centurion and Healer","floor":29,"turns":5},{"damage":111,"enemies":"Champ","floor":33,"turns":9},{"damage":16,"enemies":"3 Shapes","floor":35,"turns":4},{"damage":6,"enemies":"3 Darklings","floor":36,"turns":4},{"damage":16,"enemies":"Jaw Worm Horde","floor":38,"turns":4},{"damage":8,"enemies":"Mind Bloom Boss Battle","floor":39,"turns":5},{"damage":34,"enemies":"Giant Head","floor":41,"turns":8},{"damage":3,"enemies":"Nemesis","floor":44,"turns":5},{"damage":0,"enemies":"Reptomancer","floor":46,"turns":4},{"damage":16,"enemies":"2 Orb Walkers","floor":47,"turns":4},{"damage":1,"enemies":"Maw","floor":48,"turns":7},{"damage":68,"enemies":"Time Eater","floor":50,"turns":9}],"seed_played":"3691453756580143172","potions_obtained":[{"floor":3,"key":"SkillPotion"},{"floor":8,"key":"Weak Potion"},{"floor":11,"key":"SteroidPotion"},{"floor":13,"key":"Block Potion"},{"floor":16,"key":"ElixirPotion"},{"floor":18,"key":"FairyPotion"},{"floor":25,"key":"Strength Potion"},{"floor":27,"key":"BlessingOfTheForge"},{"floor":29,"key":"SkillPotion"},{"floor":33,"key":"AttackPotion"},{"floor":38,"key":"SkillPotion"},{"floor":41,"key":"SkillPotion"},{"floor":44,"key":"FairyPotion"},{"floor":47,"key":"LiquidBronze"}],"is_trial":false,"path_per_floor":["M","M","M","$","M","E","R","E","T","R","E","R","M","M","R","B",null,"M","?","?","M","$","E","R","?","T","M","E","M","$","?","R","B",null,"M","M","$","M","?","R","E","R","T","E","R","E","?","M","R","B",null],"character_chosen":"IRONCLAD","items_purchased":["Bronze Scales","Bag of Marbles","Spot Weakness","Whetstone","Shrug It Off"],"campfire_rested":8,"item_purchase_floors":[4,22,22,37,37],"current_hp_per_floor":[71,77,80,80,75,42,66,47,47,47,28,52,36,37,61,35,69,67,67,67,77,77,72,72,76,76,80,80,74,80,74,80,30,68,71,71,80,70,78,80,52,76,76,79,80,80,70,80,80,41],"gold":273,"neow_bonus":"HUNDRED_GOLD","is_daily":false,"chose_seed":false,"campfire_upgraded":1,"win_rate":0.0,"timestamp":1613540855,"path_taken":["M","M","M","$","M","E","R","E","T","R","E","R","M","M","R","BOSS","M","?","?","M","$","E","R","?","T","M","E","M","$","?","R","BOSS","M","M","$","M","?","R","E","R","T","E","R","E","?","?","R","BOSS"],"items_purchased_type":["Relic","Relic","Card","Relic","Card"],"build_version":"2020-12-22","purchased_purges":3,"victory":true,"max_hp_per_floor":[80,80,80,80,80,80,80,80,80,80,80,80,80,80,80,80,80,80,80,80,80,80,80,80,80,80,80,80,80,80,80,80,80,80,80,80,80,80,80,80,80,80,80,80,80,80,80,80,80,80],"relic_stats":{"Torii":64,"counters":[28,133],"StoneCalendar":[83],"Pen Nib":[19],"PreservedInsect":105,"Whetstone":["Pommel Strike","Iron Wave"],"Burning Blood":146,"Lizard Tail":0,"Shuriken":[25],"Bronze Scales":[367],"MealTicket":15,"obtain_stats":[{"Ice Cream":6,"Torii":8,"Thread and Needle":41,"StoneCalendar":44,"Pen Nib":11,"PreservedInsect":43,"Whetstone":37,"Frozen Egg 2":23,"Ancient Tea Set":26,"Burning Blood":0,"SlaversCollar":34,"Anchor":19,"Lizard Tail":47,"Shuriken":9,"Bronze Scales":4,"MealTicket":28,"Fusion Hammer":17,"Bag of Marbles":22,"Red Mask":25,"FossilizedHelix":39,"Pocketwatch":46},{"Ice Cream":5,"Torii":6,"Thread and Needle":23,"StoneCalendar":24,"Pen Nib":7,"PreservedInsect":23,"Whetstone":20,"Frozen Egg 2":13,"Ancient Tea Set":14,"Burning Blood":0,"SlaversCollar":18,"Anchor":11,"Lizard Tail":26,"Shuriken":6,"Bronze Scales":3,"MealTicket":16,"Fusion Hammer":10,"Bag of Marbles":12,"Red Mask":14,"FossilizedHelix":22,"Pocketwatch":25},{"Ice Cream":14,"Torii":20,"Thread and Needle":104,"StoneCalendar":109,"Pen Nib":25,"PreservedInsect":104,"Whetstone":87,"Frozen Egg 2":57,"Ancient Tea Set":61,"Burning Blood":0,"SlaversCollar":79,"Anchor":47,"Lizard Tail":117,"Shuriken":20,"Bronze Scales":8,"MealTicket":65,"Fusion Hammer":42,"Bag of Marbles":51,"Red Mask":61,"FossilizedHelix":96,"Pocketwatch":113}],"Pocketwatch":[12]},"card_choices":[{"not_picked":["Sword Boomerang","Second Wind","True Grit"],"picked":"SKIP","floor":1.0},{"not_picked":["Iron Wave","Body Slam"],"picked":"Heavy Blade","floor":2.0},{"not_picked":["Bloodletting","Shrug It Off"],"picked":"Cleave","floor":3},{"not_picked":["Anger","Double Tap"],"picked":"Ghostly Armor","floor":5},{"not_picked":["Searing Blow","Second Wind"],"picked":"Flex","floor":6},{"not_picked":["Iron Wave","Armaments"],"picked":"Inflame","floor":8},{"not_picked":["Combust","Evolve"],"picked":"Flex","floor":11},{"not_picked":["Rupture","Clash"],"picked":"Rage","floor":13},{"not_picked":["Whirlwind","Pommel Strike"],"picked":"Iron Wave","floor":14},{"not_picked":["Barricade","Offering"],"picked":"Reaper","floor":16},{"not_picked":["Body Slam","Iron Wave"],"picked":"Armaments+1","floor":18},{"not_picked":["Sword Boomerang","Iron Wave"],"picked":"Pommel Strike","floor":21},{"not_picked":["Havoc+1","Anger"],"picked":"Iron Wave+1","floor":23},{"not_picked":["Corruption+1","Wild Strike"],"picked":"Cleave","floor":25},{"not_picked":["Perfected Strike+1","Cleave"],"picked":"Warcry+1","floor":27},{"not_picked":["Searing Blow","Second Wind","Rampage"],"picked":"SKIP","floor":28},{"not_picked":["Second Wind","Iron Wave+1","Heavy Blade"],"picked":"SKIP","floor":29},{"not_picked":["Offering","Feed"],"picked":"Impervious","floor":33},{"not_picked":["Thunderclap","Headbutt","Perfected Strike+1"],"picked":"SKIP","floor":35},{"not_picked":["Havoc","Sword Boomerang"],"picked":"Seeing Red","floor":36},{"not_picked":["Heavy Blade+1","Bloodletting"],"picked":"Spot Weakness","floor":38},{"not_picked":["Cleave+1","Infernal Blade"],"picked":"Shockwave","floor":39},{"not_picked":["Intimidate+1","Cleave","Searing Blow"],"picked":"SKIP","floor":41},{"not_picked":["Intimidate+1","Sword Boomerang+1"],"picked":"Metallicize+1","floor":44},{"not_picked":["Shrug It Off","Anger"],"picked":"Body Slam+1","floor":46},{"not_picked":["Seeing Red","Wild Strike+1"],"picked":"Demon Form+1","floor":48}],"player_experience":304072,"relics_obtained":[{"floor":6,"key":"Ice Cream"},{"floor":8,"key":"Torii"},{"floor":9,"key":"Shuriken"},{"floor":11,"key":"Pen Nib"},{"floor":23,"key":"Frozen Egg 2"},{"floor":25,"key":"Red Mask"},{"floor":26,"key":"Ancient Tea Set"},{"floor":28,"key":"MealTicket"},{"floor":39,"key":"FossilizedHelix"},{"floor":41,"key":"Thread and Needle"},{"floor":43,"key":"PreservedInsect"},{"floor":44,"key":"StoneCalendar"},{"floor":46,"key":"Pocketwatch"},{"floor":47,"key":"Lizard Tail"}],"event_choices":[{"damage_healed":0,"gold_gain":0,"player_choice":"Stole Relic","damage_taken":0,"relics_obtained":["Anchor"],"max_hp_gain":0,"max_hp_loss":0,"event_name":"Addict","floor":19,"gold_loss":0,"cards_obtained":["Shame"]},{"damage_healed":0,"gold_gain":0,"player_choice":"Ignored","damage_taken":0,"max_hp_gain":0,"max_hp_loss":0,"event_name":"Ghosts","floor":20,"gold_loss":0},{"damage_healed":0,"gold_gain":0,"player_choice":"Fought Bandits","damage_taken":0,"max_hp_gain":0,"max_hp_loss":0,"event_name":"Masked Bandits","floor":25,"gold_loss":0},{"damage_healed":0,"gold_gain":0,"player_choice":"Joined the Cult","damage_taken":6,"max_hp_gain":0,"max_hp_loss":0,"event_name":"Nest","floor":31,"gold_loss":0,"cards_obtained":["RitualDagger"]},{"damage_healed":0,"gold_gain":0,"player_choice":"Fight","damage_taken":0,"max_hp_gain":0,"max_hp_loss":0,"event_name":"MindBloom","floor":39,"gold_loss":0},{"damage_healed":0,"gold_gain":0,"player_choice":"Fight","damage_taken":0,"max_hp_gain":0,"max_hp_loss":0,"event_name":"Mysterious Sphere","floor":47,"gold_loss":0}],"is_beta":false,"boss_relics":[{"not_picked":["Snecko Eye","Velvet Choker"],"picked":"Fusion Hammer"},{"not_picked":["Astrolabe","Runic Cube"],"picked":"SlaversCollar"}],"items_purged_floors":[4,22,30],"is_endless":false,"potions_floor_spawned":[3,8,11,13,16,18,25,27,29,33,38,41,44,47],"ascension_level":6}}