{"host":"9nqlpswyo8o6ezw3","time":1613604259,"event":{"mods":["Act Like it!","BaseMod","Colored Powertips","Downfall","Hallownest","Hermit","Lobotomy","LobotomyExtend","Marisa????????","Minty Spire (QoL Compilation)","StSLib","The Bug Knight","The Cursed"],"gold_per_floor":[113,113,131,148,223,223,223,233,233,249,261,277,277,238,238,337,337,354,354,319,319],"floor_reached":20,"language":"ENG","playtime":1710,"items_purged":[],"score":168,"play_id":"b92a3f1b-8620-43e2-945d-7d4eb2343665","local_time":"20210217182419","is_ascension_mode":false,"campfire_choices":[{"floor":6.0,"key":"REST"},{"data":"hermit:Deadeye","floor":13.0,"key":"SMITH"},{"data":"hermit:Headshot","floor":15.0,"key":"SMITH"}],"circlet_count":0,"master_deck":["hermit:Strike_Hermit","hermit:Strike_Hermit","hermit:Strike_Hermit","hermit:Strike_Hermit","hermit:Defend_Hermit","hermit:Defend_Hermit","hermit:Defend_Hermit","hermit:Defend_Hermit","hermit:Snapshot","hermit:Covet","hermit:Headshot+1","FieryBird","hermit:TrackingShot","Freischutz","hermit:Glare","GreedKing","hermit:Dive","MeatLantern","hermit:Vantage","Woodsman","hermit:WideOpen","Wellcheers","hermit:Deadeye+1","CherryBlossoms","hermit:FatalDesire","BlackSwan","hermit:FromBeyond","hermit:Coalescence+1","ShyLook","Hallownest:attackMasterCycloneSlash"],"relics":["hermit:Momento","CogitoBucket","LetterFromLob","NlothsMask","FleshIdol","bronze:MakeshiftBattery"],"acts_visited":["Exordium","Hallownest:CityofTears"],"potions_floor_usage":[20],"damage_taken":[{"damage":0.0,"enemies":"Small Slimes","floor":1.0,"turns":3.0},{"damage":1.0,"enemies":"Cultist","floor":3.0,"turns":4.0},{"damage":12.0,"enemies":"Jaw Worm","floor":4.0,"turns":4.0},{"damage":9.0,"enemies":"Blue Slaver","floor":8.0,"turns":4.0},{"damage":8.0,"enemies":"Red Slaver","floor":10.0,"turns":3.0},{"damage":14.0,"enemies":"Exordium Wildlife","floor":11.0,"turns":5.0},{"damage":0.0,"enemies":"3 Louse","floor":12.0,"turns":4.0},{"damage":5.0,"enemies":"Lots of Slimes","floor":14.0,"turns":6.0},{"damage":60.0,"enemies":"Slime Boss","floor":16.0,"turns":11.0},{"damage":11.0,"enemies":"Hallownest:2_Mistakes","floor":18.0,"turns":8.0},{"damage":110,"enemies":"Hallownest:Flukemon_and_Top","floor":20,"turns":3}],"seed_played":"-2062016626287844671","potions_obtained":[{"floor":1.0,"key":"sneckomod:MuddlingPotion"},{"floor":8.0,"key":"GamblersBrew"},{"floor":11.0,"key":"EssenceOfSteel"}],"is_trial":false,"path_per_floor":["M","?","M","M","?","R","?","M","T","M","M","M","R","M","R","B",null,"M","?","M"],"character_chosen":"HERMIT","items_purchased":[],"campfire_rested":1,"item_purchase_floors":[],"current_hp_per_floor":[75,75,74,62,51,73,73,64,64,56,42,60,60,75,75,34,75,75,75,0,0],"gold":319,"neow_bonus":"","is_daily":false,"chose_seed":false,"campfire_upgraded":2,"win_rate":0.0,"timestamp":1613604259,"path_taken":["M","?","?","M","?","R","?","M","T","?","M","M","R","M","R","BOSS","M","?","M"],"items_purchased_type":[],"build_version":"2020-12-22","purchased_purges":0,"victory":false,"max_hp_per_floor":[75,75,75,75,75,75,75,75,75,75,75,75,75,75,75,75,75,75,75,75,75],"card_choices":[{"not_picked":["Bloodbath","Rudolta"],"picked":"LittlePrince","floor":1.0},{"not_picked":["hermit:Feint","hermit:Snipe"],"picked":"hermit:Headshot","floor":1.0},{"not_picked":["GalaxyChild","SpiderBud"],"picked":"FieryBird","floor":3.0},{"not_picked":["hermit:SprayPray","hermit:CalledShot"],"picked":"hermit:TrackingShot","floor":3.0},{"not_picked":["CrumblingArmor","BeautyBeast"],"picked":"Freischutz","floor":4.0},{"not_picked":["hermit:Quickdraw","hermit:ShadowCloak"],"picked":"hermit:Glare","floor":4.0},{"not_picked":["MeatLantern","WallGazer"],"picked":"GreedKing","floor":8.0},{"not_picked":["hermit:Cheat","hermit:BodyArmor"],"picked":"hermit:Dive","floor":8.0},{"not_picked":["QueenOfHatred","WhitesApple","MeatLantern"],"picked":"Singing Bowl","floor":10.0},{"not_picked":["Alriune","OSAHOGD"],"picked":"MeatLantern","floor":10.0},{"not_picked":["hermit:SprayPray","hermit:Manifest"],"picked":"hermit:Vantage","floor":10.0},{"not_picked":["Alriune","OSAHOGD"],"picked":"Woodsman","floor":11.0},{"not_picked":["hermit:Glare","hermit:SprayPray"],"picked":"hermit:WideOpen","floor":11.0},{"not_picked":["OldLady","WallGazer","Scorched"],"picked":"Singing Bowl","floor":12.0},{"not_picked":["BeautyBeast","BigBadWolf"],"picked":"Wellcheers","floor":12.0},{"not_picked":["hermit:BigShot","hermit:Brawl"],"picked":"hermit:Deadeye","floor":12.0},{"not_picked":["Bloodbath","VoidDream"],"picked":"CherryBlossoms","floor":14.0},{"not_picked":["hermit:Malice","hermit:HighCaliber"],"picked":"hermit:FatalDesire","floor":14.0},{"not_picked":["WallGazer","UniverseFragment","OldLady"],"picked":"Singing Bowl","floor":16.0},{"not_picked":["ShyLook","Yin"],"picked":"BlackSwan","floor":16.0},{"not_picked":["hermit:EternalForm","hermit:Purgatory"],"picked":"hermit:FromBeyond","floor":16.0},{"not_picked":["hermit:Glare+1","hermit:Headshot"],"picked":"hermit:Coalescence+1","floor":18.0},{"not_picked":["MHz","Murderer","VoidDream"],"picked":"Singing Bowl","floor":18.0},{"not_picked":["Murderer","PunishingBird"],"picked":"ShyLook","floor":18.0}],"player_experience":62264,"relics_obtained":[{"floor":1.0,"key":"LetterFromLob"}],"event_choices":[{"damage_healed":0.0,"max_hp_gain":0.0,"max_hp_loss":0.0,"gold_gain":0.0,"event_name":"FaceTrader","player_choice":"Trade","floor":2.0,"gold_loss":0.0,"damage_taken":0.0,"relics_obtained":["NlothsMask"]},{"damage_healed":0.0,"max_hp_gain":0.0,"max_hp_loss":0.0,"gold_gain":75.0,"event_name":"World of Goop","player_choice":"Gather Gold","floor":5.0,"gold_loss":0.0,"damage_taken":11.0},{"cards_removed":["LittlePrince"],"damage_healed":0.0,"max_hp_gain":0.0,"max_hp_loss":0.0,"gold_gain":0.0,"event_name":"Purifier","player_choice":"Purged","floor":7.0,"gold_loss":0.0,"damage_taken":0.0}],"is_beta":false,"boss_relics":[{"not_picked":["Empty Cage","hermit:ClaspedLocket"],"picked":"bronze:MakeshiftBattery"}],"items_purged_floors":[],"is_endless":false,"potions_floor_spawned":[1,8,11,12,16,18],"killed_by":"Hallownest:Flukemon_and_Top","ascension_level":0}}