{"host":"8rqsnaeml9gxb0kp","time":1613532088,"event":{"mods":["AchievementEnabler","BaseMod","Colored Powertips","Dark Map","Minty Spire (QoL Compilation)","Rare Cards Sparkle","Relic Stats","StSLib","slay the spire mod where everything is the same but ironclad has a cowboy hat"],"gold_per_floor":[117,128,143,154,170,170,200,200,200,234,183,183,25,41,41,117,117,133,133,408,425,435,435,37,37,37,37,50,50,67,85,85,85,85],"floor_reached":33,"language":"ENG","playtime":1122,"items_purged":["Regret"],"score":603,"play_id":"3618c6d8-fb06-4a7f-9860-2bc0978a681e","local_time":"20210216192128","is_ascension_mode":true,"campfire_choices":[{"floor":6.0,"key":"REST"},{"data":"Perfected Strike","floor":8.0,"key":"SMITH"},{"floor":12.0,"key":"REST"},{"floor":15.0,"key":"REST"},{"data":"Flame Barrier","floor":23.0,"key":"SMITH"},{"data":"Heavy Blade","floor":25.0,"key":"SMITH"},{"floor":27.0,"key":"REST"},{"data":"Double Tap","floor":32.0,"key":"SMITH"}],"circlet_count":0,"master_deck":["AscendersBane","Strike_R+1","Strike_R+1","Strike_R+1","Strike_R+1","Strike_R+1","Defend_R+1","Defend_R+1","Defend_R+1","Defend_R+1","Bash","Flame Barrier+1","Perfected Strike+1","Pommel Strike","Double Tap+1","Twin Strike","Pommel Strike","Perfected Strike+1","Heavy Blade+1","Bludgeon","Power Through","True Grit","Perfected Strike","Shrug It Off"],"relics":["Mark of Pain","Vajra","Oddly Smooth Stone","DollysMirror","Velvet Choker","Du-Vu Doll","Mummified Hand"],"acts_visited":["Exordium","TheCity"],"potions_floor_usage":[33,33],"damage_taken":[{"damage":24.0,"enemies":"Jaw Worm","floor":1.0,"turns":4.0},{"damage":2.0,"enemies":"2 Louse","floor":2.0,"turns":3.0},{"damage":7.0,"enemies":"Small Slimes","floor":3.0,"turns":4.0},{"damage":8.0,"enemies":"2 Fungi Beasts","floor":4.0,"turns":4.0},{"damage":0.0,"enemies":"Large Slime","floor":5.0,"turns":4.0},{"damage":6.0,"enemies":"Gremlin Nob","floor":7.0,"turns":3.0},{"damage":35.0,"enemies":"Lagavulin","floor":10.0,"turns":4.0},{"damage":0.0,"enemies":"Looter","floor":14.0,"turns":1.0},{"damage":0.0,"enemies":"Slime Boss","floor":16.0,"turns":4.0},{"damage":21.0,"enemies":"Shell Parasite","floor":18.0,"turns":2.0},{"damage":26.0,"enemies":"2 Thieves","floor":21.0,"turns":3.0},{"damage":0.0,"enemies":"Snecko","floor":22.0,"turns":2.0},{"damage":0.0,"enemies":"Cultist and Chosen","floor":28.0,"turns":3.0},{"damage":13.0,"enemies":"3 Cultists","floor":30.0,"turns":4.0},{"damage":0.0,"enemies":"Centurion and Healer","floor":31.0,"turns":3.0},{"damage":66,"enemies":"Champ","floor":33,"turns":8}],"seed_played":"6106708478415203838","potions_obtained":[{"floor":3.0,"key":"SpeedPotion"},{"floor":4.0,"key":"Swift Potion"},{"floor":14.0,"key":"BloodPotion"},{"floor":16.0,"key":"Fruit Juice"},{"floor":18.0,"key":"Fruit Juice"},{"floor":30.0,"key":"AttackPotion"},{"floor":31.0,"key":"Ancient Potion"}],"is_trial":false,"path_per_floor":["M","M","M","M","M","R","E","R","T","E","?","R","$","M","R","B",null,"M","?","?","M","M","R","$","R","T","R","M","?","M","M","R","B"],"character_chosen":"IRONCLAD","items_purchased":["DollysMirror","Du-Vu Doll"],"campfire_rested":4,"item_purchase_floors":[13,24],"current_hp_per_floor":[44,42,35,27,27,49,43,43,43,8,8,30,30,30,52,52,69,53,53,53,32,49,49,49,49,49,74,74,74,61,61,61,0,0],"gold":85,"neow_bonus":"BOSS_RELIC","is_daily":false,"chose_seed":false,"campfire_upgraded":4,"win_rate":0.0,"timestamp":1613532088,"path_taken":["M","M","M","M","M","R","E","R","T","E","?","R","$","M","R","BOSS","M","?","?","M","?","R","$","R","T","R","?","?","M","M","R","BOSS"],"items_purchased_type":["Relic","Relic"],"build_version":"2020-12-22","purchased_purges":1,"victory":false,"max_hp_per_floor":[75,75,75,75,75,75,75,75,75,75,75,75,75,75,75,75,75,80,80,80,85,85,85,85,85,85,85,85,85,85,85,85,85,85],"relic_stats":{"counters":[16,56],"Mummified Hand":[0],"obtain_stats":[{"Du-Vu Doll":24,"DollysMirror":13,"Mummified Hand":26,"Vajra":7,"Oddly Smooth Stone":10,"Velvet Choker":17,"Mark of Pain":0,"Burning Blood":0},{"Du-Vu Doll":12,"DollysMirror":7,"Mummified Hand":12,"Vajra":6,"Oddly Smooth Stone":7,"Velvet Choker":9,"Mark of Pain":0,"Burning Blood":0},{"Du-Vu Doll":38,"DollysMirror":26,"Mummified Hand":38,"Vajra":22,"Oddly Smooth Stone":26,"Velvet Choker":31,"Mark of Pain":0,"Burning Blood":0}]},"card_choices":[{"not_picked":["Pommel Strike","Battle Trance"],"picked":"Flame Barrier","floor":1.0},{"not_picked":["Headbutt","Flex"],"picked":"Perfected Strike","floor":2.0},{"not_picked":["Metallicize","Shrug It Off"],"picked":"Pommel Strike","floor":3.0},{"not_picked":["Armaments","Entrench"],"picked":"Double Tap","floor":4.0},{"not_picked":["Seeing Red","Clothesline"],"picked":"Twin Strike","floor":5.0},{"not_picked":["Metallicize","Burning Pact","Seeing Red"],"picked":"SKIP","floor":7.0},{"not_picked":["Intimidate","Anger"],"picked":"Pommel Strike","floor":10.0},{"not_picked":["Disarm","Flex"],"picked":"Heavy Blade","floor":14.0},{"not_picked":["Corruption","Exhume"],"picked":"Bludgeon","floor":16.0},{"not_picked":["Cleave","Bloodletting"],"picked":"Power Through","floor":18.0},{"not_picked":["Pommel Strike","Searing Blow","Fire Breathing"],"picked":"SKIP","floor":21.0},{"not_picked":["Carnage+1","Flex","Warcry"],"picked":"SKIP","floor":22.0},{"not_picked":["Hemokinesis","Armaments"],"picked":"True Grit","floor":28.0},{"not_picked":["Havoc","Searing Blow"],"picked":"Shrug It Off","floor":30.0},{"not_picked":["Combust","Carnage","Rampage"],"picked":"SKIP","floor":31.0}],"player_experience":262393,"relics_obtained":[{"floor":7.0,"key":"Vajra"},{"floor":10.0,"key":"Oddly Smooth Stone"},{"floor":26.0,"key":"Mummified Hand"}],"event_choices":[{"damage_healed":0.0,"max_hp_gain":0.0,"max_hp_loss":0.0,"gold_gain":0.0,"event_name":"World of Goop","player_choice":"Left Gold","floor":11.0,"gold_loss":51.0,"damage_taken":0.0},{"damage_healed":0.0,"max_hp_gain":0.0,"max_hp_loss":0.0,"gold_gain":0.0,"event_name":"Back to Basics","player_choice":"Simplicity","floor":19.0,"gold_loss":0.0,"damage_taken":0.0,"cards_upgraded":["Strike_R","Strike_R","Strike_R","Strike_R","Strike_R","Defend_R","Defend_R","Defend_R","Defend_R"]},{"damage_healed":0.0,"max_hp_gain":0.0,"max_hp_loss":0.0,"gold_gain":275.0,"event_name":"Golden Shrine","player_choice":"Desecrate","floor":20.0,"gold_loss":0.0,"damage_taken":0.0,"cards_obtained":["Regret"]},{"damage_healed":0.0,"max_hp_gain":0.0,"max_hp_loss":0.0,"gold_gain":0.0,"event_name":"The Library","player_choice":"Read","floor":29.0,"gold_loss":0.0,"damage_taken":0.0,"cards_obtained":["Perfected Strike"]}],"is_beta":false,"boss_relics":[{"not_picked":["Philosopher\u0027s Stone","SacredBark"],"picked":"Velvet Choker"}],"items_purged_floors":[24],"is_endless":false,"potions_floor_spawned":[3,4,14,16,18,30,31],"killed_by":"Champ","ascension_level":19}}