{"host":"tod","time":1613558026,"event":{"mods":["Act Like it!","BaseMod","CapriCore","Energized Spire","Highlight Path","Lobotomy","Marisa£®ÏF”Í°°ƒß¿Ì…≥£©","Minty Spire (QoL Compilation)","Quick Restart","Reimu£®≤©¿ˆ¡È√Œ£©","Relic Filter Mod","Relic Stats","Remilia£®¿Ÿ√◊¿Ú—«£©","Replay The Spire","Shop Mod","StSLib","The Cursed","The Immortal","Yakumo Yukari mod","Youmu£®ªÍ∆«—˝√Œ£©"],"gold_per_floor":[15,26,26,41,57,57,75,75,75],"floor_reached":8,"language":"ZHS","playtime":1561,"items_purged":[],"score":95,"play_id":"fbc47a85-af5e-4eed-95f9-9b63213f587e","local_time":"20210217183346","is_ascension_mode":true,"campfire_choices":[{"data":"Armaments","floor":6,"key":"SMITH"}],"circlet_count":0,"master_deck":["AscendersBane","Strike_R","Strike_R","Strike_R","Strike_R","Strike_R","Defend_R","Defend_R","Defend_R","Defend_R","Bash","ReplayTheSpireMod:Strike From Hell","Shrug It Off","Intimidate","Armaments+1"],"relics":["Burning Blood","Durian","Golden Idol"],"acts_visited":["Exordium"],"potions_floor_usage":[],"damage_taken":[{"damage":2,"enemies":"Small Slimes","floor":1,"turns":4},{"damage":10,"enemies":"2 Louse","floor":2,"turns":3},{"damage":14,"enemies":"Jaw Worm","floor":4,"turns":3},{"damage":8,"enemies":"2 Fungi Beasts","floor":5,"turns":4},{"damage":24,"enemies":"Gremlin Gang","floor":7,"turns":8},{"damage":28,"enemies":"Gremlin Nob","floor":8,"turns":4}],"seed_played":"328219809867946574","potions_obtained":[{"floor":2,"key":"Milkshake"},{"floor":5,"key":"PowerPotion"}],"is_trial":false,"path_per_floor":["M","M","?","M","M","R","M","E"],"character_chosen":"IRONCLAD","items_purchased":[],"campfire_rested":0,"item_purchase_floors":[],"current_hp_per_floor":[77,73,72,64,62,62,44,16,16],"gold":75,"neow_bonus":"ONE_RARE_RELIC","is_daily":false,"chose_seed":false,"campfire_upgraded":1,"win_rate":0.0,"timestamp":1613558026,"path_taken":["M","M","?","M","M","R","M","E"],"items_purchased_type":[],"build_version":"2020-12-18","purchased_purges":0,"victory":false,"max_hp_per_floor":[80,80,72,72,72,72,72,72,72],"relic_stats":{"counters":[6,26],"Golden Idol":10,"obtain_stats":[{"Golden Idol":3,"Durian":0,"Burning Blood":0},{"Golden Idol":2,"Durian":0,"Burning Blood":0},{"Golden Idol":7,"Durian":0,"Burning Blood":0}],"Burning Blood":30},"card_choices":[{"not_picked":["Clothesline","Burning Pact"],"picked":"ReplayTheSpireMod:Strike From Hell","floor":1},{"not_picked":["Replay:Undeath\u0027s Touch","Flex"],"picked":"Shrug It Off","floor":2},{"not_picked":["Twin Strike","Heavy Blade"],"picked":"Intimidate","floor":4},{"not_picked":["Perfected Strike","Berserk"],"picked":"Armaments","floor":5},{"not_picked":["Warcry","Iron Wave","Wild Strike"],"picked":"SKIP","floor":7}],"player_experience":385632,"relics_obtained":[],"event_choices":[{"damage_healed":0,"gold_gain":0,"player_choice":"Lose Max HP","damage_taken":0,"relics_obtained":["Golden Idol"],"max_hp_gain":0,"max_hp_loss":8,"event_name":"Golden Idol","floor":3,"gold_loss":0}],"is_beta":true,"boss_relics":[],"items_purged_floors":[],"is_endless":false,"potions_floor_spawned":[2,5],"killed_by":"Gremlin Nob","ascension_level":18}}