{"host":"hnfelxnirsihwvcb","time":1613599892,"event":{"mods":["BaseMod","Colored Map","DeckTracker","Highlight Path","Minty Spire (QoL Compilation)","Quick Restart","Relic Sorter","Relic Stats","Shop Mod","StSLib","SuperFastMode"],"gold_per_floor":[113,188,14,34,34,69,69,102,102,22,22,33,43,57,69,183,195,220,244,273,69,81,113,113,113,113,113,131,131,11,25,25,127,127,142,142,142,25,35,67,67,17,44,58,89,89,139,151,151,151],"floor_reached":51,"language":"ENG","playtime":1007,"items_purged":["Dagger Spray","Accuracy","Gash","Gash","Steam+1"],"score":1335,"play_id":"cc6dd862-f75e-4e9a-a0be-6409c5872001","local_time":"20210217231132","daily_mods":["SealedDeck","Vintage","Blue Cards","Lethality","Binary"],"is_ascension_mode":false,"campfire_choices":[{"floor":11,"key":"REST"},{"data":"Gash","floor":15,"key":"SMITH"},{"data":"Go for the Eyes","floor":27,"key":"SMITH"},{"data":"Steam","floor":29,"key":"SMITH"},{"data":"Backstab","floor":32,"key":"SMITH"},{"floor":41,"key":"REST"},{"floor":46,"key":"REST"},{"data":"Go for the Eyes+1","floor":49,"key":"PURGE"}],"circlet_count":0,"master_deck":["Gash+1"],"relics":["Unceasing Top","Busted Crown","The Courier","Omamori","Bag of Marbles","CeramicFish","Letter Opener","Kunai","Bronze Scales","MawBank","Black Star","Toxic Egg 2","Boot","Gremlin Horn","Juzu Bracelet","Orichalcum","Pear","Paper Crane","Matryoshka","Meat on the Bone","WristBlade","Ginger","Pen Nib","Smiling Mask","Strawberry","Lantern","Sundial","MealTicket","Lizard Tail","Pantograph","Eternal Feather","Peace Pipe","PreservedInsect"],"acts_visited":["Exordium","TheCity","TheBeyond"],"potions_floor_usage":[23,50,50],"damage_taken":[{"damage":0,"enemies":"Small Slimes","floor":1,"turns":1},{"damage":0,"enemies":"Jaw Worm","floor":4,"turns":1},{"damage":0,"enemies":"Lagavulin","floor":6,"turns":1},{"damage":0,"enemies":"Gremlin Nob","floor":8,"turns":1},{"damage":0,"enemies":"Cultist","floor":12,"turns":1},{"damage":0,"enemies":"Lots of Slimes","floor":13,"turns":1},{"damage":0,"enemies":"Exordium Wildlife","floor":14,"turns":1},{"damage":0,"enemies":"The Guardian","floor":16,"turns":1},{"damage":0,"enemies":"3 Byrds","floor":18,"turns":1},{"damage":0,"enemies":"2 Thieves","floor":19,"turns":1},{"damage":0,"enemies":"Snake Plant","floor":20,"turns":1},{"damage":0,"enemies":"Snecko","floor":22,"turns":1},{"damage":0,"enemies":"Gremlin Leader","floor":23,"turns":1},{"damage":0,"enemies":"Cultist and Chosen","floor":28,"turns":1},{"damage":0,"enemies":"Shelled Parasite and Fungi","floor":31,"turns":1},{"damage":0,"enemies":"Automaton","floor":33,"turns":1},{"damage":0,"enemies":"Orb Walker","floor":35,"turns":1},{"damage":0,"enemies":"3 Darklings","floor":39,"turns":1},{"damage":0,"enemies":"Nemesis","floor":40,"turns":1},{"damage":0,"enemies":"Spire Growth","floor":44,"turns":1},{"damage":0,"enemies":"Giant Head","floor":45,"turns":1},{"damage":0,"enemies":"Mind Bloom Boss Battle","floor":47,"turns":1},{"damage":0,"enemies":"Sphere and 2 Shapes","floor":48,"turns":1},{"damage":0,"enemies":"Awakened One","floor":50,"turns":2}],"seed_played":"-4662254976735793141","potions_obtained":[{"floor":6,"key":"CunningPotion"},{"floor":8,"key":"BlessingOfTheForge"},{"floor":14,"key":"Fruit Juice"},{"floor":23,"key":"Swift Potion"},{"floor":48,"key":"PowerPotion"}],"is_trial":true,"path_per_floor":["M","?","$","M","?","E","$","E","T","$","R","M","M","M","R","B",null,"M","M","M","$","M","E","?","$","T","R","M","R","$","M","R","B",null,"M","?","?","$","M","E","R","$","T","M","E","R","?","M","R","B",null],"character_chosen":"THE_SILENT","items_purchased":["Omamori","Juzu Bracelet","Pen Nib"],"campfire_rested":3,"item_purchase_floors":[3,21,38],"current_hp_per_floor":[70,59,59,59,52,52,52,52,52,52,70,70,70,70,70,70,70,70,70,70,70,70,85,85,85,85,85,85,85,85,85,85,85,85,85,82,85,85,85,92,92,92,92,92,92,92,92,92,92,92],"gold":151,"neow_bonus":"","is_daily":false,"chose_seed":false,"campfire_upgraded":4,"win_rate":0.0,"timestamp":1613599892,"path_taken":["M","?","$","M","?","E","$","E","T","?","R","M","M","M","R","BOSS","M","M","M","$","M","E","?","$","T","R","M","R","$","M","R","BOSS","M","?","?","?","M","E","R","$","T","M","E","R","?","M","R","BOSS"],"items_purchased_type":["Relic","Relic","Relic"],"build_version":"2020-12-22","purchased_purges":5,"victory":true,"max_hp_per_floor":[70,70,70,70,70,70,70,70,70,70,70,70,70,70,70,70,70,70,70,70,70,70,85,85,85,85,85,85,85,85,85,85,85,85,85,85,85,85,85,92,92,92,92,92,92,92,92,92,92,92],"relic_stats":{"Gremlin Horn":[9,10],"CeramicFish":0,"Juzu Bracelet":1,"Ginger":[0],"Boot":[6],"Smiling Mask":90,"Lizard Tail":0,"Sundial":[28],"Pantograph":0,"MealTicket":0,"Kunai":[63],"counters":[24,25],"Eternal Feather":0,"Pen Nib":[8],"PreservedInsect":0,"Letter Opener":[47],"Orichalcum":[6],"MawBank":84,"Peace Pipe":1,"Busted Crown":16,"Bronze Scales":[0],"Black Star":3,"obtain_stats":[{"Lantern":40,"Gremlin Horn":20,"CeramicFish":8,"Juzu Bracelet":21,"Ginger":35,"Boot":19,"Smiling Mask":39,"Lizard Tail":44,"Matryoshka":28,"WristBlade":34,"Sundial":43,"Strawberry":40,"Pantograph":45,"MealTicket":43,"Kunai":12,"Toxic Egg 2":18,"Pear":23,"Eternal Feather":45,"The Courier":1,"Pen Nib":38,"PreservedInsect":48,"Omamori":3,"Letter Opener":9,"Orichalcum":22,"Paper Crane":26,"MawBank":14,"Peace Pipe":47,"Busted Crown":0,"Bronze Scales":13,"Bag of Marbles":4,"Black Star":17,"Unceasing Top":0,"Meat on the Bone":31},{"Lantern":19,"Gremlin Horn":11,"CeramicFish":4,"Juzu Bracelet":11,"Ginger":17,"Boot":10,"Smiling Mask":18,"Lizard Tail":20,"Matryoshka":14,"WristBlade":16,"Sundial":19,"Strawberry":19,"Pantograph":21,"MealTicket":19,"Kunai":5,"Toxic Egg 2":9,"Pear":13,"Eternal Feather":21,"The Courier":1,"Pen Nib":17,"PreservedInsect":23,"Omamori":1,"Letter Opener":4,"Orichalcum":12,"Paper Crane":13,"MawBank":7,"Peace Pipe":22,"Busted Crown":0,"Bronze Scales":6,"Bag of Marbles":2,"Black Star":8,"Unceasing Top":0,"Meat on the Bone":15},{"Lantern":19,"Gremlin Horn":11,"CeramicFish":4,"Juzu Bracelet":11,"Ginger":17,"Boot":10,"Smiling Mask":18,"Lizard Tail":20,"Matryoshka":14,"WristBlade":16,"Sundial":19,"Strawberry":19,"Pantograph":21,"MealTicket":19,"Kunai":5,"Toxic Egg 2":9,"Pear":13,"Eternal Feather":21,"The Courier":1,"Pen Nib":17,"PreservedInsect":23,"Omamori":1,"Letter Opener":4,"Orichalcum":12,"Paper Crane":13,"MawBank":7,"Peace Pipe":22,"Busted Crown":0,"Bronze Scales":6,"Bag of Marbles":2,"Black Star":8,"Unceasing Top":0,"Meat on the Bone":15}],"Unceasing Top":[178],"Meat on the Bone":0},"card_choices":[],"player_experience":865513,"relics_obtained":[{"floor":1,"key":"The Courier"},{"floor":4,"key":"Bag of Marbles"},{"floor":8,"key":"CeramicFish"},{"floor":9,"key":"Letter Opener"},{"floor":12,"key":"Kunai"},{"floor":13,"key":"Bronze Scales"},{"floor":14,"key":"MawBank"},{"floor":18,"key":"Toxic Egg 2"},{"floor":19,"key":"Boot"},{"floor":20,"key":"Gremlin Horn"},{"floor":22,"key":"Orichalcum"},{"floor":23,"key":"Pear"},{"floor":26,"key":"Paper Crane"},{"floor":28,"key":"Matryoshka"},{"floor":31,"key":"Meat on the Bone"},{"floor":35,"key":"Ginger"},{"floor":39,"key":"Smiling Mask"},{"floor":40,"key":"Strawberry"},{"floor":40,"key":"Lantern"},{"floor":43,"key":"Sundial"},{"floor":43,"key":"MealTicket"},{"floor":44,"key":"Lizard Tail"},{"floor":45,"key":"Pantograph"},{"floor":45,"key":"Eternal Feather"},{"floor":47,"key":"Peace Pipe"},{"floor":48,"key":"PreservedInsect"}],"event_choices":[{"damage_healed":0,"gold_gain":75,"player_choice":"Gather Gold","damage_taken":11,"max_hp_gain":0,"max_hp_loss":0,"event_name":"World of Goop","floor":2,"gold_loss":0},{"cards_removed":["Finisher"],"damage_healed":0,"gold_gain":0,"player_choice":"Card Removal","damage_taken":7,"max_hp_gain":0,"max_hp_loss":0,"event_name":"Golden Wing","floor":5,"gold_loss":0},{"cards_removed":["Go for the Eyes"],"damage_healed":0,"gold_gain":0,"player_choice":"Elegance","damage_taken":0,"max_hp_gain":0,"max_hp_loss":0,"event_name":"Back to Basics","floor":24,"gold_loss":0},{"damage_healed":0,"gold_gain":0,"player_choice":"Punched","damage_taken":3,"max_hp_gain":0,"max_hp_loss":0,"event_name":"Designer","floor":36,"gold_loss":0},{"cards_removed":["Backstab"],"damage_healed":3,"gold_gain":0,"player_choice":"Offered Uncommon","damage_taken":0,"max_hp_gain":0,"max_hp_loss":0,"event_name":"Bonfire Elementals","floor":37,"gold_loss":0},{"damage_healed":0,"gold_gain":0,"player_choice":"Fight","damage_taken":0,"max_hp_gain":0,"max_hp_loss":0,"event_name":"MindBloom","floor":47,"gold_loss":0}],"is_beta":false,"boss_relics":[{"not_picked":["HoveringKite","Runic Pyramid"],"picked":"Black Star"},{"not_picked":["Snecko Eye","Calling Bell"],"picked":"WristBlade"}],"items_purged_floors":[3,10,21,30,42],"is_endless":false,"potions_floor_spawned":[6,8,14,16,23,28,33,35,44,48],"ascension_level":0}}