{"host":"ELF","time":1613561769,"event":{"mods":["BaseMod","Bestiary","Minty Spire (QoL Compilation)","Relic Stats","Slay the Relics Exporter"],"gold_per_floor":[109,122,122,136,61,88,88,88,88],"floor_reached":8,"language":"ENG","playtime":474,"items_purged":["Strike_B"],"score":112,"play_id":"5ee716a7-69f2-4d20-840e-f3eee74ad81a","local_time":"20210217053609","is_ascension_mode":true,"campfire_choices":[{"data":"Consume","floor":7,"key":"SMITH"}],"circlet_count":0,"master_deck":["AscendersBane","Strike_B","Strike_B","Strike_B","Defend_B","Defend_B","Defend_B","Defend_B","Zap","Dualcast","Self Repair","Go for the Eyes","Zap","Consume+1","Glacier+1"],"relics":["Coffee Dripper","Toxic Egg 2"],"acts_visited":["Exordium"],"potions_floor_usage":[6],"damage_taken":[{"damage":1,"enemies":"Small Slimes","floor":1,"turns":4},{"damage":0,"enemies":"Cultist","floor":2,"turns":3},{"damage":8,"enemies":"2 Louse","floor":4,"turns":3},{"damage":50,"enemies":"3 Sentries","floor":6,"turns":9},{"damage":28,"enemies":"Gremlin Nob","floor":8,"turns":3}],"seed_played":"1277595985401672277","potions_obtained":[{"floor":4,"key":"Fire Potion"}],"is_trial":false,"path_per_floor":["M","M","?","M","$","E","R","E"],"character_chosen":"DEFECT","items_purchased":[],"campfire_rested":0,"item_purchase_floors":[],"current_hp_per_floor":[63,70,70,69,69,26,26,0,0],"gold":88,"neow_bonus":"BOSS_RELIC","is_daily":false,"chose_seed":false,"campfire_upgraded":1,"win_rate":0.0,"timestamp":1613561769,"path_taken":["M","M","?","M","?","E","R","E"],"items_purchased_type":[],"build_version":"2020-12-18","purchased_purges":1,"victory":false,"max_hp_per_floor":[71,71,71,71,71,71,71,71,71],"relic_stats":{"counters":[5,22],"obtain_stats":[{"Coffee Dripper":0,"Toxic Egg 2":6,"Cracked Core":0},{"Coffee Dripper":0,"Toxic Egg 2":4,"Cracked Core":0},{"Coffee Dripper":0,"Toxic Egg 2":19,"Cracked Core":0}]},"card_choices":[{"not_picked":["Hologram","Compile Driver"],"picked":"Self Repair","floor":1},{"not_picked":["Streamline","Beam Cell"],"picked":"Go for the Eyes","floor":2},{"not_picked":["Sweeping Beam","Rebound"],"picked":"Consume","floor":4},{"not_picked":["Reinforced Body+1","Double Energy+1"],"picked":"Glacier+1","floor":6}],"player_experience":3464373,"relics_obtained":[{"floor":6,"key":"Toxic Egg 2"}],"event_choices":[{"damage_healed":0,"gold_gain":0,"player_choice":"1 cards matched","damage_taken":0,"max_hp_gain":0,"max_hp_loss":0,"event_name":"Match and Keep!","floor":3,"gold_loss":0,"cards_obtained":["Zap"]}],"is_beta":true,"boss_relics":[],"items_purged_floors":[5],"is_endless":false,"potions_floor_spawned":[4],"killed_by":"Gremlin Nob","ascension_level":20}}