{"host":"d52brwsy6af8zvaq","time":1613521904,"event":{"mods":["AchievementEnabler","BaseMod","Bestiary","Highlight Path","Minty Spire (QoL Compilation)","Quick Restart","Relic Stats","ojb\u0027s Better Paths Mod"],"gold_per_floor":[117,135,14,24,24,68,68,102,102,102,115,156,156,169,169,260,260,280,280,280],"floor_reached":19,"language":"ENG","playtime":1111,"items_purged":[],"score":374,"play_id":"c756e762-b560-43bb-8ce2-1afcc86c2bb6","local_time":"20210216173144","is_ascension_mode":true,"campfire_choices":[{"data":"Sunder","floor":7.0,"key":"SMITH"},{"floor":10.0,"key":"REST"},{"data":"Defragment","floor":15.0,"key":"SMITH"}],"circlet_count":0,"master_deck":["AscendersBane","Strike_B","Strike_B","Strike_B","Strike_B","Defend_B","Defend_B","Defend_B","Defend_B","Zap","Dualcast","Swift Strike","Rip and Tear","Ball Lightning","Sunder+1","Self Repair","Leap","Undo","Beam Cell","Defragment+1","Cold Snap","Loop","Multi-Cast","Darkness+1"],"relics":["Cracked Core","Golden Idol","Nunchaku","Question Card","Ancient Tea Set","Dream Catcher","Philosopher\u0027s Stone"],"acts_visited":["Exordium","TheCity"],"potions_floor_usage":[],"damage_taken":[{"damage":4.0,"enemies":"2 Louse","floor":1.0,"turns":2.0},{"damage":2.0,"enemies":"Jaw Worm","floor":2.0,"turns":3.0},{"damage":0.0,"enemies":"Cultist","floor":4.0,"turns":3.0},{"damage":32.0,"enemies":"Gremlin Nob","floor":6.0,"turns":4.0},{"damage":25.0,"enemies":"3 Sentries","floor":8.0,"turns":7.0},{"damage":2.0,"enemies":"Gremlin Gang","floor":11.0,"turns":6.0},{"damage":16.0,"enemies":"Lagavulin","floor":12.0,"turns":6.0},{"damage":0.0,"enemies":"Large Slime","floor":14.0,"turns":5.0},{"damage":41.0,"enemies":"Hexaghost","floor":16.0,"turns":10.0},{"damage":13.0,"enemies":"Spheric Guardian","floor":18.0,"turns":4.0},{"damage":55,"enemies":"Masked Bandits","floor":19,"turns":3}],"seed_played":"-9082741617157500007","potions_obtained":[{"floor":6.0,"key":"DuplicationPotion"},{"floor":8.0,"key":"SkillPotion"},{"floor":11.0,"key":"SpeedPotion"},{"floor":14.0,"key":"FearPotion"}],"is_trial":false,"path_per_floor":["M","M","$","M","?","E","R","E","T","R","M","E","?","M","R","B",null,"M","?"],"character_chosen":"DEFECT","items_purchased":["Sunder","Self Repair"],"campfire_rested":1,"item_purchase_floors":[3,3],"current_hp_per_floor":[60,58,58,65,64,39,39,21,21,40,45,36,36,43,43,9,50,44,0,0],"gold":280,"neow_bonus":"RANDOM_COLORLESS","is_daily":false,"chose_seed":false,"campfire_upgraded":2,"win_rate":0.0,"timestamp":1613521904,"path_taken":["M","M","$","M","?","E","R","E","T","R","M","E","?","M","R","BOSS","M","?"],"items_purchased_type":["Card","Card"],"build_version":"2020-12-22","purchased_purges":0,"victory":false,"max_hp_per_floor":[71,71,71,71,64,64,64,64,64,64,64,64,64,64,64,64,64,64,64,64],"relic_stats":{"Nunchaku":[6],"Dream Catcher":0,"counters":[11,52],"Golden Idol":64,"Question Card":6,"obtain_stats":[{"Nunchaku":6,"Dream Catcher":13,"Golden Idol":5,"Philosopher\u0027s Stone":17,"Cracked Core":0,"Question Card":8,"Ancient Tea Set":12},{"Nunchaku":4,"Dream Catcher":7,"Golden Idol":3,"Philosopher\u0027s Stone":9,"Cracked Core":0,"Question Card":5,"Ancient Tea Set":7},{"Nunchaku":12,"Dream Catcher":31,"Golden Idol":8,"Philosopher\u0027s Stone":45,"Cracked Core":0,"Question Card":19,"Ancient Tea Set":31}]},"card_choices":[{"not_picked":["Forethought","Madness"],"picked":"Swift Strike","floor":0.0},{"not_picked":["Skim","Capacitor"],"picked":"Rip and Tear","floor":1.0},{"not_picked":["White Noise","Conserve Battery"],"picked":"Ball Lightning","floor":2.0},{"not_picked":["Static Discharge","Heatsinks"],"picked":"Leap","floor":4.0},{"not_picked":["Melter","Lockon"],"picked":"Undo","floor":6.0},{"not_picked":["Rebound","Compile Driver"],"picked":"Beam Cell","floor":8.0},{"not_picked":["Force Field","Steam","Coolheaded"],"picked":"Defragment","floor":11.0},{"not_picked":["Turbo","Beam Cell","Go for the Eyes"],"picked":"Cold Snap","floor":12.0},{"not_picked":["Stack","Compile Driver","Rebound"],"picked":"Loop","floor":14.0},{"not_picked":["Creative AI","Thunder Strike","Meteor Strike"],"picked":"Multi-Cast","floor":16.0},{"not_picked":["Recycle","Aggregate","Double Energy"],"picked":"Darkness+1","floor":18}],"player_experience":2290797,"relics_obtained":[{"floor":6.0,"key":"Nunchaku"},{"floor":8.0,"key":"Question Card"},{"floor":12.0,"key":"Ancient Tea Set"}],"event_choices":[{"damage_healed":0.0,"max_hp_gain":0.0,"max_hp_loss":7.0,"gold_gain":0.0,"event_name":"Golden Idol","player_choice":"Lose Max HP","floor":5.0,"gold_loss":0.0,"damage_taken":0.0,"relics_obtained":["Golden Idol"]},{"damage_healed":0.0,"max_hp_gain":0.0,"max_hp_loss":0.0,"gold_gain":0.0,"event_name":"Dead Adventurer","player_choice":"Searched \u00272\u0027 times","floor":13.0,"gold_loss":0.0,"damage_taken":0.0,"relics_obtained":["Dream Catcher"]},{"damage_healed":0,"gold_gain":0,"player_choice":"Fought Bandits","damage_taken":0,"max_hp_gain":0,"max_hp_loss":0,"event_name":"Masked Bandits","floor":19,"gold_loss":0}],"is_beta":false,"boss_relics":[{"not_picked":["Tiny House","Empty Cage"],"picked":"Philosopher\u0027s Stone"}],"items_purged_floors":[],"is_endless":false,"potions_floor_spawned":[6,8,11,14,18],"killed_by":"Masked Bandits","ascension_level":20}}