{"host":"faxec7zdkweurczj","time":1613544985,"event":{"mods":["Ascension Reborn","BaseMod","Colored Powertips","Conspire","Highlight Path","Minty Spire (QoL Compilation)","Replay The Spire","Shop Mod","StSLib","TestMod","[IsaacMod]以撒尖塔","篝火指南"],"gold_per_floor":[115,136,44,66,108,108,147,147,147,160,110,122,153,171,171,290,290,313,334,350,367,378,419,419,419,446,464,464,500,205,227,26,143,143,160,72,0,17,34,68,68,102,102,118,141,141,141,141,141,141,141,141,69,100,100],"floor_reached":56,"language":"ZHS","playtime":1653,"items_purged":["Strike_R+1","Strike_R+1","Strike_R+1","Defend_R+1","Defend_R+1","Defend_R+1","Sickly"],"score":450,"play_id":"e5bf8245-f513-42b7-a4ab-10fce7983e1f","local_time":"20210217145625","is_ascension_mode":true,"campfire_choices":[{"data":"Thunderclap","floor":6,"key":"SMITH"},{"floor":15,"key":"RECALL"},{"data":"Body Slam","floor":24,"key":"SMITH"},{"data":"Limit Break","floor":28,"key":"SMITH"},{"data":"Entrench","floor":41,"key":"SMITH"},{"data":"Strike_R+2","floor":47,"key":"SMITH"},{"data":"Strike_R+3","floor":49,"key":"SMITH"},{"data":"Strike_R+4","floor":52,"key":"SMITH"}],"circlet_count":0,"master_deck":["Strike_R+5","Defend_R+2","Bash+1","Thunderclap+1","Body Slam+1","Limit Break+1","Body Slam+1","Necronomicurse","Body Slam+1","Entrench+1","Inflame","Inflame","Body Slam"],"relics":["Burning Blood","testmod-TestBox","HushsDoor","testmod-Charity","TheBible","NeowsBlessing","Replay:Rubber Ducky","Mummified Hand","Calipers","BookofShadows","StoneCalendar","Necronomicon","Bag of Marbles","Replay:Bandana","testmod-AssaultLearning","Simple Rune","BelialBook","HandDrill","Champion Belt","Cursed Key","MerchantsRug","Red Mask","BookOfRevelations","conspire:TopHat","UnicornStump","Replay:PocketPolymizer","ReplayTheSpireMod:Lightbulb","Blue Doll"],"acts_visited":["Exordium","TheCity","TheBeyond","TheEnding"],"potions_floor_usage":[7,55,55,55,55,55,55],"damage_taken":[{"damage":0,"enemies":"Jaw Worm","floor":1,"turns":1},{"damage":0,"enemies":"2 Louse","floor":2,"turns":1},{"damage":0,"enemies":"Small Slimes","floor":4,"turns":1},{"damage":4,"enemies":"conspire:MimicChest","floor":5,"turns":3},{"damage":0,"enemies":"3 Sentries","floor":7,"turns":2},{"damage":1,"enemies":"Exordium Wildlife","floor":10,"turns":2},{"damage":1,"enemies":"Blue Slaver","floor":12,"turns":2},{"damage":6,"enemies":"Lagavulin","floor":13,"turns":5},{"damage":0,"enemies":"Lots of Slimes","floor":14,"turns":2},{"damage":54,"enemies":"Hexaghost","floor":16,"turns":6},{"damage":0,"enemies":"Shell Parasite","floor":18,"turns":2},{"damage":0,"enemies":"conspire:FuzzyDice","floor":19,"turns":2},{"damage":5,"enemies":"Snecko","floor":20,"turns":3},{"damage":0,"enemies":"Chosen and Byrds","floor":21,"turns":2},{"damage":2,"enemies":"Centurion and Healer","floor":22,"turns":2},{"damage":2,"enemies":"Book of Stabbing","floor":23,"turns":3},{"damage":0,"enemies":"3 Cultists","floor":27,"turns":3},{"damage":0,"enemies":"conspire:Head Lice","floor":29,"turns":2},{"damage":0,"enemies":"Sentry and Sphere","floor":31,"turns":2},{"damage":0,"enemies":"conspire:MysteriousRune","floor":33,"turns":3},{"damage":0,"enemies":"3 Darklings","floor":35,"turns":2},{"damage":4,"enemies":"Orb Walker","floor":38,"turns":2},{"damage":8,"enemies":"R_Hoarder","floor":40,"turns":2},{"damage":0,"enemies":"Nemesis","floor":42,"turns":5},{"damage":5,"enemies":"Writhing Mass","floor":44,"turns":2},{"damage":0,"enemies":"Spire Growth","floor":45,"turns":2},{"damage":27,"enemies":"Awakened One","floor":50,"turns":5},{"damage":3,"enemies":"Shield and Spear","floor":54,"turns":2},{"damage":0,"enemies":"Delirium","floor":55,"turns":10}],"seed_played":"7554399604838416677","potions_obtained":[{"floor":2,"key":"Explosive Potion"},{"floor":2,"key":"Toxic Potion"},{"floor":7,"key":"Dexterity Potion"},{"floor":7,"key":"Block Potion"},{"floor":13,"key":"Dexterity Potion"},{"floor":13,"key":"EntropicBrew"}],"is_trial":false,"path_per_floor":["M","M","$","M","?","R","E","?","T","M","?","M","E","M","R","B",null,"M","M","M","M","M","E","R","?","T","M","R","E","R","M","R","B",null,"M","$","?","M","$","E","R","E","T","M","M","?","R","?","R","B",null,"R","$","E","B",null],"character_chosen":"IRONCLAD","items_purchased":["Thunderclap","GuppysHead","BelialBook","HandDrill","Replay:Baseball","Entrench","GuppysTail","MerchantsRug","Inflame","BookOfRevelations","Body Slam","ReplayTheSpireMod:Lightbulb"],"campfire_rested":0,"item_purchase_floors":[3,17,30,30,32,34,34,36,36,39,53,53],"current_hp_per_floor":[86,87,87,88,91,91,92,92,92,93,93,94,95,96,96,78,101,102,103,104,105,106,107,107,91,92,121,121,146,146,163,163,197,178,201,207,207,218,220,243,243,264,264,287,302,302,302,287,287,309,326,326,328,355,408],"gold":100,"neow_bonus":"THREE_ENEMY_KILL","is_daily":false,"chose_seed":false,"campfire_upgraded":7,"win_rate":0.0,"timestamp":1613544985,"path_taken":["M","M","$","M","?","R","E","?","T","M","?","M","E","M","R","BOSS","M","?","M","M","M","E","R","?","T","M","R","E","R","M","R","BOSS","M","$","?","M","$","E","R","E","T","M","M","?","R","?","R","BOSS","R","$","E","BOSS"],"items_purchased_type":["Card","Relic","Relic","Relic","Relic","Card","Relic","Relic","Card","Relic","Card","Relic"],"build_version":"2020-12-22","purchased_purges":7,"victory":true,"max_hp_per_floor":[86,87,87,88,91,91,92,92,92,93,93,94,95,96,96,116,101,102,103,104,105,106,107,107,107,108,129,129,146,146,163,163,197,178,201,207,207,218,220,243,243,264,264,287,302,302,302,287,287,326,326,326,328,355,408],"card_choices":[{"not_picked":["Searing Blow","Intimidate","Fire Breathing+1"],"picked":"SKIP","floor":1},{"not_picked":["Carnage","Shrug It Off","Havoc"],"picked":"SKIP","floor":2},{"not_picked":["Barricade","Rampage","Armaments"],"picked":"SKIP","floor":4},{"not_picked":["Brutality","Twin Strike+1","ReplayTheSpireMod:Strike From Hell"],"picked":"SKIP","floor":7},{"not_picked":["Perfected Strike","Burning Pact+1","Thunderclap"],"picked":"SKIP","floor":7},{"not_picked":["Iron Wave+1","Clothesline+1","Life Link"],"picked":"SKIP","floor":10},{"not_picked":["conspire:ExplosiveBarrier","Replay:Undeath\u0027s Touch"],"picked":"Body Slam+1","floor":12},{"not_picked":["Brutality","Battle Trance","conspire:ExplosiveBarrier+1"],"picked":"SKIP","floor":13},{"not_picked":["Disarm","Thunderclap","Clothesline+1"],"picked":"SKIP","floor":13},{"not_picked":["Armaments","Pummel+1","Anger"],"picked":"SKIP","floor":14},{"not_picked":["Fiend Fire","Barricade"],"picked":"Limit Break","floor":16},{"not_picked":["Abandon+1","Anger","ReplayReversal"],"picked":"SKIP","floor":18},{"not_picked":["Pommel Strike","Shrug It Off"],"picked":"Body Slam","floor":19},{"not_picked":["Dark Embrace","Pommel Strike","Rampage"],"picked":"SKIP","floor":20},{"not_picked":["Headbutt","Perfected Strike+1","Rage+1"],"picked":"SKIP","floor":21},{"not_picked":["Anger","Body Slam+1","ReplayTheSpireMod:LeadingStrike+1"],"picked":"SKIP","floor":22},{"not_picked":["ReplayTheSpireMod:Strike From Hell+1","Replay:Undeath\u0027s Touch","Dark Embrace"],"picked":"SKIP","floor":23},{"not_picked":["Perfected Strike+1","Defy Death+1","conspire:Charge+1"],"picked":"SKIP","floor":27},{"not_picked":["Clash+1","Run Through+1","Rage"],"picked":"SKIP","floor":29},{"not_picked":["Infernal Blade+1","ReplayReversal+1"],"picked":"Body Slam+1","floor":31},{"not_picked":["Sword Boomerang","ReplayTheSpireMod:Strike From Hell+1","Rage"],"picked":"SKIP","floor":35},{"not_picked":["Thunderclap+1","Rupture+1","Flex+1"],"picked":"SKIP","floor":38},{"not_picked":["conspire:Purge","Disarm+1","Wild Strike"],"picked":"SKIP","floor":40},{"not_picked":["Armaments+1","Twin Strike+1","Dark Embrace+1"],"picked":"SKIP","floor":42},{"not_picked":["Clothesline+1","True Grit"],"picked":"Inflame","floor":44},{"not_picked":["Replay:Undeath\u0027s Touch+1","Clothesline","Warcry+1"],"picked":"SKIP","floor":45},{"not_picked":["True Grit+1","Run Through+1","Ghostly Armor+1"],"picked":"SKIP","floor":54}],"player_experience":1251509,"relics_obtained":[{"floor":4,"key":"Replay:Rubber Ducky"},{"floor":5,"key":"Mummified Hand"},{"floor":7,"key":"Whetstone"},{"floor":9,"key":"Calipers"},{"floor":13,"key":"Gremlin Food"},{"floor":14,"key":"TheBean"},{"floor":16,"key":"Mango"},{"floor":19,"key":"Centennial Puzzle"},{"floor":21,"key":"Art of War"},{"floor":22,"key":"BookofShadows"},{"floor":23,"key":"StoneCalendar"},{"floor":25,"key":"Necronomicon"},{"floor":26,"key":"Bag of Marbles"},{"floor":26,"key":"Replay:Bandana"},{"floor":27,"key":"testmod-AssaultLearning"},{"floor":29,"key":"Simple Rune"},{"floor":33,"key":"Champion Belt"},{"floor":40,"key":"conspire:TopHat"},{"floor":43,"key":"UnicornStump"},{"floor":43,"key":"Replay:PocketPolymizer"},{"floor":54,"key":"Blue Doll"}],"event_choices":[{"damage_healed":0,"gold_gain":0,"player_choice":"Ignored","damage_taken":0,"max_hp_gain":0,"max_hp_loss":0,"event_name":"Shining Light","floor":8,"gold_loss":0},{"cards_removed":["Strike_R"],"damage_healed":0,"gold_gain":0,"player_choice":"Card Removal","damage_taken":0,"max_hp_gain":0,"max_hp_loss":0,"event_name":"The Cleric","floor":11,"gold_loss":50},{"damage_healed":0,"gold_gain":0,"player_choice":"Obtained Book","damage_taken":16,"max_hp_gain":0,"max_hp_loss":0,"event_name":"Cursed Tome","floor":25,"gold_loss":0},{"damage_healed":0,"gold_gain":0,"player_choice":"Paid","damage_taken":0,"relics_obtained":["Red Mask"],"max_hp_gain":0,"max_hp_loss":0,"event_name":"Tomb of Lord Red Mask","floor":37,"gold_loss":72},{"damage_healed":0,"gold_gain":0,"player_choice":"Ignored","damage_taken":0,"max_hp_gain":0,"max_hp_loss":0,"event_name":"给自己的盒子","floor":46,"gold_loss":0},{"damage_healed":0,"gold_gain":0,"player_choice":"Max HP","damage_taken":0,"max_hp_gain":0,"max_hp_loss":15,"event_name":"Winding Halls","floor":48,"gold_loss":0}],"is_beta":false,"boss_relics":[{"not_picked":["testmod-IncinerationGenerator","Runic Dome"],"picked":"Ooze Armor"},{"not_picked":[]},{"not_picked":["Busted Crown","Replay:Ancient Bell"],"picked":"Cursed Key"},{"not_picked":[]}],"items_purged_floors":[3,17,30,32,34,36,53],"is_endless":false,"potions_floor_spawned":[2,4,5,7,12,13,19,22,27,29,40,44,54],"ascension_level":-20}}