{"host":"zxkjcgzis4pm3za5","time":1613573445,"event":{"mods":["2.2 Compatiblity","AchievementEnabler","BaseMod","Colored Map","Colored Powertips","Minty Spire (QoL Compilation)","Quick Restart","Random Character Button","Relic Filter Mod","Relic Sorter","Relic Stats","StSLib"],"gold_per_floor":[114,133,144,160,118,118,148,163,163,175,262,274,274],"floor_reached":12,"language":"ENG","playtime":340,"items_purged":[],"score":160,"play_id":"c19b96c4-03dc-4d1d-a3b8-6fcdd659ce17","local_time":"20210217202045","is_ascension_mode":true,"campfire_choices":[{"data":"Static Discharge","floor":6,"key":"SMITH"},{"data":"Buffer","floor":10,"key":"SMITH"}],"circlet_count":0,"master_deck":["AscendersBane","Strike_B","Strike_B","Strike_B","Strike_B","Defend_B","Defend_B","Defend_B","Defend_B","Zap+1","Dualcast","Barrage","Leap","Coolheaded","Capacitor","Static Discharge+1","Buffer+1","Go for the Eyes"],"relics":["Cracked Core","Smiling Mask","MawBank"],"acts_visited":["Exordium"],"potions_floor_usage":[7,8],"damage_taken":[{"damage":0,"enemies":"Cultist","floor":1,"turns":3},{"damage":3,"enemies":"2 Louse","floor":2,"turns":2},{"damage":10,"enemies":"Small Slimes","floor":3,"turns":3},{"damage":8,"enemies":"Blue Slaver","floor":4,"turns":3},{"damage":13,"enemies":"Lagavulin","floor":7,"turns":7},{"damage":0,"enemies":"3 Louse","floor":8,"turns":1},{"damage":23,"enemies":"3 Sentries","floor":12,"turns":6}],"seed_played":"-337205345503580938","potions_obtained":[{"floor":1,"key":"AttackPotion"},{"floor":3,"key":"Block Potion"}],"is_trial":false,"path_per_floor":["M","M","M","M","$","R","E","M","T","R","?","E"],"character_chosen":"DEFECT","items_purchased":["Static Discharge"],"campfire_rested":0,"item_purchase_floors":[5],"current_hp_per_floor":[64,61,51,43,43,43,30,30,30,30,19,0,0],"gold":274,"neow_bonus":"UPGRADE_CARD","is_daily":false,"chose_seed":false,"campfire_upgraded":2,"win_rate":0.0,"timestamp":1613573445,"path_taken":["M","?","M","?","?","R","E","M","T","R","?","E"],"items_purchased_type":["Card"],"build_version":"2020-12-22","purchased_purges":0,"victory":false,"max_hp_per_floor":[71,71,71,71,71,71,71,71,71,71,71,71,71],"relic_stats":{"counters":[7,25],"Smiling Mask":0,"MawBank":36,"obtain_stats":[{"Cracked Core":0,"Smiling Mask":7,"MawBank":9},{"Cracked Core":0,"Smiling Mask":5,"MawBank":6},{"Cracked Core":0,"Smiling Mask":18,"MawBank":19}]},"card_choices":[{"not_picked":["Beam Cell","Rebound"],"picked":"Barrage","floor":1},{"not_picked":["Rebound","Hello World"],"picked":"Leap","floor":2},{"not_picked":["Compile Driver","Stack"],"picked":"Coolheaded","floor":3},{"not_picked":["Leap","Redo"],"picked":"Capacitor","floor":4},{"not_picked":["Barrage","Melter"],"picked":"Buffer","floor":7},{"not_picked":["Double Energy","Barrage"],"picked":"Go for the Eyes","floor":8}],"player_experience":385976,"relics_obtained":[{"floor":7,"key":"Smiling Mask"},{"floor":9,"key":"MawBank"}],"event_choices":[{"damage_healed":0,"gold_gain":75,"player_choice":"Gather Gold","damage_taken":11,"max_hp_gain":0,"max_hp_loss":0,"event_name":"World of Goop","floor":11,"gold_loss":0}],"is_beta":false,"boss_relics":[],"items_purged_floors":[],"is_endless":false,"potions_floor_spawned":[1,3],"killed_by":"3 Sentries","ascension_level":20}}