{"host":"njcl8kinlkfw245p","time":1613585991,"event":{"mods":["BaseMod","Block Reminder","Colored Map","Googly Eyes","KinomotoSakuraMod(????)","Minty Spire (QoL Compilation)","StSLib","The Senshi","Unceasing Turn Reminder","everything is the same but u backflip on backflip"],"gold_per_floor":[113,125,141,161,180,215,215,244,244,244,259,259,271,305,305,305,305],"floor_reached":16,"language":"ENG","playtime":1212,"items_purged":[],"score":171,"play_id":"94e22a56-009d-4e6e-8596-b1e87c0a93a4","local_time":"20210217101951","is_ascension_mode":true,"campfire_choices":[{"floor":7.0,"key":"REST"},{"floor":10.0,"key":"REST"},{"floor":15,"key":"REST"}],"circlet_count":0,"master_deck":["Strike_R","Strike_R","Strike_R+1","Strike_R","Strike_R","Defend_R","Defend_R","Defend_R","Defend_R","Bash+1","Flame Barrier","Clothesline","Pommel Strike","Sword Boomerang","Barricade","Havoc","Rupture","Heavy Blade","Whirlwind"],"relics":["SlaversCollar","Whetstone","Dead Branch","Bird Faced Urn","Pocketwatch"],"acts_visited":["Exordium"],"potions_floor_usage":[14,16],"damage_taken":[{"damage":8.0,"enemies":"Jaw Worm","floor":1.0,"turns":4.0},{"damage":1.0,"enemies":"Cultist","floor":2.0,"turns":3.0},{"damage":6.0,"enemies":"2 Louse","floor":3.0,"turns":3.0},{"damage":25.0,"enemies":"Exordium Wildlife","floor":4.0,"turns":6.0},{"damage":11.0,"enemies":"Looter","floor":5.0,"turns":3.0},{"damage":15.0,"enemies":"3 Sentries","floor":6.0,"turns":9.0},{"damage":23.0,"enemies":"Lagavulin","floor":8.0,"turns":9.0},{"damage":11.0,"enemies":"2 Fungi Beasts","floor":11.0,"turns":3.0},{"damage":18.0,"enemies":"Lots of Slimes","floor":13.0,"turns":4.0},{"damage":0,"enemies":"Gremlin Nob","floor":14,"turns":2},{"damage":43,"enemies":"Hexaghost","floor":16,"turns":15}],"seed_played":"7982275500200751446","potions_obtained":[{"floor":1.0,"key":"SpeedPotion"},{"floor":3.0,"key":"Dexterity Potion"},{"floor":8.0,"key":"Strength Potion"},{"floor":11.0,"key":"SkillPotion"}],"is_trial":false,"path_per_floor":["M","M","M","M","M","E","R","E","T","R","M","?","M","E","R","B"],"character_chosen":"IRONCLAD","items_purchased":[],"campfire_rested":3,"item_purchase_floors":[],"current_hp_per_floor":[72,71,65,40,29,14,38,15,15,39,28,28,10,10,34,0,0],"gold":305,"neow_bonus":"BOSS_RELIC","is_daily":false,"chose_seed":false,"campfire_upgraded":0,"win_rate":0.0,"timestamp":1613585991,"path_taken":["M","M","M","M","M","E","R","E","T","R","M","?","M","E","R","BOSS"],"items_purchased_type":[],"build_version":"2020-12-22","purchased_purges":0,"victory":false,"max_hp_per_floor":[80,80,80,80,80,80,80,80,80,80,80,80,80,80,80,80,80],"card_choices":[{"not_picked":["Pommel Strike","Infernal Blade"],"picked":"Flame Barrier","floor":1.0},{"not_picked":["Twin Strike","Evolve"],"picked":"Clothesline","floor":2.0},{"not_picked":["Combust","Anger"],"picked":"Pommel Strike","floor":3.0},{"not_picked":["Havoc","Entrench","Flex"],"picked":"SKIP","floor":4.0},{"not_picked":["Clash","Havoc"],"picked":"Sword Boomerang","floor":5.0},{"not_picked":["Havoc","Exhume"],"picked":"Barricade","floor":6.0},{"not_picked":["Infernal Blade","Dual Wield"],"picked":"Havoc","floor":8.0},{"not_picked":["Bloodletting","Wild Strike"],"picked":"Rupture","floor":11.0},{"not_picked":["Seeing Red","Pommel Strike"],"picked":"Heavy Blade","floor":13.0},{"not_picked":["Fire Breathing","Iron Wave"],"picked":"Whirlwind","floor":14}],"player_experience":956349,"relics_obtained":[{"floor":6.0,"key":"Whetstone"},{"floor":8.0,"key":"Dead Branch"},{"floor":9.0,"key":"Bird Faced Urn"},{"floor":14,"key":"Pocketwatch"}],"event_choices":[{"damage_healed":0.0,"max_hp_gain":0.0,"max_hp_loss":0.0,"gold_gain":0.0,"event_name":"Liars Game","player_choice":"Ignored","floor":12.0,"gold_loss":0.0,"damage_taken":0.0}],"is_beta":false,"boss_relics":[],"items_purged_floors":[],"is_endless":false,"potions_floor_spawned":[1,3,8,11],"killed_by":"Hexaghost","ascension_level":3}}