{"host":"sav7uxregyirlf69","time":1613532457,"event":{"mods":["AchievementEnabler","BaseMod","Colored Map","DeckTracker","Hermit","Keyboard Shortcuts","Minty Spire (QoL Compilation)","READ ME - Guardian Mod","StSLib","SuperFastMode"],"gold_per_floor":[116,66,66,77,89,89,100,112,112,112,144,144,159,179,179,276,276,293,310,320,142,67,67,85,85,110,130,143,143,143],"floor_reached":29,"language":"KOR","playtime":528,"items_purged":[],"score":289,"play_id":"eaaf956e-8df4-49ec-8b90-c2bb6f455dc0","local_time":"20210217122737","is_ascension_mode":true,"campfire_choices":[{"data":"hermit:FullyLoaded","floor":6,"key":"SMITH"},{"data":"hermit:Showdown","floor":10,"key":"SMITH"},{"data":"hermit:Glare","floor":15,"key":"SMITH"},{"data":"hermit:HighCaliber","floor":23,"key":"SMITH"},{"data":"hermit:BodyArmor","floor":25,"key":"SMITH"}],"circlet_count":0,"master_deck":["hermit:Strike_Hermit","hermit:Strike_Hermit","hermit:Strike_Hermit","hermit:Defend_Hermit","hermit:Defend_Hermit","hermit:Defend_Hermit","hermit:Snapshot+1","hermit:Covet","hermit:HighCaliber+1","hermit:Glare+1","hermit:FullyLoaded+1","hermit:Showdown+1","hermit:Shortfuse","hermit:BodyArmor+1","hermit:HighCaliber+1","hermit:Virtue"],"relics":["hermit:Momento","The Courier","CaptainsWheel","Sozu","Anchor","Dream Catcher"],"acts_visited":["Exordium","TheCity"],"potions_floor_usage":[11,16,16,29],"damage_taken":[{"damage":0,"enemies":"2 Louse","floor":1,"turns":2},{"damage":2,"enemies":"Small Slimes","floor":4,"turns":3},{"damage":0,"enemies":"Cultist","floor":5,"turns":2},{"damage":0,"enemies":"Red Slaver","floor":7,"turns":2},{"damage":0,"enemies":"2 Fungi Beasts","floor":8,"turns":3},{"damage":13,"enemies":"Gremlin Nob","floor":11,"turns":3},{"damage":0,"enemies":"Gremlin Gang","floor":13,"turns":4},{"damage":8,"enemies":"Exordium Thugs","floor":14,"turns":5},{"damage":21,"enemies":"Hexaghost","floor":16,"turns":10},{"damage":6,"enemies":"Spheric Guardian","floor":18,"turns":3},{"damage":9,"enemies":"3 Byrds","floor":19,"turns":4},{"damage":6,"enemies":"Snake Plant","floor":20,"turns":4},{"damage":6,"enemies":"3 Cultists","floor":24,"turns":5},{"damage":11,"enemies":"Sentry and Sphere","floor":27,"turns":3},{"damage":21,"enemies":"Snake Plant","floor":28,"turns":4},{"damage":19,"enemies":"Cultist and Chosen","floor":29,"turns":4}],"seed_played":"-3199879854325193056","potions_obtained":[{"floor":1,"key":"LiquidMemories"},{"floor":4,"key":"EntropicBrew"},{"floor":7,"key":"Weak Potion"},{"floor":13,"key":"Dexterity Potion"}],"is_trial":false,"path_per_floor":["M","?","?","M","M","R","M","M","T","R","E","?","M","M","R","B",null,"M","M","M","$","?","R","M","R","T","M","M","M"],"character_chosen":"HERMIT","items_purchased":["hermit:BodyArmor","hermit:HighCaliber","Anchor"],"campfire_rested":0,"item_purchase_floors":[21,21,21],"current_hp_per_floor":[75,75,75,73,73,73,73,73,73,73,60,60,60,52,52,31,64,58,49,43,43,43,43,37,37,37,26,5,0,0],"gold":143,"neow_bonus":"UPGRADE_CARD","is_daily":false,"chose_seed":false,"campfire_upgraded":5,"win_rate":0.0,"timestamp":1613532457,"path_taken":["M","?","?","M","M","R","M","M","T","R","E","?","M","M","R","BOSS","M","?","M","$","?","R","M","R","T","M","M","M"],"items_purchased_type":["Card","Card","Relic"],"build_version":"2020-12-22","purchased_purges":0,"victory":false,"max_hp_per_floor":[75,75,75,75,75,75,75,75,75,75,75,75,75,75,75,75,75,75,75,75,75,75,75,75,75,75,75,75,75,75],"card_choices":[{"not_picked":["hermit:LowProfile","hermit:HoleUp"],"picked":"hermit:HighCaliber","floor":1},{"not_picked":["hermit:CalledShot","hermit:GoldenBullet"],"picked":"hermit:Glare","floor":4},{"not_picked":["hermit:Magnum","hermit:CursedWeapon"],"picked":"hermit:FullyLoaded","floor":5},{"not_picked":["hermit:Spite","hermit:SprayPray","hermit:Dive"],"picked":"SKIP","floor":7},{"not_picked":["hermit:WideOpen","hermit:Cheat"],"picked":"hermit:Showdown","floor":8},{"not_picked":["hermit:BigShot","hermit:Headshot","hermit:Dive"],"picked":"SKIP","floor":11},{"not_picked":["hermit:Grudge","hermit:Misfire","hermit:Quickdraw"],"picked":"SKIP","floor":13},{"not_picked":["hermit:Headshot","hermit:Dissolve","hermit:TrackingShot"],"picked":"SKIP","floor":14},{"not_picked":["hermit:Snipe","hermit:Quickdraw"],"picked":"hermit:Shortfuse","floor":18},{"not_picked":["hermit:Quickdraw+1","hermit:SprayPray+1","hermit:LuckOfTheDraw"],"picked":"SKIP","floor":19},{"not_picked":["hermit:Ricochet","hermit:Coalescence","hermit:Dive+1"],"picked":"SKIP","floor":20},{"not_picked":["hermit:HoleUp+1","hermit:FullyLoaded","hermit:BodyArmor"],"picked":"SKIP","floor":24},{"not_picked":["hermit:CalledShot","hermit:Coalescence","hermit:DeadOrAlive"],"picked":"SKIP","floor":27},{"not_picked":["hermit:Combo+1","hermit:Glare"],"picked":"hermit:Virtue","floor":28}],"player_experience":1625798,"relics_obtained":[{"floor":9,"key":"The Courier"},{"floor":11,"key":"CaptainsWheel"},{"floor":26,"key":"Dream Catcher"}],"event_choices":[{"cards_removed":["hermit:Strike_Hermit"],"damage_healed":0,"gold_gain":0,"player_choice":"Card Removal","damage_taken":0,"max_hp_gain":0,"max_hp_loss":0,"event_name":"The Cleric","floor":2,"gold_loss":50},{"damage_healed":0,"gold_gain":0,"player_choice":"Grow","damage_taken":0,"max_hp_gain":0,"max_hp_loss":0,"event_name":"Living Wall","floor":3,"gold_loss":0,"cards_upgraded":["hermit:HighCaliber"]},{"damage_healed":0,"gold_gain":0,"player_choice":"0 cards matched","damage_taken":0,"max_hp_gain":0,"max_hp_loss":0,"event_name":"Match and Keep!","floor":12,"gold_loss":0,"cards_obtained":[]},{"cards_removed":["hermit:Defend_Hermit"],"damage_healed":0,"gold_gain":0,"player_choice":"Gave Gold","damage_taken":0,"max_hp_gain":0,"max_hp_loss":0,"event_name":"Beggar","floor":22,"gold_loss":75}],"is_beta":false,"boss_relics":[{"not_picked":["SlaversCollar","Calling Bell"],"picked":"Sozu"}],"items_purged_floors":[],"is_endless":false,"potions_floor_spawned":[1,4,7,13,14,19,24],"killed_by":"Cultist and Chosen","ascension_level":5}}