{"host":"5wwct7e0z3l0f094","time":1613531859,"event":{"mods":["AchievementEnabler","BaseMod","Downfall","Highlight Path","Minty Spire (QoL Compilation)","StSLib","SuperFastMode"],"gold_per_floor":[119,129,139,158,158,233,233,263,342,355,355,413,413,448,448,448,448],"floor_reached":16,"language":"ENG","playtime":594,"items_purged":[],"score":155,"play_id":"619e5050-d694-4bf2-bdf0-e9e99f9fb62b","local_time":"20210216221739","is_ascension_mode":true,"campfire_choices":[{"floor":11,"key":"REST"},{"data":"Blade Dance","floor":13,"key":"SMITH"},{"floor":15,"key":"REST"}],"circlet_count":0,"master_deck":["AscendersBane","Strike_G","Strike_G","Strike_G","Strike_G","Defend_G","Defend_G","Defend_G","Defend_G","Defend_G","Survivor","Neutralize","Prepared","Blade Dance+1","Backstab","Wraith Form v2"],"relics":["Ring of the Snake","Ginger","Mummified Hand","Golden Idol","Odd Mushroom","Ornamental Fan","Art of War"],"acts_visited":["Exordium"],"potions_floor_usage":[8,14,16],"damage_taken":[{"damage":0,"enemies":"Cultist","floor":1,"turns":4},{"damage":1,"enemies":"Jaw Worm","floor":2,"turns":4},{"damage":8,"enemies":"Small Slimes","floor":3,"turns":5},{"damage":10,"enemies":"3 Louse","floor":4,"turns":4},{"damage":0,"enemies":"The Mushroom Lair","floor":8,"turns":2},{"damage":5,"enemies":"Exordium Thugs","floor":10,"turns":6},{"damage":26,"enemies":"3 Sentries","floor":14,"turns":8},{"damage":36,"enemies":"Hexaghost","floor":16,"turns":10}],"seed_played":"-5555150937465373","potions_obtained":[{"floor":2,"key":"DuplicationPotion"},{"floor":3,"key":"SkillPotion"},{"floor":8,"key":"FearPotion"}],"is_trial":false,"path_per_floor":["M","M","M","M","?","T","?","?","T","M","R","?","R","E","R","B"],"character_chosen":"THE_SILENT","items_purchased":[],"campfire_rested":2,"item_purchase_floors":[],"current_hp_per_floor":[63,62,54,44,44,44,29,29,29,24,42,42,42,16,34,0,0],"gold":448,"neow_bonus":"ONE_RARE_RELIC","is_daily":false,"chose_seed":false,"campfire_upgraded":1,"win_rate":0.0,"timestamp":1613531859,"path_taken":["M","M","M","M","?","?","?","?","T","?","R","?","R","E","R","BOSS"],"items_purchased_type":[],"build_version":"2020-12-22","purchased_purges":0,"victory":false,"max_hp_per_floor":[63,63,63,63,63,63,63,63,63,63,63,63,63,63,63,63,63],"card_choices":[{"not_picked":["Deadly Poison","PiercingWail","Dodge and Roll"],"picked":"SKIP","floor":1},{"not_picked":["Catalyst","Dodge and Roll"],"picked":"Prepared","floor":2},{"not_picked":["Footwork","Escape Plan"],"picked":"Blade Dance","floor":3},{"not_picked":["Flying Knee","Prepared","Reflex"],"picked":"SKIP","floor":4},{"not_picked":["All Out Attack","Well Laid Plans"],"picked":"Backstab","floor":10},{"not_picked":["Deflect","Heel Hook"],"picked":"Wraith Form v2","floor":14}],"player_experience":335470,"relics_obtained":[{"floor":6,"key":"Mummified Hand"},{"floor":8,"key":"Odd Mushroom"},{"floor":9,"key":"Ornamental Fan"},{"floor":14,"key":"Art of War"}],"event_choices":[{"cards_removed":["Strike_G"],"damage_healed":0,"gold_gain":0,"player_choice":"Forget","damage_taken":0,"max_hp_gain":0,"max_hp_loss":0,"event_name":"Living Wall","floor":5,"gold_loss":0},{"damage_healed":0,"gold_gain":0,"player_choice":"Take Damage","damage_taken":15,"relics_obtained":["Golden Idol"],"max_hp_gain":0,"max_hp_loss":0,"event_name":"Golden Idol","floor":7,"gold_loss":0},{"damage_healed":0,"gold_gain":0,"player_choice":"Fought Mushrooms","damage_taken":0,"max_hp_gain":0,"max_hp_loss":0,"event_name":"Mushrooms","floor":8,"gold_loss":0},{"damage_healed":0,"gold_gain":58,"player_choice":"Gained Gold","damage_taken":0,"max_hp_gain":0,"max_hp_loss":0,"event_name":"Golden Wing","floor":12,"gold_loss":0}],"is_beta":false,"boss_relics":[],"items_purged_floors":[],"is_endless":false,"potions_floor_spawned":[2,3,8,10],"killed_by":"Hexaghost","ascension_level":11}}