{"host":"8yon5n5je7lh4vc0","time":1613583684,"event":{"mods":["AchievementEnabler","BaseMod","Downfall","Highlight Path","Hubris","Infinite Spire","Minty Spire (QoL Compilation)","Permanent Neow","Quick Restart","Remove Card Discount Mod","Replay The Spire","Shop Mod","Spicy Shops","StSLib","SuperFastMode","TestMod","The Jungle","The Servant 0.9.4","óô»ðÖ¸ÄÏ"],"gold_per_floor":[109,123,123,67,80,105,116,401,412,432,457,468,179,190,201,312,323,347,358,369,227,227,227,261,261,261,261,289,307,316,326,326,421,421,433,433,447,89,89,89,89,105,130,130,145,158,36,54,54,54],"floor_reached":51,"language":"ZHS","playtime":5645,"items_purged":["Defend_R","Strike_R","Regret","Wild Strike","Strike_R","Strike_R","Strike_R","Spreading Infection","downfall:Aged","Blood for Blood","downfall:Haunted","downfall:Haunted","hubris:Lust","hubris:ReadiedAction","Defend_R","Defend_R","Defend_R"],"score":749,"play_id":"684e0f52-58df-411d-b1c3-6085ced89ac5","local_time":"20210218014124","is_ascension_mode":true,"campfire_choices":[{"data":"Feel No Pain","floor":7.0,"key":"SMITH"},{"floor":15.0,"key":"REST"},{"floor":23.0,"key":"REST"},{"floor":25.0,"key":"REST"},{"floor":32.0,"key":"REST"},{"data":"Corruption","floor":40.0,"key":"SMITH"},{"data":"Demon Form","floor":44.0,"key":"SMITH"},{"floor":49.0,"key":"REST"}],"circlet_count":0,"master_deck":["Bash","Feel No Pain+1","ReplayTheSpireMod:Stacked","Warcry+1","Dual Wield","Body Slam","ReplayTheSpireMod:Strike From Hell","Body Slam","ReplayTheSpireMod:Strike From Hell","Demon Form+1","Juggernaut","Pummel","Flex+1","True Grit","Cleave+1","Dark Embrace","Warcry+1","infinitespire:FutureSight","Ghostly Armor","Headbutt+1","Corruption+1","Sword Boomerang","Eclipse","Metallicize","testmod-Dream","Twin Strike+1","Fiend Fire","Dual Wield","Flame Barrier","Flex+1","Infernal Blade+1"],"relics":["Burning Blood","testmod-TestBox","Replay:Wax Seal","testmod-Charity","MawBank","testmod-Antiphasic","Snack Pack","Du-Vu Doll","Velvet Choker","testmod-InjuryResistance","theJungle:BirthdayCakeSlice","Orrery","Shuriken","Gremlin Food","Bottled Flame","Dream Catcher","Ooze Armor","testmod-LifeArmor","ReplayTheSpireMod:Ring of Addiction","hubris:EmptyBottle","Chameleon Ring","ReplayTheSpireMod:Ring of Sloth","hubris:Towel","infinitespire:Beetle Shell"],"acts_visited":["Exordium","Exordium","TheBeyond"],"potions_floor_usage":[50,50,50,50,50],"damage_taken":[{"damage":5.0,"enemies":"Small Slimes","floor":1.0,"turns":4.0},{"damage":15.0,"enemies":"Cultist","floor":2.0,"turns":5.0},{"damage":1.0,"enemies":"Jaw Worm","floor":5.0,"turns":6.0},{"damage":8.0,"enemies":"3 Sentries","floor":6.0,"turns":13.0},{"damage":44.0,"enemies":"Gremlin Gang","floor":10.0,"turns":7.0},{"damage":21.0,"enemies":"3 Louse","floor":11.0,"turns":4.0},{"damage":51.0,"enemies":"Fading Forest","floor":16.0,"turns":11.0},{"damage":35.0,"enemies":"theJungle:5_Spyders","floor":18.0,"turns":7.0},{"damage":51.0,"enemies":"JungleHuntersEvent","floor":22.0,"turns":6.0},{"damage":35.0,"enemies":"Nightmare","floor":24.0,"turns":7.0},{"damage":9.0,"enemies":"theJungle:2_Phrogs","floor":28.0,"turns":7.0},{"damage":16.0,"enemies":"theJungle:Flameango_and_Byrd","floor":29.0,"turns":5.0},{"damage":18.0,"enemies":"theJungle:JungleHuntersEncounter","floor":30.0,"turns":6.0},{"damage":2.0,"enemies":"theJungle:Snecko_Cultist_And_Trap","floor":31.0,"turns":5.0},{"damage":20.0,"enemies":"theJungle:QueenSpyder","floor":33.0,"turns":8.0},{"damage":45.0,"enemies":"3 Darklings","floor":35.0,"turns":4.0},{"damage":1.0,"enemies":"Orb Walker","floor":37.0,"turns":3.0},{"damage":23.0,"enemies":"3 Darklings","floor":42.0,"turns":6.0},{"damage":75.0,"enemies":"Transient","floor":45.0,"turns":5.0},{"damage":19.0,"enemies":"Jaw Worm Horde","floor":46.0,"turns":4.0},{"damage":12.0,"enemies":"Sphere and 2 Shapes","floor":48.0,"turns":4.0},{"damage":45,"enemies":"Donu and Deca","floor":50,"turns":8}],"seed_played":"9218019765706793273","potions_obtained":[{"floor":1.0,"key":"BloodPotion"},{"floor":2.0,"key":"Fire Potion"},{"floor":10.0,"key":"Fire Potion"},{"floor":18.0,"key":"BlessingOfTheForge"},{"floor":28.0,"key":"Strength Potion"},{"floor":30.0,"key":"SkillPotion"},{"floor":39.0,"key":"Doom Potion"},{"floor":48.0,"key":"Strength Potion"}],"is_trial":false,"path_per_floor":["M","M","?","$","M","E","R","?","T","M","M","?","R","?","R","B",null,"M","AVR","?","$","?","R","NM","R","T","?","E","M","M","M","R","B",null,"M","?","M","$","?","R","?","M","T","R","M","M","$","M","R","B",null],"character_chosen":"IRONCLAD","items_purchased":["Warcry","ReplayTheSpireMod:Strike From Hell","Snack Pack","Orrery","testmod-LifeArmor","testmod-Dream","Dual Wield","Flame Barrier"],"campfire_rested":5,"item_purchase_floors":[4,13,13,21,38,38,47,47],"current_hp_per_floor":[81,73,73,73,79,78,79,81,82,46,33,34,35,41,72,61,104,81,82,88,89,46,80,54,88,88,88,90,83,72,77,112,107,120,82,82,90,90,90,90,90,76,77,77,50,40,40,73,112,77],"gold":54,"neow_bonus":"RANDOM_COMMON_RELIC","is_daily":false,"chose_seed":false,"campfire_upgraded":3,"win_rate":0.0,"timestamp":1613583684,"path_taken":["M","M","?","?","?","E","R","?","T","?","M","?","R","?","R","BOSS","M","AVR","?","$","?","R","NM","R","T","?","E","M","M","?","R","BOSS","M","?","M","$","?","R","?","M","T","R","M","M","$","M","R","BOSS"],"items_purchased_type":["Card","Card","Relic","Relic","Relic","Card","Card","Card"],"build_version":"2020-12-22","purchased_purges":17,"victory":true,"max_hp_per_floor":[81,82,82,82,83,84,85,87,88,90,92,93,94,100,101,103,104,106,107,113,114,114,114,115,115,115,115,116,117,118,119,119,120,120,121,121,122,122,122,122,122,123,122,122,128,129,129,130,130,130],"card_choices":[{"not_picked":["Anger","Sword Boomerang"],"picked":"Feel No Pain","floor":1.0},{"not_picked":["Flex","Twin Strike"],"picked":"ReplayTheSpireMod:Stacked","floor":2.0},{"not_picked":["Flex","Iron Wave"],"picked":"Dual Wield","floor":5.0},{"not_picked":["ReplayTheSpireMod:LeadingStrike","Limit Break"],"picked":"Wild Strike","floor":6.0},{"not_picked":["Run Through","Warcry"],"picked":"Body Slam","floor":10.0},{"not_picked":["Second Wind","Perfected Strike"],"picked":"ReplayTheSpireMod:Strike From Hell","floor":11.0},{"not_picked":["Offering","Demon Form"],"picked":"Juggernaut","floor":16.0},{"not_picked":["Cleave","Replay:Undeath\u0027s Touch","hubris:CleavingFinish"],"picked":"SKIP","floor":18.0},{"not_picked":["Flex","hubris:StunningStrike"],"picked":"Pummel","floor":21.0},{"not_picked":["Clothesline","Carnage"],"picked":"Flex+1","floor":21.0},{"not_picked":["Clothesline","Flex"],"picked":"True Grit","floor":21.0},{"not_picked":["Wild Strike","Dropkick"],"picked":"Cleave","floor":21.0},{"not_picked":["Dual Wield","ReplayTheSpireMod:Muscle Training+1"],"picked":"Dark Embrace","floor":21.0},{"not_picked":["Uppercut","Ghostly Armor"],"picked":"Warcry+1","floor":22.0},{"not_picked":["hubris:Rewind","hubris:InfiniteBlow"],"picked":"infinitespire:FutureSight","floor":24.0},{"not_picked":["Anger+1","Perfected Strike+1"],"picked":"Ghostly Armor","floor":24.0},{"not_picked":["Carnage","Clothesline+1","Headbutt"],"picked":"SKIP","floor":28.0},{"not_picked":["Body Slam","Anger"],"picked":"Headbutt+1","floor":29.0},{"not_picked":["Thunderclap","Flex"],"picked":"Corruption","floor":30.0},{"not_picked":["Headbutt","Perfected Strike","Clothesline"],"picked":"SKIP","floor":31.0},{"not_picked":["Twin Strike","ReplayTheSpireMod:Limb From Limb"],"picked":"Sword Boomerang","floor":32.0},{"not_picked":["Bludgeon","hubris:StunningStrike"],"picked":"Eclipse","floor":33.0},{"not_picked":["Run Through","Carnage"],"picked":"Metallicize","floor":35.0},{"not_picked":["Clothesline+1","Power Through+1"],"picked":"hubris:ReadiedAction","floor":37.0},{"not_picked":["Headbutt+1","Shrug It Off"],"picked":"Twin Strike","floor":42.0},{"not_picked":["Shockwave+1","Iron Wave","Blood for Blood+1"],"picked":"SKIP","floor":45.0},{"not_picked":["Clothesline+1","Headbutt+1"],"picked":"Fiend Fire","floor":46.0},{"not_picked":["Armaments+1","Ghostly Armor+1"],"picked":"Flex+1","floor":48.0},{"not_picked":["hubris:ReadiedAction+1","Run Through"],"picked":"Infernal Blade+1","floor":49.0}],"player_experience":36503,"relics_obtained":[{"floor":6.0,"key":"MawBank"},{"floor":9.0,"key":"testmod-Antiphasic"},{"floor":22.0,"key":"Shuriken"},{"floor":24.0,"key":"Gremlin Food"},{"floor":26.0,"key":"Bottled Flame"},{"floor":28.0,"key":"Dream Catcher"},{"floor":39.0,"key":"ReplayTheSpireMod:Ring of Addiction"},{"floor":39.0,"key":"hubris:EmptyBottle"},{"floor":39.0,"key":"Chameleon Ring"},{"floor":39.0,"key":"ReplayTheSpireMod:Ring of Sloth"},{"floor":43.0,"key":"infinitespire:Beetle Shell"}],"event_choices":[{"damage_healed":0.0,"max_hp_gain":0.0,"max_hp_loss":0.0,"gold_gain":0.0,"event_name":"Match and Keep!","player_choice":"0 cards matched","floor":3.0,"gold_loss":0.0,"damage_taken":0.0,"cards_obtained":[]},{"damage_healed":0.0,"max_hp_gain":0.0,"max_hp_loss":0.0,"gold_gain":275.0,"event_name":"Golden Shrine","player_choice":"Desecrate","floor":8.0,"gold_loss":0.0,"damage_taken":0.0,"cards_obtained":["Regret"]},{"damage_healed":0.0,"max_hp_gain":0.0,"max_hp_loss":0.0,"gold_gain":0.0,"cards_transformed":["Strike_R"],"event_name":"Transmorgrifier","player_choice":"Transformed","floor":27.0,"gold_loss":0.0,"damage_taken":0.0,"cards_obtained":["Blood for Blood"]}],"is_beta":false,"boss_relics":[{"not_picked":["Honey Jar","hubris:ScarierMask"],"picked":"Velvet Choker"},{"not_picked":["testmod-GoldenSoul","Coffee Dripper"],"picked":"Ooze Armor"}],"items_purged_floors":[4,4,13,13,38,38,38,38,38,38,47,47,47,47,47,47,47],"is_endless":false,"potions_floor_spawned":[1,2,10,18,28,30,31,45,48],"ascension_level":2}}