{"host":"Sylvester","time":1613584319,"event":{"mods":["AchievementEnabler","BaseMod","Filter the Spire","Lobotomy","Minty Spire (QoL Compilation)","Replay The Spire","StSLib"],"gold_per_floor":[113,131,131,145,163,198,215,247,272,289,289,289,308,326,326,326,326],"floor_reached":16,"language":"ENG","playtime":623,"items_purged":[],"score":232,"play_id":"1769dd42-449c-4a49-81d8-a5cd89536128","local_time":"20210217095159","is_ascension_mode":true,"campfire_choices":[{"floor":12,"key":"REST"},{"floor":15,"key":"REST"}],"circlet_count":0,"master_deck":["AscendersBane","Strike_R","Strike_R","Strike_R","Strike_R","Strike_R","Defend_R","Defend_R","Defend_R","Defend_R","Bash","Armaments+1","Twin Strike+1","Uppercut+1","Impervious","Twin Strike","Fiend Fire","Cleave","Pommel Strike","Metallicize"],"relics":["ReplayTheSpireMod:DimensionalGlitch","ReplayFunnel","Whetstone","MealTicket"],"acts_visited":["Exordium"],"potions_floor_usage":[11,16,16],"damage_taken":[{"damage":0.0,"enemies":"2 Louse","floor":1.0,"turns":2.0},{"damage":0.0,"enemies":"Cultist","floor":2.0,"turns":3.0},{"damage":9.0,"enemies":"Small Slimes","floor":4.0,"turns":3.0},{"damage":6.0,"enemies":"Blue Slaver","floor":5.0,"turns":3.0},{"damage":25.0,"enemies":"3 Sentries","floor":6.0,"turns":8.0},{"damage":5.0,"enemies":"Large Slime","floor":7.0,"turns":5.0},{"damage":8.0,"enemies":"Gremlin Nob","floor":8.0,"turns":3.0},{"damage":8.0,"enemies":"3 Louse","floor":10.0,"turns":3.0},{"damage":11,"enemies":"Looter","floor":13,"turns":2},{"damage":0,"enemies":"Large Slime","floor":14,"turns":4},{"damage":66,"enemies":"Fading Forest","floor":16,"turns":12}],"seed_played":"-3004988998025079031","potions_obtained":[{"floor":2.0,"key":"Fire Potion"},{"floor":3.0,"key":"Adrenaline Potion"},{"floor":6.0,"key":"Weak Potion"},{"floor":10.0,"key":"Fruit Juice"},{"floor":13,"key":"SkillPotion"}],"is_trial":false,"path_per_floor":["M","M","?","M","M","E","M","E","T","M","?","R","M","M","R","B"],"character_chosen":"IRONCLAD","items_purchased":[],"campfire_rested":2,"item_purchase_floors":[],"current_hp_per_floor":[68,68,68,59,53,28,23,15,15,7,12,36,25,25,49,0,0],"gold":326,"neow_bonus":"BOSS_RELIC","is_daily":false,"chose_seed":false,"campfire_upgraded":0,"win_rate":0.0,"timestamp":1613584319,"path_taken":["M","M","?","M","M","E","M","E","T","?","?","R","M","M","R","BOSS"],"items_purchased_type":[],"build_version":"2020-11-17","purchased_purges":0,"victory":false,"max_hp_per_floor":[75,75,75,75,75,75,75,75,75,75,80,80,80,80,80,80,80],"card_choices":[{"not_picked":["Iron Wave","Body Slam"],"picked":"Armaments","floor":1.0},{"not_picked":["ReplayTheSpireMod:Muscle Training","Intimidate"],"picked":"Twin Strike","floor":2.0},{"not_picked":["Body Slam","Perfected Strike","Entrench"],"picked":"SKIP","floor":4.0},{"not_picked":["Bloodletting","Warcry"],"picked":"Uppercut","floor":5.0},{"not_picked":["True Grit","Clothesline"],"picked":"Impervious","floor":6.0},{"not_picked":["Body Slam","ReplayTheSpireMod:LeadingStrike"],"picked":"Twin Strike","floor":7.0},{"not_picked":["ReplayTheSpireMod:LeadingStrike","Run Through"],"picked":"Fiend Fire","floor":8.0},{"not_picked":["Headbutt","Fire Breathing"],"picked":"Cleave","floor":10.0},{"not_picked":["Burning Pact","Sword Boomerang"],"picked":"Pommel Strike","floor":13},{"not_picked":["Clothesline","Heavy Blade"],"picked":"Metallicize","floor":14}],"player_experience":276029,"relics_obtained":[{"floor":6.0,"key":"ReplayFunnel"},{"floor":8.0,"key":"Whetstone"},{"floor":9.0,"key":"MealTicket"}],"event_choices":[{"damage_healed":0.0,"max_hp_gain":0.0,"max_hp_loss":0.0,"gold_gain":0.0,"event_name":"Lab","player_choice":"Got Potions","floor":3.0,"gold_loss":0.0,"damage_taken":0.0},{"damage_healed":0,"gold_gain":0,"player_choice":"Grow","damage_taken":0,"max_hp_gain":0,"max_hp_loss":0,"event_name":"Living Wall","floor":11,"gold_loss":0,"cards_upgraded":["Armaments"]}],"is_beta":true,"boss_relics":[],"items_purged_floors":[],"is_endless":false,"potions_floor_spawned":[2,5,6,7,10,13],"killed_by":"Fading Forest","ascension_level":20}}