{"host":"0k7350af1t8odskw","time":1613526246,"event":{"mods":["AchievementEnabler","BaseMod","Better Vampires","BetterRewards","Colored Map","Downfall","Highlight Path","Hubris","Lobotomy","Marisa£®ÏF”Í°°ƒß¿Ì…≥£©","Minty Spire (QoL Compilation)","Quick Restart","Replay The Spire","Shop Mod","StSLib","The Administrix","The Death Knight","The Runesmith","Youmu£®ªÍ∆«—˝√Œ£©"],"gold_per_floor":[110,110,57,69,89,89,89,89,89],"floor_reached":8,"language":"ZHS","playtime":215,"items_purged":[],"score":53,"play_id":"00d0824a-8599-4fc5-8625-d4f4d7fd6512","local_time":"20210216174406","is_ascension_mode":true,"campfire_choices":[{"data":"Poisoned Stab","floor":6,"key":"SMITH"}],"circlet_count":0,"master_deck":["Strike_G","Strike_G","Strike_G","Strike_G","Strike_G","Defend_G","Defend_G","Defend_G","Defend_G","Defend_G","Survivor","Neutralize","Laetitia","Outmaneuver","Poisoned Stab+1","Murderer","Deadly Poison","MeatLantern","Dagger Spray"],"relics":["Ring of the Snake","CogitoBucket"],"acts_visited":["Exordium"],"potions_floor_usage":[],"damage_taken":[{"damage":0,"enemies":"Small Slimes","floor":1,"turns":5},{"damage":12,"enemies":"Jaw Worm","floor":4,"turns":6},{"damage":2,"enemies":"2 Louse","floor":5,"turns":3},{"damage":52,"enemies":"Lagavulin","floor":8,"turns":4}],"seed_played":"-6178667661303489607","potions_obtained":[{"floor":4,"key":"LiquidMemories"}],"is_trial":false,"path_per_floor":["M","?","$","M","M","R","?","E"],"character_chosen":"THE_SILENT","items_purchased":["Poisoned Stab"],"campfire_rested":0,"item_purchase_floors":[3],"current_hp_per_floor":[70,75,75,63,61,61,61,9,9],"gold":89,"neow_bonus":"","is_daily":false,"chose_seed":false,"campfire_upgraded":1,"win_rate":0.0,"timestamp":1613526246,"path_taken":["M","?","$","M","M","R","?","E"],"items_purchased_type":["Card"],"build_version":"2020-12-22","purchased_purges":0,"victory":false,"max_hp_per_floor":[70,75,75,75,75,75,75,75,75],"card_choices":[{"not_picked":["BeautyBeast","Rudolta"],"picked":"Laetitia","floor":1},{"not_picked":["Cloak And Dagger","Quick Slash"],"picked":"Outmaneuver","floor":1},{"not_picked":["Yin","Variant"],"picked":"Murderer","floor":4},{"not_picked":["Predator","Quick Slash"],"picked":"Deadly Poison","floor":4},{"not_picked":["BeautyBeast","Bloodbath"],"picked":"MeatLantern","floor":5},{"not_picked":["Concentrate","Choke"],"picked":"Dagger Spray","floor":5}],"player_experience":171637,"relics_obtained":[],"event_choices":[{"damage_healed":0,"gold_gain":0,"player_choice":"Donut","damage_taken":0,"max_hp_gain":5,"max_hp_loss":0,"event_name":"Big Fish","floor":2,"gold_loss":0},{"damage_healed":0,"gold_gain":0,"player_choice":"Leave","damage_taken":0,"max_hp_gain":0,"max_hp_loss":0,"event_name":"The Cleric","floor":7,"gold_loss":0}],"is_beta":false,"boss_relics":[],"items_purged_floors":[],"is_endless":false,"potions_floor_spawned":[4],"killed_by":"Lagavulin","ascension_level":3}}