{"host":"8anmd7ibyxevnonj","time":1613590996,"event":{"mods":["BaseMod","Curses Come First","Minty Spire (QoL Compilation)","Reliquary","StSLib"],"gold_per_floor":[17,17,17,37,51,51,77,77,77,97,97,108,127,146,146,249,249,264,97,108,207,207,236,236,249,249,249,261,271,297,314,314,412,412,426,426,426,62,81,81,128,128,197,232,232,245,245,256,256,256],"floor_reached":51,"language":"ENG","playtime":15741,"items_purged":["Pain"],"score":744,"play_id":"4e4ec942-1d7a-4a22-978e-88f9084b93b7","local_time":"20210217204316","is_ascension_mode":false,"campfire_choices":[{"data":"Apotheosis","floor":8,"key":"SMITH"},{"data":"Feed","floor":11,"key":"SMITH"},{"data":"Rage","floor":15,"key":"SMITH"},{"floor":24,"key":"REST"},{"floor":27,"key":"REST"},{"floor":32,"key":"REST"},{"floor":40,"key":"REST"},{"floor":42,"key":"REST"},{"floor":49,"key":"REST"}],"circlet_count":0,"master_deck":["Strike_R","Strike_R","Strike_R","Strike_R","Strike_R","Defend_R","Defend_R","Defend_R","Defend_R","Bash","Apotheosis+1","Seeing Red","Seeing Red","Headbutt","Rage+1","Feed+1","Shrug It Off","Flame Barrier","Shrug It Off","Double Tap","CurseOfTheBell","Iron Wave+1","Mayhem","Warcry+1","Iron Wave+1","Headbutt+1","Thunderclap","Warcry","Thunderclap+1","Inflame","Spot Weakness","Spot Weakness","Pommel Strike+1","Juggernaut","Metallicize","Headbutt+1","Limit Break","Mayhem","Madness","Madness","Spot Weakness"],"relics":["Burning Blood","CaptainsWheel","Bottled Lightning","Calling Bell","reliquary:Knoch","Matryoshka","Incense Burner","WarpedTongs","reliquary:SharkskinSheath","Juzu Bracelet","Molten Egg 2","reliquary:RedPaperclip","Champion Belt","FossilizedHelix","Eternal Feather","reliquary:PurpleTingedLeaf","Regal Pillow"],"acts_visited":["Exordium","TheCity","TheBeyond"],"potions_floor_usage":[14,16,23,30,33,41],"damage_taken":[{"damage":1,"enemies":"Cultist","floor":1,"turns":4},{"damage":2,"enemies":"2 Louse","floor":4,"turns":3},{"damage":6,"enemies":"Jaw Worm","floor":5,"turns":5},{"damage":4,"enemies":"Gremlin Nob","floor":7,"turns":4},{"damage":0,"enemies":"Large Slime","floor":10,"turns":4},{"damage":8,"enemies":"Lots of Slimes","floor":12,"turns":4},{"damage":0,"enemies":"Exordium Thugs","floor":13,"turns":6},{"damage":0,"enemies":"Looter","floor":14,"turns":5},{"damage":24,"enemies":"Hexaghost","floor":16,"turns":8},{"damage":24,"enemies":"Spheric Guardian","floor":18,"turns":8},{"damage":2,"enemies":"3 Byrds","floor":20,"turns":4},{"damage":36,"enemies":"Gremlin Leader","floor":23,"turns":10},{"damage":10,"enemies":"Centurion and Healer","floor":25,"turns":6},{"damage":10,"enemies":"Cultist and Chosen","floor":28,"turns":4},{"damage":21,"enemies":"Snake Plant","floor":29,"turns":6},{"damage":37,"enemies":"Slavers","floor":30,"turns":5},{"damage":0,"enemies":"Sentry and Sphere","floor":31,"turns":6},{"damage":66,"enemies":"Automaton","floor":33,"turns":10},{"damage":1,"enemies":"Orb Walker","floor":35,"turns":3},{"damage":16,"enemies":"3 Shapes","floor":39,"turns":4},{"damage":10,"enemies":"2 Orb Walkers","floor":41,"turns":4},{"damage":17,"enemies":"Giant Head","floor":44,"turns":8},{"damage":16,"enemies":"Writhing Mass","floor":46,"turns":5},{"damage":1,"enemies":"4 Shapes","floor":48,"turns":3},{"damage":38,"enemies":"Time Eater","floor":50,"turns":8}],"seed_played":"-6578992228625723610","potions_obtained":[{"floor":10,"key":"GamblersBrew"},{"floor":13,"key":"Swift Potion"},{"floor":16,"key":"LiquidBronze"},{"floor":20,"key":"SmokeBomb"},{"floor":25,"key":"Weak Potion"},{"floor":30,"key":"PowerPotion"},{"floor":31,"key":"Block Potion"},{"floor":33,"key":"DistilledChaos"},{"floor":39,"key":"Ancient Potion"},{"floor":41,"key":"Explosive Potion"}],"is_trial":false,"path_per_floor":["M","T","?","M","M","$","E","R","T","M","R","M","M","M","R","B",null,"M","$","M","?","?","E","R","M","T","R","M","M","E","M","R","B",null,"M","?","?","$","M","R","?","R","T","E","?","M","?","M","R","B",null],"character_chosen":"IRONCLAD","items_purchased":["Mayhem","Champion Belt"],"campfire_rested":6,"item_purchase_floors":[19,38],"current_hp_per_floor":[80,80,80,80,80,80,80,80,80,80,80,82,88,92,92,78,96,82,82,90,90,90,60,91,87,87,104,104,93,62,68,101,41,112,112,112,112,112,106,116,112,116,116,105,105,95,80,90,120,89],"gold":256,"neow_bonus":"RANDOM_COLORLESS_2","is_daily":false,"chose_seed":false,"campfire_upgraded":3,"win_rate":0.0,"timestamp":1613590996,"path_taken":["M","?","?","M","M","$","E","R","T","M","R","M","M","M","R","BOSS","M","$","M","?","?","E","R","M","T","R","M","M","E","M","R","BOSS","M","?","?","$","M","R","?","R","T","E","?","M","?","M","R","BOSS"],"items_purchased_type":["Card","Relic"],"build_version":"2020-12-13","purchased_purges":1,"victory":true,"max_hp_per_floor":[80,80,80,80,80,80,80,80,80,80,80,84,88,92,92,96,96,100,100,104,104,104,104,104,104,104,104,108,112,112,112,112,112,112,112,112,112,112,116,116,116,116,116,116,116,116,116,120,120,120],"card_choices":[{"not_picked":["Master of Strategy","Sadistic Nature"],"picked":"Apotheosis","floor":0},{"not_picked":["Reckless Charge","Flex"],"picked":"Seeing Red","floor":1},{"not_picked":["Pommel Strike","Flex"],"picked":"Seeing Red","floor":4},{"not_picked":["Clothesline","Pommel Strike"],"picked":"Headbutt","floor":5},{"not_picked":["Body Slam","Uppercut"],"picked":"Rage","floor":7},{"not_picked":["Iron Wave","Blood for Blood"],"picked":"Feed","floor":10},{"not_picked":["Clothesline","Perfected Strike"],"picked":"Shrug It Off","floor":12},{"not_picked":["Reckless Charge","Clash"],"picked":"Flame Barrier","floor":13},{"not_picked":["Heavy Blade","Sword Boomerang"],"picked":"Shrug It Off","floor":14},{"not_picked":["Corruption","Brutality"],"picked":"Double Tap","floor":16},{"not_picked":["Hemokinesis","Flex"],"picked":"Iron Wave+1","floor":18},{"not_picked":["True Grit","Clothesline+1"],"picked":"Warcry+1","floor":20},{"not_picked":["Whirlwind","True Grit"],"picked":"Iron Wave+1","floor":23},{"not_picked":["Pommel Strike","Clothesline"],"picked":"Headbutt+1","floor":24},{"not_picked":["Burning Pact","Infernal Blade"],"picked":"Thunderclap","floor":25},{"not_picked":["Armaments+1","Sword Boomerang+1"],"picked":"Warcry","floor":27},{"not_picked":["Burning Pact+1","Cleave+1"],"picked":"Thunderclap+1","floor":28},{"not_picked":["Power Through","Intimidate+1"],"picked":"Inflame","floor":29},{"not_picked":["Seeing Red","Reckless Charge+1"],"picked":"Spot Weakness","floor":30},{"not_picked":["Double Tap","Blood for Blood+1"],"picked":"Spot Weakness","floor":31},{"not_picked":["Sword Boomerang+1","Twin Strike+1"],"picked":"Pommel Strike+1","floor":32},{"not_picked":["Offering","Bludgeon+1"],"picked":"Juggernaut","floor":33},{"not_picked":["Heavy Blade+1","Entrench+1"],"picked":"Metallicize","floor":35},{"not_picked":["True Grit","Cleave+1","Twin Strike+1"],"picked":"SKIP","floor":39},{"not_picked":["Cleave+1","Dark Embrace"],"picked":"Headbutt+1","floor":41},{"not_picked":["Iron Wave+1","Cleave+1"],"picked":"Limit Break","floor":44},{"not_picked":["PanicButton","Madness"],"picked":"Mayhem","floor":45},{"not_picked":["Iron Wave+1","Shrug It Off","Pummel+1"],"picked":"SKIP","floor":46},{"not_picked":["Clothesline+1","Reckless Charge+1"],"picked":"Spot Weakness","floor":48}],"player_experience":11010,"relics_obtained":[{"floor":2,"key":"CaptainsWheel"},{"floor":7,"key":"Dream Catcher"},{"floor":9,"key":"Bottled Lightning"},{"floor":17,"key":"reliquary:Knoch"},{"floor":17,"key":"Matryoshka"},{"floor":17,"key":"Incense Burner"},{"floor":23,"key":"reliquary:SharkskinSheath"},{"floor":26,"key":"Juzu Bracelet"},{"floor":26,"key":"Molten Egg 2"},{"floor":30,"key":"InkBottle"},{"floor":41,"key":"FossilizedHelix"},{"floor":43,"key":"Eternal Feather"},{"floor":43,"key":"reliquary:PurpleTingedLeaf"},{"floor":44,"key":"Regal Pillow"}],"event_choices":[{"damage_healed":0,"gold_gain":0,"player_choice":"Ignored","damage_taken":0,"max_hp_gain":0,"max_hp_loss":0,"event_name":"Liars Game","floor":3,"gold_loss":0},{"damage_healed":0,"gold_gain":99,"player_choice":"Stole From Cult","damage_taken":0,"max_hp_gain":0,"max_hp_loss":0,"event_name":"Nest","floor":21,"gold_loss":0},{"damage_healed":0,"gold_gain":0,"player_choice":"Rummage","damage_taken":0,"relics_obtained":["WarpedTongs"],"max_hp_gain":0,"max_hp_loss":0,"event_name":"Accursed Blacksmith","floor":22,"gold_loss":0,"cards_obtained":["Pain"]},{"damage_healed":0,"gold_gain":0,"player_choice":"Ignored","damage_taken":0,"max_hp_gain":0,"max_hp_loss":0,"event_name":"SecretPortal","floor":36,"gold_loss":0},{"damage_healed":0,"gold_gain":0,"player_choice":"Ignored","damage_taken":0,"max_hp_gain":0,"max_hp_loss":0,"event_name":"Tomb of Lord Red Mask","floor":37,"gold_loss":0},{"damage_healed":0,"gold_gain":0,"player_choice":"Fight","damage_taken":0,"max_hp_gain":0,"max_hp_loss":0,"event_name":"Mysterious Sphere","floor":41,"gold_loss":0},{"damage_healed":0,"gold_gain":0,"player_choice":"Memory 1","damage_taken":0,"max_hp_gain":0,"max_hp_loss":0,"event_name":"SensoryStone","floor":45,"gold_loss":0},{"damage_healed":0,"gold_gain":0,"player_choice":"Embrace Madness","damage_taken":15,"max_hp_gain":0,"max_hp_loss":0,"event_name":"Winding Halls","floor":47,"gold_loss":0,"cards_obtained":["Madness","Madness"]}],"is_beta":false,"boss_relics":[{"not_picked":["Velvet Choker","reliquary:RedCape"],"picked":"Calling Bell"},{"not_picked":["Mark of Pain","Philosopher\u0027s Stone"],"picked":"reliquary:RedPaperclip"}],"items_purged_floors":[38],"is_endless":false,"potions_floor_spawned":[10,13,16,20,25,30,31,33,39,41,44],"ascension_level":0}}