{"host":"njcl8kinlkfw245p","time":1613603785,"event":{"mods":["BaseMod","Block Reminder","Colored Map","Googly Eyes","KinomotoSakuraMod(????)","Minty Spire (QoL Compilation)","StSLib","The Senshi","Unceasing Turn Reminder","everything is the same but u backflip on backflip"],"gold_per_floor":[110,129,49,49,49,49,84,84,84,113,36,48,59,89,89,163,163,178,188,200,200,211,211,244,244,244,244,255,255,281,40,40,113,113,130,140,140,153,53,53,81,81,104,131,142,194,221,221,221,221,221,221,59,94,94],"floor_reached":56,"language":"ENG","playtime":8538,"items_purged":["theSenshi:LateForSchool","theSenshi:SailorKick"],"score":2222,"play_id":"9e8aea52-a39b-4381-b3a9-175df252afa1","local_time":"20210217151624","is_ascension_mode":true,"campfire_choices":[{"data":"theSenshi:UranusStrength","floor":6.0,"key":"SMITH"},{"data":"theSenshi:TuxedoSmokingBomber","floor":8.0,"key":"SMITH"},{"data":"theSenshi:MoonPrincessHalation","floor":15.0,"key":"SMITH"},{"data":"theSenshi:MoonPrincessHalation","floor":23.0,"key":"SMITH"},{"floor":25,"key":"REST"},{"data":"theSenshi:StudyParty","floor":27,"key":"SMITH"},{"data":"theSenshi:MoonPrismPowerMakeUp","floor":32,"key":"SMITH"},{"data":"theSenshi:LunaWiseMentor","floor":40,"key":"SMITH"},{"floor":42,"key":"REST"},{"floor":49,"key":"RECALL"},{"data":"theSenshi:InTheNickOfTime","floor":52,"key":"SMITH"}],"circlet_count":0,"master_deck":["AscendersBane","theSenshi:SailorKick","theSenshi:SailorKick","theSenshi:SailorBlock","theSenshi:SailorBlock","theSenshi:RoseThrow+1","theSenshi:MoonPrismPowerMakeUp+1","theSenshi:UranusStrength+1","theSenshi:TuxedoSmokingBomber+1","theSenshi:MoonCosmicPowerMakeUp+1","theSenshi:InTheNameOfTheMoon+1","theSenshi:MoonPrincessHalation+1","theSenshi:InTheNickOfTime+1","theSenshi:TallSilhouette","theSenshi:TallSilhouette","theSenshi:StudyParty+1","theSenshi:SchoolBag","theSenshi:MoonPrincessHalation+1","theSenshi:LunaWiseMentor+1","theSenshi:MoonPrincessHalation+1","theSenshi:SailorMarsAssists","theSenshi:MoonKick+1","theSenshi:RoseThrow+1","theSenshi:SailorNeptuneAssists+1","theSenshi:MoonTiaraMagic","theSenshi:UranusStrength","theSenshi:MoonCrisisMakeUp+1","theSenshi:TallSilhouette","theSenshi:SchoolBag","theSenshi:RainbowMoonHeartAche+1"],"relics":["theSenshi:TransformationBroochRelic","NeowsBlessing","War Paint","Mercury Hourglass","Peace Pipe","theSenshi:CrescentMoonWandRelic","Busted Crown","Du-Vu Doll","Centennial Puzzle","Bottled Tornado","Juzu Bracelet","Bag of Marbles","Sozu","Frozen Egg 2","Vajra","Bird Faced Urn","Pantograph","Torii"],"acts_visited":["Exordium","TheCity","TheBeyond","TheEnding"],"potions_floor_usage":[24,55,55],"damage_taken":[{"damage":0.0,"enemies":"2 Louse","floor":1.0,"turns":2.0},{"damage":0.0,"enemies":"Small Slimes","floor":2.0,"turns":2.0},{"damage":0.0,"enemies":"Gremlin Nob","floor":7.0,"turns":1.0},{"damage":0.0,"enemies":"Lagavulin","floor":10.0,"turns":6.0},{"damage":0.0,"enemies":"Cultist","floor":12.0,"turns":3.0},{"damage":2.0,"enemies":"Blue Slaver","floor":13.0,"turns":3.0},{"damage":17.0,"enemies":"Gremlin Nob","floor":14.0,"turns":4.0},{"damage":0.0,"enemies":"Hexaghost","floor":16.0,"turns":7.0},{"damage":4.0,"enemies":"Shell Parasite","floor":18.0,"turns":5.0},{"damage":9.0,"enemies":"2 Thieves","floor":19.0,"turns":4.0},{"damage":4.0,"enemies":"Shelled Parasite and Fungi","floor":20.0,"turns":4.0},{"damage":4.0,"enemies":"Snecko","floor":22.0,"turns":6.0},{"damage":28,"enemies":"Slavers","floor":24,"turns":6},{"damage":5,"enemies":"Centurion and Healer","floor":28,"turns":5},{"damage":1,"enemies":"Book of Stabbing","floor":30,"turns":3},{"damage":23,"enemies":"Automaton","floor":33,"turns":5},{"damage":34,"enemies":"3 Shapes","floor":35,"turns":3},{"damage":8,"enemies":"Orb Walker","floor":36,"turns":2},{"damage":1,"enemies":"Transient","floor":38,"turns":6},{"damage":10,"enemies":"Giant Head","floor":41,"turns":6},{"damage":4,"enemies":"Nemesis","floor":44,"turns":3},{"damage":16,"enemies":"3 Darklings","floor":45,"turns":3},{"damage":3,"enemies":"2 Orb Walkers","floor":46,"turns":4},{"damage":16,"enemies":"Reptomancer","floor":47,"turns":4},{"damage":8,"enemies":"Time Eater","floor":50,"turns":7},{"damage":37,"enemies":"Shield and Spear","floor":54,"turns":5},{"damage":65,"enemies":"The Heart","floor":55,"turns":8}],"seed_played":"8260157567519028364","potions_obtained":[{"floor":1.0,"key":"SteroidPotion"},{"floor":7.0,"key":"SneckoOil"},{"floor":14.0,"key":"SkillPotion"},{"floor":19.0,"key":"DuplicationPotion"},{"floor":22.0,"key":"Dexterity Potion"},{"floor":28,"key":"GamblersBrew"}],"is_trial":false,"path_per_floor":["M","M","$","?","?","R","E","R","T","E","$","M","M","E","R","B",null,"M","M","M","T","M","R","E","R","T","R","M","?","E","$","R","B",null,"M","M","?","M","$","R","E","R","T","E","M","?","E","?","R","B",null,"R","$","E","B",null],"character_chosen":"THE_SENSHI","items_purchased":["theSenshi:MoonCosmicPowerMakeUp","theSenshi:InTheNickOfTime","Bag of Marbles","theSenshi:MoonCrisisMakeUp+1","theSenshi:TallSilhouette","theSenshi:SchoolBag"],"campfire_rested":2,"item_purchase_floors":[3,11,31,53,53,53],"current_hp_per_floor":[68,68,68,61,61,61,61,61,61,61,61,61,59,42,42,42,67,63,54,50,50,46,46,18,40,40,40,35,35,34,34,34,11,59,25,17,17,16,16,16,16,38,38,34,18,20,13,13,13,46,65,65,65,39,11],"gold":94,"neow_bonus":"THREE_ENEMY_KILL","is_daily":false,"chose_seed":false,"campfire_upgraded":8,"win_rate":0.0,"timestamp":1613603784,"path_taken":["M","M","$","?","?","R","E","R","T","E","$","M","M","E","R","BOSS","M","M","M","?","M","R","E","R","T","R","M","?","E","$","R","BOSS","M","M","?","M","?","R","E","R","T","E","M","?","E","?","R","BOSS","R","$","E","BOSS"],"items_purchased_type":["Card","Card","Relic","Card","Card","Card"],"build_version":"2020-12-22","purchased_purges":2,"victory":true,"max_hp_per_floor":[75,75,75,75,75,75,75,75,75,75,75,75,75,75,75,75,75,75,75,75,75,75,75,75,75,75,75,75,75,75,75,75,75,75,75,75,75,75,75,75,75,75,75,75,75,75,75,71,71,71,71,71,71,71,71],"card_choices":[{"not_picked":["theSenshi:MoonlightKnight","theSenshi:Sidestep"],"picked":"theSenshi:UranusStrength","floor":1.0},{"not_picked":["theSenshi:SteeledNerves","theSenshi:LunasBite"],"picked":"theSenshi:TuxedoSmokingBomber","floor":2.0},{"not_picked":["theSenshi:MoonPower","theSenshi:MoonPunch"],"picked":"theSenshi:InTheNameOfTheMoon","floor":7.0},{"not_picked":["theSenshi:SailorMercuryAssists","theSenshi:InTheNameOfTheMoon"],"picked":"theSenshi:MoonPrincessHalation","floor":10.0},{"not_picked":["theSenshi:SteeledNerves","theSenshi:Sidestep"],"picked":"theSenshi:TallSilhouette","floor":12.0},{"not_picked":["theSenshi:MoonSpiralHeartAttack","theSenshi:SailorMarsAssists"],"picked":"theSenshi:TallSilhouette","floor":13.0},{"not_picked":["theSenshi:Overload","theSenshi:GatheringStrength","theSenshi:ChibiMoonsLove"],"picked":"SKIP","floor":14.0},{"not_picked":["theSenshi:LunaSensingAllies","theSenshi:JupitersPower"],"picked":"theSenshi:StudyParty","floor":16.0},{"not_picked":["theSenshi:SupersonicWaves"],"picked":"SKIP","floor":18.0},{"not_picked":[],"picked":"theSenshi:SchoolBag","floor":19.0},{"not_picked":[],"picked":"theSenshi:MoonPrincessHalation","floor":20.0},{"not_picked":["theSenshi:SailorMercuryAssists"],"picked":"SKIP","floor":22.0},{"not_picked":[],"picked":"theSenshi:LunaWiseMentor","floor":24},{"not_picked":[],"picked":"theSenshi:MoonPrincessHalation+1","floor":28},{"not_picked":[],"picked":"theSenshi:MoonKick+1","floor":30},{"not_picked":["theSenshi:MoonPrincessHalation"],"picked":"SKIP","floor":35},{"not_picked":["theSenshi:LunasBite"],"picked":"SKIP","floor":36},{"not_picked":[],"picked":"theSenshi:SailorNeptuneAssists+1","floor":38},{"not_picked":["theSenshi:TuxedoSmokingBomber"],"picked":"SKIP","floor":41},{"not_picked":[],"picked":"theSenshi:MoonTiaraMagic","floor":44},{"not_picked":["theSenshi:MoonKick"],"picked":"SKIP","floor":45},{"not_picked":[],"picked":"theSenshi:UranusStrength","floor":46},{"not_picked":["theSenshi:SailorPlanetPower"],"picked":"SKIP","floor":47},{"not_picked":[],"picked":"theSenshi:RainbowMoonHeartAche+1","floor":54}],"player_experience":957561,"relics_obtained":[{"floor":7.0,"key":"War Paint"},{"floor":9.0,"key":"Mercury Hourglass"},{"floor":10.0,"key":"Peace Pipe"},{"floor":14.0,"key":"theSenshi:CrescentMoonWandRelic"},{"floor":21.0,"key":"Du-Vu Doll"},{"floor":24,"key":"Centennial Puzzle"},{"floor":26,"key":"Bottled Tornado"},{"floor":30,"key":"Juzu Bracelet"},{"floor":41,"key":"Frozen Egg 2"},{"floor":44,"key":"Vajra"},{"floor":46,"key":"Bird Faced Urn"},{"floor":47,"key":"Pantograph"},{"floor":54,"key":"Torii"}],"event_choices":[{"cards_removed":["theSenshi:SailorKick"],"damage_healed":0.0,"max_hp_gain":0.0,"max_hp_loss":0.0,"gold_gain":0.0,"event_name":"Golden Wing","player_choice":"Card Removal","floor":4.0,"gold_loss":0.0,"damage_taken":7.0},{"damage_healed":0.0,"max_hp_gain":0.0,"max_hp_loss":0.0,"gold_gain":0.0,"event_name":"Upgrade Shrine","player_choice":"Upgraded","floor":5.0,"gold_loss":0.0,"damage_taken":0.0,"cards_upgraded":["theSenshi:MoonCosmicPowerMakeUp"]},{"damage_healed":0,"gold_gain":0,"cards_transformed":["theSenshi:SailorBlock","theSenshi:SailorBlock"],"player_choice":"Became Test Subject","damage_taken":0,"max_hp_gain":0,"max_hp_loss":0,"event_name":"Drug Dealer","floor":29,"gold_loss":0,"cards_obtained":["theSenshi:SailorMarsAssists","theSenshi:LateForSchool"]},{"damage_healed":0,"gold_gain":0,"player_choice":"Copied","damage_taken":0,"max_hp_gain":0,"max_hp_loss":0,"event_name":"Duplicator","floor":37,"gold_loss":0,"cards_obtained":["theSenshi:RoseThrow"]},{"damage_healed":0,"gold_gain":0,"player_choice":"Fight","damage_taken":0,"max_hp_gain":0,"max_hp_loss":0,"event_name":"Mysterious Sphere","floor":46,"gold_loss":0},{"damage_healed":0,"gold_gain":0,"player_choice":"Max HP","damage_taken":0,"max_hp_gain":0,"max_hp_loss":4,"event_name":"Winding Halls","floor":48,"gold_loss":0}],"is_beta":false,"boss_relics":[{"not_picked":["SacredBark","Empty Cage"],"picked":"Busted Crown"},{"not_picked":["Astrolabe","theSenshi:EternalSailorFukuRelic"],"picked":"Sozu"}],"items_purged_floors":[31,39],"is_endless":false,"potions_floor_spawned":[1,7,14,19,22,28,36,38,46,54],"ascension_level":17}}