{"host":"y6zg4wwu39otf01a","time":1613581072,"event":{"mods":["Act Like it!","Aspiration","BaseMod","Better Altar","Better Match","Better Note","Better Sensory Stone","Better Skull","Better Third Choice","Challenge The Spire","Colored Map","Colored Powertips","Conspire","GifTheSpireLib","Glutton Mod","Halation","Hermit","Highlight Path","Hubris","Infinite Spire","Mimic Mod","Minty Spire (QoL Compilation)","Quick Restart","Random Character Button","Rare Cards Sparkle","Reliquary","Replay The Spire","Retaliation","Ruina","Spicy Shops","StSLib","Stuff the Spire","The Blue Laboratory","The Construct","The Jungle"],"gold_per_floor":[110,110,285,285,39,139,139,183,253,267,290,14,45,61,61,180,180,203,311,37,62,17,17,30,54,54,54,54],"floor_reached":27,"language":"ENG","playtime":1736,"items_purged":["Regret"],"score":242,"play_id":"ce4cacee-a824-4be6-a710-92cd1ef6e395","local_time":"20210217105752","is_ascension_mode":false,"campfire_choices":[{"data":"construct:AttackMode","floor":7.0,"key":"SMITH"},{"data":"Doubt","floor":15.0,"key":"PURGE"},{"floor":23.0,"key":"REST"}],"circlet_count":0,"master_deck":["construct:Strike_Gold+1","construct:Strike_Gold","construct:Strike_Gold","construct:Strike_Gold","construct:Strike_Gold+1","construct:Defend_Gold","construct:Defend_Gold","construct:Defend_Gold+1","construct:Defend_Gold","construct:Defend_Gold","construct:AttackMode+1","construct:DefenseMode","construct:FierceBash","construct:Backfire","construct:HeavyBolt","Replay:Dark Deal","ReplayTheSpireMod:Private Reserves","Jack Of All Trades","construct:HardReboot","construct:Hazardproof","construct:ShiftingStance","construct:ClusterMines","construct:HammerDown","construct:VentSteam","Glutton:Bite+1","BattleHymn"],"relics":["construct:Cogwheel","NeowsBlessing","Golden Idol","aspiration:BabyByrd","Gremlin Horn","reliquary:Buckler","halation:Toothbrush","Orichalcum","ReplayTheSpireMod:ShopPack","reliquary:SilkGlove","reliquary:Firecrackers","ChewingGum","hubris:SlimyHat","PrismaticShard","Dream Catcher","infinitespire:Beetle Shell"],"acts_visited":["Exordium","Exordium"],"potions_floor_usage":[25],"damage_taken":[{"damage":0.0,"enemies":"conspire:RoseBush","floor":1.0,"turns":1.0},{"damage":0.0,"enemies":"Lagavulin","floor":8.0,"turns":1.0},{"damage":0.0,"enemies":"2 Louse","floor":10.0,"turns":1.0},{"damage":7.0,"enemies":"3 Sentries","floor":13.0,"turns":5.0},{"damage":0.0,"enemies":"Small Slimes","floor":14.0,"turns":2.0},{"damage":43.0,"enemies":"Hexaghost","floor":16.0,"turns":11.0},{"damage":6.0,"enemies":"ruina:3_Bats","floor":18.0,"turns":3.0},{"damage":0.0,"enemies":"ruina:BadWolf","floor":24.0,"turns":1.0},{"damage":23,"enemies":"ruina:KingOfGreed","floor":25,"turns":5},{"damage":61,"enemies":"ruina:RoadHome","floor":27,"turns":3}],"seed_played":"-482737621088774896","potions_obtained":[{"floor":1.0,"key":"LifebloodPotion"},{"floor":16.0,"key":"SteroidPotion"},{"floor":24.0,"key":"SteroidPotion"}],"is_trial":false,"path_per_floor":["M","?","?","?","$","?","R","E","T","M","T","$","E","M","R_BF","B",null,"M","?","$","T","$","R","M","M","T","E"],"character_chosen":"THE_CONSTRUCT_MOD","items_purchased":["Gremlin Horn","ReplayTheSpireMod:ShopPack","reliquary:SilkGlove","PrismaticShard","construct:HammerDown","construct:VentSteam"],"campfire_rested":1,"item_purchase_floors":[5,12,12,20,20,22],"current_hp_per_floor":[85,64,64,64,64,64,64,64,64,64,64,67,60,60,63,20,91,85,46,46,46,46,73,73,53,53,0,0],"gold":54,"neow_bonus":"THREE_ENEMY_KILL","is_daily":false,"chose_seed":false,"campfire_upgraded":1,"win_rate":0.0,"timestamp":1613581072,"path_taken":["M","?","?","?","$","?","R","E","T","?","?","$","E","M","R_BF","BOSS","M","?","$","?","$","R","M","?","T","E"],"items_purchased_type":["Relic","Relic","Relic","Relic","Card","Card"],"build_version":"2020-12-22","purchased_purges":1,"victory":false,"max_hp_per_floor":[85,85,85,85,85,85,85,85,85,85,85,88,88,88,91,91,91,91,91,91,91,91,91,91,91,91,91,91],"card_choices":[{"not_picked":["construct:Boost","construct:Forcefield"],"picked":"construct:FierceBash","floor":1.0},{"not_picked":["construct:Multistage","construct:UnbalancingBlast"],"picked":"construct:Backfire","floor":8.0},{"not_picked":["construct:CripplingShot","construct:Disrupt"],"picked":"construct:HeavyBolt","floor":10.0},{"not_picked":["Master of Strategy","StuffTheSpire:Recharge"],"picked":"Replay:Dark Deal","floor":12.0},{"not_picked":["Replay:BasicMightCard","Forethought"],"picked":"ReplayTheSpireMod:Private Reserves","floor":12.0},{"not_picked":["Specialist","Discovery"],"picked":"Jack Of All Trades","floor":12.0},{"not_picked":["construct:SuppressiveFire","construct:SweepLaser"],"picked":"construct:HardReboot","floor":13.0},{"not_picked":["construct:Failsafe","construct:Reinforce"],"picked":"construct:Hazardproof","floor":14.0},{"not_picked":["construct:LongRangeLance","construct:ShieldBurst"],"picked":"construct:ShiftingStance","floor":16.0},{"not_picked":["construct:FlakBarrage","construct:Electrocute"],"picked":"construct:ClusterMines","floor":18.0},{"not_picked":["Cloak And Dagger+1","Dagger Spray"],"picked":"Glutton:Bite+1","floor":23.0},{"not_picked":["Fusion","Glutton:Borborygmi"],"picked":"BattleHymn","floor":24.0},{"not_picked":["Backflip","ReplayTheSpireMod:System Scan","Replay:Cycle"],"picked":"SKIP","floor":25}],"player_experience":863493,"relics_obtained":[{"floor":8.0,"key":"reliquary:Buckler"},{"floor":9.0,"key":"halation:Toothbrush"},{"floor":11.0,"key":"Orichalcum"},{"floor":13.0,"key":"reliquary:Firecrackers"},{"floor":21.0,"key":"Dream Catcher"},{"floor":26,"key":"infinitespire:Beetle Shell"}],"event_choices":[{"damage_healed":0.0,"max_hp_gain":0.0,"max_hp_loss":0.0,"gold_gain":0.0,"event_name":"Golden Idol","player_choice":"Take Damage","floor":2.0,"gold_loss":0.0,"damage_taken":21.0,"relics_obtained":["Golden Idol"]},{"damage_healed":0.0,"max_hp_gain":0.0,"max_hp_loss":0.0,"gold_gain":175.0,"event_name":"betterThird:BetterSerpent","player_choice":"AGREE","floor":3.0,"gold_loss":0.0,"damage_taken":110.0},{"damage_healed":0.0,"max_hp_gain":0.0,"max_hp_loss":0.0,"gold_gain":100.0,"event_name":"Golden Shrine","player_choice":"Pray","floor":6.0,"gold_loss":0.0,"damage_taken":0.0},{"damage_healed":0.0,"max_hp_gain":0.0,"max_hp_loss":0.0,"gold_gain":108.0,"event_name":"betterSkull:BetterSkull","player_choice":"RE UP GO ","floor":19.0,"gold_loss":0.0,"damage_taken":44.0,"cards_upgraded":["construct:Defend_Gold"],"relics_obtained":["hubris:SlimyHat"]}],"is_beta":false,"boss_relics":[{"not_picked":["halation:SmartPhone","conspire:SeveredTorchhead"],"picked":"ChewingGum"}],"items_purged_floors":[12],"is_endless":false,"potions_floor_spawned":[1,16,24],"killed_by":"ruina:RoadHome","ascension_level":0}}