{"host":"61r95uy0hn86b9iu","time":1613528419,"event":{"mods":["AchievementEnabler","BaseMod","Better Vampires","BetterRewards","Colored Powertips","Hubris","Minty Spire (QoL Compilation)","Shop Mod","StSLib"],"gold_per_floor":[119,130,143,68,78,78,78,94,94,94,123,137,28,28,28,103,103,113,72,86,11,23,23,23,23],"floor_reached":24,"language":"ENG","playtime":851,"items_purged":["Strike_B"],"score":581,"play_id":"d1e0a9b3-7683-4fe8-b2bd-d28b6478c154","local_time":"20210216202019","is_ascension_mode":true,"campfire_choices":[{"floor":6.0,"key":"REST"},{"floor":10.0,"key":"REST"},{"floor":15,"key":"REST"},{"floor":23,"key":"REST"}],"circlet_count":0,"master_deck":["AscendersBane","Strike_B","Strike_B","Defend_B","Defend_B","Defend_B","Defend_B","Zap","Dualcast","Ball Lightning","Leap","Static Discharge","Capacitor","FTL","hubris:Ukulele","Cold Snap+1","Melter","Consume","Undo"],"relics":["Cracked Core","Blue Candle","Omamori","Toy Ornithopter","hubris:Reverence","WarpedTongs","SacredBark"],"acts_visited":["Exordium","TheCity"],"potions_floor_usage":[11,13,16,18,24],"damage_taken":[{"damage":1.0,"enemies":"Cultist","floor":1.0,"turns":3.0},{"damage":12.0,"enemies":"Jaw Worm","floor":2.0,"turns":3.0},{"damage":5.0,"enemies":"2 Louse","floor":3.0,"turns":3.0},{"damage":8.0,"enemies":"Looter","floor":5.0,"turns":3.0},{"damage":16.0,"enemies":"3 Louse","floor":8.0,"turns":3.0},{"damage":37,"enemies":"3 Sentries","floor":11,"turns":8},{"damage":3,"enemies":"Blue Slaver","floor":12,"turns":3},{"damage":25,"enemies":"The Guardian","floor":16,"turns":7},{"damage":6,"enemies":"2 Thieves","floor":18,"turns":4},{"damage":24,"enemies":"Shell Parasite","floor":20,"turns":4},{"damage":34,"enemies":"Snake Plant","floor":22,"turns":3},{"damage":33,"enemies":"Gremlin Leader","floor":24,"turns":2}],"seed_played":"9044978574273257844","potions_obtained":[{"floor":2.0,"key":"LiquidMemories"},{"floor":3.0,"key":"LiquidBronze"},{"floor":5.0,"key":"PowerPotion"},{"floor":16,"key":"Dexterity Potion"},{"floor":20,"key":"SpeedPotion"},{"floor":22,"key":"ColorlessPotion"}],"is_trial":false,"path_per_floor":["M","M","M","$","M","R","?","M","T","R","E","M","$","?","R","B",null,"M","$","M","?","M","R","E"],"character_chosen":"DEFECT","items_purchased":["Blue Candle","Omamori","Ball Lightning","Fruit Juice","Melter"],"campfire_rested":4,"item_purchase_floors":[0,0,0,13,19],"current_hp_per_floor":[49,37,32,32,24,45,45,29,29,50,18,15,25,25,47,27,64,63,63,39,39,5,27,0,0],"gold":23,"neow_bonus":"","is_daily":false,"chose_seed":false,"campfire_upgraded":0,"win_rate":0.0,"timestamp":1613528419,"path_taken":["M","M","M","$","?","R","?","M","T","R","E","M","$","?","R","BOSS","M","$","?","?","M","R","E"],"items_purchased_type":["Relic","Relic","Card","Potion","Card"],"build_version":"2020-12-22","purchased_purges":1,"victory":false,"max_hp_per_floor":[71,71,71,71,71,71,71,71,71,71,71,71,76,76,76,76,76,76,76,76,76,76,76,76,76],"card_choices":[{"not_picked":["Recycle","Double Energy"],"picked":"Leap","floor":1.0},{"not_picked":["Lockon","Leap","Tempest"],"picked":"SKIP","floor":2.0},{"not_picked":["Steam","Rebound","Ball Lightning"],"picked":"SKIP","floor":3.0},{"not_picked":["Beam Cell","Conserve Battery"],"picked":"Static Discharge","floor":5.0},{"not_picked":["Conserve Battery","Reprogram"],"picked":"Capacitor","floor":8.0},{"not_picked":["Tempest","Meteor Strike"],"picked":"FTL","floor":11},{"not_picked":["Go for the Eyes","Coolheaded"],"picked":"hubris:Ukulele","floor":12},{"not_picked":["Heatsinks","Redo"],"picked":"Cold Snap+1","floor":18},{"not_picked":["Cold Snap","Coolheaded"],"picked":"Consume","floor":20},{"not_picked":["Gash","Rebound"],"picked":"Undo","floor":22}],"player_experience":3360946,"relics_obtained":[{"floor":9.0,"key":"Toy Ornithopter"},{"floor":11,"key":"hubris:Reverence"}],"event_choices":[{"damage_healed":0.0,"max_hp_gain":0.0,"max_hp_loss":0.0,"gold_gain":0.0,"event_name":"Shining Light","player_choice":"Ignored","floor":7.0,"gold_loss":0.0,"damage_taken":0.0},{"damage_healed":0,"gold_gain":0,"player_choice":"Rummage","damage_taken":0,"relics_obtained":["WarpedTongs"],"max_hp_gain":0,"max_hp_loss":0,"event_name":"Accursed Blacksmith","floor":14,"gold_loss":0,"cards_obtained":["Pain"]},{"cards_removed":["Strike_B"],"damage_healed":0,"gold_gain":0,"player_choice":"Gave Gold","damage_taken":0,"max_hp_gain":0,"max_hp_loss":0,"event_name":"Beggar","floor":21,"gold_loss":75}],"is_beta":false,"boss_relics":[{"not_picked":["Philosopher\u0027s Stone","Black Star"],"picked":"SacredBark"}],"items_purged_floors":[4],"is_endless":false,"potions_floor_spawned":[2,3,5,16,20,22],"killed_by":"Gremlin Leader","ascension_level":19}}