{"host":"pm6tps78s2qrawcb","time":1613597986,"event":{"mods":["BaseMod","BetterRewards","Colored Map","Downfall","Hubris","Infinite Spire","Mimic Mod","Minty Spire (QoL Compilation)","Reliquary","Replay The Spire","Shop Mod","StSLib"],"gold_per_floor":[109,122,141,153,153,184,195,206,206,206,226,226,301,318,318,318,318],"floor_reached":16,"language":"ENG","playtime":792,"items_purged":[],"score":122,"play_id":"a6929607-ae83-412c-b74b-6e3c674a35fc","local_time":"20210217213946","is_ascension_mode":true,"campfire_choices":[{"floor":12,"key":"REST"},{"floor":15,"key":"REST"}],"circlet_count":0,"master_deck":["Strike_G","Strike_G","Strike_G","Strike_G","Defend_G","Defend_G","Defend_G","Defend_G","Defend_G","Survivor","Neutralize","Reflex","Dagger Throw","Neutralize","Blur","ReplayTheSpireMod:Speed Training","PiercingWail","Replay:Poison Smokescreen","Bane","Toxin Wave"],"relics":["Ring of the Snake","NeowsBlessing","infinitespire:Eraser","hubris:AstralHammer"],"acts_visited":["Exordium"],"potions_floor_usage":[4,7,16],"damage_taken":[{"damage":0,"enemies":"Cultist","floor":1,"turns":1},{"damage":0,"enemies":"Jaw Worm","floor":2,"turns":1},{"damage":0,"enemies":"2 Louse","floor":3,"turns":1},{"damage":20,"enemies":"Gremlin Gang","floor":4,"turns":7},{"damage":27,"enemies":"Lagavulin","floor":6,"turns":10},{"damage":2,"enemies":"Blue Slaver","floor":7,"turns":6},{"damage":33,"enemies":"Exordium Wildlife","floor":8,"turns":9},{"damage":0,"enemies":"2 Fungi Beasts","floor":11,"turns":3},{"damage":0,"enemies":"Looter","floor":14,"turns":3},{"damage":33,"enemies":"Hexaghost","floor":16,"turns":12}],"seed_played":"-2686285271175972791","potions_obtained":[{"floor":2,"key":"DistilledChaos"},{"floor":6,"key":"Regen Potion"},{"floor":8,"key":"PowerPotion"},{"floor":14,"key":"sneckomod:MuddlingPotion"}],"is_trial":false,"path_per_floor":["M","M","M","M","?","E","M","M","T","?","M","R","?","M","R","B"],"character_chosen":"THE_SILENT","items_purchased":[],"campfire_rested":2,"item_purchase_floors":[],"current_hp_per_floor":[70,70,70,50,50,23,35,2,2,2,2,23,12,12,33,0,0],"gold":318,"neow_bonus":"THREE_ENEMY_KILL","is_daily":false,"chose_seed":false,"campfire_upgraded":0,"win_rate":0.0,"timestamp":1613597986,"path_taken":["M","M","?","M","?","E","?","M","T","?","?","R","?","M","R","BOSS"],"items_purchased_type":[],"build_version":"2020-12-22","purchased_purges":0,"victory":false,"max_hp_per_floor":[70,70,70,70,70,70,70,70,70,70,70,70,70,70,70,70,70],"card_choices":[{"not_picked":["Deflect","Caltrops"],"picked":"Reflex","floor":1},{"not_picked":["Hidden Blade","Poisoned Stab"],"picked":"Dagger Throw","floor":2},{"not_picked":["Choke","Dagger Spray","Dagger Throw"],"picked":"SKIP","floor":3},{"not_picked":["Slice","Flying Knee","Hidden Blade"],"picked":"SKIP","floor":4},{"not_picked":["Calculated Gamble","Acrobatics"],"picked":"Blur","floor":6},{"not_picked":["Dodge and Roll","ReplayTheSpireMod:Tripwire"],"picked":"ReplayTheSpireMod:Speed Training","floor":7},{"not_picked":["Flechettes","Flying Knee"],"picked":"PiercingWail","floor":8},{"not_picked":["Deflect","Venomology"],"picked":"Bane","floor":11},{"not_picked":["Underhanded Strike","Accuracy"],"picked":"Toxin Wave","floor":14}],"player_experience":309645,"relics_obtained":[{"floor":6,"key":"infinitespire:Eraser"},{"floor":9,"key":"hubris:AstralHammer"}],"event_choices":[{"damage_healed":0,"gold_gain":0,"player_choice":"1 cards matched","damage_taken":0,"max_hp_gain":0,"max_hp_loss":0,"event_name":"Match and Keep!","floor":5,"gold_loss":0,"cards_obtained":["Neutralize"]},{"damage_healed":0,"gold_gain":0,"cards_transformed":["Strike_G"],"player_choice":"Transformed","damage_taken":0,"max_hp_gain":0,"max_hp_loss":0,"event_name":"Transmorgrifier","floor":10,"gold_loss":0,"cards_obtained":["Replay:Poison Smokescreen"]},{"damage_healed":0,"gold_gain":75,"player_choice":"Gather Gold","damage_taken":11,"max_hp_gain":0,"max_hp_loss":0,"event_name":"World of Goop","floor":13,"gold_loss":0}],"is_beta":false,"boss_relics":[],"items_purged_floors":[],"is_endless":false,"potions_floor_spawned":[2,6,8,14],"killed_by":"Hexaghost","ascension_level":3}}