{"host":"ttzdpsscxkem3xrs","time":1613588525,"event":{"mods":["BaseMod","Colored Map","Downfall","Hermit","Minty Spire (QoL Compilation)","Replay The Spire","StSLib","The Cursed","The Hierophant"],"gold_per_floor":[115,115,115,190,40,40,65,82,107,7,23,23,38,66,66,66,66],"floor_reached":16,"language":"ENG","playtime":600,"items_purged":["Parasite","hermit:Strike_Hermit"],"score":98,"play_id":"265dc90d-8cde-4d71-9a8d-47fc405d633f","local_time":"20210217110205","is_ascension_mode":false,"campfire_choices":[{"data":"hermit:Dive","floor":6,"key":"SMITH"},{"floor":12,"key":"REST"},{"data":"Replay:Battleflow","floor":15,"key":"SMITH"}],"circlet_count":0,"master_deck":["hermit:Strike_Hermit","hermit:Strike_Hermit","hermit:Strike_Hermit","hermit:Defend_Hermit","hermit:Defend_Hermit","hermit:Defend_Hermit","hermit:Snapshot","hermit:Covet","Strike_G","Defend_R","hermit:Dive+1","hermit:Scavenge","Replay:Battleflow+1","Guardian:BronzeArmor","Replay:AtTheReady","EmptyBody","After Image"],"relics":["hermit:Momento","Mango","PrismaticShard","Letter Opener","Odd Mushroom","hermit:RyeStalk","Bronze Scales"],"acts_visited":["Exordium"],"potions_floor_usage":[14,16],"damage_taken":[{"damage":1,"enemies":"Jaw Worm","floor":1,"turns":4},{"damage":9,"enemies":"The Mushroom Lair","floor":7,"turns":5},{"damage":9,"enemies":"2 Louse","floor":8,"turns":3},{"damage":2,"enemies":"Small Slimes","floor":11,"turns":4},{"damage":6,"enemies":"Looter","floor":13,"turns":4},{"damage":12,"enemies":"Gremlin Nob","floor":14,"turns":5},{"damage":0,"enemies":"Slime Boss","floor":16,"turns":5}],"seed_played":"-3662238006484916435","potions_obtained":[{"floor":7,"key":"Weak Potion"},{"floor":8,"key":"BlessingOfTheForge"},{"floor":14,"key":"Milkshake"}],"is_trial":false,"path_per_floor":["M","?","?","T","$","R","?","M","T","$","M","R","M","E","R","B"],"character_chosen":"HERMIT","items_purchased":["hermit:Scavenge"],"campfire_rested":1,"item_purchase_floors":[5],"current_hp_per_floor":[88,88,88,88,86,86,77,68,68,68,66,86,80,68,68,68,68],"gold":66,"neow_bonus":"ONE_RARE_RELIC","is_daily":false,"chose_seed":false,"campfire_upgraded":2,"win_rate":0.0,"timestamp":1613588525,"path_taken":["M","?","?","?","?","R","?","M","T","?","M","R","M","E","R","BOSS"],"items_purchased_type":["Card"],"build_version":"2020-12-22","purchased_purges":2,"victory":false,"max_hp_per_floor":[89,89,89,89,86,86,86,86,86,86,86,86,86,86,86,86,86],"card_choices":[{"not_picked":["hermit:Enervate","hermit:HoleUp"],"picked":"hermit:Dive","floor":1},{"not_picked":["Slimebound:GoopSpray","Run Through"],"picked":"Replay:Battleflow","floor":7},{"not_picked":["BootSequence","Eviscerate"],"picked":"Guardian:BronzeArmor","floor":8},{"not_picked":["TheCursedMod:RavingStaff","bronze:BuggyMess"],"picked":"Replay:AtTheReady","floor":11},{"not_picked":["Guardian:Gem_Cyan","sneckomod:UnknownClassGREEN"],"picked":"EmptyBody","floor":13},{"not_picked":["Replay:BasicMightCard","bronze:DelayedGuard"],"picked":"After Image","floor":14}],"player_experience":1412530,"relics_obtained":[{"floor":4,"key":"Letter Opener"},{"floor":7,"key":"Odd Mushroom"},{"floor":9,"key":"hermit:RyeStalk"},{"floor":14,"key":"Bronze Scales"}],"event_choices":[{"damage_healed":0,"gold_gain":0,"player_choice":"Fought Mushrooms","damage_taken":0,"max_hp_gain":0,"max_hp_loss":0,"event_name":"Mushrooms","floor":7,"gold_loss":0}],"is_beta":false,"boss_relics":[],"items_purged_floors":[5,10],"is_endless":false,"potions_floor_spawned":[7,8,14],"killed_by":"Slime Boss","ascension_level":0}}