{"host":"cd7awanv0x2msn9z","time":1613566871,"event":{"mods":["BaseMod","Downfall","Minty Spire (QoL Compilation)","Replay The Spire","StSLib","SuperFastMode"],"gold_per_floor":[115,32,32,42,42,68,68,103,103,103,103,119,145,159,159,257,257,274,274,349,349,349,349,349,377,377,388,415,415,428,456,456,464,464],"floor_reached":33,"language":"ZHS","playtime":1125,"items_purged":[],"score":337,"play_id":"d7291f57-d56e-41f2-be7a-8f54a1e16e98","local_time":"20210217210111","is_ascension_mode":true,"campfire_choices":[{"data":"Adrenaline","floor":7,"key":"SMITH"},{"data":"Crippling Poison","floor":11,"key":"SMITH"},{"data":"Crippling Poison","floor":15,"key":"SMITH"},{"data":"Poison Darts","floor":23,"key":"SMITH"},{"data":"Deadly Poison","floor":23,"key":"SMITH"},{"floor":29,"key":"REST"},{"floor":32,"key":"REST"}],"circlet_count":0,"master_deck":["Defend_G+1","Defend_G","Defend_G+1","Defend_G","Defend_G+1","Survivor","Neutralize","Adrenaline+1","Crippling Poison+1","Poisoned Stab","Crippling Poison+1","Poison Darts+1","Slimebound:Tackle+1","Slimebound:Tackle+1","Slimebound:Tackle+1","Deadly Poison+1","Corpse Explosion+1","Deadly Poison","Draining Mist+1"],"relics":["Ring of the Serpent","Ring of Misfortune","Ring of Peace","Toy Ornithopter","Chameleon Ring","War Paint","Juzu Bracelet","Replay:Arrowhead","Mango","Ninja Scroll","Gremlin Food","Replay:Bandana"],"acts_visited":["Exordium","TheCity"],"potions_floor_usage":[12,13,16,33,33],"damage_taken":[{"damage":3,"enemies":"2 Louse","floor":1,"turns":4},{"damage":2,"enemies":"Small Slimes","floor":2,"turns":4},{"damage":1,"enemies":"Cultist","floor":4,"turns":4},{"damage":9,"enemies":"Gremlin Nob","floor":6,"turns":6},{"damage":14,"enemies":"3 Sentries","floor":8,"turns":11},{"damage":0,"enemies":"Exordium Thugs","floor":12,"turns":4},{"damage":5,"enemies":"Gremlin Nob","floor":13,"turns":5},{"damage":0,"enemies":"Large Slime","floor":14,"turns":6},{"damage":25,"enemies":"The Guardian","floor":16,"turns":13},{"damage":0,"enemies":"Chosen","floor":18,"turns":3},{"damage":21,"enemies":"Gremlin Leader","floor":25,"turns":5},{"damage":11,"enemies":"Shell Parasite","floor":27,"turns":3},{"damage":19,"enemies":"Book of Stabbing","floor":28,"turns":4},{"damage":8,"enemies":"Chosen and Byrds","floor":30,"turns":3},{"damage":20,"enemies":"Gremlin Leader","floor":31,"turns":5},{"damage":60,"enemies":"Pondfish","floor":33,"turns":10}],"seed_played":"3843433353014366509","potions_obtained":[{"floor":6,"key":"Block Potion"},{"floor":8,"key":"Strength Potion"},{"floor":13,"key":"Swift Potion"},{"floor":25,"key":"Elixir"},{"floor":28,"key":"LiquidBronze"}],"is_trial":false,"path_per_floor":["M","M","$","M","?","E","R","E","T","?","R","M","E","M","R","B",null,"M","?","?","?","T","R","?","E","T","M","E","R","M","E","R","B"],"character_chosen":"THE_SILENT","items_purchased":[],"campfire_rested":2,"item_purchase_floors":[],"current_hp_per_floor":[67,65,65,64,64,55,55,41,41,58,58,63,63,63,63,43,70,70,70,63,63,63,63,63,56,56,45,26,50,42,22,46,0,0],"gold":464,"neow_bonus":"TRANSFORM_TWO_CARDS","is_daily":false,"chose_seed":false,"campfire_upgraded":5,"win_rate":0.0,"timestamp":1613566871,"path_taken":["M","M","$","M","?","E","R","E","T","?","R","M","E","M","R","BOSS","M","?","?","?","?","R","?","E","T","M","E","R","M","E","R","BOSS"],"items_purchased_type":[],"build_version":"2020-12-22","purchased_purges":0,"victory":false,"max_hp_per_floor":[70,70,70,70,70,70,70,70,70,70,70,70,70,70,70,70,70,70,70,70,70,70,70,67,81,81,81,81,81,81,81,81,81,81],"card_choices":[{"not_picked":["Acrobatics","Fluid Movement","Riddle With Holes"],"picked":"SKIP","floor":1},{"not_picked":["Flechettes","Dagger Throw","Flying Knee"],"picked":"SKIP","floor":2},{"not_picked":["Flying Knee","Outmaneuver"],"picked":"Poisoned Stab","floor":4},{"not_picked":["Calculated Gamble","Slice","Wraith Form v2"],"picked":"SKIP","floor":6},{"not_picked":["Dagger Throw","ReplayTheSpireMod:Tripwire"],"picked":"Crippling Poison","floor":8},{"not_picked":["Cloak And Dagger","Dodge and Roll","Deflect"],"picked":"SKIP","floor":12},{"not_picked":["Sneak Up","Prepared","Choke"],"picked":"SKIP","floor":13},{"not_picked":["Unload","Quick Slash","Cloak And Dagger"],"picked":"SKIP","floor":14},{"not_picked":["Wraith Form v2","Phantasmal Killer"],"picked":"Poison Darts","floor":16},{"not_picked":["Riddle With Holes","Backflip","Dodge and Roll"],"picked":"SKIP","floor":18},{"not_picked":["Quick Slash","Backstab"],"picked":"Corpse Explosion","floor":25},{"not_picked":["Riddle With Holes","All Out Attack","Underhanded Strike"],"picked":"SKIP","floor":27},{"not_picked":["Eviscerate","Acrobatics"],"picked":"Deadly Poison","floor":28},{"not_picked":["Underhanded Strike+1","Acrobatics","Deadly Poison"],"picked":"SKIP","floor":30},{"not_picked":["Crippling Poison","Noxious Fumes+1"],"picked":"Draining Mist+1","floor":31}],"player_experience":86382,"relics_obtained":[{"floor":5,"key":"Ring of Misfortune"},{"floor":5,"key":"Ring of Peace"},{"floor":6,"key":"Toy Ornithopter"},{"floor":8,"key":"Chameleon Ring"},{"floor":9,"key":"War Paint"},{"floor":13,"key":"Juzu Bracelet"},{"floor":22,"key":"Replay:Arrowhead"},{"floor":25,"key":"Mango"},{"floor":26,"key":"Ninja Scroll"},{"floor":28,"key":"Gremlin Food"},{"floor":31,"key":"Replay:Bandana"}],"event_choices":[{"damage_healed":17,"gold_gain":0,"player_choice":"Healed and dodged fight","damage_taken":0,"max_hp_gain":0,"max_hp_loss":0,"event_name":"Mushrooms","floor":10,"gold_loss":0,"cards_obtained":["Parasite"]},{"damage_healed":0,"gold_gain":75,"player_choice":"Touch","damage_taken":7,"max_hp_gain":0,"max_hp_loss":0,"event_name":"FaceTrader","floor":20,"gold_loss":0},{"damage_healed":0,"gold_gain":0,"player_choice":"Read","damage_taken":0,"max_hp_gain":0,"max_hp_loss":0,"event_name":"The Library","floor":21,"gold_loss":0,"cards_obtained":["Deadly Poison"]},{"cards_removed":["Parasite","Hallucinations"],"damage_healed":0,"gold_gain":0,"player_choice":"Removed Curses","damage_taken":0,"max_hp_gain":0,"max_hp_loss":0,"event_name":"Fountain of Cleansing","floor":24,"gold_loss":0}],"is_beta":false,"boss_relics":[{"not_picked":["Pandora\u0027s Box","Ring of Chaos"],"picked":"Ring of the Serpent"}],"items_purged_floors":[],"is_endless":false,"potions_floor_spawned":[6,8,13,25,28],"killed_by":"Pondfish","ascension_level":1}}