{"host":"fauqrvll5t0ss0vm","time":1613546911,"event":{"mods":["2.2 Compatiblity","Act Like it!","Aspiration","Bard","BaseMod","Beaked The Cultist","Better Altar","Better Match","Better Note","Better Sensory Stone","Better Skull","Better Third Choice","Better Vampires","Card Filter","Clockwork Mod","Colored Map","Conspire","Displayed Cursed Tome","Downfall","Emptier Cage","Energized Spire","Friendly Minions","GifTheSpireLib","Glutton Mod","Gremlin Mod","Gremlin Skip","Halation","Hermit","Highlight Path","Hubris","Jorbs\u0027s Wanderer Trilogy","Mad Scientist","Marked Mod","Minty Spire (QoL Compilation)","Permanent Neow","Random Character Button","Relic Filter","Reorder Act Four","Replay The Spire","Shop Mod","Somnambulant","Spikes Relics","StSLib","Stuff the Spire","SuperFastMode","The Construct","The Cursed","The Disciple","The Elementalist","The Judge","The Juggle","The Mystic","The Runesmith","The Sage","The Servant 0.9.4","The Valiant","Trackpad","Uncapped"],"gold_per_floor":[362,34,49,49,60,60,91,110,133,159,202,202,252,9,9,94,94,115,165,181,190,190,190,236,261,261],"floor_reached":25,"language":"ENG","playtime":2040,"items_purged":[],"score":526,"play_id":"51b4dd2f-74cb-45b1-9b15-394a073f0b71","local_time":"20210217082831","is_ascension_mode":true,"campfire_choices":[{"data":"Conclude","floor":6,"key":"SMITH"},{"data":"Adaptation","floor":12,"key":"SMITH"},{"floor":15,"key":"DIG"},{"data":"Enlightenment","floor":23,"key":"SMITH"}],"circlet_count":0,"master_deck":["AscendersBane","Strike_P+1","Strike_P","Strike_P","Strike_P","Defend_P","Defend_P+1","Defend_P","Defend_P","Eruption","Vigilance+1","ForeignInfluence+1","Consecrate","Conclude+1","Wish","EmptyBody","Adaptation+1","SandsOfTime","Enlightenment+1","Wish","Worship+1","Backflip+1","Sanctity+1"],"relics":["PureWater","Guide Book","War Paint","trackpad:Mousetrap","CeramicFish","Tiny Chest","Question Card","StuffTheSpire:RunicHypercube"],"acts_visited":["Exordium","TheCity"],"potions_floor_usage":[7,16,20],"damage_taken":[{"damage":7,"enemies":"Jaw Worm","floor":1,"turns":5},{"damage":0,"enemies":"2 Louse","floor":3,"turns":2},{"damage":0,"enemies":"Small Slimes","floor":5,"turns":2},{"damage":0,"enemies":"Lagavulin","floor":7,"turns":4},{"damage":0,"enemies":"Looter","floor":8,"turns":2},{"damage":0,"enemies":"2 Fungi Beasts","floor":10,"turns":1},{"damage":0,"enemies":"3 Sentries","floor":11,"turns":2},{"damage":9,"enemies":"Red Slaver","floor":13,"turns":3},{"damage":45,"enemies":"The Guardian","floor":16,"turns":7},{"damage":0,"enemies":"Spheric Guardian","floor":18,"turns":2},{"damage":5,"enemies":"3 Byrds","floor":20,"turns":3},{"damage":17,"enemies":"Snake Plant","floor":24,"turns":5},{"damage":87,"enemies":"Cultist and Chosen","floor":25,"turns":3}],"seed_played":"-5969671217628910492","potions_obtained":[{"floor":5,"key":"Adrenaline Potion"},{"floor":7,"key":"champ:CounterPotion"},{"floor":16,"key":"Explosive Potion"}],"is_trial":false,"path_per_floor":["M","$","M","?","M","R","E","M","T","M","E","R","M","?","R_BF","B",null,"M","?","M","?","T","R","M","M"],"character_chosen":"WATCHER","items_purchased":["Guide Book","War Paint"],"campfire_rested":0,"item_purchase_floors":[2,2],"current_hp_per_floor":[54,54,54,50,50,50,50,50,50,50,50,50,41,47,47,2,52,52,52,47,47,47,47,30,0,0],"gold":261,"neow_bonus":"TWO_FIFTY_GOLD","is_daily":false,"chose_seed":false,"campfire_upgraded":3,"win_rate":0.0,"timestamp":1613546911,"path_taken":["M","$","M","?","M","R","E","M","T","M","E","R","M","?","R_BF","BOSS","M","?","M","?","?","R","M","?"],"items_purchased_type":["Relic","Relic"],"build_version":"2020-12-22","purchased_purges":0,"victory":false,"max_hp_per_floor":[62,62,62,62,62,62,62,62,62,62,62,62,62,68,68,68,68,68,68,68,68,68,68,68,68,68],"card_choices":[{"not_picked":["ClearTheMind","JustLucky"],"picked":"ForeignInfluence","floor":1},{"not_picked":["Replay:Vibes","Prostrate"],"picked":"Consecrate","floor":3},{"not_picked":["CutThroughFate","EmptyBody"],"picked":"Conclude","floor":5},{"not_picked":["ThirdEye","JustLucky"],"picked":"Wish","floor":7},{"not_picked":["Replay:Battleflow","MarkedMod:GentlePulse","Replay:BluntJabs"],"picked":"SKIP","floor":8},{"not_picked":["FollowUp","ThirdEye"],"picked":"EmptyBody","floor":10},{"not_picked":["Replay:AllIn","Crescendo"],"picked":"Adaptation","floor":11},{"not_picked":["Replay:Anticipation","Study"],"picked":"SandsOfTime","floor":13},{"not_picked":["Replay:LoomingThreat","Vault","DevaForm"],"picked":"Wish","floor":16},{"not_picked":["Replay:BluntJabs","FollowUp","TalkToTheHand"],"picked":"Worship+1","floor":18},{"not_picked":["ForeignInfluence","Indignation","InnerPeace+1","ReachHeaven"],"picked":"SKIP","floor":20},{"not_picked":["Pray","PathToVictory+1","ReachHeaven+1"],"picked":"Sanctity+1","floor":24}],"player_experience":7540347,"relics_obtained":[{"floor":7,"key":"trackpad:Mousetrap"},{"floor":9,"key":"CeramicFish"},{"floor":11,"key":"Tiny Chest"},{"floor":15,"key":"Question Card"}],"event_choices":[{"damage_healed":0,"gold_gain":0,"player_choice":"Leave","damage_taken":0,"max_hp_gain":0,"max_hp_loss":0,"event_name":"conspire:Investor","floor":4,"gold_loss":0},{"damage_healed":0,"gold_gain":0,"player_choice":"RENOUNCE","damage_taken":252,"max_hp_gain":0,"max_hp_loss":0,"event_name":"betterThird:BetterSerpent","floor":14,"gold_loss":252,"cards_obtained":["Enlightenment"]},{"damage_healed":0,"gold_gain":100,"player_choice":"Bet on Murderer","damage_taken":0,"max_hp_gain":0,"max_hp_loss":0,"event_name":"The Joust","floor":19,"gold_loss":50},{"cards_removed":["Conclude"],"damage_healed":0,"gold_gain":0,"player_choice":"Take \u0026 Give","damage_taken":0,"max_hp_gain":0,"max_hp_loss":0,"event_name":"betterNote:BetterNote","floor":21,"gold_loss":0,"cards_obtained":["Backflip"]}],"is_beta":false,"boss_relics":[{"not_picked":["aspiration:PoetsPen","Replay:Ancient Bell"],"picked":"StuffTheSpire:RunicHypercube"}],"items_purged_floors":[],"is_endless":false,"potions_floor_spawned":[5,7,16],"killed_by":"Cultist and Chosen","ascension_level":20}}