{"host":"d02vqrhhew441p6s","time":1613523840,"event":{"mods":["BaseMod","Downfall","Halation","Hubris","Infinite Spire","Minty Spire (QoL Compilation)","StSLib","The Animator","The Death Knight","The Necromancer"],"gold_per_floor":[99,99,99,46,46,19,44,85,99,115,115,137,37,71,97,206,206,206,225,225,325,325,340,340,377,482,482,527,527,625,660,686,796,796,696,720,747,155,180,291,372,424,448,471,319,319,365,386,408,528,528,428,440,454,504,520,563,590,607,607,619,703,735,735,785,798,905,905,905,921,971,1127,908,920,956,1052,1052,1084,1105,1155,1169,1235,1253,1365,1365,1365,1382,1432,1461,1483,1537,1537],"floor_reached":91,"language":"ENG","playtime":6940,"items_purged":["DeathKnight:Strike_DeathKnight+1","DeathKnight:VampiricBlood"],"score":2079,"play_id":"463cb6ae-9a40-42e7-ba6f-0d22d443ddec","local_time":"20210217020400","is_ascension_mode":true,"campfire_choices":[{"data":"DeathKnight:RuneStrike","floor":1,"key":"SMITH"},{"data":"DeathKnight:RuneTap","floor":11,"key":"SMITH"},{"data":"DeathKnight:FrosPresence","floor":13,"key":"SMITH"},{"data":"DeathKnight:SindragosasBreath","floor":18,"key":"SMITH"},{"data":"DeathKnight:DarkSuccor","floor":27,"key":"SMITH"},{"floor":29,"key":"REST"},{"data":"DeathKnight:Runesurge","floor":35,"key":"SMITH"},{"floor":46,"key":"RECALL"},{"data":"expansioncontent:QuickStudy","floor":52,"key":"SMITH"},{"data":"DeathKnight:PillarOfFrost","floor":60,"key":"SMITH"},{"data":"DeathKnight:RunicCorruption","floor":64,"key":"SMITH"},{"data":"DeathKnight:UnholyAssault","floor":69,"key":"SMITH"},{"floor":77,"key":"REST"},{"data":"DeathKnight:Defile","floor":86,"key":"SMITH"}],"circlet_count":0,"master_deck":["DeathKnight:Strike_DeathKnight+1","DeathKnight:Strike_DeathKnight+1","DeathKnight:Strike_DeathKnight+1","DeathKnight:Defend_DeathKnight+1","DeathKnight:Defend_DeathKnight+1","DeathKnight:Defend_DeathKnight+1","DeathKnight:Defend_DeathKnight+1","DeathKnight:Defend_DeathKnight+1","DeathKnight:RuneTap+1","DeathKnight:RuneStrike+1","DeathKnight:HornOfWinter","DeathKnight:BloodStrike","DeathKnight:FrosPresence+1","DeathKnight:IcyTouch+1","DeathKnight:DeathRune","DeathKnight:BludPresence","DeathKnight:BloodBoil","DeathKnight:PathOfFrost","DeathKnight:BloodTap","DeathKnight:AntiMagicShell","DeathKnight:Frostscythe+1","DeathKnight:SindragosasBreath+1","DeathKnight:IcyTouch","infinitespire:Starlight","DeathKnight:IceboundArmor+1","DeathKnight:IcyTouch+1","DeathKnight:DarkSuccor+1","DeathKnight:PathOfFrost+1","DeathKnight:AntiMagicShell+1","DeathKnight:Hemostasis+1","DeathKnight:Runesurge+1","DeathKnight:Pestilence","DeathKnight:IceboundArmor+1","DeathKnight:HowlingBlast+1","expansioncontent:QuickStudy+1","DeathKnight:PillarOfFrost+1","DeathKnight:BladedArmor+1","DeathKnight:Ossuary+1","DeathKnight:FoulBulwark","DeathKnight:Parry","DeathKnight:Hysteria+1","DeathKnight:Obliterate+1","DeathKnight:DeathRune+1","DeathKnight:MindFreeze+1","DeathKnight:Defile+1","DeathKnight:FoulBulwark","DeathKnight:ShatteringStrikes","DeathKnight:HornOfWinter+1","DeathKnight:RunicDetonation","infinitespire:Fortify","DeathKnight:ChainsOfIce+1","DeathKnight:Lichborne+1","DeathKnight:UnholyAssault+1","DeathKnight:RunicCorruption+1","DeathKnight:Pestilence+1","DeathKnight:Contagion+1","DeathKnight:FrostStrike+1","J.A.X.+1","DeathKnight:Frostscythe+1","DeathKnight:DeathAndDecay","DeathKnight:BoneSpear","DeathKnight:UnholyPresence+1","DeathKnight:IcyTouch+1","DeathKnight:Frostscythe+1","DeathKnight:WraithWalk","DeathKnight:DeathsAdvance+1","DeathKnight:DeathRune+1","infinitespire:Starlight","DeathKnight:PlagueStrike+1","DeathKnight:Parry","hubris:Rewind","DeathKnight:Frostscythe+1","DeathKnight:Rot","DeathKnight:ReapingStrike","Parasite","DeathKnight:IceboundArmor+1"],"relics":["DeathKnight:BrokenRuneblade","downfall:HeartsMalice","hubris:Icosahedron","halation:IllGainedPizza","Tiny Chest","downfall:HeartBlessingGreen","halation:Pancakes","halation:Prosthetics","Regal Pillow","hubris:Backtick","DeathKnight:TomeOfFrostSpecialization","DeathKnight:SindragosasSkull","halation:LettersToHer","downfall:CloakOfManyFaces","CultistMask","FaceOfCleric","NlothsMask","GremlinMask","SsserpentHead","Potion Belt","infinitespire:Lucky Rock","DeathKnight:ScourgeInsignia","downfall:HeartBlessingBlue","hubris:TenFootPole","halation:Komachan","Lizard Tail","infinitespire:BottledMercury","halation:TwoAmDonut","Whetstone","infinitespire:Satchel","Runic Pyramid","downfall:HeartBlessingRed","Darkstone Periapt","DeathKnight:SylvanasMusicBox","hubris:Towel","hubris:TerracottaHorce","MutagenicStrength","Kunai","infinitespire:Beetle Shell","halation:HeavySnake","halation:EternalFortune"],"acts_visited":["Exordium","TheCity","TheBeyond","Exordium","TheCity","TheBeyond"],"potions_floor_usage":[12,28,33,37,42,48,50,50,57,63,63,67,67,76,78,78,78,82,83,84,89,91],"damage_taken":[{"damage":0,"enemies":"2 Louse","floor":2,"turns":1},{"damage":0,"enemies":"downfall:FleeingMerchant","floor":4,"turns":1},{"damage":0,"enemies":"downfall:FleeingMerchant","floor":6,"turns":1},{"damage":19,"enemies":"3 Sentries","floor":8,"turns":10},{"damage":6,"enemies":"Small Slimes","floor":9,"turns":2},{"damage":8,"enemies":"Jaw Worm","floor":10,"turns":3},{"damage":1,"enemies":"Exordium Wildlife","floor":12,"turns":6},{"damage":20,"enemies":"Lagavulin","floor":14,"turns":7},{"damage":16,"enemies":"3 Louse","floor":15,"turns":5},{"damage":4,"enemies":"SI_SHIV_ARCHETYPE","floor":16,"turns":7},{"damage":9,"enemies":"downfall:LooterAlt2","floor":19,"turns":5},{"damage":4,"enemies":"Chosen","floor":23,"turns":5},{"damage":2,"enemies":"Slavers","floor":25,"turns":6},{"damage":0,"enemies":"downfall:FaceTrader","floor":26,"turns":8},{"damage":31,"enemies":"Gremlin Leader","floor":28,"turns":4},{"damage":0,"enemies":"Slavers","floor":31,"turns":6},{"damage":2,"enemies":"Shelled Parasite and Fungi","floor":32,"turns":6},{"damage":2,"enemies":"IC_MUSHROOM_ARCHETYPE","floor":33,"turns":9},{"damage":2,"enemies":"Orb Walker","floor":36,"turns":6},{"damage":2,"enemies":"3 Shapes","floor":37,"turns":6},{"damage":0,"enemies":"downfall:FleeingMerchant","floor":38,"turns":4},{"damage":2,"enemies":"3 Darklings","floor":39,"turns":5},{"damage":2,"enemies":"3 Darklings","floor":40,"turns":7},{"damage":2,"enemies":"Nightmare","floor":42,"turns":8},{"damage":2,"enemies":"Spire Growth","floor":43,"turns":6},{"damage":0,"enemies":"Jaw Worm Horde","floor":44,"turns":3},{"damage":2,"enemies":"downfall:FleeingMerchant","floor":45,"turns":4},{"damage":2,"enemies":"Nemesis","floor":47,"turns":7},{"damage":2,"enemies":"Transient","floor":48,"turns":5},{"damage":0,"enemies":"3 Darklings","floor":49,"turns":4},{"damage":8,"enemies":"DF_ARCHETYPE_ORBS","floor":50,"turns":7},{"damage":0,"enemies":"2 Louse","floor":53,"turns":2},{"damage":7,"enemies":"Jaw Worm","floor":54,"turns":3},{"damage":0,"enemies":"Small Slimes","floor":56,"turns":3},{"damage":2,"enemies":"Nightmare","floor":57,"turns":9},{"damage":0,"enemies":"2 Fungi Beasts","floor":59,"turns":4},{"damage":0,"enemies":"Blue Slaver","floor":61,"turns":3},{"damage":0,"enemies":"Gremlin Nob","floor":62,"turns":3},{"damage":18,"enemies":"Lagavulin","floor":63,"turns":5},{"damage":23,"enemies":"Red Slaver","floor":66,"turns":4},{"damage":5,"enemies":"Hexaghost","floor":67,"turns":6},{"damage":0,"enemies":"Chosen","floor":70,"turns":4},{"damage":31,"enemies":"downfall:Augmenter","floor":72,"turns":5},{"damage":0,"enemies":"downfall:FleeingMerchant","floor":73,"turns":2},{"damage":2,"enemies":"Shell Parasite","floor":74,"turns":1},{"damage":2,"enemies":"Book of Stabbing","floor":75,"turns":3},{"damage":52,"enemies":"Gremlin Leader","floor":76,"turns":6},{"damage":44,"enemies":"Slavers","floor":78,"turns":3},{"damage":15,"enemies":"Chosen and Byrds","floor":79,"turns":4},{"damage":2,"enemies":"Snecko","floor":81,"turns":2},{"damage":23,"enemies":"Snake Plant","floor":82,"turns":4},{"damage":41,"enemies":"Centurion and Healer","floor":83,"turns":4},{"damage":42,"enemies":"Automaton","floor":84,"turns":8},{"damage":12,"enemies":"3 Darklings","floor":87,"turns":4},{"damage":10,"enemies":"3 Shapes","floor":89,"turns":4},{"damage":77,"enemies":"Writhing Mass","floor":90,"turns":5},{"damage":24,"enemies":"Reptomancer","floor":91,"turns":2}],"seed_played":"1091857306370569992","potions_obtained":[{"floor":9,"key":"BlessingOfTheForge"},{"floor":10,"key":"DistilledChaos"},{"floor":12,"key":"FearPotion"},{"floor":16,"key":"PowerPotion"},{"floor":26,"key":"Energy Potion"},{"floor":28,"key":"GamblersBrew"},{"floor":31,"key":"Guardian:BlockOnCardUsePotion"},{"floor":39,"key":"Block Potion"},{"floor":40,"key":"BlessingOfTheForge"},{"floor":42,"key":"DeathKnight:RimePotion"},{"floor":43,"key":"AttackPotion"},{"floor":48,"key":"SpeedPotion"},{"floor":50,"key":"hexamod:SoulburnPotion"},{"floor":53,"key":"Strength Potion"},{"floor":54,"key":"Dexterity Potion"},{"floor":61,"key":"PowerPotion"},{"floor":62,"key":"SteroidPotion"},{"floor":66,"key":"LiquidBronze"},{"floor":70,"key":"Fire Potion"},{"floor":74,"key":"PowerPotion"},{"floor":76,"key":"DuplicationPotion"},{"floor":79,"key":"infinitespire:BlackPotion"},{"floor":82,"key":"hexamod:SoulburnPotion"},{"floor":83,"key":"hexamod:SoulburnPotion"},{"floor":90,"key":"FearPotion"}],"is_trial":false,"path_per_floor":["R","M","?","$","?","$","T","E","M","M","R","M","R","E","M","B",null,"R","M","AVR","?","?","M","T","E","?","R","E","R","T","E","M","B",null,"R","M","M","?","M","?","T","NM","M","M","$","R","E","M","M","B",null,"R","M","M","?","M","NM","T","M","R","M","E","E","R","?","M","B",null,"R","M","?","?","$","M","E","E","R","E","M","?","M","M","M","B",null,"R","M","?","M","M","E"],"character_chosen":"DEATH_KNIGHT","items_purchased":["DeathKnight:IcyTouch","DeathKnight:BludPresence","hubris:TenFootPole","DeathKnight:HowlingBlast+1","expansioncontent:QuickStudy","halation:Komachan","Whetstone","DeathKnight:IcyTouch+1","Kunai","infinitespire:Beetle Shell"],"campfire_rested":2,"item_purchase_floors":[4,6,38,38,38,38,45,73,73,73],"current_hp_per_floor":[75,75,75,75,75,75,75,56,50,42,42,41,41,61,45,41,40,40,31,31,31,31,36,36,40,40,40,20,41,41,42,43,44,44,54,55,54,55,54,59,59,58,57,62,61,61,64,63,64,67,67,67,68,62,61,70,69,69,72,72,73,74,67,67,67,45,51,71,71,78,78,58,59,58,57,16,55,22,18,18,17,65,35,14,70,70,59,62,63,13,0,0],"gold":1537,"neow_bonus":"THREE_ENEMY_KILL","is_daily":false,"chose_seed":false,"campfire_upgraded":11,"win_rate":0.0,"timestamp":1613523840,"path_taken":["R","M","?","$","?","$","T","E","M","M","R","M","R","E","M","BOSS","R","M","AVR","?","?","M","T","E","?","R","E","R","?","E","M","BOSS","R","M","M","?","M","?","T","NM","M","M","$","R","E","M","M","BOSS","R","M","M","?","M","NM","T","M","R","M","?","E","R","?","M","BOSS","R","M","?","?","$","M","E","?","R","E","M","?","M","?","M","BOSS","R","M","?","M","M","?"],"items_purchased_type":["Card","Card","Relic","Card","Card","Relic","Relic","Card","Relic","Relic"],"build_version":"2020-12-22","purchased_purges":2,"victory":false,"max_hp_per_floor":[75,75,75,75,75,75,75,75,75,75,75,75,75,75,75,75,40,40,40,40,40,40,40,40,40,40,40,41,41,41,42,43,44,44,54,55,56,57,58,59,59,60,61,62,63,63,64,65,66,67,67,67,68,69,69,70,71,71,72,72,73,74,75,75,75,76,77,77,77,78,78,79,80,81,82,83,83,84,85,85,86,87,88,89,89,89,90,93,94,101,101,101],"card_choices":[{"not_picked":["DeathKnight:RaiseAlly","DeathKnight:GargoyleSkin"],"picked":"DeathKnight:HornOfWinter","floor":2},{"not_picked":["DeathKnight:DeathStrike","DeathKnight:Obliterate"],"picked":"DeathKnight:FrosPresence","floor":4},{"not_picked":["DeathKnight:RaiseAlly","DeathKnight:Obliterate"],"picked":"DeathKnight:DeathRune","floor":6},{"not_picked":["DeathKnight:BoneSpear","DeathKnight:UnholyFrenzy"],"picked":"DeathKnight:BloodBoil","floor":8},{"not_picked":["DeathKnight:Pestilence","DeathKnight:UnholyPresence"],"picked":"DeathKnight:Hysteria","floor":9},{"not_picked":["DeathKnight:Ossuary","DeathKnight:Marrowrend"],"picked":"DeathKnight:PathOfFrost","floor":10},{"not_picked":["DeathKnight:Ossuary","DeathKnight:DeathAndDecay"],"picked":"DeathKnight:BloodTap","floor":12},{"not_picked":["DeathKnight:DeathRune","DeathKnight:Culling"],"picked":"DeathKnight:AntiMagicShell","floor":14},{"not_picked":["DeathKnight:Hemostasis","DeathKnight:FrosPresence"],"picked":"DeathKnight:Frostscythe","floor":15},{"not_picked":["DeathKnight:ArmyOfTheDead","DeathKnight:Razorice"],"picked":"DeathKnight:SindragosasBreath","floor":16},{"not_picked":["DeathKnight:UnholyFrenzy","DeathKnight:Ossuary"],"picked":"DeathKnight:IcyTouch","floor":19},{"not_picked":["DeathKnight:HartStrike","DeathKnight:DeathCoil"],"picked":"DeathKnight:IceboundArmor+1","floor":23},{"not_picked":["DeathKnight:DancingRuneblade","DeathKnight:BludPresence"],"picked":"DeathKnight:IcyTouch+1","floor":25},{"not_picked":["DeathKnight:PillarOfFrost","DeathKnight:Outbreak"],"picked":"DeathKnight:DarkSuccor","floor":26},{"not_picked":["DeathKnight:RaiseAlly","DeathKnight:DeathRune+1"],"picked":"DeathKnight:PathOfFrost+1","floor":28},{"not_picked":["DeathKnight:Lichborne+1","DeathKnight:DeathCoil"],"picked":"DeathKnight:AntiMagicShell+1","floor":31},{"not_picked":["DeathKnight:Culling","DeathKnight:BoneSpear"],"picked":"DeathKnight:Hemostasis+1","floor":32},{"not_picked":["DeathKnight:Simulacrum","DeathKnight:BoneStorm"],"picked":"DeathKnight:Runesurge","floor":33},{"not_picked":["DeathKnight:DarkSuccor","DeathKnight:BloodTap+1"],"picked":"DeathKnight:Pestilence","floor":36},{"not_picked":["DeathKnight:BludPresence","DeathKnight:BoneSpear+1"],"picked":"DeathKnight:IceboundArmor+1","floor":37},{"not_picked":["DeathKnight:Rot","DeathKnight:IceboundArmor+1","DeathKnight:Hemostasis"],"picked":"SKIP","floor":38},{"not_picked":["DeathKnight:UnholyPresence+1","DeathKnight:GargoyleSkin"],"picked":"DeathKnight:PillarOfFrost","floor":39},{"not_picked":["DeathKnight:DreadStrike+1","DeathKnight:RuneShock+1"],"picked":"DeathKnight:BladedArmor+1","floor":40},{"not_picked":["DeathKnight:BloodPact","DeathKnight:DeathsAdvance+1"],"picked":"DeathKnight:Ossuary+1","floor":42},{"not_picked":["DeathKnight:ThirstingStrike","DeathKnight:FrosPresence+1"],"picked":"DeathKnight:FoulBulwark","floor":43},{"not_picked":["DeathKnight:BludPresence","DeathKnight:BoneSpear+1"],"picked":"DeathKnight:Parry","floor":44},{"not_picked":["DeathKnight:HowlingBlast+1","DeathKnight:Ossuary"],"picked":"DeathKnight:Hysteria+1","floor":45},{"not_picked":["DeathKnight:HornOfWinter+1","DeathKnight:GargoyleSkin+1"],"picked":"DeathKnight:Obliterate+1","floor":47},{"not_picked":["DeathKnight:Ossuary","DeathKnight:DancingRuneblade+1"],"picked":"DeathKnight:DeathRune+1","floor":48},{"not_picked":["DeathKnight:ChainsOfIce+1","DeathKnight:DeathsAdvance"],"picked":"DeathKnight:MindFreeze+1","floor":49},{"not_picked":["DeathKnight:BoneStorm","DeathKnight:UnholyExperiment"],"picked":"DeathKnight:Defile","floor":50},{"not_picked":["DeathKnight:Marrowrend","DeathKnight:UnholyPresence"],"picked":"DeathKnight:FoulBulwark","floor":53},{"not_picked":["DeathKnight:UnholyPresence","DeathKnight:UnholyAssault"],"picked":"DeathKnight:ShatteringStrikes","floor":54},{"not_picked":["DeathKnight:IceboundArmor+1","DeathKnight:PlagueStrike"],"picked":"DeathKnight:HornOfWinter+1","floor":56},{"not_picked":["DeathKnight:BloodEchoes","DeathKnight:HartStrike"],"picked":"DeathKnight:RunicDetonation","floor":57},{"not_picked":["infinitespire:Punishment","infinitespire:SevenWalls"],"picked":"infinitespire:Fortify","floor":57},{"not_picked":["DeathKnight:DreadStrike","DeathKnight:BloodStrike"],"picked":"DeathKnight:ChainsOfIce+1","floor":59},{"not_picked":["DeathKnight:BladedArmor","DeathKnight:IceboundArmor+1"],"picked":"DeathKnight:Lichborne","floor":61},{"not_picked":["DeathKnight:Culling","DeathKnight:DeathAndDecay"],"picked":"DeathKnight:UnholyAssault","floor":62},{"not_picked":["DeathKnight:DreadStrike","DeathKnight:BloodPact"],"picked":"DeathKnight:RunicCorruption","floor":63},{"not_picked":["DeathKnight:Runeguard","DeathKnight:ThirstingStrike"],"picked":"DeathKnight:Pestilence","floor":66},{"not_picked":["DeathKnight:BoneStorm","DeathKnight:RunicDetonation"],"picked":"DeathKnight:VampiricBlood","floor":67},{"not_picked":["DeathKnight:DreadStrike","DeathKnight:MindFreeze+1"],"picked":"DeathKnight:Contagion+1","floor":70},{"not_picked":[],"picked":"J.A.X.","floor":72},{"not_picked":["DeathKnight:FrosPresence","DeathKnight:HowlingBlast+1"],"picked":"DeathKnight:Frostscythe+1","floor":72},{"not_picked":["DeathKnight:Pestilence","DeathKnight:AntiMagicShell"],"picked":"DeathKnight:UnholyPresence+1","floor":73},{"not_picked":["DeathKnight:HartStrike","DeathKnight:FrostStrike+1"],"picked":"DeathKnight:Frostscythe+1","floor":74},{"not_picked":["DeathKnight:RunicCorruption","DeathKnight:BoneSpear","DeathKnight:UnholyFrenzy"],"picked":"SKIP","floor":75},{"not_picked":["DeathKnight:RunicDetonation","DeathKnight:FrostStrike+1"],"picked":"DeathKnight:WraithWalk","floor":76},{"not_picked":["DeathKnight:BloodPact","DeathKnight:AntiMagicShell"],"picked":"DeathKnight:DeathsAdvance+1","floor":78},{"not_picked":["DeathKnight:ThirstingStrike","DeathKnight:Rot"],"picked":"DeathKnight:DeathRune+1","floor":79},{"not_picked":["DeathKnight:BludPresence","DeathKnight:Ossuary","DeathKnight:BloodEchoes"],"picked":"SKIP","floor":81},{"not_picked":["DeathKnight:WraithWalk","DeathKnight:BloodBoil"],"picked":"DeathKnight:PlagueStrike+1","floor":82},{"not_picked":["DeathKnight:DeathRune+1","DeathKnight:RunicCorruption"],"picked":"DeathKnight:Parry","floor":83},{"not_picked":["infinitespire:Execution","infinitespire:Gouge"],"picked":"hubris:Rewind","floor":84},{"not_picked":["DeathKnight:UnholyExperiment","DeathKnight:Defile"],"picked":"DeathKnight:Frostscythe+1","floor":84},{"not_picked":["DeathKnight:Hemostasis","DeathKnight:BloodStrike+1"],"picked":"DeathKnight:Rot","floor":87},{"not_picked":["DeathKnight:Hysteria","DeathKnight:WraithWalk"],"picked":"DeathKnight:ReapingStrike","floor":89},{"not_picked":["DeathKnight:Hysteria","DeathKnight:BladedArmor"],"picked":"DeathKnight:IceboundArmor+1","floor":90}],"player_experience":547490,"relics_obtained":[{"floor":7,"key":"halation:IllGainedPizza"},{"floor":8,"key":"Tiny Chest"},{"floor":14,"key":"halation:Pancakes"},{"floor":24,"key":"DeathKnight:SindragosasSkull"},{"floor":25,"key":"halation:LettersToHer"},{"floor":26,"key":"downfall:CloakOfManyFaces"},{"floor":28,"key":"Potion Belt"},{"floor":31,"key":"infinitespire:Lucky Rock"},{"floor":40,"key":"Lizard Tail"},{"floor":41,"key":"halation:LettersToHer"},{"floor":41,"key":"infinitespire:BottledMercury"},{"floor":42,"key":"halation:TwoAmDonut"},{"floor":47,"key":"infinitespire:Satchel"},{"floor":58,"key":"halation:LettersToHer"},{"floor":58,"key":"DeathKnight:SylvanasMusicBox"},{"floor":72,"key":"MutagenicStrength"}],"event_choices":[{"damage_healed":0,"gold_gain":0,"player_choice":"Simplicity","damage_taken":0,"max_hp_gain":0,"max_hp_loss":0,"event_name":"Back to Basics","floor":22,"gold_loss":0,"cards_upgraded":["DeathKnight:Strike_DeathKnight","DeathKnight:Strike_DeathKnight","DeathKnight:Strike_DeathKnight","DeathKnight:Strike_DeathKnight","DeathKnight:Strike_DeathKnight","DeathKnight:Defend_DeathKnight","DeathKnight:Defend_DeathKnight","DeathKnight:Defend_DeathKnight","DeathKnight:Defend_DeathKnight","DeathKnight:Defend_DeathKnight"]},{"damage_healed":0,"gold_gain":0,"player_choice":"Success","damage_taken":3,"relics_obtained":["Darkstone Periapt"],"max_hp_gain":0,"max_hp_loss":0,"event_name":"Scrap Ooze","floor":55,"gold_loss":0},{"damage_healed":0,"gold_gain":0,"player_choice":"Read","damage_taken":0,"max_hp_gain":0,"max_hp_loss":0,"event_name":"The Library","floor":71,"gold_loss":0,"cards_obtained":["DeathKnight:FrostStrike"]}],"is_beta":false,"boss_relics":[{"not_picked":["hubris:BlackHole","hubris:TerracottaHorce"],"picked":"halation:Prosthetics"},{"not_picked":["halation:MonkeysPaw","Astrolabe"],"picked":"DeathKnight:ScourgeInsignia"},{"not_picked":["hubris:ScarierMask","Snecko Eye"],"picked":"Runic Pyramid"},{"not_picked":["Sozu","halation:PinkAlligatorPlush"],"picked":"hubris:TerracottaHorce"},{"not_picked":["SacredBark","halation:PlatinumPhoenix"],"picked":"halation:HeavySnake"}],"items_purged_floors":[38,73],"is_endless":true,"potions_floor_spawned":[9,10,12,16,26,28,31,39,40,42,43,48,50,53,54,61,62,66,70,74,76,79,82,83,90],"killed_by":"Reptomancer","ascension_level":1}}