{"host":"27c1zwn2rxlukojz","time":1613589430,"event":{"mods":["BaseMod","Filter the Spire","Minty Spire (QoL Compilation)","Relic Stats","StSLib"],"gold_per_floor":[112,122,47,47,61,61,76,76,76,87,87,87,6,6,6,107,107,124,124,106,106,122,122,135,135,135,161,161,180,196,27,27,27,27],"floor_reached":33,"language":"DEU","playtime":1303,"items_purged":["Strike_R"],"score":382,"play_id":"8b754cbc-93f4-4b2a-b2b0-8b237f7fc7c8","local_time":"20210217201710","is_ascension_mode":false,"campfire_choices":[{"data":"Searing Blow","floor":6.0,"key":"SMITH"},{"data":"Searing Blow+1","floor":8.0,"key":"SMITH"},{"data":"Armaments","floor":12.0,"key":"SMITH"},{"data":"Searing Blow+2","floor":15.0,"key":"SMITH"},{"data":"Searing Blow+3","floor":23.0,"key":"SMITH"},{"data":"Searing Blow+4","floor":25,"key":"SMITH"},{"data":"Searing Blow+5","floor":32,"key":"SMITH"}],"circlet_count":0,"master_deck":["Defend_R","Defend_R+1","Defend_R","Defend_R+1","Bash","Shrug It Off","Searing Blow+6","Shockwave","Armaments+1","Dual Wield","Impervious","Bite","Bite","Bite","Bite","Bite","Warcry","Ghostly Armor","Berserk","Trip","Inflame","Battle Trance","Dark Shackles"],"relics":["Cursed Key","FossilizedHelix"],"acts_visited":["Exordium","TheCity"],"potions_floor_usage":[33],"damage_taken":[{"damage":0.0,"enemies":"Cultist","floor":1.0,"turns":3.0},{"damage":1.0,"enemies":"Jaw Worm","floor":2.0,"turns":3.0},{"damage":0.0,"enemies":"Small Slimes","floor":5.0,"turns":3.0},{"damage":0.0,"enemies":"Looter","floor":7.0,"turns":2.0},{"damage":1.0,"enemies":"3 Louse","floor":10.0,"turns":3.0},{"damage":1.0,"enemies":"The Guardian","floor":16.0,"turns":8.0},{"damage":2.0,"enemies":"3 Byrds","floor":18.0,"turns":8.0},{"damage":0.0,"enemies":"2 Thieves","floor":20.0,"turns":4.0},{"damage":0.0,"enemies":"Snecko","floor":22.0,"turns":5.0},{"damage":21.0,"enemies":"Snake Plant","floor":24.0,"turns":4.0},{"damage":27,"enemies":"Slavers","floor":27,"turns":6},{"damage":20,"enemies":"Shelled Parasite and Fungi","floor":29,"turns":8},{"damage":0,"enemies":"Centurion and Healer","floor":30,"turns":8},{"damage":62,"enemies":"Automaton","floor":33,"turns":11}],"seed_played":"2048585191189936015","potions_obtained":[{"floor":1.0,"key":"Dexterity Potion"},{"floor":5.0,"key":"AttackPotion"},{"floor":16.0,"key":"Block Potion"},{"floor":22.0,"key":"Strength Potion"},{"floor":27,"key":"BlessingOfTheForge"},{"floor":30,"key":"AttackPotion"}],"is_trial":false,"path_per_floor":["M","M","$","?","M","R","M","R","T","M","T","R","$","?","R","B",null,"M","?","M","?","M","R","M","R","T","E","?","M","M","$","R","B"],"character_chosen":"IRONCLAD","items_purchased":["Dual Wield","Battle Trance","Dark Shackles"],"campfire_rested":0,"item_purchase_floors":[13,31,31],"current_hp_per_floor":[80,79,79,63,63,63,63,63,63,62,62,62,62,67,67,66,85,83,67,67,62,62,62,46,46,46,37,25,41,62,62,62,36,36],"gold":27,"neow_bonus":"BOSS_RELIC","is_daily":false,"chose_seed":false,"campfire_upgraded":7,"win_rate":0.0,"timestamp":1613589430,"path_taken":["M","M","?","?","M","R","M","R","T","M","?","R","$","?","R","BOSS","M","?","M","?","M","R","M","R","T","E","?","M","?","$","R","BOSS"],"items_purchased_type":["Card","Card","Card"],"build_version":"2020-12-22","purchased_purges":1,"victory":false,"max_hp_per_floor":[80,80,80,80,80,80,80,80,80,80,80,80,80,85,85,85,85,85,90,90,62,62,62,62,62,62,62,62,62,62,62,62,62,62],"relic_stats":{"counters":[14,76],"Cursed Key":0,"obtain_stats":[{"Cursed Key":0,"Burning Blood":0,"FossilizedHelix":27},{"Cursed Key":0,"Burning Blood":0,"FossilizedHelix":11},{"Cursed Key":0,"Burning Blood":0,"FossilizedHelix":49}]},"card_choices":[{"not_picked":["Sever Soul","Heavy Blade"],"picked":"Shrug It Off","floor":1.0},{"not_picked":["Battle Trance","Shrug It Off"],"picked":"Searing Blow","floor":2.0},{"not_picked":["Iron Wave","Cleave","Perfected Strike"],"picked":"SKIP","floor":5.0},{"not_picked":["Pummel","Reckless Charge"],"picked":"Shockwave","floor":7.0},{"not_picked":["Anger","Warcry"],"picked":"Armaments","floor":10.0},{"not_picked":["Fiend Fire","Reaper"],"picked":"Impervious","floor":16.0},{"not_picked":["Heavy Blade","Clothesline","Cleave"],"picked":"SKIP","floor":18.0},{"not_picked":["Perfected Strike","Twin Strike","Havoc"],"picked":"SKIP","floor":20.0},{"not_picked":["Havoc","Sword Boomerang"],"picked":"Warcry","floor":22.0},{"not_picked":["Iron Wave+1","Wild Strike"],"picked":"Ghostly Armor","floor":24.0},{"not_picked":["Body Slam+1","Combust"],"picked":"Berserk","floor":27},{"not_picked":["Thunderclap","Ghostly Armor+1"],"picked":"Inflame","floor":29},{"not_picked":["Twin Strike","Body Slam","Carnage"],"picked":"SKIP","floor":30}],"player_experience":4007538,"relics_obtained":[{"floor":27,"key":"FossilizedHelix"}],"event_choices":[{"damage_healed":0.0,"max_hp_gain":0.0,"max_hp_loss":0.0,"gold_gain":0.0,"event_name":"Shining Light","player_choice":"Entered Light","floor":4.0,"gold_loss":0.0,"damage_taken":16.0,"cards_upgraded":["Defend_R","Defend_R"]},{"damage_healed":0.0,"max_hp_gain":5.0,"max_hp_loss":0.0,"gold_gain":0.0,"event_name":"Big Fish","player_choice":"Donut","floor":14.0,"gold_loss":0.0,"damage_taken":0.0},{"damage_healed":0.0,"max_hp_gain":5.0,"max_hp_loss":0.0,"gold_gain":0.0,"event_name":"Forgotten Altar","player_choice":"Shed Blood","floor":19.0,"gold_loss":0.0,"damage_taken":21.0},{"damage_healed":0.0,"max_hp_gain":0.0,"max_hp_loss":28.0,"gold_gain":0.0,"event_name":"Vampires","player_choice":"Became a vampire","floor":21.0,"gold_loss":0.0,"damage_taken":0.0,"cards_obtained":["Bite","Bite","Bite","Bite","Bite"]},{"damage_healed":0,"gold_gain":0,"player_choice":"CARD ","damage_taken":12,"max_hp_gain":0,"max_hp_loss":0,"event_name":"Knowing Skull","floor":28,"potions_obtained":[],"gold_loss":0,"cards_obtained":["Trip"]}],"is_beta":false,"boss_relics":[{"not_picked":["Runic Pyramid","SacredBark","Runic Dome"]}],"items_purged_floors":[3],"is_endless":false,"potions_floor_spawned":[1,5,16,22,27,30,33],"killed_by":"Automaton","ascension_level":0}}