{"host":"9rqk712yu6s3287p","time":1613577240,"event":{"mods":["ATMod(°¢èªMod)","Act Like it!","BaseMod","CapriCore","Chen","Gensokyo","Googly Eyes","Marisa£¨ìFÓê¡¡Ä§ÀíÉ³£©","Minty Spire (QoL Compilation)","MostiFishMod","Onozuka Komachi Mod","Reimu£¨²©ÀöÁéÃÎ£©","Remilia_Scarlet Moed£¨ÀÙÃ×ÀòÑÇ¡¤Ë¹¿¨À×ÌØ£©3.3.5","Remilia£¨ÀÙÃ×ÀòÑÇ£©","RumiaBox-Â¶Ã×æ«µÄÉñÃØºÐ×Ó","StSLib","The Administrix","The Immortal","The Servant 0.9.4","Yakumo Yukari mod","Youmu£¨»êÆÇÑýÃÎ£©","Yuyuko","[IsaacMod]ÒÔÈö¼âËþ","¡¾ÒÅÎï¿¨ÅÆ¡¿REMEMod"],"gold_per_floor":[153,153,195,195,237,318,402,483,483],"floor_reached":8,"language":"ZHS","playtime":328,"items_purged":["BloodRain"],"score":352,"play_id":"6caf66bb-9ea5-452e-9bae-0c0d9b1704ce","local_time":"20210217235400","daily_mods":["Shiny","Vintage","Heirloom","Time Dilation","Flight","DeadlyEvents","Elite Swarm","Lethality","Midas","Binary"],"is_ascension_mode":true,"campfire_choices":[],"circlet_count":0,"master_deck":["AscendersBane","TricksterDevil","BatForm","ForecastOfChange","CurseOfVladTepes","ScarletMeister","QueenOfMidnight","BloodyHallows","HeartBreak","EquivalentExchange","KillingBlow","BloodyCatastrophe","ChaoticDestiny","BloodySeventeenLaser+1","HellCatastrophe+1","ScarletCoffin+1","DemonKingCradle","TransientEternity+1","CeilingFear+1"],"relics":["Snecko Eye","Busted Crown","AT_ATBox","DaveBox","REME_ComplimentaryCards","HushsDoor","BelialBook","DiscerningMonocle","PokeGo","GodSword3","Vajra","AT_SpeedBoots","SynthV:TestCard","PreservedInsect","DianPoetry","Lee\u0027s Waffle","AT_ChloranthyRing","Bottled Flame","Akabeko","HowToJump","ChiLing","Chi","Ling","Regal Pillow","REME_HandOfSuture","AT_EbonyIvory","TuHaoJin","AT_SilvercatRing","Ancient Tea Set"],"acts_visited":["Exordium"],"potions_floor_usage":[],"damage_taken":[{"damage":9,"enemies":"Small Slimes","floor":1,"turns":3},{"damage":0,"enemies":"Cultist","floor":3,"turns":2},{"damage":1,"enemies":"Jaw Worm","floor":5,"turns":2},{"damage":2,"enemies":"Lagavulin","floor":6,"turns":2},{"damage":0,"enemies":"3 Sentries","floor":7,"turns":2},{"damage":0,"enemies":"Gremlin Nob","floor":8,"turns":2}],"seed_played":"9007373888221667004","potions_obtained":[{"floor":1,"key":"Explosive Potion"},{"floor":1,"key":"SkillPotion"},{"floor":3,"key":"GrandPatriotsElixir:ReiMu"}],"is_trial":true,"path_per_floor":["M","$","M","$","M","E","E","E"],"character_chosen":"REMILIA","items_purchased":["PreservedInsect","DianPoetry","Lee\u0027s Waffle","Akabeko","HowToJump","ChiLing"],"campfire_rested":0,"item_purchase_floors":[2,2,2,4,4,4],"current_hp_per_floor":[54,77,77,77,77,77,77,77,77],"gold":483,"neow_bonus":"","is_daily":false,"chose_seed":false,"campfire_upgraded":0,"win_rate":0.0,"timestamp":1613577240,"path_taken":["M","$","M","$","M","E","E","E"],"items_purchased_type":["Relic","Relic","Relic","Relic","Relic","Relic"],"build_version":"2020-12-22","purchased_purges":1,"victory":false,"max_hp_per_floor":[70,77,77,77,77,77,77,77,77],"card_choices":[{"not_picked":["QueenOfMidnight","CurseOfVladTepes"],"picked":"SKIP","floor":6},{"not_picked":["QueenOfMidnight","TransientEternity"],"picked":"SKIP","floor":7}],"player_experience":537096,"relics_obtained":[{"floor":1,"key":"GodSword3"},{"floor":1,"key":"Vajra"},{"floor":1,"key":"AT_SpeedBoots"},{"floor":1,"key":"SynthV:TestCard"},{"floor":3,"key":"AT_ChloranthyRing"},{"floor":3,"key":"Bottled Flame"},{"floor":5,"key":"Regal Pillow"},{"floor":6,"key":"REME_HandOfSuture"},{"floor":6,"key":"AT_EbonyIvory"},{"floor":7,"key":"TuHaoJin"},{"floor":7,"key":"AT_SilvercatRing"},{"floor":8,"key":"Ancient Tea Set"}],"event_choices":[],"is_beta":false,"boss_relics":[],"items_purged_floors":[2],"is_endless":false,"potions_floor_spawned":[3,6],"killed_by":"Gremlin Nob","ascension_level":20}}