{"host":"xp27heuvanyklt0b","time":1613572452,"event":{"mods":["100% Spire Juice","BaseMod","CapriCore","Koishi","Lobotomy","Minty Spire (QoL Compilation)","StSLib","The Immortal"],"gold_per_floor":[115,115,132,145,25,25,53,53,53,53,53,118,136,108,108,206,86,99,14,14,30,30,65,38,38,38,64,64,81,91,116,116,211,211,225,240,240,257,257,291,291,340,364,395,27,62,72,72,72,72,72],"floor_reached":52,"language":"KOR","playtime":1883,"items_purged":[],"score":1022,"play_id":"9a270b85-04c8-464b-9a4f-5c61e35cf21c","local_time":"20210217233412","is_ascension_mode":true,"campfire_choices":[{"data":"Moonworks:IndiscriminateFireSupport","floor":6,"key":"SMITH"},{"data":"Moonworks:HolyNight","floor":8,"key":"SMITH"},{"data":"Moonworks:DeployBits","floor":11,"key":"SMITH"},{"floor":15,"key":"REST"},{"data":"Moonworks:AnotherUltimateWeapon","floor":28,"key":"SMITH"},{"floor":32,"key":"REST"},{"floor":41,"key":"REST"},{"data":"Moonworks:ExtendedPhotonRifle","floor":49,"key":"SMITH"}],"circlet_count":0,"master_deck":["Moonworks:Strike","Moonworks:Strike","Moonworks:Strike","Moonworks:Strike","Moonworks:Defend","Moonworks:Defend","Moonworks:Defend","Moonworks:Defend","Moonworks:Ambush","Moonworks:LongDistanceShot","Moonworks:IndiscriminateFireSupport+1","Moonworks:DeployBits+1","Moonworks:ExtendedPhotonRifle+1","Moonworks:HolyNight+1","Moonworks:BackdoorTrade","Moonworks:SakisCookie","Moonworks:DeployBits","Moonworks:AnotherUltimateWeapon+1","Moonworks:IntelligenceOfficer","Moonworks:MiracleRedBeanIceCream","Moonworks:SubspaceTunnel","Moonworks:DevilHand","Moonworks:WindyEnchantment","Moonworks:NicePresent","Moonworks:PlushieMaster","Moonworks:SakisCookie","Moonworks:Gamble","Moonworks:BigMagnum+1","Madness","Madness","Moonworks:LuckyCharm","Moonworks:ImOnFire+1","Moonworks:WeAreWaruda","Moonworks:ShieldCounter","Moonworks:NicePresent+1","Panacea"],"relics":["Moonworks:BrokenBomb","Moonworks:Homemark","The Courier","Blue Candle","Gremlin Horn","Question Card","Old Coin","SlaversCollar","Toy Ornithopter","Centennial Puzzle","Omamori","InkBottle","Cursed Key","Regal Pillow","TungstenRod","Bronze Scales","MealTicket","PreservedInsect","Happy Flower","Dream Catcher"],"acts_visited":["Exordium","TheCity","TheBeyond"],"potions_floor_usage":[14,16,16,27,27,33,38,50,50],"damage_taken":[{"damage":1,"enemies":"Jaw Worm","floor":1,"turns":4},{"damage":0,"enemies":"Cultist","floor":3,"turns":3},{"damage":0,"enemies":"2 Louse","floor":4,"turns":2},{"damage":9,"enemies":"3 Sentries","floor":7,"turns":6},{"damage":10,"enemies":"Gremlin Nob","floor":12,"turns":3},{"damage":0,"enemies":"2 Fungi Beasts","floor":13,"turns":1},{"damage":28,"enemies":"Gremlin Nob","floor":14,"turns":5},{"damage":20,"enemies":"Slime Boss","floor":16,"turns":10},{"damage":0,"enemies":"Shell Parasite","floor":18,"turns":3},{"damage":14,"enemies":"2 Thieves","floor":21,"turns":4},{"damage":14,"enemies":"Gremlin Leader","floor":23,"turns":4},{"damage":0,"enemies":"Book of Stabbing","floor":27,"turns":3},{"damage":6,"enemies":"3 Cultists","floor":29,"turns":4},{"damage":4,"enemies":"Shelled Parasite and Fungi","floor":30,"turns":3},{"damage":36,"enemies":"Gremlin Leader","floor":31,"turns":6},{"damage":6,"enemies":"Champ","floor":33,"turns":10},{"damage":6,"enemies":"Orb Walker","floor":35,"turns":3},{"damage":0,"enemies":"3 Darklings","floor":36,"turns":1},{"damage":16,"enemies":"Transient","floor":38,"turns":5},{"damage":16,"enemies":"Giant Head","floor":40,"turns":5},{"damage":14,"enemies":"2 Orb Walkers","floor":42,"turns":3},{"damage":5,"enemies":"Nemesis","floor":44,"turns":3},{"damage":5,"enemies":"Reptomancer","floor":46,"turns":4},{"damage":5,"enemies":"Sphere and 2 Shapes","floor":47,"turns":2},{"damage":53,"enemies":"Awakened One","floor":50,"turns":7}],"seed_played":"4247250748413955186","potions_obtained":[{"floor":1,"key":"SpeedPotion"},{"floor":12,"key":"EssenceOfSteel"},{"floor":13,"key":"Dexterity Potion"},{"floor":16,"key":"PowerPotion"},{"floor":18,"key":"CultistPotion"},{"floor":23,"key":"PowerPotion"},{"floor":30,"key":"CultistPotion"},{"floor":33,"key":"Strength Potion"},{"floor":38,"key":"Explosive Potion"},{"floor":44,"key":"EssenceOfSteel"},{"floor":47,"key":"SneckoOil"}],"is_trial":false,"path_per_floor":["M","?","M","M","?","R","E","R","T","?","R","?","M","E","R","B",null,"M","?","?","M","?","E","$","?","T","E","R","M","M","E","R","B",null,"M","M","?","M","?","E","R","?","T","E","$","E","M","?","R","B",null,null],"character_chosen":"THE_STARBREAKER","items_purchased":["Moonworks:DevilHand","PreservedInsect","Happy Flower","Moonworks:ShieldCounter"],"campfire_rested":3,"item_purchase_floors":[24,45,45,45],"current_hp_per_floor":[59,59,59,59,52,52,43,43,43,43,43,33,33,5,23,3,60,60,60,60,46,46,39,39,39,39,54,54,53,54,23,41,45,60,59,59,59,49,41,30,60,51,51,51,60,55,55,55,55,17,17],"gold":72,"neow_bonus":"RANDOM_COLORLESS","is_daily":false,"chose_seed":false,"campfire_upgraded":5,"win_rate":0.0,"timestamp":1613572452,"path_taken":["M","?","?","M","?","R","E","R","T","?","R","?","M","E","R","BOSS","M","?","?","?","?","E","?","?","T","E","R","M","M","E","R","BOSS","M","M","?","M","?","E","R","?","T","E","$","E","?","?","R","BOSS"],"items_purchased_type":["Card","Relic","Relic","Card"],"build_version":"2020-12-22","purchased_purges":0,"victory":true,"max_hp_per_floor":[60,60,60,60,60,60,60,60,60,60,60,60,60,60,60,60,60,60,60,60,60,60,60,60,60,60,60,60,60,60,60,60,60,60,60,60,60,60,60,60,60,60,60,60,60,60,60,60,60,60,60],"card_choices":[{"not_picked":["Impatience","Deep Breath"],"picked":"Finesse","floor":0},{"not_picked":["Moonworks:JonathanRush","Moonworks:Assault"],"picked":"Moonworks:IndiscriminateFireSupport","floor":1},{"not_picked":["Moonworks:ImOnFire","Moonworks:LulusLuckyEgg"],"picked":"Moonworks:DeployBits","floor":3},{"not_picked":["Moonworks:IndiscriminateFireSupport","Moonworks:DeployBits"],"picked":"Moonworks:ExtendedPhotonRifle","floor":4},{"not_picked":["Moonworks:EvilSpyWorkPreparation","Moonworks:SakisCookie"],"picked":"Moonworks:HolyNight","floor":7},{"not_picked":["Moonworks:MixPhenomenon","Moonworks:JonathanRush"],"picked":"Moonworks:BackdoorTrade","floor":12},{"not_picked":["Moonworks:IndiscriminateFireSupport","Moonworks:DeployBits","Moonworks:EvilSpyWorkPreparation"],"picked":"Moonworks:SakisCookie","floor":13},{"not_picked":["Moonworks:EvilSpyWorkPreparation","Moonworks:OutOfAmmo","Moonworks:IntelligenceOfficer"],"picked":"Moonworks:DeployBits","floor":14},{"not_picked":["Moonworks:StarBlastingFuse","Moonworks:GoAway","Moonworks:Blazing"],"picked":"Moonworks:AnotherUltimateWeapon","floor":16},{"not_picked":["Moonworks:CloudOfSeagulls","Moonworks:EvilSpyWorkPreparation","Moonworks:Assault"],"picked":"Moonworks:IntelligenceOfficer","floor":18},{"not_picked":["Moonworks:ImOnFire","Moonworks:CloudOfSeagulls","Moonworks:JonathanRush"],"picked":"Moonworks:MiracleRedBeanIceCream","floor":21},{"not_picked":["Moonworks:BigBangBell","Moonworks:Bloodlust","Moonworks:Dinner+1"],"picked":"Moonworks:SubspaceTunnel","floor":23},{"not_picked":["Moonworks:MixPhenomenon","Moonworks:IndiscriminateFireSupport","Moonworks:Bloodlust"],"picked":"Moonworks:WindyEnchantment","floor":27},{"not_picked":["Moonworks:BigMagnum","Moonworks:EvilSpyWorkPreparation","Moonworks:LulusLuckyEgg+1"],"picked":"Moonworks:NicePresent","floor":29},{"not_picked":["Moonworks:ImOnFire","Moonworks:LulusLuckyEgg+1","Moonworks:IndiscriminateFireSupport+1"],"picked":"Moonworks:PlushieMaster","floor":30},{"not_picked":["Moonworks:LulusLuckyEgg","Moonworks:JonathanRush","Moonworks:EvilSpyWorkPreparation+1"],"picked":"Moonworks:SakisCookie","floor":31},{"not_picked":["Moonworks:Encore","Moonworks:RocketCannon","Moonworks:SinkOrSwim"],"picked":"Moonworks:Gamble","floor":33},{"not_picked":["Moonworks:Heat300Percent","Moonworks:Assault+1","Moonworks:FinalSurgery","Moonworks:LulusLuckyEgg+1"],"picked":"SKIP","floor":35},{"not_picked":["Moonworks:UnluckyCharm+1","Moonworks:JonathanRush","Moonworks:DeployBits+1","Moonworks:EvilSpyWorkPreparation"],"picked":"SKIP","floor":36},{"not_picked":["Moonworks:StiffCrystal","Moonworks:CloudOfSeagulls+1","Moonworks:ScrambledEve"],"picked":"Moonworks:BigMagnum+1","floor":38},{"not_picked":["Moonworks:ExtendedPhotonRifle","Moonworks:CloudOfSeagulls","Moonworks:LulusLuckyEgg"],"picked":"Moonworks:LuckyCharm","floor":40},{"not_picked":["Moonworks:NicePresent","Moonworks:Assault+1","Moonworks:LulusLuckyEgg+1"],"picked":"Moonworks:ImOnFire+1","floor":42},{"not_picked":["Moonworks:ImOnFire+1","Moonworks:FullSpeedAlicianrone","Moonworks:EvilSpyWorkPreparation"],"picked":"Moonworks:WeAreWaruda","floor":44},{"not_picked":["Moonworks:EvilMastermind","Moonworks:DeployBits+1","Moonworks:SinkOrSwim"],"picked":"Moonworks:NicePresent+1","floor":46},{"not_picked":["Moonworks:ImOnFire+1","Moonworks:EvilSpyWorkPreparation","Moonworks:LulusLuckyEgg+1","Moonworks:CloudOfSeagulls"],"picked":"SKIP","floor":47},{"not_picked":["Forethought","Flash of Steel","Blind"],"picked":"Panacea","floor":48}],"player_experience":323847,"relics_obtained":[{"floor":7,"key":"Blue Candle"},{"floor":9,"key":"Gremlin Horn"},{"floor":12,"key":"Question Card"},{"floor":14,"key":"Old Coin"},{"floor":23,"key":"Centennial Puzzle"},{"floor":27,"key":"Omamori"},{"floor":31,"key":"InkBottle"},{"floor":40,"key":"Regal Pillow"},{"floor":42,"key":"TungstenRod"},{"floor":43,"key":"Bronze Scales"},{"floor":44,"key":"MealTicket"},{"floor":46,"key":"Dream Catcher"}],"event_choices":[{"damage_healed":0,"gold_gain":0,"player_choice":"Ignored","damage_taken":0,"max_hp_gain":0,"max_hp_loss":0,"event_name":"Purifier","floor":2,"gold_loss":0},{"damage_healed":0,"gold_gain":0,"player_choice":"Success","damage_taken":7,"relics_obtained":["The Courier"],"max_hp_gain":0,"max_hp_loss":0,"event_name":"Scrap Ooze","floor":5,"gold_loss":0},{"damage_healed":0,"gold_gain":0,"player_choice":"Ignored","damage_taken":0,"max_hp_gain":0,"max_hp_loss":0,"event_name":"Liars Game","floor":10,"gold_loss":0},{"damage_healed":0,"gold_gain":0,"player_choice":"Searched \u00272\u0027 times","damage_taken":0,"max_hp_gain":0,"max_hp_loss":0,"event_name":"Dead Adventurer","floor":12,"gold_loss":0},{"damage_healed":0,"gold_gain":0,"player_choice":"Obtained Relic","damage_taken":0,"relics_obtained":["Toy Ornithopter"],"max_hp_gain":0,"max_hp_loss":0,"event_name":"Addict","floor":19,"gold_loss":85},{"cards_removed":["Finesse"],"damage_healed":0,"gold_gain":0,"player_choice":"Offered Uncommon","damage_taken":0,"max_hp_gain":0,"max_hp_loss":0,"event_name":"Bonfire Elementals","floor":20,"gold_loss":0},{"damage_healed":0,"gold_gain":0,"player_choice":"Ignored","damage_taken":0,"max_hp_gain":0,"max_hp_loss":0,"event_name":"Purifier","floor":22,"gold_loss":0},{"damage_healed":0,"gold_gain":0,"player_choice":"Ignored","damage_taken":0,"max_hp_gain":0,"max_hp_loss":0,"event_name":"Ghosts","floor":25,"gold_loss":0},{"damage_healed":0,"gold_gain":0,"player_choice":"Ignored","damage_taken":0,"max_hp_gain":0,"max_hp_loss":0,"event_name":"Tomb of Lord Red Mask","floor":37,"gold_loss":0},{"damage_healed":0,"gold_gain":0,"player_choice":"Embrace Madness","damage_taken":8,"max_hp_gain":0,"max_hp_loss":0,"event_name":"Winding Halls","floor":39,"gold_loss":0,"cards_obtained":["Madness","Madness"]},{"damage_healed":0,"gold_gain":0,"player_choice":"Fight","damage_taken":0,"max_hp_gain":0,"max_hp_loss":0,"event_name":"Mysterious Sphere","floor":42,"gold_loss":0},{"damage_healed":0,"gold_gain":0,"player_choice":"Memory 1","damage_taken":0,"max_hp_gain":0,"max_hp_loss":0,"event_name":"SensoryStone","floor":48,"gold_loss":0}],"is_beta":false,"boss_relics":[{"not_picked":["Fusion Hammer","SacredBark"],"picked":"SlaversCollar"},{"not_picked":["Astrolabe","Tiny House"],"picked":"Cursed Key"}],"items_purged_floors":[],"is_endless":false,"potions_floor_spawned":[1,12,13,16,18,23,30,33,38,44,47],"ascension_level":1}}