{"host":"ydg0vn0pu4pubmdt","time":1613581628,"event":{"mods":["AchievementEnabler","BaseMod","Colored Map","Minty Spire (QoL Compilation)","Quick Restart","SuperFastMode"],"gold_per_floor":[118,43,43,59,59,59,94,94,169,169,214,247,247,258,277,312,125,125,204,204,223,239,249,87,87,114,114,130,130,150,150,166,181,207,207,286,286,302,312,312,312,322,352,366,396,396,415,415,430,430,456,456,456,456,456],"floor_reached":54,"language":"KOR","playtime":1532,"items_purged":["Defend_R"],"score":1728,"play_id":"ce172864-a23d-421e-936c-51f22282f4f6","local_time":"20210218020708","is_ascension_mode":true,"campfire_choices":[{"data":"Pommel Strike","floor":8.0,"key":"SMITH"},{"data":"Inflame","floor":18.0,"key":"SMITH"},{"data":"Offering","floor":27.0,"key":"SMITH"},{"data":"Strike_R","floor":35.0,"key":"PURGE"},{"floor":48.0,"key":"RECALL"},{"data":"Second Wind","floor":50.0,"key":"SMITH"},{"data":"Dark Embrace","floor":52.0,"key":"SMITH"}],"circlet_count":0,"master_deck":["AscendersBane","Defend_R","Defend_R","Bash","Inflame+1","Pommel Strike+1","Seeing Red","True Grit","Uppercut+1","Offering+1","Carnage+1","Heavy Blade+1","Feel No Pain+1","Necronomicurse","Immolate+1","Shockwave","Second Wind+1","Disarm","Exhume","True Grit+1","Shockwave","Power Through","Dark Embrace+1"],"relics":["Black Blood","NeowsBlessing","StrikeDummy","Dead Branch","Bottled Tornado","Magic Flower","Ancient Tea Set","Pocketwatch","Sundial","Astrolabe","TheAbacus","Necronomicon","Bag of Marbles","Gremlin Horn","Peace Pipe","Blood Vial","Oddly Smooth Stone","Whetstone","Kunai"],"acts_visited":["Exordium","TheCity","TheBeyond"],"potions_floor_usage":[],"damage_taken":[{"damage":0.0,"enemies":"Small Slimes","floor":1.0,"turns":1.0},{"damage":0.0,"enemies":"2 Louse","floor":4.0,"turns":2.0},{"damage":0.0,"enemies":"3 Sentries","floor":7.0,"turns":2.0},{"damage":35.0,"enemies":"Gremlin Nob","floor":12.0,"turns":4.0},{"damage":0.0,"enemies":"Cultist","floor":14.0,"turns":2.0},{"damage":0.0,"enemies":"2 Fungi Beasts","floor":15.0,"turns":2.0},{"damage":8.0,"enemies":"Gremlin Nob","floor":16.0,"turns":3.0},{"damage":28.0,"enemies":"Hexaghost","floor":19.0,"turns":5.0},{"damage":7.0,"enemies":"3 Byrds","floor":21.0,"turns":5.0},{"damage":6.0,"enemies":"Chosen","floor":22.0,"turns":3.0},{"damage":12.0,"enemies":"Snecko","floor":23.0,"turns":2.0},{"damage":25.0,"enemies":"Slavers","floor":26.0,"turns":3.0},{"damage":6.0,"enemies":"Sentry and Sphere","floor":28.0,"turns":2.0},{"damage":6.0,"enemies":"Cultist and Chosen","floor":30.0,"turns":2.0},{"damage":0.0,"enemies":"Chosen and Byrds","floor":32.0,"turns":2.0},{"damage":0.0,"enemies":"Centurion and Healer","floor":33.0,"turns":1.0},{"damage":6.0,"enemies":"Gremlin Leader","floor":34.0,"turns":3.0},{"damage":18.0,"enemies":"Champ","floor":36.0,"turns":7.0},{"damage":6.0,"enemies":"3 Darklings","floor":38.0,"turns":1.0},{"damage":0.0,"enemies":"Orb Walker","floor":39.0,"turns":1.0},{"damage":21.0,"enemies":"4 Shapes","floor":42.0,"turns":1.0},{"damage":24.0,"enemies":"Giant Head","floor":43.0,"turns":5.0},{"damage":0.0,"enemies":"Jaw Worm Horde","floor":44.0,"turns":1.0},{"damage":6.0,"enemies":"Reptomancer","floor":45.0,"turns":2.0},{"damage":15.0,"enemies":"Transient","floor":47.0,"turns":6.0},{"damage":6.0,"enemies":"Sphere and 2 Shapes","floor":49.0,"turns":3.0},{"damage":9.0,"enemies":"Nemesis","floor":51.0,"turns":7.0},{"damage":62.0,"enemies":"Time Eater","floor":53.0,"turns":8.0},{"damage":51,"enemies":"Awakened One","floor":54,"turns":3}],"seed_played":"-4239157771112649696","potions_obtained":[{"floor":1.0,"key":"Ancient Potion"},{"floor":14.0,"key":"Explosive Potion"},{"floor":16.0,"key":"SpeedPotion"},{"floor":23.0,"key":"BloodPotion"},{"floor":28.0,"key":"EssenceOfSteel"},{"floor":33.0,"key":"AttackPotion"},{"floor":42.0,"key":"DistilledChaos"},{"floor":44.0,"key":"ElixirPotion"}],"is_trial":false,"path_per_floor":["M","?","?","M","?","?","E","R","T","T","T","E","E","M","M","E","$","R","B",null,"M","M","M","$","?","E","R","M","T","M","T","M","M","E","R","B",null,"M","M","?","?","M","E","M","E","T","M","R","M","R","E","R","B","B"],"character_chosen":"IRONCLAD","items_purchased":["CultistPotion","TheAbacus"],"campfire_rested":0,"item_purchase_floors":[17,24],"current_hp_per_floor":[74,74,74,75,75,80,80,80,80,80,80,54,54,63,72,73,73,73,54,74,76,79,76,76,55,39,39,58,58,61,61,70,79,80,80,71,78,80,80,80,80,77,74,80,80,80,80,80,80,80,80,80,36,0,0],"gold":456,"neow_bonus":"THREE_ENEMY_KILL","is_daily":false,"chose_seed":false,"campfire_upgraded":5,"win_rate":0.0,"timestamp":1613581628,"path_taken":["M","?","?","?","?","?","E","R","?","T","T","E","E","M","M","E","$","R","BOSS","M","M","M","$","?","E","R","M","T","M","?","M","M","E","R","BOSS","M","M","?","?","M","E","?","E","T","M","R","M","R","E","R","BOSS","BOSS"],"items_purchased_type":["Potion","Relic"],"build_version":"2020-12-22","purchased_purges":1,"victory":false,"max_hp_per_floor":[75,75,75,75,75,80,80,80,80,80,80,80,80,80,80,80,80,80,80,80,80,80,80,80,80,80,80,80,80,80,80,80,80,80,80,80,80,80,80,80,80,80,80,80,80,80,80,80,80,80,80,80,80,80,80],"card_choices":[{"not_picked":["Evolve","Bloodletting"],"picked":"Inflame","floor":1.0},{"not_picked":["Infernal Blade","Clothesline"],"picked":"Pommel Strike","floor":4.0},{"not_picked":["Berserk","Metallicize"],"picked":"Seeing Red","floor":7.0},{"not_picked":["Rage","Bloodletting"],"picked":"True Grit","floor":12.0},{"not_picked":["Anger","Entrench","Rampage"],"picked":"SKIP","floor":14.0},{"not_picked":["Uppercut","Armaments","Pommel Strike"],"picked":"SKIP","floor":15.0},{"not_picked":["Armaments","Pommel Strike"],"picked":"Uppercut","floor":15.0},{"not_picked":["Thunderclap","Clash","Armaments"],"picked":"SKIP","floor":16.0},{"not_picked":["Demon Form","Berserk"],"picked":"Offering","floor":19.0},{"not_picked":["Anger","Armaments","Disarm"],"picked":"SKIP","floor":21.0},{"not_picked":["Flex","Clothesline","Ghostly Armor"],"picked":"SKIP","floor":22.0},{"not_picked":["Twin Strike","Clothesline+1","Clash"],"picked":"SKIP","floor":23.0},{"not_picked":["Combust","Dual Wield"],"picked":"Immolate","floor":26.0},{"not_picked":["Headbutt","Intimidate"],"picked":"Shockwave","floor":28.0},{"not_picked":["Armaments","Iron Wave","Clothesline"],"picked":"SKIP","floor":30.0},{"not_picked":["Iron Wave","Havoc","Brutality"],"picked":"SKIP","floor":32.0},{"not_picked":["Havoc","Headbutt+1"],"picked":"Second Wind","floor":33.0},{"not_picked":["Uppercut","Second Wind"],"picked":"Disarm","floor":34.0},{"not_picked":["Demon Form","Berserk"],"picked":"Exhume","floor":36.0},{"not_picked":["Second Wind","Fire Breathing+1","Clothesline+1"],"picked":"SKIP","floor":38.0},{"not_picked":["Ghostly Armor","Sword Boomerang+1"],"picked":"True Grit+1","floor":39.0},{"not_picked":["Heavy Blade","Pommel Strike","Havoc+1"],"picked":"SKIP","floor":42.0},{"not_picked":["Ghostly Armor","Pommel Strike+1","Metallicize"],"picked":"SKIP","floor":43.0},{"not_picked":["Hemokinesis","Wild Strike+1","Sword Boomerang"],"picked":"SKIP","floor":44.0},{"not_picked":["Combust","Shockwave","Thunderclap"],"picked":"SKIP","floor":45.0},{"not_picked":["Combust","Thunderclap"],"picked":"Shockwave","floor":45.0},{"not_picked":["Twin Strike","Flex+1","Infernal Blade+1"],"picked":"SKIP","floor":47.0},{"not_picked":["Blood for Blood","Battle Trance"],"picked":"Power Through","floor":49.0},{"not_picked":["Warcry+1","Intimidate"],"picked":"Dark Embrace","floor":51.0}],"player_experience":606681,"relics_obtained":[{"floor":7.0,"key":"Dead Branch"},{"floor":9.0,"key":"Bottled Tornado"},{"floor":10.0,"key":"Magic Flower"},{"floor":11.0,"key":"Ancient Tea Set"},{"floor":12.0,"key":"Pocketwatch"},{"floor":16.0,"key":"Sundial"},{"floor":25.0,"key":"Necronomicon"},{"floor":26.0,"key":"Bag of Marbles"},{"floor":29.0,"key":"Gremlin Horn"},{"floor":31.0,"key":"Peace Pipe"},{"floor":34.0,"key":"Blood Vial"},{"floor":43.0,"key":"Oddly Smooth Stone"},{"floor":45.0,"key":"Whetstone"},{"floor":51.0,"key":"Kunai"}],"event_choices":[{"cards_removed":["Strike_R"],"damage_healed":0.0,"max_hp_gain":0.0,"max_hp_loss":0.0,"gold_gain":0.0,"event_name":"The Cleric","player_choice":"Card Removal","floor":2.0,"gold_loss":75.0,"damage_taken":0.0},{"damage_healed":0.0,"max_hp_gain":0.0,"max_hp_loss":0.0,"gold_gain":0.0,"event_name":"WeMeetAgain","player_choice":"Gave Potion","floor":3.0,"gold_loss":0.0,"damage_taken":0.0,"relics_obtained":["StrikeDummy"]},{"cards_removed":["Strike_R"],"damage_healed":0.0,"max_hp_gain":0.0,"max_hp_loss":0.0,"gold_gain":0.0,"event_name":"Living Wall","player_choice":"Forget","floor":5.0,"gold_loss":0.0,"damage_taken":0.0},{"damage_healed":0.0,"max_hp_gain":5.0,"max_hp_loss":0.0,"gold_gain":0.0,"event_name":"Big Fish","player_choice":"Donut","floor":6.0,"gold_loss":0.0,"damage_taken":0.0},{"damage_healed":0.0,"max_hp_gain":0.0,"max_hp_loss":0.0,"gold_gain":0.0,"event_name":"Cursed Tome","player_choice":"Obtained Book","floor":25.0,"gold_loss":0.0,"damage_taken":21.0},{"damage_healed":0.0,"max_hp_gain":0.0,"max_hp_loss":0.0,"gold_gain":0.0,"event_name":"Tomb of Lord Red Mask","player_choice":"Ignored","floor":40.0,"gold_loss":0.0,"damage_taken":0.0},{"damage_healed":0.0,"max_hp_gain":0.0,"max_hp_loss":0.0,"gold_gain":0.0,"event_name":"Lab","player_choice":"Got Potions","floor":41.0,"gold_loss":0.0,"damage_taken":0.0}],"is_beta":false,"boss_relics":[{"not_picked":["Empty Cage","Fusion Hammer"],"picked":"Astrolabe"},{"not_picked":["Philosopher\u0027s Stone","Calling Bell"],"picked":"Black Blood"}],"items_purged_floors":[17],"is_endless":false,"potions_floor_spawned":[1,14,16,23,28,32,33,34,39,42,44,47],"killed_by":"Awakened One","ascension_level":20}}