{"host":"8e35oykb3je6g7ng","time":1613530307,"event":{"mods":["Act Like it!","Ascension Unlocker","BaseMod","Better Altar","Better Match","Better Note","Better Sensory Stone","Better Third Choice","BetterRewards","Block Reminder","Card Forge","Colored Map","Conspire","Curses Come First","Dota2Spire","GifTheSpireLib","Jedi Mod","Minty Spire (QoL Compilation)","Permanent Neow","Quick Restart","Spikes Relics","StSLib","Stuff the Spire","The Bladedancer","The Blue Laboratory","The Jungle","The Saiyan","Trackpad","UnlockEverythingMod"],"gold_per_floor":[111,127,139,149,129,129,162,172,199,211,221,221,237,248,248,346,346,361,376,396,396,321,346,2,17,44,144,144,171,183,183],"floor_reached":30,"language":"ENG","playtime":2625,"items_purged":["Strike_R"],"score":450,"play_id":"bd336f09-531a-4144-83c8-599bfc1ccdab","local_time":"20210216215147","is_ascension_mode":true,"campfire_choices":[{"data":"Invigoration","floor":6.0,"key":"SMITH"},{"data":"Berserk","floor":15.0,"key":"SMITH"}],"circlet_count":0,"master_deck":["AscendersBane","Strike_R","Strike_R","Strike_R","Strike_R","Defend_R","Defend_R","Defend_R","Defend_R","Bash","StuffTheSpire:TitanForm","Pommel Strike","Invigoration+1","Bloodletting","Hemokinesis","Shrug It Off","Berserk+1","Ghostly Armor","StuffTheSpire:Resist","Armaments","Infernal Blade","Bludgeon","Dual Wield","Flame Barrier+1","Carnage","Spot Weakness+1","Jack Of All Trades","Panacea"],"relics":["Burning Blood","Hammer of Thor","Seething Fire","Anvil of the Gods","Dota2Spire:EchoSabre","Dota2Spire:MagicBottle","Pantograph","Runic Cube","Smiling Mask","conspire:GlowingRock","Dota2Spire:BladeMail","BicycleWheel","conspire:Dentures","MawBank"],"acts_visited":["Exordium","TheCity"],"potions_floor_usage":[16,20,20,23,30],"damage_taken":[{"damage":2.0,"enemies":"Small Slimes","floor":1.0,"turns":4.0},{"damage":1.0,"enemies":"conspire:RoseBush","floor":2.0,"turns":6.0},{"damage":22.0,"enemies":"Jaw Worm","floor":3.0,"turns":6.0},{"damage":14.0,"enemies":"Blue Slaver","floor":4.0,"turns":5.0},{"damage":31.0,"enemies":"Gremlin Nob","floor":7.0,"turns":4.0},{"damage":16.0,"enemies":"Exordium Thugs","floor":8.0,"turns":4.0},{"damage":15.0,"enemies":"Looter","floor":10.0,"turns":4.0},{"damage":20.0,"enemies":"Lots of Slimes","floor":11.0,"turns":6.0},{"damage":13.0,"enemies":"3 Louse","floor":13.0,"turns":5.0},{"damage":12.0,"enemies":"2 Fungi Beasts","floor":14.0,"turns":5.0},{"damage":43,"enemies":"The Guardian","floor":16,"turns":9},{"damage":0,"enemies":"Spheric Guardian","floor":18,"turns":2},{"damage":7,"enemies":"Chosen","floor":19,"turns":4},{"damage":38,"enemies":"Sentry and Sphere","floor":20,"turns":5},{"damage":22,"enemies":"Book of Stabbing","floor":23,"turns":4},{"damage":17,"enemies":"Chosen and Byrds","floor":25,"turns":5},{"damage":18,"enemies":"Colosseum Slavers","floor":27,"turns":4},{"damage":2,"enemies":"Colosseum Nobs","floor":27,"turns":3},{"damage":17,"enemies":"Centurion and Healer","floor":30,"turns":5}],"seed_played":"8976807761617828750","potions_obtained":[{"floor":4.0,"key":"blueLaboratory:AbyssPotion"},{"floor":5.0,"key":"PowerPotion"},{"floor":7.0,"key":"Dota2Spire:HealingSalve"},{"floor":8.0,"key":"blueLaboratory:PyrophylliteBrew"},{"floor":13.0,"key":"BloodPotion"},{"floor":16,"key":"blueLaboratory:EnragingPotion"},{"floor":18,"key":"blueLaboratory:ImpenetrablePotion"},{"floor":20,"key":"jedi:StrikingPotion"},{"floor":27,"key":"GamblersBrew"}],"is_trial":false,"path_per_floor":["M","M","M","M","?","R","E","M","T","M","M","T","M","M","R","B",null,"M","M","M","?","?","E","$","M","T","?","?","T","M"],"character_chosen":"IRONCLAD","items_purchased":["conspire:GlowingRock"],"campfire_rested":0,"item_purchase_floors":[24],"current_hp_per_floor":[76,80,64,56,56,56,31,30,30,27,22,22,15,9,9,22,66,72,80,48,48,48,32,32,21,21,13,13,13,0,0],"gold":183,"neow_bonus":"ONE_RANDOM_RARE_CARD","is_daily":false,"chose_seed":false,"campfire_upgraded":2,"win_rate":0.0,"timestamp":1613530307,"path_taken":["M","M","M","M","?","R","E","M","T","?","M","?","M","M","R","BOSS","M","M","M","?","?","E","$","M","T","?","?","?","M"],"items_purchased_type":["Relic"],"build_version":"2020-12-22","purchased_purges":1,"victory":false,"max_hp_per_floor":[80,80,80,80,80,80,80,80,80,80,80,80,80,80,80,80,80,80,80,80,80,80,80,80,80,80,80,80,80,80,80],"card_choices":[{"not_picked":["True Grit","Flex"],"picked":"Pommel Strike","floor":1.0},{"not_picked":["jedi:fear","Wild Strike"],"picked":"Invigoration","floor":2.0},{"not_picked":["Fire Breathing","jedi:suffering"],"picked":"Bloodletting","floor":3.0},{"not_picked":["Perfected Strike","Pommel Strike"],"picked":"Hemokinesis","floor":4.0},{"not_picked":["Cleave","Bloodletting"],"picked":"Shrug It Off","floor":7.0},{"not_picked":["conspire:ExplosiveBarrier","Wild Strike"],"picked":"Berserk","floor":8.0},{"not_picked":["StuffTheSpire:Slingshot","StuffTheSpire:Resist"],"picked":"Ghostly Armor","floor":10.0},{"not_picked":["Heavy Blade","Headbutt"],"picked":"StuffTheSpire:Resist","floor":11.0},{"not_picked":["Body Slam","Perfected Strike"],"picked":"Armaments","floor":13.0},{"not_picked":["StuffTheSpire:Slingshot","Sword Boomerang"],"picked":"Infernal Blade","floor":14.0},{"not_picked":["Brutality","Reaper"],"picked":"Bludgeon","floor":16},{"not_picked":["Body Slam","Twin Strike"],"picked":"Dual Wield","floor":18},{"not_picked":["jedi:fear","Shrug It Off"],"picked":"Flame Barrier+1","floor":19},{"not_picked":["Second Wind","StuffTheSpire:Incineration"],"picked":"Carnage","floor":20},{"not_picked":["Searing Blow+1","StuffTheSpire:Resist+1"],"picked":"Spot Weakness+1","floor":22},{"not_picked":["Rage","Perfected Strike","Anger"],"picked":"SKIP","floor":23},{"not_picked":["Dual Wield","Pommel Strike","Clothesline"],"picked":"SKIP","floor":25},{"not_picked":["jedi:forcepull","Assess"],"picked":"Jack Of All Trades","floor":28},{"not_picked":["Bandage Up","Metamorphosis"],"picked":"Panacea","floor":28}],"player_experience":545205,"relics_obtained":[{"floor":7.0,"key":"Dota2Spire:EchoSabre"},{"floor":9.0,"key":"Dota2Spire:MagicBottle"},{"floor":12.0,"key":"Pantograph"},{"floor":23,"key":"Smiling Mask"},{"floor":26,"key":"Dota2Spire:BladeMail"},{"floor":27,"key":"BicycleWheel"},{"floor":27,"key":"conspire:Dentures"},{"floor":29,"key":"MawBank"}],"event_choices":[{"damage_healed":0.0,"max_hp_gain":0.0,"max_hp_loss":0.0,"gold_gain":0.0,"event_name":"The Woman in Blue","player_choice":"Bought 1 Potion","floor":5.0,"gold_loss":0.0,"damage_taken":0.0},{"cards_removed":["Strike_R"],"damage_healed":0,"gold_gain":0,"player_choice":"Give","damage_taken":0,"max_hp_gain":0,"max_hp_loss":0,"event_name":"betterNote:BetterNote","floor":21,"gold_loss":0,"cards_obtained":["blademaster:Strike"]},{"damage_healed":0,"gold_gain":0,"player_choice":"2","damage_taken":0,"max_hp_gain":0,"max_hp_loss":0,"event_name":"betterMatch:BetterMatch","floor":22,"gold_loss":0,"cards_obtained":["betterMatch:UncommonCard"]},{"damage_healed":0,"gold_gain":0,"player_choice":"Fight","damage_taken":0,"max_hp_gain":0,"max_hp_loss":0,"event_name":"Colosseum","floor":27,"gold_loss":0},{"damage_healed":0,"gold_gain":0,"player_choice":"Fought Nobs","damage_taken":0,"max_hp_gain":0,"max_hp_loss":0,"event_name":"Colosseum","floor":27,"gold_loss":0},{"damage_healed":0,"gold_gain":2,"player_choice":"1","damage_taken":0,"max_hp_gain":0,"max_hp_loss":0,"event_name":"betterStone:BetterStone","floor":28,"gold_loss":0}],"is_beta":false,"boss_relics":[{"not_picked":["trackpad:StolenKidneys","Fusion Hammer"],"picked":"Runic Cube"}],"items_purged_floors":[24],"is_endless":false,"potions_floor_spawned":[4,7,8,13,16,18,20,27,27],"killed_by":"Centurion and Healer","ascension_level":12}}