{"host":"9rxgn077cyjlend4","time":1613579574,"event":{"mods":["BaseMod","Minty Spire (QoL Compilation)","StSLib"],"gold_per_floor":[114,114,114,125,1,33,33,33,33,51,51,67,110,10,10,99,99,123,38,62,62,62],"floor_reached":21,"language":"ENG","playtime":3891,"items_purged":["Strike_B","Strike_B"],"score":350,"play_id":"10b49de5-9ebe-4373-95fd-9f3b49e9d75e","local_time":"20210217163254","is_ascension_mode":true,"campfire_choices":[{"data":"Sweeping Beam","floor":7.0,"key":"SMITH"},{"data":"FTL","floor":11.0,"key":"SMITH"},{"data":"Coolheaded","floor":15.0,"key":"SMITH"}],"circlet_count":0,"master_deck":["AscendersBane","Strike_B","Strike_B","Defend_B","Defend_B","Defend_B","Defend_B","Zap","Dualcast","Sweeping Beam+1","FTL+1","Coolheaded+1","Coolheaded","Gash","Gash","Rainbow"],"relics":["Cracked Core","NeowsBlessing","Centennial Puzzle","Art of War","Golden Idol","Oddly Smooth Stone","Omamori","Velvet Choker","Mercury Hourglass"],"acts_visited":["Exordium","TheCity"],"potions_floor_usage":[21,21],"damage_taken":[{"damage":0.0,"enemies":"Small Slimes","floor":1.0,"turns":1.0},{"damage":0.0,"enemies":"Jaw Worm","floor":4.0,"turns":1.0},{"damage":0.0,"enemies":"Gremlin Nob","floor":6.0,"turns":1.0},{"damage":0.0,"enemies":"Cultist","floor":10.0,"turns":3.0},{"damage":1.0,"enemies":"Blue Slaver","floor":12.0,"turns":4.0},{"damage":3.0,"enemies":"Lagavulin","floor":13.0,"turns":7.0},{"damage":39.0,"enemies":"The Guardian","floor":16.0,"turns":14.0},{"damage":17.0,"enemies":"3 Byrds","floor":18.0,"turns":4.0},{"damage":15.0,"enemies":"Shell Parasite","floor":20.0,"turns":4.0},{"damage":24,"enemies":"Chosen and Byrds","floor":21,"turns":5}],"seed_played":"-317601821319357469","potions_obtained":[{"floor":1.0,"key":"Fire Potion"},{"floor":4.0,"key":"Block Potion"},{"floor":10.0,"key":"PowerPotion"},{"floor":20,"key":"ColorlessPotion"}],"is_trial":false,"path_per_floor":["M","?","?","M","$","E","R","?","T","M","R","M","E","$","R","B",null,"M","?","M","M"],"character_chosen":"DEFECT","items_purchased":["Coolheaded"],"campfire_rested":0,"item_purchase_floors":[5],"current_hp_per_floor":[68,56,56,56,56,56,56,56,56,56,56,55,52,52,52,13,55,38,38,23,0,0],"gold":62,"neow_bonus":"THREE_ENEMY_KILL","is_daily":false,"chose_seed":false,"campfire_upgraded":3,"win_rate":0.0,"timestamp":1613579574,"path_taken":["M","?","?","?","$","E","R","?","T","M","R","M","E","$","R","BOSS","M","?","M","M"],"items_purchased_type":["Card"],"build_version":"2020-12-22","purchased_purges":2,"victory":false,"max_hp_per_floor":[75,75,75,75,75,75,75,69,69,69,69,69,69,69,69,69,69,69,69,69,69,69],"card_choices":[{"not_picked":["Skim","Conserve Battery"],"picked":"Sweeping Beam","floor":1.0},{"not_picked":["Hologram","Skim"],"picked":"FTL","floor":4.0},{"not_picked":["Turbo","Reprogram","Chill"],"picked":"SKIP","floor":6.0},{"not_picked":["Rebound","Recycle"],"picked":"Coolheaded","floor":10.0},{"not_picked":["Auto Shields","Sunder"],"picked":"Gash","floor":12.0},{"not_picked":["Leap","Loop"],"picked":"Gash","floor":13.0},{"not_picked":["Amplify","Hyperbeam"],"picked":"Rainbow","floor":16.0},{"not_picked":["Stack+1","Turbo","Steam"],"picked":"SKIP","floor":18.0},{"not_picked":["Redo","Tempest","Steam+1"],"picked":"SKIP","floor":20}],"player_experience":674778,"relics_obtained":[{"floor":6.0,"key":"Art of War"},{"floor":9.0,"key":"Oddly Smooth Stone"},{"floor":13.0,"key":"Omamori"}],"event_choices":[{"damage_healed":0.0,"max_hp_gain":0.0,"max_hp_loss":0.0,"gold_gain":0.0,"event_name":"Scrap Ooze","player_choice":"Success","floor":2.0,"gold_loss":0.0,"damage_taken":12.0,"relics_obtained":["Centennial Puzzle"]},{"damage_healed":0.0,"max_hp_gain":0.0,"max_hp_loss":0.0,"gold_gain":0.0,"event_name":"Match and Keep!","player_choice":"0 cards matched","floor":3.0,"gold_loss":0.0,"damage_taken":0.0,"cards_obtained":[]},{"damage_healed":0.0,"max_hp_gain":0.0,"max_hp_loss":6.0,"gold_gain":0.0,"event_name":"Golden Idol","player_choice":"Lose Max HP","floor":8.0,"gold_loss":0.0,"damage_taken":0.0,"relics_obtained":["Golden Idol"]},{"damage_healed":0.0,"max_hp_gain":0.0,"max_hp_loss":0.0,"gold_gain":0.0,"event_name":"Addict","player_choice":"Obtained Relic","floor":19.0,"gold_loss":85.0,"damage_taken":0.0,"relics_obtained":["Mercury Hourglass"]}],"is_beta":false,"boss_relics":[{"not_picked":["Runic Pyramid","Black Star"],"picked":"Velvet Choker"}],"items_purged_floors":[5,14],"is_endless":false,"potions_floor_spawned":[1,4,6,10,20],"killed_by":"Chosen and Byrds","ascension_level":13}}