{"host":"vk2xyavtylxbvrfq","time":1613540444,"event":{"mods":["Bard","BaseMod","Bestiary","Better Altar","Better Match","Better Note","Better Sensory Stone","Better Skull","Better Vampires","Block Reminder","Bossed Relics","Colored Map","Curses Come First","Displayed Cursed Tome","Downfall","Fox Events","Hermit","Ironclad Rager","Marked Mod","Minty Spire (QoL Compilation)","Quick Restart","Rare Cards Sparkle","Relic Sorter","Reliquary","Robot Space Explorer","StSLib","The Hayseed","The Runesmith","TheSurvivalist","Unceasing Turn Reminder"],"gold_per_floor":[112,20,47,47,62,62,62,62,139,152,162,189,189,219,219,219,219],"floor_reached":16,"language":"ENG","playtime":379,"items_purged":[],"score":140,"play_id":"fa97f711-80c4-4fba-814c-051976cc6b21","local_time":"20210217004044","is_ascension_mode":true,"campfire_choices":[{"data":"hermit:Maintenance","floor":6.0,"key":"SMITH"},{"data":"hermit:Showdown","floor":8.0,"key":"SMITH"},{"floor":13.0,"key":"REST"},{"floor":15.0,"key":"REST"}],"circlet_count":0,"master_deck":["hermit:Strike_Hermit","hermit:Strike_Hermit","hermit:Strike_Hermit","hermit:Strike_Hermit","hermit:Defend_Hermit","hermit:Defend_Hermit","hermit:Defend_Hermit","hermit:Defend_Hermit","hermit:Snapshot","hermit:Covet","hermit:HighCaliber","hermit:Showdown+1","hermit:Maintenance+1","hermit:Quickdraw","hermit:BodyArmor","Dramatic Entrance","hermit:Shortfuse","hermit:CursedWeapon","hermit:Showdown","hermit:Vantage"],"relics":["hermit:Momento","foxEvents:LuckyCharm","reliquary:PrincelyHelmet","reliquary:OuijaBoard","Prayer Wheel"],"acts_visited":["Exordium"],"potions_floor_usage":[],"damage_taken":[{"damage":7.0,"enemies":"Jaw Worm","floor":1.0,"turns":2.0},{"damage":3.0,"enemies":"Colosseum Slavers","floor":3.0,"turns":3.0},{"damage":0.0,"enemies":"Small Slimes","floor":5.0,"turns":3.0},{"damage":0.0,"enemies":"2 Louse","floor":10.0,"turns":1.0},{"damage":0.0,"enemies":"Exordium Thugs","floor":11.0,"turns":3.0},{"damage":22.0,"enemies":"Gremlin Nob","floor":12.0,"turns":3.0},{"damage":42.0,"enemies":"Lagavulin","floor":14.0,"turns":5.0},{"damage":41,"enemies":"Hexaghost","floor":16,"turns":9}],"seed_played":"-8427502403894989553","potions_obtained":[{"floor":1.0,"key":"Block Potion"},{"floor":5.0,"key":"SteroidPotion"},{"floor":14.0,"key":"champ:CounterPotion"}],"is_trial":false,"path_per_floor":["M","$","?","$","M","R","?","R","T","M","M","E","R","E","R","B"],"character_chosen":"HERMIT","items_purchased":["hermit:Maintenance","hermit:Quickdraw"],"campfire_rested":2,"item_purchase_floors":[2,2],"current_hp_per_floor":[61,61,58,58,58,58,58,58,58,58,58,36,58,16,38,0,0],"gold":219,"neow_bonus":"THREE_CARDS","is_daily":false,"chose_seed":false,"campfire_upgraded":2,"win_rate":0.0,"timestamp":1613540444,"path_taken":["M","$","?","$","M","R","?","R","T","M","M","E","R","E","R","BOSS"],"items_purchased_type":["Card","Card"],"build_version":"2020-12-22","purchased_purges":0,"victory":false,"max_hp_per_floor":[75,75,75,75,75,75,75,75,75,75,75,75,75,75,75,75,75],"card_choices":[{"not_picked":["hermit:BodyArmor","hermit:SprayPray"],"picked":"hermit:HighCaliber","floor":0.0},{"not_picked":["hermit:Manifest","hermit:BodyArmor"],"picked":"hermit:Showdown","floor":1.0},{"not_picked":["hermit:Feint","hermit:TrackingShot"],"picked":"hermit:BodyArmor","floor":5.0},{"not_picked":["Madness","Bandage Up"],"picked":"Dramatic Entrance","floor":7.0},{"not_picked":["hermit:Determination","hermit:Dive"],"picked":"hermit:Shortfuse","floor":10.0},{"not_picked":["hermit:Ricochet","hermit:Adapt"],"picked":"hermit:CursedWeapon","floor":11.0},{"not_picked":["hermit:Determination","hermit:Roulette"],"picked":"hermit:Showdown","floor":12.0},{"not_picked":["hermit:Dive","hermit:TakeAim"],"picked":"hermit:Vantage","floor":14.0}],"player_experience":1400789,"relics_obtained":[{"floor":3.0,"key":"foxEvents:LuckyCharm"},{"floor":9.0,"key":"reliquary:PrincelyHelmet"},{"floor":12.0,"key":"reliquary:OuijaBoard"},{"floor":14.0,"key":"Prayer Wheel"}],"event_choices":[{"damage_healed":0.0,"max_hp_gain":0.0,"max_hp_loss":0.0,"gold_gain":1.0,"event_name":"betterStone:BetterStone","player_choice":"1","floor":7.0,"gold_loss":0.0,"damage_taken":0.0}],"is_beta":false,"boss_relics":[],"items_purged_floors":[],"is_endless":false,"potions_floor_spawned":[1,5,14],"killed_by":"Hexaghost","ascension_level":6}}