{"host":"8injpn8qs0kr8sd6","time":1613551715,"event":{"mods":["Act Like it!","BaseMod","Downfall","KinomotoSakuraMod(Ä¾Ö®±¾Ó£)","Marisa£¨ìFÓê¡¡Ä§ÀíÉ³£©","Minty Spire (QoL Compilation)","Quick Restart","StSLib","¡¾ÒÅÎï¿¨ÅÆ¡¿REMEMod"],"gold_per_floor":[99,118,118,133,230,244,267,278,295,306,306,323,352,352,369,474,474,374,392,392,403,503,503,556,556,648,648,648,648],"floor_reached":27,"language":"ZHS","playtime":1880,"items_purged":[],"score":244,"play_id":"a74045a6-1675-4f52-9b96-91ae323259e6","local_time":"20210217164834","is_ascension_mode":false,"campfire_choices":[{"data":"REME_WheelOfFate","floor":1.0,"key":"SMITH"},{"data":"hexamod:Incineration","floor":11.0,"key":"SMITH"},{"data":"hexamod:HexaLevel","floor":18.0,"key":"SMITH"},{"data":"hexamod:EmpoweredFlame","floor":23.0,"key":"SMITH"}],"circlet_count":0,"master_deck":["hexamod:Strike","hexamod:Strike","hexamod:Strike","hexamod:Strike","hexamod:Defend","hexamod:Defend","hexamod:Defend","hexamod:Defend","hexamod:Sear+1","hexamod:Float","REME_WheelOfFate+1","hexamod:EmpoweredFlame+1","hexamod:FastForward+1","hexamod:Rewind","hexamod:Again","hexamod:Incineration+1","hexamod:FourthSeal","hexamod:HexaLevel+1","hexamod:FastForward","hexamod:RainOfEmbers","hexamod:NightmareGuise+1","hexamod:Hexaguard"],"relics":["hexamod:SpiritBrand","REME_ComplimentaryCards","Regal Pillow","Tiny Chest","Bronze Scales","Juzu Bracelet","Matryoshka","Strawberry","Coffee Dripper","downfall:HeartBlessingGreen","PreservedInsect","REME_IWantAll","Omamori","hexamod:MatchstickCase","Bag of Marbles","War Paint"],"acts_visited":["Exordium","TheCity"],"potions_floor_usage":[27,27],"damage_taken":[{"damage":0.0,"enemies":"Cultist","floor":2.0,"turns":2.0},{"damage":2.0,"enemies":"2 Louse","floor":4.0,"turns":3.0},{"damage":6.0,"enemies":"Jaw Worm","floor":5.0,"turns":4.0},{"damage":0.0,"enemies":"Large Slime","floor":6.0,"turns":6.0},{"damage":8.0,"enemies":"Red Slaver","floor":8.0,"turns":3.0},{"damage":5.0,"enemies":"Exordium Thugs","floor":9.0,"turns":2.0},{"damage":7.0,"enemies":"downfall:LooterAlt","floor":10.0,"turns":4.0},{"damage":1.0,"enemies":"Lots of Slimes","floor":12.0,"turns":3.0},{"damage":36.0,"enemies":"3 Sentries","floor":13.0,"turns":11.0},{"damage":14.0,"enemies":"2 Fungi Beasts","floor":15.0,"turns":4.0},{"damage":14.0,"enemies":"SI_SHIV_ARCHETYPE","floor":16.0,"turns":6.0},{"damage":20.0,"enemies":"3 Byrds","floor":19.0,"turns":3.0},{"damage":25.0,"enemies":"Shell Parasite","floor":21.0,"turns":6.0},{"damage":33.0,"enemies":"Colosseum Nobs","floor":22.0,"turns":3.0},{"damage":38.0,"enemies":"Sentry and Sphere","floor":26.0,"turns":6.0},{"damage":19,"enemies":"REME_1_Revenger","floor":27,"turns":2}],"seed_played":"-1198026015498771477","potions_obtained":[{"floor":4.0,"key":"GamblersBrew"},{"floor":5.0,"key":"AttackPotion"},{"floor":9.0,"key":"Energy Potion"},{"floor":13.0,"key":"Fire Potion"},{"floor":15.0,"key":"FairyPotion"},{"floor":16.0,"key":"Slimebound:ThreeZeroPotion"},{"floor":19.0,"key":"hexamod:EctoCoolerPotion"},{"floor":20.0,"key":"CultistPotion"},{"floor":26.0,"key":"FearPotion"},{"floor":26.0,"key":"SpeedPotion"}],"is_trial":false,"path_per_floor":["R","M","T","M","M","M","T","M","M","M","R","M","E","?","M","B",null,"R","M","?","M","?","R","T","T","M","E"],"character_chosen":"THE_SPIRIT","items_purchased":[],"campfire_rested":0,"item_purchase_floors":[],"current_hp_per_floor":[77,77,77,75,69,77,77,69,64,57,57,76,40,40,33,19,84,84,64,64,39,26,26,26,26,16,0,0,0],"gold":648,"neow_bonus":"TEN_PERCENT_HP_BONUS","is_daily":false,"chose_seed":false,"campfire_upgraded":4,"win_rate":0.0,"timestamp":1613551714,"path_taken":["R","M","?","M","M","M","T","M","M","M","R","M","E","?","M","BOSS","R","M","?","M","?","R","T","?","M","E"],"items_purchased_type":[],"build_version":"2020-12-22","purchased_purges":0,"victory":false,"max_hp_per_floor":[77,77,77,77,77,77,77,77,77,77,77,77,77,77,84,84,84,84,84,84,84,84,84,84,84,87,87,87,87],"card_choices":[{"not_picked":["hexamod:ThermalTransfer","hexamod:GhostShield"],"picked":"hexamod:EmpoweredFlame","floor":2.0},{"not_picked":["hexamod:BurningTouch","hexamod:AdvancingGuard"],"picked":"hexamod:FastForward","floor":4.0},{"not_picked":["hexamod:HauntingEcho","hexamod:PhantomFireball"],"picked":"hexamod:Rewind","floor":5.0},{"not_picked":["hexamod:HeatCrush","hexamod:GhostOfSpireFuture"],"picked":"hexamod:Again","floor":6.0},{"not_picked":["hexamod:BurningTouch","hexamod:ShieldOfDarkness","hexamod:GhostflameBarrier"],"picked":"SKIP","floor":8.0},{"not_picked":["hexamod:SpectersWail","hexamod:HauntingEcho","hexamod:ChargedBarrage"],"picked":"SKIP","floor":9.0},{"not_picked":["hexamod:SpectersWail","hexamod:Hexaguard"],"picked":"hexamod:Incineration","floor":10.0},{"not_picked":["hexamod:BurningTouch","hexamod:RainOfEmbers"],"picked":"hexamod:FourthSeal","floor":12.0},{"not_picked":["hexamod:Rewind","hexamod:ShieldOfDarkness","hexamod:WildfireWeapon"],"picked":"SKIP","floor":13.0},{"not_picked":["hexamod:AdvancingGuard","hexamod:SwordOfDarkness","hexamod:GhostLash"],"picked":"SKIP","floor":15.0},{"not_picked":["hexamod:UnlimitedPower","hexamod:ForkedFlame"],"picked":"hexamod:HexaLevel","floor":16.0},{"not_picked":["hexamod:HauntingEcho","hexamod:Hexaguard+1","hexamod:AdvancingGuard"],"picked":"SKIP","floor":19.0},{"not_picked":["hexamod:FourthSeal","hexamod:SoulSteal","hexamod:BacktrackSmack"],"picked":"SKIP","floor":21.0},{"not_picked":["hexamod:Hexaguard","hexamod:GhostShield"],"picked":"hexamod:FastForward","floor":22.0},{"not_picked":["hexamod:RainOfEmbers","hexamod:NightmareGuise+1","hexamod:Hexaguard"],"picked":"Singing Bowl","floor":26.0}],"player_experience":513790,"relics_obtained":[{"floor":3.0,"key":"Regal Pillow"},{"floor":7.0,"key":"Tiny Chest"},{"floor":13.0,"key":"Matryoshka"},{"floor":22.0,"key":"REME_IWantAll"},{"floor":24.0,"key":"Omamori"},{"floor":24.0,"key":"hexamod:MatchstickCase"},{"floor":25.0,"key":"Bag of Marbles"},{"floor":25.0,"key":"War Paint"}],"event_choices":[],"is_beta":false,"boss_relics":[{"not_picked":["SlaversCollar","REME_ChargedStone"],"picked":"Coffee Dripper"}],"items_purged_floors":[],"is_endless":false,"potions_floor_spawned":[4,5,9,15,19,21,26],"killed_by":"REME_1_Revenger","ascension_level":0}}