{"host":"jzhosqkmc1ht3q4y","time":1613594763,"event":{"mods":["100% Spire Juice","Act Like it!","Arknights","BaseMod","Better Third Choice","Colored Map","Minty Spire (QoL Compilation)","Rare Cards Sparkle","StSLib","SuperFastMode"],"gold_per_floor":[362,287,287,301,301,333,333,367,413,432,432,432,432,442,442,547,547,565,327,327,338,338,365,365,399,399,399,416,416,220,239,239,342,342,361,379,396,409,409,439,439,439,512,527,542,267,286,306,306,306,306,306,306,4,33,33,33],"floor_reached":56,"language":"KOR","playtime":2737,"items_purged":["ats:Strike V","ats:Strike C","ats:Defend","ats:Absolute Focus+1"],"score":752,"play_id":"66815c3c-ee6e-49e3-8a09-dbb511d2ab7e","local_time":"20210218054603","is_ascension_mode":false,"campfire_choices":[{"data":"ats:Mental Burst","floor":7.0,"key":"SMITH"},{"data":"ats:Guard Mode","floor":11.0,"key":"SMITH"},{"data":"ats:Emotion Absorption","floor":13.0,"key":"SMITH"},{"data":"ats:Shell Defense","floor":15.0,"key":"SMITH"},{"data":"ats:Ambush","floor":24.0,"key":"SMITH"},{"data":"ats:Absolute Focus","floor":27.0,"key":"SMITH"},{"data":"Deep Breath","floor":29.0,"key":"SMITH"},{"data":"ats:Phantom","floor":32.0,"key":"SMITH"},{"data":"ats:Nebulous Foxfire","floor":41.0,"key":"SMITH"},{"floor":50.0,"key":"RECALL"},{"data":"Master of Strategy","floor":53.0,"key":"SMITH"}],"circlet_count":0,"master_deck":["ats:Strike S","ats:Armor Crushing Shot","ats:Defend","ats:Emotion Absorption+1","ats:Overload","ats:Steam Pump","Electrodynamics+1","ats:Mental Burst+1","ats:Guard Mode+1","Apotheosis+1","ats:Shell Defense+1","ats:Ambush+1","ats:Healing Drone+1","ats:Overload","Deep Breath+1","ats:Nebulous Foxfire+1","ats:Song Of Battle","ats:Phantom+1","Master of Strategy+1","ats:Part Time Job+1","ats:Ambush","ats:Hook Shot","ats:Neurotoxin+1","ats:Beaten Up+1"],"relics":["ats:Sanity","Boot","ats:Originium","Regal Pillow","Toy Ornithopter","ats:Tactical Delivery","Membership Card","Nunchaku","Ornamental Fan","ats:Industrial Water Cannon","Empty Cage","WingedGreaves","MealTicket","Pear","ats:Arts","ats:Support","Ice Cream","Orichalcum","Bird Faced Urn"],"acts_visited":["Exordium","TheCity","TheBeyond","TheEnding"],"potions_floor_usage":[56],"damage_taken":[{"damage":5.0,"enemies":"Small Slimes","floor":1.0,"turns":4.0},{"damage":1.0,"enemies":"Cultist","floor":4.0,"turns":4.0},{"damage":5.0,"enemies":"3 Sentries","floor":6.0,"turns":5.0},{"damage":11.0,"enemies":"Gremlin Nob","floor":8.0,"turns":3.0},{"damage":0.0,"enemies":"Jaw Worm","floor":10.0,"turns":3.0},{"damage":0.0,"enemies":"2 Fungi Beasts","floor":14.0,"turns":2.0},{"damage":10.0,"enemies":"Hexaghost","floor":16.0,"turns":10.0},{"damage":3.0,"enemies":"3 Byrds","floor":18.0,"turns":4.0},{"damage":0.0,"enemies":"Chosen","floor":21.0,"turns":3.0},{"damage":10.0,"enemies":"Slavers","floor":23.0,"turns":4.0},{"damage":0.0,"enemies":"Gremlin Leader","floor":25.0,"turns":6.0},{"damage":3.0,"enemies":"Snake Plant","floor":28.0,"turns":4.0},{"damage":26.0,"enemies":"Sentry and Sphere","floor":31.0,"turns":10.0},{"damage":34.0,"enemies":"Champ","floor":33.0,"turns":13.0},{"damage":31.0,"enemies":"3 Shapes","floor":35.0,"turns":4.0},{"damage":22.0,"enemies":"3 Darklings","floor":36.0,"turns":7.0},{"damage":11.0,"enemies":"Maw","floor":37.0,"turns":10.0},{"damage":0.0,"enemies":"Spire Growth","floor":38.0,"turns":6.0},{"damage":29.0,"enemies":"Nemesis","floor":40.0,"turns":7.0},{"damage":5.0,"enemies":"3 Darklings","floor":44.0,"turns":6.0},{"damage":12.0,"enemies":"Transient","floor":45.0,"turns":5.0},{"damage":26.0,"enemies":"Spire Growth","floor":47.0,"turns":5.0},{"damage":27.0,"enemies":"Jaw Worm Horde","floor":48.0,"turns":5.0},{"damage":119.0,"enemies":"Awakened One","floor":51.0,"turns":17.0},{"damage":121.0,"enemies":"Shield and Spear","floor":55.0,"turns":9.0},{"damage":239,"enemies":"The Heart","floor":56,"turns":17}],"seed_played":"6305785666420015411","potions_obtained":[{"floor":1.0,"key":"ats:Top Emergency Sanity Potion"},{"floor":6.0,"key":"Weak Potion"},{"floor":16.0,"key":"Weak Potion"},{"floor":23.0,"key":"SneckoOil"},{"floor":36.0,"key":"FairyPotion"}],"is_trial":false,"path_per_floor":["M","$","?","M","?","E","R","E","T","M","R","?","R","M","R","B",null,"M","$","?","M","?","E","R","E","T","R","M","R","$","M","R","B",null,"M","M","M","M","?","E","R","?","T","M","M","$","M","M","M","R","B",null,"R","$","E","B"],"character_chosen":"DOCTOR_CLASS","items_purchased":["Membership Card","ats:Overload","ats:Phantom","Master of Strategy","Pear","ats:Arts","ats:Support","Ice Cream","Orichalcum"],"campfire_rested":0,"item_purchase_floors":[19,19,30,30,46,46,54,54,54],"current_hp_per_floor":[60,60,53,52,44,39,39,28,28,28,28,28,28,28,28,18,65,62,62,62,65,65,59,59,65,65,65,65,65,65,65,65,65,65,42,65,65,65,65,65,65,65,65,65,57,75,74,69,69,69,75,75,75,75,39,0,0],"gold":33,"neow_bonus":"TWO_FIFTY_GOLD","is_daily":false,"chose_seed":false,"campfire_upgraded":10,"win_rate":0.0,"timestamp":1613594763,"path_taken":["M","$","?","M","?","E","R","E","T","M","R","?","R","M","R","BOSS","M","$","?","?","?","E","R","E","T","R","M","R","$","M","R","BOSS","M","?","M","M","?","E","R","?","T","M","M","$","?","M","M","R","BOSS","R","$","E","BOSS"],"items_purchased_type":["Relic","Card","Card","Card","Relic","Relic","Relic","Relic","Relic"],"build_version":"2020-12-22","purchased_purges":4,"victory":false,"max_hp_per_floor":[65,65,65,65,65,65,65,65,65,65,65,65,65,65,65,65,65,65,65,65,65,65,65,65,65,65,65,65,65,65,65,65,65,65,65,65,65,65,65,65,65,65,65,65,65,75,75,75,75,75,75,75,75,75,75,75,75],"card_choices":[{"not_picked":["ats:Part Time Job","ats:Powerful Strike"],"picked":"ats:Overload","floor":1.0},{"not_picked":["ats:Support Order","ats:Powerful Strike"],"picked":"ats:Steam Pump","floor":4.0},{"not_picked":["ats:Very Hot Blade","ats:Hammer On"],"picked":"ats:Mental Burst","floor":6.0},{"not_picked":["ats:Apocalypse","ats:True Silver Slash"],"picked":"ats:Guard Mode","floor":8.0},{"not_picked":["ats:Revitalization","ats:Cat Scratch"],"picked":"ats:Absolute Focus","floor":10.0},{"not_picked":["ats:Curse Doll","ats:Poison Spread"],"picked":"ats:Shell Defense","floor":14.0},{"not_picked":["ats:Wolf Pack","ats:Durian"],"picked":"ats:Ambush","floor":16.0},{"not_picked":["ats:Guard Mode","ats:Song Of Battle","ats:Healing Drone+1"],"picked":"SKIP","floor":18.0},{"not_picked":["ats:Guard Mode","ats:Song Of Battle"],"picked":"ats:Healing Drone+1","floor":18.0},{"not_picked":["ats:Powerful Strike","ats:Very Hot Blade","ats:Shell Defense+1"],"picked":"SKIP","floor":21.0},{"not_picked":["ats:Consecutive Shot Auto","ats:Very Hot Blade+1"],"picked":"ats:Nebulous Foxfire","floor":23.0},{"not_picked":["ats:Literary Storm","ats:Phantom+1"],"picked":"ats:Song Of Battle","floor":25.0},{"not_picked":["ats:Very Hot Blade","ats:Shell Defense","ats:Charging Defense+1"],"picked":"SKIP","floor":28.0},{"not_picked":["ats:Closed Bolt Burst Fire","ats:Ignite"],"picked":"ats:Part Time Job+1","floor":31.0},{"not_picked":["ats:Fractured Body","ats:Durian"],"picked":"ats:Ambush","floor":33.0},{"not_picked":["ats:Explosion Area Strengthen","ats:Serious Mode","ats:Blood Oath"],"picked":"SKIP","floor":35.0},{"not_picked":["ats:Guard Mode","ats:Encircling Forest+1"],"picked":"ats:Hook Shot","floor":36.0},{"not_picked":["ats:Assault Order+1","ats:Support Order","ats:Blood Oath"],"picked":"SKIP","floor":37.0},{"not_picked":["ats:Apocalypse","ats:Assault Order+1","ats:Curse Doll"],"picked":"SKIP","floor":38.0},{"not_picked":["ats:Healing Strengthening+1","ats:Thermite Blade+1"],"picked":"ats:Neurotoxin+1","floor":40.0},{"not_picked":["ats:LN2 Cannon","ats:Mental Burst+1","ats:Steam Pump"],"picked":"SKIP","floor":44.0},{"not_picked":["ats:Leaping Hammer+1","ats:Ignite","ats:Shell Defense"],"picked":"SKIP","floor":45.0},{"not_picked":["ats:Powerful Strike+1","ats:Poison Spread","ats:Flexible Camouflage"],"picked":"SKIP","floor":47.0},{"not_picked":["ats:Consecutive Shot Auto+1","ats:Automatic Cover+1","ats:Hook Shot+1"],"picked":"SKIP","floor":48.0},{"not_picked":["ats:Poison Spread+1","ats:Cat Scratch"],"picked":"ats:Beaten Up+1","floor":55.0}],"player_experience":780721,"relics_obtained":[{"floor":6.0,"key":"ats:Originium"},{"floor":6.0,"key":"Regal Pillow"},{"floor":8.0,"key":"ats:Originium"},{"floor":8.0,"key":"Toy Ornithopter"},{"floor":9.0,"key":"Dream Catcher"},{"floor":23.0,"key":"Nunchaku"},{"floor":25.0,"key":"Ornamental Fan"},{"floor":26.0,"key":"ats:Industrial Water Cannon"},{"floor":40.0,"key":"MealTicket"},{"floor":55.0,"key":"Bird Faced Urn"}],"event_choices":[{"cards_removed":["ats:Strike G"],"damage_healed":0.0,"max_hp_gain":0.0,"max_hp_loss":0.0,"gold_gain":0.0,"event_name":"Golden Wing","player_choice":"Card Removal","floor":3.0,"gold_loss":0.0,"damage_taken":7.0},{"damage_healed":28.0,"max_hp_gain":0.0,"max_hp_loss":65.0,"gold_gain":0.0,"event_name":"betterThird:BetterShining","player_choice":"Protect","floor":12.0,"gold_loss":1.0,"damage_taken":0.0},{"damage_healed":0.0,"max_hp_gain":0.0,"max_hp_loss":0.0,"gold_gain":0.0,"event_name":"Match and Keep!","player_choice":"1 cards matched","floor":20.0,"gold_loss":0.0,"damage_taken":0.0,"cards_obtained":["Deep Breath"]},{"damage_healed":0.0,"max_hp_gain":0.0,"max_hp_loss":0.0,"gold_gain":0.0,"event_name":"NoteForYourself","player_choice":"Ignored","floor":22.0,"gold_loss":0.0,"damage_taken":0.0},{"damage_healed":0.0,"max_hp_gain":0.0,"max_hp_loss":0.0,"gold_gain":0.0,"event_name":"Tomb of Lord Red Mask","player_choice":"Ignored","floor":39.0,"gold_loss":0.0,"damage_taken":0.0},{"damage_healed":0.0,"max_hp_gain":0.0,"max_hp_loss":0.0,"gold_gain":0.0,"event_name":"SensoryStone","player_choice":"Memory 1","floor":42.0,"gold_loss":0.0,"damage_taken":0.0}],"is_beta":false,"boss_relics":[{"not_picked":["Ectoplasm","Runic Pyramid"],"picked":"ats:Tactical Delivery"},{"not_picked":["Busted Crown","Cursed Key"],"picked":"Empty Cage"}],"items_purged_floors":[2,19,30,46],"is_endless":false,"potions_floor_spawned":[1,6,16,23,33,36,47,48],"killed_by":"The Heart","ascension_level":0}}