{"host":"q57ekfojy3i00x9o","time":1613571234,"event":{"mods":["Act Like it!","Arknights","Aspiration","BaseMod","Colored Map","Energized Spire","Hermit","Minty Spire (QoL Compilation)","Quick Restart","Spicy Shops","Spikes Relics","StSLib","slay the spire mod where everything is the same but ironclad has a cowboy hat"],"gold_per_floor":[212,212,287,2,20,20,48,23,23,36,56,56,7,20,20,115,115,125,137,43,63,63,63,96,96,120,153,171,171,181,9,9,107,107,123,173,185,200,21,48,48,77,159,178,193,193,210,220,220,220],"floor_reached":51,"language":"RUS","playtime":1442,"items_purged":["ats:Strike G"],"score":1268,"play_id":"395dc45c-4e6d-40a8-8e77-da4d914a730f","local_time":"20210217191354","is_ascension_mode":true,"campfire_choices":[{"data":"ats:Powerful Strike","floor":6.0,"key":"SMITH"},{"data":"ats:Serious Mode","floor":15.0,"key":"SMITH"},{"data":"ats:Echo Reverb","floor":23.0,"key":"SMITH"},{"data":"Flash of Steel","floor":25.0,"key":"SMITH"},{"floor":32.0,"key":"REST"},{"data":"ats:Healing Strengthening","floor":46.0,"key":"SMITH"},{"data":"ats:Ambush","floor":49,"key":"SMITH"}],"circlet_count":0,"master_deck":["AscendersBane","ats:Strike S","ats:Strike V","ats:Armor Crushing Shot","ats:Defend","ats:Defend","ats:Defend","ats:Defend","ats:Emotion Absorption","ats:Consecutive Shot Auto+1","ats:Thermite Blade","ats:Powerful Strike+1","ats:Shadow Assault","ats:Closed Bolt Burst Fire","ats:Consecutive Shot Auto","ats:Closed Bolt Burst Fire","ats:Serious Mode+1","ats:Sashimi Platter","ats:Hammer On","ats:Consecutive Shot Auto","ats:Echo Reverb+1","ats:Powerful Strike","ats:Explosion Area Strengthen","ats:Explosion Area Strengthen","Flash of Steel+1","ats:Explosion Area Strengthen","ats:Flexible Camouflage","ats:Ambush+1","Flash of Steel+1","Secret Weapon","ats:Thermite Blade","ats:Poison Spread","ats:Revitalization","ats:Explosion Area Strengthen","ats:Blood Oath+1","ats:Overload","ats:Curse Doll+1","Doubt","ats:Demon Strength","ats:Demon Strength","ats:Healing Strengthening+1","Parasite","ats:Assault Order+1"],"relics":["ats:Sanity Plus","Membership Card","Orichalcum","TungstenRod","ats:Originium","GiantMaggot","SuspiciousGoo","Blue Candle","Strawberry","Ancient Tea Set","Matryoshka","aspiration:RitualDagger","CaptainsWheel","aspiration:KaomsHeart"],"acts_visited":["Exordium","TheCity","TheBeyond"],"potions_floor_usage":[],"damage_taken":[{"damage":5.0,"enemies":"Small Slimes","floor":1.0,"turns":4.0},{"damage":0.0,"enemies":"2 Louse","floor":5.0,"turns":2.0},{"damage":1.0,"enemies":"Gremlin Nob","floor":7.0,"turns":3.0},{"damage":0.0,"enemies":"Cultist","floor":10.0,"turns":2.0},{"damage":2.0,"enemies":"3 Louse","floor":11.0,"turns":2.0},{"damage":9.0,"enemies":"Large Slime","floor":14.0,"turns":3.0},{"damage":18.0,"enemies":"Hexaghost","floor":16.0,"turns":6.0},{"damage":4.0,"enemies":"Spheric Guardian","floor":18.0,"turns":3.0},{"damage":18.0,"enemies":"2 Thieves","floor":19.0,"turns":3.0},{"damage":3.0,"enemies":"Snecko","floor":21.0,"turns":3.0},{"damage":21.0,"enemies":"Gremlin Leader","floor":24.0,"turns":5.0},{"damage":18.0,"enemies":"Book of Stabbing","floor":27.0,"turns":3.0},{"damage":15.0,"enemies":"Centurion and Healer","floor":28.0,"turns":3.0},{"damage":8.0,"enemies":"Snake Plant","floor":30.0,"turns":2.0},{"damage":20.0,"enemies":"Collector","floor":33.0,"turns":8.0},{"damage":28.0,"enemies":"3 Darklings","floor":35.0,"turns":6.0},{"damage":39.0,"enemies":"2 Orb Walkers","floor":36.0,"turns":4.0},{"damage":22.0,"enemies":"3 Shapes","floor":37.0,"turns":4.0},{"damage":55.0,"enemies":"Writhing Mass","floor":38.0,"turns":5.0},{"damage":153.0,"enemies":"Giant Head","floor":40.0,"turns":9.0},{"damage":68.0,"enemies":"Reptomancer","floor":42.0,"turns":7.0},{"damage":20.0,"enemies":"Spire Growth","floor":44.0,"turns":4.0},{"damage":21.0,"enemies":"Sphere and 2 Shapes","floor":45.0,"turns":5.0},{"damage":40.0,"enemies":"Writhing Mass","floor":47.0,"turns":6.0},{"damage":74.0,"enemies":"Maw","floor":48.0,"turns":7.0},{"damage":56,"enemies":"Donu and Deca","floor":50,"turns":10}],"seed_played":"-390283482123194602","potions_obtained":[{"floor":7.0,"key":"Dexterity Potion"}],"is_trial":false,"path_per_floor":["M","?","?","$","M","R","E","$","T","M","M","?","$","M","R","B",null,"M","M","$","M","?","R","E","R","T","E","M","?","M","$","R","B",null,"M","?","M","M","$","E","?","E","T","M","M","R","M","M","R","B",null],"character_chosen":"DOCTOR_CLASS","items_purchased":["Membership Card","Orichalcum","TungstenRod","ats:Thermite Blade","SuspiciousGoo","ats:Closed Bolt Burst Fire","ats:Sashimi Platter","ats:Hammer On","Strawberry","ats:Explosion Area Strengthen","Flash of Steel","Secret Weapon","ats:Thermite Blade","aspiration:KaomsHeart","ats:Overload"],"campfire_rested":1,"item_purchase_floors":[4,4,4,4,8,8,13,13,20,20,20,31,31,39,39],"current_hp_per_floor":[60,60,49,49,49,49,48,48,48,48,46,46,46,44,44,35,63,65,54,61,64,64,64,43,43,43,35,30,30,22,22,45,37,69,48,9,77,45,145,68,179,154,154,159,146,146,141,139,139,179],"gold":220,"neow_bonus":"HUNDRED_GOLD","is_daily":false,"chose_seed":false,"campfire_upgraded":6,"win_rate":0.0,"timestamp":1613571234,"path_taken":["M","?","?","$","M","R","E","$","T","M","M","?","$","M","R","BOSS","M","?","$","M","?","R","E","R","T","E","M","?","M","$","R","BOSS","M","?","M","M","$","E","?","E","T","M","?","R","?","M","R","BOSS"],"items_purchased_type":["Relic","Relic","Relic","Card","Relic","Card","Card","Card","Relic","Card","Card","Card","Card","Relic","Card"],"build_version":"2020-12-22","purchased_purges":1,"victory":true,"max_hp_per_floor":[72,72,72,72,72,72,72,72,72,72,72,72,72,72,72,72,72,72,72,79,79,79,79,79,79,79,79,79,79,79,79,79,79,79,79,79,79,79,179,179,179,179,179,179,179,179,179,179,179,179],"card_choices":[{"not_picked":["ats:Explosion Area Strengthen","ats:Flexible Camouflage"],"picked":"ats:Consecutive Shot Auto","floor":1.0},{"not_picked":["ats:Counter Healing Mode","ats:Revitalization"],"picked":"ats:Powerful Strike","floor":5.0},{"not_picked":["ats:Very Hot Blade","ats:Blood Oath"],"picked":"ats:Shadow Assault","floor":7.0},{"not_picked":["ats:Song Of Battle","ats:Powerful Strike"],"picked":"ats:Consecutive Shot Auto","floor":10.0},{"not_picked":["ats:Hammer On","ats:Ignite"],"picked":"ats:Closed Bolt Burst Fire","floor":11.0},{"not_picked":["ats:Healing Drone","ats:Ignite"],"picked":"ats:Consecutive Shot Auto","floor":14.0},{"not_picked":["ats:Rat Pack","ats:Dogmatic Field"],"picked":"ats:Echo Reverb","floor":16.0},{"not_picked":["ats:Closed Bolt Burst Fire+1","ats:Blood Oath"],"picked":"ats:Powerful Strike","floor":18.0},{"not_picked":["ats:Absolute Focus","ats:Cat Scratch"],"picked":"ats:Explosion Area Strengthen","floor":19.0},{"not_picked":["ats:Very Hot Blade+1","ats:Rapid Magazine+1"],"picked":"ats:Explosion Area Strengthen","floor":21.0},{"not_picked":["ats:LN2 Cannon","ats:Very Hot Blade","ats:Blood Oath"],"picked":"SKIP","floor":24.0},{"not_picked":["ats:Leaping Hammer","ats:Magnetic Hammer"],"picked":"ats:Flexible Camouflage","floor":27.0},{"not_picked":["ats:Chain Hook","ats:Guard Mode"],"picked":"ats:Ambush","floor":28.0},{"not_picked":["ats:Soul Absorption","ats:Healing Strengthening","ats:Steam Pump"],"picked":"SKIP","floor":30.0},{"not_picked":["ats:Thermite Blade","ats:Flame Of Heaven+1"],"picked":"ats:Poison Spread","floor":35.0},{"not_picked":["ats:Song Of Battle+1","ats:Burning Ground"],"picked":"ats:Revitalization","floor":36.0},{"not_picked":["ats:Beaten Up+1","ats:Ignite"],"picked":"ats:Explosion Area Strengthen","floor":37.0},{"not_picked":["ats:Very Hot Blade","ats:Chain Hook"],"picked":"ats:Blood Oath+1","floor":38.0},{"not_picked":["ats:Flexible Camouflage","ats:Roar Of Ursus"],"picked":"ats:Curse Doll+1","floor":40.0},{"not_picked":["ats:Blood Oath","ats:Guardian Obelisk"],"picked":"ats:Demon Strength","floor":42.0},{"not_picked":["ats:Consecutive Shot Auto","ats:Automatic Cover"],"picked":"ats:Demon Strength","floor":44.0},{"not_picked":["ats:LN2 Cannon","ats:Absolute Focus"],"picked":"ats:Healing Strengthening","floor":45.0},{"not_picked":["ats:Directed Diagnosis","ats:Encircling Forest"],"picked":"ats:Assault Order+1","floor":47.0},{"not_picked":["ats:Blood Oath","ats:Very Hot Blade","ats:Absolute Focus"],"picked":"SKIP","floor":48.0}],"player_experience":774579,"relics_obtained":[{"floor":7.0,"key":"ats:Originium"},{"floor":7.0,"key":"GiantMaggot"},{"floor":9.0,"key":"Blue Candle"},{"floor":24.0,"key":"ats:Originium"},{"floor":26.0,"key":"Ancient Tea Set"},{"floor":27.0,"key":"ats:Originium"},{"floor":27.0,"key":"Matryoshka"},{"floor":36.0,"key":"CaptainsWheel"},{"floor":40.0,"key":"ats:Originium"},{"floor":40.0,"key":"aspiration:KMNothing"},{"floor":42.0,"key":"ats:Originium"},{"floor":42.0,"key":"aspiration:KMNothing"},{"floor":43.0,"key":"aspiration:KMNothing"},{"floor":43.0,"key":"aspiration:KMNothing"}],"event_choices":[{"damage_healed":0.0,"max_hp_gain":0.0,"max_hp_loss":0.0,"gold_gain":0.0,"event_name":"Living Wall","player_choice":"Grow","floor":2.0,"gold_loss":0.0,"damage_taken":0.0,"cards_upgraded":["ats:Consecutive Shot Auto"]},{"damage_healed":0.0,"max_hp_gain":0.0,"max_hp_loss":0.0,"gold_gain":75.0,"event_name":"World of Goop","player_choice":"Gather Gold","floor":3.0,"gold_loss":0.0,"damage_taken":11.0},{"damage_healed":0.0,"max_hp_gain":0.0,"max_hp_loss":0.0,"gold_gain":0.0,"cards_transformed":["ats:Strike C"],"event_name":"Transmorgrifier","player_choice":"Transformed","floor":12.0,"gold_loss":0.0,"damage_taken":0.0,"cards_obtained":["ats:Serious Mode"]},{"damage_healed":0.0,"max_hp_gain":0.0,"max_hp_loss":0.0,"gold_gain":0.0,"event_name":"Ghosts","player_choice":"Ignored","floor":22.0,"gold_loss":0.0,"damage_taken":0.0},{"damage_healed":0.0,"max_hp_gain":0.0,"max_hp_loss":0.0,"gold_gain":0.0,"event_name":"Duplicator","player_choice":"Copied","floor":29.0,"gold_loss":0.0,"damage_taken":0.0,"cards_obtained":["Flash of Steel"]},{"damage_healed":0.0,"max_hp_gain":0.0,"max_hp_loss":0.0,"gold_gain":0.0,"event_name":"Mysterious Sphere","player_choice":"Fight","floor":36.0,"gold_loss":0.0,"damage_taken":0.0},{"damage_healed":111.0,"max_hp_gain":0.0,"max_hp_loss":0.0,"gold_gain":0.0,"event_name":"MindBloom","player_choice":"Heal","floor":41.0,"gold_loss":0.0,"damage_taken":0.0,"cards_obtained":["Doubt"]}],"is_beta":false,"boss_relics":[{"not_picked":["ats:Tactical Delivery","Runic Dome"],"picked":"ats:Sanity Plus"},{"not_picked":["energizedSpire:RedRose","Empty Cage"],"picked":"aspiration:RitualDagger"}],"items_purged_floors":[31],"is_endless":false,"potions_floor_spawned":[7,10,14,21,27,28,35,37,38],"ascension_level":12}}