{"host":"sav7uxregyirlf69","time":1613520253,"event":{"mods":["AchievementEnabler","BaseMod","Colored Map","DeckTracker","Hermit","Keyboard Shortcuts","Minty Spire (QoL Compilation)","READ ME - Guardian Mod","StSLib","SuperFastMode"],"gold_per_floor":[113,113,113,124,144,144,154,154,235,262,276,291,126,126,126,225,225,240,162,77,77,77,107,107,125,176,4,14,31,41,69,69,69,69],"floor_reached":33,"language":"KOR","playtime":797,"items_purged":[],"score":334,"play_id":"17ed24ae-1137-4ed2-a569-5f11c100cc17","local_time":"20210217090413","is_ascension_mode":true,"campfire_choices":[{"data":"hermit:Showdown","floor":6.0,"key":"SMITH"},{"data":"hermit:Snapshot","floor":8.0,"key":"SMITH"},{"data":"hermit:BodyArmor","floor":15.0,"key":"SMITH"},{"floor":24.0,"key":"REST"},{"data":"hermit:HighCaliber","floor":32,"key":"SMITH"}],"circlet_count":0,"master_deck":["hermit:Strike_Hermit","hermit:Strike_Hermit+1","hermit:Strike_Hermit","hermit:Strike_Hermit","hermit:Defend_Hermit+1","hermit:Defend_Hermit","hermit:Defend_Hermit","hermit:Defend_Hermit","hermit:Snapshot+1","hermit:Covet","hermit:ShadowCloak","hermit:Showdown+1","hermit:GoldenBullet","hermit:BodyArmor+1","hermit:Shortfuse","Discovery","hermit:HighCaliber+1","hermit:TakeCover","hermit:SprayPray+1"],"relics":["hermit:Momento","Orichalcum","Mummified Hand","Ancient Tea Set","SacredBark","Potion Belt","Lizard Tail","Bag of Marbles","Membership Card","Red Mask"],"acts_visited":["Exordium","TheCity"],"potions_floor_usage":[31,33,33,33],"damage_taken":[{"damage":0.0,"enemies":"Small Slimes","floor":1.0,"turns":3.0},{"damage":4.0,"enemies":"Jaw Worm","floor":4.0,"turns":3.0},{"damage":0.0,"enemies":"Cultist","floor":5.0,"turns":3.0},{"damage":8.0,"enemies":"3 Louse","floor":7.0,"turns":3.0},{"damage":7.0,"enemies":"3 Sentries","floor":10.0,"turns":5.0},{"damage":3.0,"enemies":"Lots of Slimes","floor":11.0,"turns":5.0},{"damage":3.0,"enemies":"Looter","floor":12.0,"turns":2.0},{"damage":51.0,"enemies":"Slime Boss","floor":16.0,"turns":12.0},{"damage":7.0,"enemies":"3 Byrds","floor":18.0,"turns":6.0},{"damage":40.0,"enemies":"Gremlin Leader","floor":23.0,"turns":7.0},{"damage":0.0,"enemies":"Spheric Guardian","floor":25.0,"turns":2.0},{"damage":16,"enemies":"Cultist and Chosen","floor":28,"turns":8},{"damage":0,"enemies":"Snecko","floor":29,"turns":3},{"damage":18,"enemies":"Snake Plant","floor":30,"turns":4},{"damage":0,"enemies":"Masked Bandits","floor":31,"turns":2},{"damage":41,"enemies":"Collector","floor":33,"turns":7}],"seed_played":"4327013394790130995","potions_obtained":[{"floor":3.0,"key":"ColorlessPotion"},{"floor":3.0,"key":"hermit:Eclipse"},{"floor":3.0,"key":"Block Potion"},{"floor":5.0,"key":"PowerPotion"},{"floor":12.0,"key":"Block Potion"},{"floor":16.0,"key":"SteroidPotion"},{"floor":23.0,"key":"LiquidMemories"},{"floor":29,"key":"Explosive Potion"},{"floor":30,"key":"Strength Potion"},{"floor":31,"key":"LiquidBronze"}],"is_trial":false,"path_per_floor":["M","?","?","M","M","R","M","R","T","E","M","M","$","?","R","B",null,"M","$","?","?","T","E","R","M","T","$","M","M","M","?","R","B"],"character_chosen":"HERMIT","items_purchased":["hermit:Shortfuse","Discovery","hermit:BlackBile","Membership Card","hermit:HighCaliber"],"campfire_rested":1,"item_purchase_floors":[13,13,19,27,27],"current_hp_per_floor":[75,60,60,56,56,56,48,48,48,41,38,35,35,75,75,24,62,55,55,55,41,41,1,25,25,25,25,9,9,32,32,32,0,0],"gold":69,"neow_bonus":"RANDOM_COMMON_RELIC","is_daily":false,"chose_seed":false,"campfire_upgraded":4,"win_rate":0.0,"timestamp":1613520253,"path_taken":["M","?","?","M","M","R","M","R","T","E","?","M","$","?","R","BOSS","M","?","?","?","?","E","R","M","T","?","?","M","M","?","R","BOSS"],"items_purchased_type":["Card","Card","Potion","Relic","Card"],"build_version":"2020-12-22","purchased_purges":0,"victory":false,"max_hp_per_floor":[75,75,75,75,75,75,75,75,75,75,75,75,75,75,75,75,75,75,75,75,80,80,80,80,80,80,80,80,80,80,80,80,80,80],"card_choices":[{"not_picked":["hermit:Roulette","hermit:Feint","hermit:Ricochet"],"picked":"SKIP","floor":1.0},{"not_picked":["hermit:GhostlyPresence","hermit:Feint"],"picked":"hermit:ShadowCloak","floor":4.0},{"not_picked":["hermit:CalledShot","hermit:LowProfile"],"picked":"hermit:Showdown","floor":5.0},{"not_picked":["hermit:Roulette","hermit:EyeOfTheStorm","hermit:TakeAim"],"picked":"SKIP","floor":7.0},{"not_picked":["hermit:Glare","hermit:TakeAim"],"picked":"hermit:Enervate","floor":10.0},{"not_picked":["hermit:Ricochet","hermit:Horror"],"picked":"hermit:GoldenBullet","floor":11.0},{"not_picked":["hermit:Roulette","hermit:LowProfile"],"picked":"hermit:BodyArmor","floor":12.0},{"not_picked":["hermit:TrackingShot","hermit:Feint+1","hermit:HoleUp"],"picked":"SKIP","floor":18.0},{"not_picked":["hermit:PistolWhip","hermit:Dive","hermit:CalledShot"],"picked":"SKIP","floor":23.0},{"not_picked":["hermit:BigShot+1","hermit:Ricochet","hermit:Midnight"],"picked":"SKIP","floor":25.0},{"not_picked":["hermit:TrackingShot","hermit:Headshot","hermit:WideOpen"],"picked":"SKIP","floor":28},{"not_picked":["hermit:Shortfuse+1","hermit:HoleUp","hermit:Combo"],"picked":"SKIP","floor":29},{"not_picked":["hermit:NoHoldsBarred","hermit:Glare"],"picked":"hermit:TakeCover","floor":30},{"not_picked":["hermit:Magnum","hermit:Glare"],"picked":"hermit:SprayPray+1","floor":31}],"player_experience":1623913,"relics_obtained":[{"floor":9.0,"key":"Mummified Hand"},{"floor":10.0,"key":"Ancient Tea Set"},{"floor":22.0,"key":"Lizard Tail"},{"floor":23.0,"key":"Bag of Marbles"},{"floor":31,"key":"Red Mask"}],"event_choices":[{"damage_healed":0.0,"max_hp_gain":0.0,"max_hp_loss":0.0,"gold_gain":0.0,"event_name":"Shining Light","player_choice":"Entered Light","floor":2.0,"gold_loss":0.0,"damage_taken":15.0,"cards_upgraded":["hermit:Defend_Hermit","hermit:Strike_Hermit"]},{"damage_healed":0.0,"max_hp_gain":0.0,"max_hp_loss":0.0,"gold_gain":0.0,"event_name":"Lab","player_choice":"Got Potions","floor":3.0,"gold_loss":0.0,"damage_taken":0.0},{"cards_removed":["hermit:Enervate"],"damage_healed":40.0,"max_hp_gain":0.0,"max_hp_loss":0.0,"gold_gain":0.0,"event_name":"Bonfire Elementals","player_choice":"Offered Uncommon","floor":14.0,"gold_loss":0.0,"damage_taken":0.0},{"damage_healed":0.0,"max_hp_gain":0.0,"max_hp_loss":0.0,"gold_gain":0.0,"event_name":"Addict","player_choice":"Obtained Relic","floor":20.0,"gold_loss":85.0,"damage_taken":0.0,"relics_obtained":["Potion Belt"]},{"damage_healed":0.0,"max_hp_gain":5.0,"max_hp_loss":0.0,"gold_gain":0.0,"event_name":"Forgotten Altar","player_choice":"Shed Blood","floor":21.0,"gold_loss":0.0,"damage_taken":19.0},{"damage_healed":0,"gold_gain":0,"player_choice":"Fought Bandits","damage_taken":0,"max_hp_gain":0,"max_hp_loss":0,"event_name":"Masked Bandits","floor":31,"gold_loss":0}],"is_beta":false,"boss_relics":[{"not_picked":["Empty Cage","Calling Bell"],"picked":"SacredBark"}],"items_purged_floors":[],"is_endless":false,"potions_floor_spawned":[5,7,12,16,23,29,30,31],"killed_by":"Collector","ascension_level":5}}