{"host":"j0lq4v91luowxwha","time":1613577160,"event":{"mods":["BaseMod","Colored Powertips","Downfall","Hermit","Minty Spire (QoL Compilation)","Quick Restart","Replay The Spire","StSLib","SuperFastMode","The Cursed"],"gold_per_floor":[99,118,131,131,148,162,162,176,12,23,57,75,60,80,95,190,240,240,240,240,240,240],"floor_reached":20,"language":"ENG","playtime":1650,"items_purged":[],"score":228,"play_id":"28051bea-c0f9-4ee5-8874-6e76665bef04","local_time":"20210217105240","is_ascension_mode":false,"campfire_choices":[{"data":"hexamod:Float","floor":1.0,"key":"SMITH"},{"floor":18,"key":"RECALL"}],"circlet_count":0,"master_deck":["hexamod:Strike","hexamod:Strike","hexamod:Strike","hexamod:Strike+1","hexamod:Defend","hexamod:Defend","hexamod:Defend","hexamod:Defend","hexamod:Sear","hexamod:Float+1","hexamod:RadiantFlame","hexamod:GhostOfSpireFuture","hexamod:AdvancingGuard","hexamod:AdvancingGuard","hexamod:GhostOfSpireFuture","hexamod:PhantomFireball","hexamod:TimeOfNeed","hexamod:ThermalTransfer","hexamod:HeatShield","hexamod:EmpoweredFlame","hexamod:RadiantFlame","hexamod:WildfireWeapon"],"relics":["hexamod:SpiritBrand","Strawberry","Replay:Ringing Soul","Tiny House"],"acts_visited":["Exordium","TheCity"],"potions_floor_usage":[],"damage_taken":[{"damage":1.0,"enemies":"Jaw Worm","floor":2.0,"turns":3.0},{"damage":0.0,"enemies":"Small Slimes","floor":3.0,"turns":3.0},{"damage":0.0,"enemies":"Cultist","floor":5.0,"turns":4.0},{"damage":0.0,"enemies":"Large Slime","floor":6.0,"turns":5.0},{"damage":3.0,"enemies":"Red Slaver","floor":8.0,"turns":6.0},{"damage":0.0,"enemies":"downfall:FleeingMerchant","floor":9.0,"turns":4.0},{"damage":8.0,"enemies":"2 Fungi Beasts","floor":10.0,"turns":5.0},{"damage":19.0,"enemies":"3 Sentries","floor":11.0,"turns":8.0},{"damage":9.0,"enemies":"Lots of Slimes","floor":12.0,"turns":6.0},{"damage":0.0,"enemies":"downfall:FleeingMerchant","floor":13.0,"turns":4.0},{"damage":5.0,"enemies":"downfall:LooterAlt","floor":14.0,"turns":5.0},{"damage":12.0,"enemies":"Exordium Thugs","floor":15.0,"turns":6.0},{"damage":81.0,"enemies":"DF_ARCHETYPE_STREAMLINE","floor":16.0,"turns":15.0},{"damage":110,"enemies":"Spheric Guardian","floor":20,"turns":9}],"seed_played":"1789978480823164801","potions_obtained":[{"floor":2.0,"key":"AttackPotion"},{"floor":3.0,"key":"Block Potion"},{"floor":6.0,"key":"BlessingOfTheForge"},{"floor":10.0,"key":"FairyPotion"}],"is_trial":false,"path_per_floor":["R","M","M","?","M","M","T","M","$","M","E","M","$","M","M","B",null,"R","?","M"],"character_chosen":"THE_SPIRIT","items_purchased":["hexamod:TimeOfNeed"],"campfire_rested":0,"item_purchase_floors":[9],"current_hp_per_floor":[77,76,76,81,81,81,88,85,85,77,61,55,55,53,41,32,106,106,106,0,0,0],"gold":240,"neow_bonus":"TEN_PERCENT_HP_BONUS","is_daily":false,"chose_seed":false,"campfire_upgraded":1,"win_rate":0.0,"timestamp":1613577160,"path_taken":["R","M","M","?","M","M","T","M","$","M","E","M","$","M","M","BOSS","R","?","M"],"items_purchased_type":["Card"],"build_version":"2020-12-22","purchased_purges":0,"victory":false,"max_hp_per_floor":[77,77,77,82,82,82,89,89,89,89,92,95,95,98,98,101,106,106,106,106,106,106],"card_choices":[{"not_picked":["hexamod:Again","hexamod:ThermalTransfer"],"picked":"hexamod:RadiantFlame","floor":2.0},{"not_picked":["hexamod:Hexaguard","hexamod:NightmareStrike"],"picked":"hexamod:GhostOfSpireFuture","floor":3.0},{"not_picked":["hexamod:RecurringNightmare","hexamod:NightmareGuise"],"picked":"hexamod:AdvancingGuard","floor":5.0},{"not_picked":["hexamod:SpectersWail","hexamod:NightmareGuise"],"picked":"hexamod:AdvancingGuard","floor":6.0},{"not_picked":["hexamod:TimeWarp","hexamod:SpectersWail"],"picked":"hexamod:GhostOfSpireFuture","floor":8.0},{"not_picked":["hexamod:GhostLash","hexamod:NightmareGuise"],"picked":"hexamod:PhantomFireball","floor":9.0},{"not_picked":["hexamod:SpectersWail","hexamod:BacktrackSmack"],"picked":"hexamod:ThermalTransfer","floor":10.0},{"not_picked":["hexamod:StepThrough","hexamod:SecondSeal"],"picked":"hexamod:HeatShield","floor":11.0},{"not_picked":["hexamod:FastForward","hexamod:InspiringFlames"],"picked":"hexamod:EmpoweredFlame","floor":12.0},{"not_picked":["hexamod:StepThrough","hexamod:BacktrackSmack","hexamod:SpectersWail"],"picked":"SKIP","floor":13.0},{"not_picked":["hexamod:Again","hexamod:FourthSeal"],"picked":"hexamod:RadiantFlame","floor":14.0},{"not_picked":["hexamod:GhostShield","hexamod:RetreatToShadows","hexamod:ThermalTransfer"],"picked":"SKIP","floor":15.0},{"not_picked":["hexamod:GhostOfSpirePresent","hexamod:UnleashSpirits"],"picked":"hexamod:WildfireWeapon","floor":16.0}],"player_experience":230709,"relics_obtained":[{"floor":7.0,"key":"Strawberry"},{"floor":11.0,"key":"Replay:Ringing Soul"}],"event_choices":[{"damage_healed":0.0,"max_hp_gain":5.0,"max_hp_loss":0.0,"gold_gain":0.0,"event_name":"Big Fish","player_choice":"Donut","floor":4.0,"gold_loss":0.0,"damage_taken":0.0}],"is_beta":false,"boss_relics":[{"not_picked":["ReplayTheSpireMod:DimensionalGlitch","Snecko Eye"],"picked":"Tiny House"}],"items_purged_floors":[],"is_endless":false,"potions_floor_spawned":[2,3,6,10,12,15],"killed_by":"Spheric Guardian","ascension_level":0}}