{"host":"wshey5htrz8rni6u","time":1613565541,"event":{"mods":["2.2 Compatiblity","BaseMod","Block Reminder","Colored Map","Colored Powertips","Current Relic Mod","Curses Come First","Dark Map","Key Reminder","Keyboard Shortcuts","Minty Spire (QoL Compilation)","Potion Indicator Mod","Quick Restart","Random Character Button","Relic Sorter","Relic Stats","StSLib","SuperFastMode","Unceasing Turn Reminder","UnlockEverythingMod","Weighted Paths"],"gold_per_floor":[111,127,50,50,62,62,92,92,92,92,127,137,157,172,172,269,269,287,287,299,309,112,112,141,66,90,117,152,188,217,239,239,353,353,374,400,133,233,261,303,362,397,397,433,442,442,471,494,494,494,494,494,29,66,66],"floor_reached":56,"language":"ENG","playtime":6051,"items_purged":["Strike_G","Strike_G"],"score":1819,"play_id":"ff2482a9-43fc-4131-bfaa-059fbbbc2a5c","local_time":"20210217043901","is_ascension_mode":true,"campfire_choices":[{"data":"Neutralize","floor":6,"key":"SMITH"},{"data":"Well Laid Plans","floor":8,"key":"SMITH"},{"data":"Leg Sweep","floor":15,"key":"SMITH"},{"floor":23,"key":"RECALL"},{"floor":32,"key":"REST"},{"floor":46,"key":"REST"},{"floor":49,"key":"REST"},{"floor":52,"key":"REST"}],"circlet_count":0,"master_deck":["Strike_G","Defend_G","Defend_G","Defend_G","Defend_G","Defend_G","Survivor","Neutralize+1","Heel Hook","Blade Dance","Well Laid Plans+1","Dash","Leg Sweep+1","Glass Knife","Blade Dance","Blur","Choke","After Image","Escape Plan","Acrobatics","After Image","Backflip","Distraction","Acrobatics+1","Footwork","Wraith Form v2","Cloak And Dagger+1","Wraith Form v2","Blade Dance+1","Slice","Noxious Fumes","Escape Plan+1","Reflex+1","Prepared+1","Calculated Gamble+1","Blade Dance+1","After Image","Dodge and Roll+1","Cloak And Dagger+1","Storm of Steel+1","Well Laid Plans","Leg Sweep+1"],"relics":["Ring of the Serpent","Gremlin Horn","Paper Crane","WarpedTongs","Bronze Scales","Fusion Hammer","Spirit Poop","DollysMirror","WingedGreaves","Toxic Egg 2","Red Mask","CeramicFish","Ancient Tea Set","MealTicket","TungstenRod","Kunai","Pantograph","Vajra","Mummified Hand","Bag of Marbles"],"acts_visited":["Exordium","TheCity","TheBeyond","TheEnding"],"potions_floor_usage":[16,24,24,28,29,39,42,48,54,55,55],"damage_taken":[{"damage":0,"enemies":"2 Louse","floor":1,"turns":2},{"damage":0,"enemies":"Cultist","floor":2,"turns":3},{"damage":2,"enemies":"Small Slimes","floor":5,"turns":5},{"damage":7,"enemies":"3 Sentries","floor":7,"turns":12},{"damage":11,"enemies":"Gremlin Nob","floor":11,"turns":5},{"damage":1,"enemies":"Red Slaver","floor":12,"turns":3},{"damage":3,"enemies":"Looter","floor":13,"turns":3},{"damage":2,"enemies":"Large Slime","floor":14,"turns":5},{"damage":8,"enemies":"Hexaghost","floor":16,"turns":9},{"damage":3,"enemies":"2 Thieves","floor":18,"turns":5},{"damage":4,"enemies":"Chosen","floor":20,"turns":3},{"damage":0,"enemies":"Snecko","floor":21,"turns":5},{"damage":0,"enemies":"Slavers","floor":24,"turns":4},{"damage":0,"enemies":"Gremlin Leader","floor":27,"turns":7},{"damage":2,"enemies":"Masked Bandits","floor":28,"turns":4},{"damage":8,"enemies":"Slavers","floor":29,"turns":6},{"damage":9,"enemies":"Gremlin Leader","floor":30,"turns":6},{"damage":6,"enemies":"Snake Plant","floor":31,"turns":3},{"damage":0,"enemies":"Champ","floor":33,"turns":16},{"damage":0,"enemies":"Orb Walker","floor":35,"turns":5},{"damage":3,"enemies":"3 Darklings","floor":36,"turns":8},{"damage":0,"enemies":"Sphere and 2 Shapes","floor":39,"turns":6},{"damage":26,"enemies":"Reptomancer","floor":40,"turns":7},{"damage":0,"enemies":"Mind Bloom Boss Battle","floor":41,"turns":6},{"damage":0,"enemies":"Giant Head","floor":42,"turns":11},{"damage":0,"enemies":"Reptomancer","floor":44,"turns":6},{"damage":0,"enemies":"Transient","floor":47,"turns":5},{"damage":0,"enemies":"3 Darklings","floor":48,"turns":4},{"damage":7,"enemies":"Donu and Deca","floor":50,"turns":11},{"damage":8,"enemies":"Shield and Spear","floor":54,"turns":9},{"damage":21,"enemies":"The Heart","floor":55,"turns":10}],"seed_played":"9167777490165579160","potions_obtained":[{"floor":1,"key":"DuplicationPotion"},{"floor":5,"key":"Block Potion"},{"floor":13,"key":"LiquidBronze"},{"floor":18,"key":"Explosive Potion"},{"floor":27,"key":"Regen Potion"},{"floor":28,"key":"LiquidBronze"},{"floor":31,"key":"Fruit Juice"},{"floor":39,"key":"Dexterity Potion"},{"floor":41,"key":"Regen Potion"},{"floor":42,"key":"LiquidMemories"}],"is_trial":false,"path_per_floor":["M","M","$","?","M","R","E","R","T","?","E","M","M","M","R","B",null,"M","?","M","M","$","R","E","$","T","E","?","E","E","M","R","B",null,"M","M","$","?","M","E","?","E","T","E","?","R","M","M","R","B",null,"R","$","E","B",null],"character_chosen":"THE_SILENT","items_purchased":["Well Laid Plans","DollysMirror","Backflip","CultistPotion","Noxious Fumes","Storm of Steel+1","Mummified Hand","Well Laid Plans","Weak Potion"],"campfire_rested":4,"item_purchase_floors":[3,22,22,37,37,53,53,53,53],"current_hp_per_floor":[63,63,63,63,61,61,54,54,54,54,43,42,39,37,37,29,60,57,57,53,53,53,53,53,53,53,53,51,58,49,43,64,64,69,69,66,66,66,71,45,45,60,60,60,60,75,75,75,75,68,73,75,75,67,54],"gold":66,"neow_bonus":"REMOVE_CARD","is_daily":false,"chose_seed":false,"campfire_upgraded":3,"win_rate":0.0,"timestamp":1613565541,"path_taken":["M","M","$","?","?","R","E","R","T","?","E","M","M","?","R","BOSS","M","?","M","?","$","R","E","$","T","E","?","E","E","M","R","BOSS","M","M","$","?","?","E","?","E","T","E","?","R","M","M","R","BOSS","R","$","E","BOSS"],"items_purchased_type":["Card","Relic","Card","Potion","Card","Card","Relic","Card","Potion"],"build_version":"2020-12-13","purchased_purges":2,"victory":true,"max_hp_per_floor":[70,70,70,70,70,70,70,70,70,70,70,70,70,70,70,70,70,70,70,70,70,70,70,70,70,70,70,70,70,70,70,70,70,70,70,70,70,70,75,75,75,75,75,75,75,75,75,75,75,75,75,75,75,75,75],"relic_stats":{"Gremlin Horn":[34,34],"counters":[31,194],"Mummified Hand":[16],"Bronze Scales":[641],"CeramicFish":153,"Pantograph":8,"MealTicket":0,"Kunai":[69],"obtain_stats":[{"Gremlin Horn":7,"CeramicFish":29,"Spirit Poop":19,"Vajra":44,"Paper Crane":9,"Ancient Tea Set":30,"WarpedTongs":10,"keyreminder:keyreminder":23,"DollysMirror":22,"Mummified Hand":53,"Bronze Scales":11,"Pantograph":43,"MealTicket":40,"Fusion Hammer":17,"WingedGreaves":24,"Red Mask":28,"Bag of Marbles":54,"Kunai":42,"Toxic Egg 2":27,"Ring of the Serpent":34,"TungstenRod":41,"Ring of the Snake":0},{"Gremlin Horn":4,"CeramicFish":16,"Spirit Poop":10,"Vajra":26,"Paper Crane":4,"Ancient Tea Set":17,"WarpedTongs":4,"keyreminder:keyreminder":12,"DollysMirror":12,"Mummified Hand":29,"Bronze Scales":5,"Pantograph":25,"MealTicket":23,"Fusion Hammer":9,"WingedGreaves":13,"Red Mask":15,"Bag of Marbles":30,"Kunai":25,"Toxic Egg 2":14,"Ring of the Serpent":19,"TungstenRod":24,"Ring of the Snake":0},{"Gremlin Horn":22,"CeramicFish":81,"Spirit Poop":52,"Vajra":155,"Paper Crane":22,"Ancient Tea Set":87,"WarpedTongs":22,"keyreminder:keyreminder":60,"DollysMirror":60,"Mummified Hand":175,"Bronze Scales":27,"Pantograph":149,"MealTicket":132,"Fusion Hammer":47,"WingedGreaves":64,"Red Mask":75,"Bag of Marbles":184,"Kunai":149,"Toxic Egg 2":71,"Ring of the Serpent":106,"TungstenRod":138,"Ring of the Snake":0}],"TungstenRod":20,"WarpedTongs":[172]},"card_choices":[{"not_picked":["Acrobatics","Deadly Poison"],"picked":"Heel Hook","floor":1},{"not_picked":["Deflect","Finisher"],"picked":"Blade Dance","floor":2},{"not_picked":["Quick Slash","Blur"],"picked":"Dash","floor":5},{"not_picked":["Acrobatics","Finisher"],"picked":"Leg Sweep","floor":7},{"not_picked":["Acrobatics","Well Laid Plans"],"picked":"Glass Knife","floor":11},{"not_picked":["Prepared","Dodge and Roll"],"picked":"Blade Dance","floor":12},{"not_picked":["Heel Hook","Flying Knee"],"picked":"Blur","floor":13},{"not_picked":["Riddle With Holes","Bane"],"picked":"Choke","floor":14},{"not_picked":["Tools of the Trade","Glass Knife"],"picked":"After Image","floor":16},{"not_picked":["Deadly Poison","Concentrate+1","Bane"],"picked":"SKIP","floor":18},{"not_picked":["Poisoned Stab","Tactician"],"picked":"Escape Plan","floor":20},{"not_picked":["Slice+1","Endless Agony"],"picked":"Acrobatics","floor":21},{"not_picked":["Sucker Punch+1","Acrobatics+1"],"picked":"Distraction","floor":24},{"not_picked":["Concentrate+1","Endless Agony"],"picked":"Acrobatics+1","floor":27},{"not_picked":["Flying Knee","PiercingWail+1"],"picked":"Footwork","floor":28},{"not_picked":["Bane","Flying Knee"],"picked":"Wraith Form v2","floor":29},{"not_picked":["Dagger Throw","Sucker Punch","Dagger Spray"],"picked":"SKIP","floor":30},{"not_picked":["Deadly Poison+1","Prepared+1"],"picked":"Cloak And Dagger+1","floor":31},{"not_picked":["Grand Finale","Adrenaline+1"],"picked":"Wraith Form v2","floor":33},{"not_picked":["Escape Plan+1","Backflip+1"],"picked":"Blade Dance+1","floor":35},{"not_picked":["Dagger Spray+1","Deadly Poison+1"],"picked":"Slice","floor":36},{"not_picked":["Outmaneuver+1","Masterful Stab+1"],"picked":"Escape Plan+1","floor":39},{"not_picked":["Slice+1","Poisoned Stab+1"],"picked":"Reflex+1","floor":40},{"not_picked":["Poisoned Stab+1","Outmaneuver+1"],"picked":"Prepared+1","floor":41},{"not_picked":["Well Laid Plans","Caltrops"],"picked":"Calculated Gamble+1","floor":42},{"not_picked":["Noxious Fumes","Quick Slash"],"picked":"Blade Dance+1","floor":44},{"not_picked":["Poisoned Stab","Slice+1"],"picked":"Dodge and Roll+1","floor":47},{"not_picked":["Backflip+1","Slice"],"picked":"Cloak And Dagger+1","floor":48},{"not_picked":["Prepared+1","Backflip+1"],"picked":"Leg Sweep+1","floor":54}],"player_experience":89570,"relics_obtained":[{"floor":7,"key":"Gremlin Horn"},{"floor":9,"key":"Paper Crane"},{"floor":11,"key":"Bronze Scales"},{"floor":24,"key":"WingedGreaves"},{"floor":27,"key":"Toxic Egg 2"},{"floor":28,"key":"Red Mask"},{"floor":29,"key":"CeramicFish"},{"floor":30,"key":"Ancient Tea Set"},{"floor":40,"key":"MealTicket"},{"floor":41,"key":"TungstenRod"},{"floor":42,"key":"Kunai"},{"floor":43,"key":"Pantograph"},{"floor":44,"key":"Vajra"},{"floor":54,"key":"Bag of Marbles"}],"event_choices":[{"cards_removed":["Strike_G"],"damage_healed":0,"gold_gain":0,"player_choice":"Purged","damage_taken":0,"max_hp_gain":0,"max_hp_loss":0,"event_name":"Purifier","floor":4,"gold_loss":0},{"damage_healed":0,"gold_gain":0,"player_choice":"Rummage","damage_taken":0,"relics_obtained":["WarpedTongs"],"max_hp_gain":0,"max_hp_loss":0,"event_name":"Accursed Blacksmith","floor":10,"gold_loss":0,"cards_obtained":["Pain"]},{"cards_removed":["Pain"],"damage_healed":0,"gold_gain":0,"player_choice":"Offered Curse","damage_taken":0,"relics_obtained":["Spirit Poop"],"max_hp_gain":0,"max_hp_loss":0,"event_name":"Bonfire Elementals","floor":19,"gold_loss":0},{"damage_healed":0,"gold_gain":0,"player_choice":"Fought Bandits","damage_taken":0,"max_hp_gain":0,"max_hp_loss":0,"event_name":"Masked Bandits","floor":28,"gold_loss":0},{"damage_healed":0,"gold_gain":100,"player_choice":"Pray","damage_taken":0,"max_hp_gain":0,"max_hp_loss":0,"event_name":"Golden Shrine","floor":38,"gold_loss":0},{"damage_healed":0,"gold_gain":0,"player_choice":"Fight","damage_taken":0,"max_hp_gain":0,"max_hp_loss":0,"event_name":"MindBloom","floor":41,"gold_loss":0},{"damage_healed":0,"gold_gain":0,"player_choice":"Copied","damage_taken":0,"max_hp_gain":0,"max_hp_loss":0,"event_name":"Duplicator","floor":45,"gold_loss":0,"cards_obtained":["After Image"]}],"is_beta":false,"boss_relics":[{"not_picked":["Tiny House","Empty Cage"],"picked":"Fusion Hammer"},{"not_picked":["Velvet Choker","Runic Dome"],"picked":"Ring of the Serpent"}],"items_purged_floors":[25,37],"is_endless":false,"potions_floor_spawned":[1,5,13,18,27,28,31,39,40,41,42],"ascension_level":6}}