{"host":"121m0oxswv9tg9hk","time":1613578572,"event":{"mods":["AchievementEnabler","BaseMod","Better Third Choice","Hermit","Hubris","Minty Spire (QoL Compilation)","Replay The Spire","Shade Mod","StSLib","The Cursed","The Hierophant"],"gold_per_floor":[110,125,136,146,158,158,192,192,216,248,248,280,280,280,280,381,381,398,413,413,413],"floor_reached":20,"language":"ENG","playtime":1970,"items_purged":[],"score":301,"play_id":"4dbfd63d-c262-4efc-8874-200ad121358c","local_time":"20210217171612","is_ascension_mode":true,"campfire_choices":[{"data":"Shade:AnimateDead","floor":6,"key":"SMITH"},{"data":"Shade:GreyBargain","floor":8,"key":"SMITH"},{"floor":11,"key":"REST"},{"data":"Shade:Defend_Shade","floor":15,"key":"SMITH"}],"circlet_count":0,"master_deck":["AscendersBane","Shade:Strike_Shade","Shade:Strike_Shade","Shade:Strike_Shade","Shade:Strike_Shade","Shade:Defend_Shade","Shade:Defend_Shade","Shade:Defend_Shade","Shade:Defend_Shade+2","Shade:AnimateDead+1","Shade:CarefulCut","Shade:SkeletonHug","Shade:FuneraryJewels","Shade:Premonition","Shade:ClawBack","Shade:StitchTogether","Shade:GreyBargain+1","Shade:GreyBargain","Shade:FuneraryJewels","Genetic Algorithm+1","Shade:Coordination","Shade:Bonestorm","Shade:FeralStrike"],"relics":["Runic Pyramid","Anchor","Replay:Rubber Ducky","Simple Rune","CultistMask","ChewingGum"],"acts_visited":["Exordium","TheCity"],"potions_floor_usage":[4,5,16],"damage_taken":[{"damage":0,"enemies":"Cultist","floor":1,"turns":3},{"damage":3,"enemies":"2 Louse","floor":2,"turns":3},{"damage":3,"enemies":"Small Slimes","floor":3,"turns":3},{"damage":2,"enemies":"3 Louse","floor":4,"turns":4},{"damage":0,"enemies":"Blue Slaver","floor":5,"turns":3},{"damage":19,"enemies":"Gremlin Nob","floor":7,"turns":5},{"damage":20,"enemies":"Replay:BlueRogue","floor":10,"turns":7},{"damage":2,"enemies":"Lagavulin","floor":12,"turns":7},{"damage":9,"enemies":"The Guardian","floor":16,"turns":16},{"damage":7,"enemies":"Spheric Guardian","floor":18,"turns":7},{"damage":17,"enemies":"2 Thieves","floor":19,"turns":5},{"damage":47,"enemies":"Masked Bandits","floor":20,"turns":4}],"seed_played":"4646933631811564023","potions_obtained":[{"floor":2,"key":"Energy Potion"},{"floor":4,"key":"LifebloodPotion"},{"floor":7,"key":"Weak Potion"}],"is_trial":false,"path_per_floor":["M","M","M","M","M","R","E","R","T","E","R","E","?","?","R","B",null,"M","M","?"],"character_chosen":"SHADE","items_purchased":[],"campfire_rested":1,"item_purchase_floors":[],"current_hp_per_floor":[59,56,53,51,51,51,39,39,39,26,45,43,31,31,31,22,54,54,44,0,0],"gold":413,"neow_bonus":"BOSS_RELIC","is_daily":false,"chose_seed":false,"campfire_upgraded":3,"win_rate":0.0,"timestamp":1613578572,"path_taken":["M","?","M","?","M","R","E","R","T","E","R","E","?","?","R","BOSS","M","?","?"],"items_purchased_type":[],"build_version":"2020-12-22","purchased_purges":0,"victory":false,"max_hp_per_floor":[65,65,65,65,65,65,65,65,65,65,65,65,65,65,65,65,65,65,65,65,65],"card_choices":[{"not_picked":["Shade:FuneraryJewels","Shade:FingerOfDeath"],"picked":"Shade:SkeletonHug","floor":1},{"not_picked":["Shade:FuneraryArmor","Shade:SanguineRitual"],"picked":"Shade:FuneraryJewels","floor":2},{"not_picked":["Shade:BoneShards","Shade:Trample"],"picked":"Shade:Premonition","floor":3},{"not_picked":["Shade:BoneShards","Shade:Bonestorm"],"picked":"Shade:ClawBack","floor":4},{"not_picked":["Shade:SkeletonHug","Shade:CallOfTheGrave"],"picked":"Shade:StitchTogether","floor":5},{"not_picked":["Shade:AncientSpear","Shade:SelfBurial"],"picked":"Shade:GreyBargain","floor":7},{"not_picked":["Shade:ClawBack","Shade:PressTheAttack"],"picked":"Shade:GreyBargain","floor":10},{"not_picked":["Shade:Brains","Shade:Haruspicy"],"picked":"Shade:FuneraryJewels","floor":12},{"not_picked":["Shade:GreaterAnimation","Shade:MadHubris"],"picked":"Shade:Coordination","floor":16},{"not_picked":["Shade:AblativeArmor+1","Shade:GreyBargain+1"],"picked":"Shade:Bonestorm","floor":18},{"not_picked":["Shade:SkeletonHug","Shade:GreyBargain"],"picked":"Shade:FeralStrike","floor":19}],"player_experience":2426465,"relics_obtained":[{"floor":7,"key":"Anchor"},{"floor":10,"key":"Replay:Rubber Ducky"}],"event_choices":[{"damage_healed":0,"gold_gain":0,"player_choice":"Trade","damage_taken":0,"relics_obtained":["CultistMask"],"max_hp_gain":0,"max_hp_loss":0,"event_name":"FaceTrader","floor":14,"gold_loss":0},{"damage_healed":0,"gold_gain":0,"player_choice":"Fought Bandits","damage_taken":0,"max_hp_gain":0,"max_hp_loss":0,"event_name":"Masked Bandits","floor":20,"gold_loss":0}],"is_beta":false,"boss_relics":[{"not_picked":["Fusion Hammer","Kintsugi"],"picked":"ChewingGum"}],"items_purged_floors":[],"is_endless":false,"potions_floor_spawned":[2,4,7],"killed_by":"Masked Bandits","ascension_level":11}}