{"host":"w5thk1acqacem6ba","time":1613542204,"event":{"mods":["AchievementEnabler","BaseMod","Colored Map","KOR Keyword Fix","Minty Spire (QoL Compilation)","SuperFastMode"],"gold_per_floor":[117,117,192,208,223,223,223,240,240,240,251,270,289,289,289,390,390,408,408,408,34,49,49,69,69,117,134,34,45,45,59,59,160,160,178,178,190,262,137,137,154,170,218,229,241,241,241,252,252,252],"floor_reached":51,"language":"KOR","playtime":2767,"items_purged":["Strike_B","Dualcast","Strike_B"],"score":794,"play_id":"cf215918-50ae-43ba-b833-f6cf2149c329","local_time":"20210217151004","is_ascension_mode":true,"campfire_choices":[{"data":"Self Repair","floor":6,"key":"SMITH"},{"floor":10,"key":"REST"},{"data":"Reprogram","floor":15,"key":"SMITH"},{"data":"Turbo","floor":23,"key":"SMITH"},{"data":"Leap","floor":25,"key":"SMITH"},{"data":"Leap","floor":32,"key":"SMITH"},{"data":"Defend_B","floor":40,"key":"SMITH"},{"data":"Defend_B","floor":46,"key":"SMITH"},{"data":"Strike_B","floor":49,"key":"SMITH"}],"circlet_count":0,"master_deck":["Strike_B+1","Defend_B","Defend_B+1","Defend_B+1","Zap+1","Leap+1","Self Repair+1","Leap+1","Reprogram+1","Rip and Tear+1","Barrage+1","Echo Form+1","Gash+1","Gash+1","Turbo+1","Gash+1","Leap+1","Reinforced Body+1"],"relics":["Cracked Core","Molten Egg 2","Runic Pyramid","Matryoshka","Strawberry","DataDisk","Busted Crown","PreservedInsect","Bottled Tornado","Orichalcum"],"acts_visited":["Exordium","TheCity","TheBeyond"],"potions_floor_usage":[18,50],"damage_taken":[{"damage":1,"enemies":"Cultist","floor":1,"turns":3},{"damage":3,"enemies":"Jaw Worm","floor":4,"turns":2},{"damage":2,"enemies":"Small Slimes","floor":5,"turns":4},{"damage":14,"enemies":"Red Slaver","floor":8,"turns":4},{"damage":18,"enemies":"2 Fungi Beasts","floor":11,"turns":5},{"damage":7,"enemies":"Exordium Wildlife","floor":12,"turns":5},{"damage":6,"enemies":"Looter","floor":13,"turns":3},{"damage":9,"enemies":"The Guardian","floor":16,"turns":11},{"damage":13,"enemies":"Spheric Guardian","floor":18,"turns":5},{"damage":20,"enemies":"Shell Parasite","floor":22,"turns":5},{"damage":15,"enemies":"Centurion and Healer","floor":24,"turns":6},{"damage":33,"enemies":"Sentry and Sphere","floor":27,"turns":5},{"damage":16,"enemies":"Snake Plant","floor":29,"turns":4},{"damage":10,"enemies":"Chosen and Byrds","floor":31,"turns":6},{"damage":29,"enemies":"Automaton","floor":33,"turns":7},{"damage":21,"enemies":"3 Darklings","floor":35,"turns":6},{"damage":13,"enemies":"Orb Walker","floor":37,"turns":5},{"damage":13,"enemies":"4 Shapes","floor":41,"turns":7},{"damage":18,"enemies":"Spire Growth","floor":42,"turns":5},{"damage":0,"enemies":"Maw","floor":44,"turns":7},{"damage":18,"enemies":"3 Darklings","floor":45,"turns":6},{"damage":8,"enemies":"Sphere and 2 Shapes","floor":48,"turns":7},{"damage":21,"enemies":"Time Eater","floor":50,"turns":11}],"seed_played":"5077821630345896122","potions_obtained":[{"floor":5,"key":"Block Potion"},{"floor":12,"key":"DuplicationPotion"},{"floor":13,"key":"FairyPotion"},{"floor":22,"key":"Fire Potion"},{"floor":48,"key":"LiquidBronze"}],"is_trial":false,"path_per_floor":["M","?","?","M","M","R","?","M","T","R","M","M","M","?","R","B",null,"M","?","?","$","M","R","M","R","T","M","$","M","?","M","R","B",null,"M","?","M","T","$","R","M","M","T","M","M","R","?","M","R","B",null],"character_chosen":"DEFECT","items_purchased":["Gash+1","Matryoshka"],"campfire_rested":1,"item_purchase_floors":[21,21],"current_hp_per_floor":[74,67,56,53,58,58,58,54,54,75,67,70,74,74,74,75,75,75,75,75,75,75,75,75,75,82,69,69,73,73,73,73,64,78,77,77,82,82,82,82,82,82,82,82,82,82,78,78,78,67],"gold":252,"neow_bonus":"REMOVE_CARD","is_daily":false,"chose_seed":false,"campfire_upgraded":8,"win_rate":0.0,"timestamp":1613542204,"path_taken":["M","?","?","M","M","R","?","M","T","R","M","?","M","?","R","BOSS","M","?","?","$","M","R","M","R","T","M","?","?","?","M","R","BOSS","M","?","?","?","?","R","M","M","T","M","?","R","?","M","R","BOSS"],"items_purchased_type":["Card","Relic"],"build_version":"2020-12-22","purchased_purges":3,"victory":true,"max_hp_per_floor":[75,75,75,75,75,75,75,75,75,75,75,75,75,75,75,75,75,75,75,75,75,75,75,75,75,82,82,82,82,82,82,82,82,82,82,82,82,82,82,82,82,82,82,82,82,82,78,78,78,78],"card_choices":[{"not_picked":["Ball Lightning","Streamline"],"picked":"Leap","floor":1},{"not_picked":["Turbo","Rip and Tear"],"picked":"Self Repair","floor":4},{"not_picked":["Ball Lightning","Coolheaded"],"picked":"Leap","floor":5},{"not_picked":["Stack","Ball Lightning"],"picked":"Reprogram","floor":8},{"not_picked":["Cold Snap+1","Ball Lightning+1","Capacitor"],"picked":"SKIP","floor":11},{"not_picked":["White Noise","Reinforced Body"],"picked":"Rip and Tear+1","floor":12},{"not_picked":["Undo","Sweeping Beam+1"],"picked":"Barrage+1","floor":13},{"not_picked":["All For One+1","Meteor Strike+1"],"picked":"Echo Form","floor":16},{"not_picked":["Redo+1","Sweeping Beam+1","Compile Driver+1"],"picked":"SKIP","floor":18},{"not_picked":["Hologram","Streamline+1"],"picked":"Turbo","floor":22},{"not_picked":["Turbo","Steam"],"picked":"Gash+1","floor":24},{"not_picked":["Steam Power","Fusion","Coolheaded"],"picked":"SKIP","floor":27},{"not_picked":["Glacier+1","Barrage+1"],"picked":"Leap+1","floor":29},{"not_picked":["Barrage+1","Steam","Rebound+1"],"picked":"SKIP","floor":31},{"not_picked":["Turbo+1"],"picked":"SKIP","floor":35},{"not_picked":["Sweeping Beam+1"],"picked":"SKIP","floor":37},{"not_picked":["Hologram"],"picked":"SKIP","floor":41},{"not_picked":["Beam Cell+1"],"picked":"SKIP","floor":42},{"not_picked":["Aggregate"],"picked":"SKIP","floor":44},{"not_picked":[],"picked":"Reinforced Body+1","floor":45},{"not_picked":["Chaos"],"picked":"SKIP","floor":48}],"player_experience":403298,"relics_obtained":[{"floor":9,"key":"Molten Egg 2"},{"floor":26,"key":"Strawberry"},{"floor":26,"key":"DataDisk"},{"floor":38,"key":"PreservedInsect"},{"floor":38,"key":"Bottled Tornado"},{"floor":43,"key":"Orichalcum"}],"event_choices":[{"cards_removed":["Strike_B"],"damage_healed":0,"gold_gain":0,"player_choice":"Card Removal","damage_taken":7,"max_hp_gain":0,"max_hp_loss":0,"event_name":"Golden Wing","floor":2,"gold_loss":0},{"damage_healed":0,"gold_gain":75,"player_choice":"Gather Gold","damage_taken":11,"max_hp_gain":0,"max_hp_loss":0,"event_name":"World of Goop","floor":3,"gold_loss":0},{"damage_healed":0,"gold_gain":0,"player_choice":"Forge","damage_taken":0,"max_hp_gain":0,"max_hp_loss":0,"event_name":"Accursed Blacksmith","floor":7,"gold_loss":0,"cards_upgraded":["Zap"]},{"damage_healed":0,"gold_gain":0,"player_choice":"Searched \u00270\u0027 times","damage_taken":0,"max_hp_gain":0,"max_hp_loss":0,"event_name":"Dead Adventurer","floor":14,"gold_loss":0},{"damage_healed":0,"gold_gain":0,"player_choice":"Ignored","damage_taken":0,"max_hp_gain":0,"max_hp_loss":0,"event_name":"Vampires","floor":19,"gold_loss":0},{"damage_healed":0,"gold_gain":0,"player_choice":"Read","damage_taken":0,"max_hp_gain":0,"max_hp_loss":0,"event_name":"The Library","floor":20,"gold_loss":0,"cards_obtained":["Gash"]},{"damage_healed":0,"gold_gain":0,"player_choice":"Ignored","damage_taken":0,"max_hp_gain":0,"max_hp_loss":0,"event_name":"Ghosts","floor":30,"gold_loss":0},{"damage_healed":0,"gold_gain":0,"player_choice":"Upgraded","damage_taken":0,"max_hp_gain":0,"max_hp_loss":0,"event_name":"Upgrade Shrine","floor":36,"gold_loss":0,"cards_upgraded":["Echo Form"]},{"damage_healed":0,"gold_gain":0,"player_choice":"Max HP","damage_taken":0,"max_hp_gain":0,"max_hp_loss":4,"event_name":"Winding Halls","floor":47,"gold_loss":0}],"is_beta":false,"boss_relics":[{"not_picked":["Sozu","Ectoplasm"],"picked":"Runic Pyramid"},{"not_picked":["Pandora\u0027s Box","Inserter"],"picked":"Busted Crown"}],"items_purged_floors":[21,28,39],"is_endless":false,"potions_floor_spawned":[5,12,13,16,22,24,33,35,41,48],"ascension_level":5}}