{"host":"27c1zwn2rxlukojz","time":1613585581,"event":{"mods":["BaseMod","Filter the Spire","Minty Spire (QoL Compilation)","Relic Stats","StSLib"],"gold_per_floor":[115,135,135,85,85,85,104,104,104,121,121,121,131,150,150,253,253,269,289,103,117,117,137,137,137,137,59,59,5,5,17,17,17,17],"floor_reached":33,"language":"DEU","playtime":1355,"items_purged":["Strike_R"],"score":287,"play_id":"d96ac7c5-c7f9-4ec1-83e2-361a2919fe89","local_time":"20210217191301","is_ascension_mode":false,"campfire_choices":[{"data":"Armaments","floor":6,"key":"SMITH"},{"data":"Feed","floor":15,"key":"SMITH"},{"data":"Inflame","floor":25,"key":"SMITH"},{"data":"True Grit","floor":28,"key":"SMITH"},{"data":"Feel No Pain","floor":30,"key":"SMITH"},{"floor":32,"key":"REST"}],"circlet_count":0,"master_deck":["Strike_R","Strike_R","Defend_R","Defend_R","Defend_R","Bash","Armaments+1","Twin Strike","Body Slam","Feed+1","Second Wind","True Grit+1","Offering","Body Slam+1","Rage","Dropkick","Uppercut","Inflame+1","Feel No Pain+1","Shrug It Off","Dual Wield"],"relics":["Cursed Key"],"acts_visited":["Exordium","TheCity"],"potions_floor_usage":[16,23,31,31,31,33,33],"damage_taken":[{"damage":6,"enemies":"Jaw Worm","floor":1,"turns":3},{"damage":0,"enemies":"2 Louse","floor":2,"turns":2},{"damage":2,"enemies":"Small Slimes","floor":7,"turns":3},{"damage":0,"enemies":"2 Fungi Beasts","floor":10,"turns":2},{"damage":0,"enemies":"Looter","floor":13,"turns":2},{"damage":0,"enemies":"Large Slime","floor":14,"turns":6},{"damage":41,"enemies":"The Guardian","floor":16,"turns":14},{"damage":21,"enemies":"Shell Parasite","floor":18,"turns":6},{"damage":6,"enemies":"3 Byrds","floor":19,"turns":7},{"damage":16,"enemies":"Cultist and Chosen","floor":21,"turns":6},{"damage":6,"enemies":"Centurion and Healer","floor":23,"turns":4},{"damage":28,"enemies":"Snecko","floor":31,"turns":9},{"damage":105,"enemies":"Collector","floor":33,"turns":8}],"seed_played":"244136088122884261","potions_obtained":[{"floor":1,"key":"CultistPotion"},{"floor":7,"key":"Fire Potion"},{"floor":14,"key":"Dexterity Potion"},{"floor":21,"key":"EntropicBrew"},{"floor":23,"key":"SkillPotion"}],"is_trial":false,"path_per_floor":["M","M","?","?","?","R","M","T","T","M","?","?","M","M","R","B",null,"M","M","$","M","?","M","?","R","T","$","R","$","R","M","R","B"],"character_chosen":"IRONCLAD","items_purchased":["Rage","Dropkick","Feel No Pain","Shrug It Off"],"campfire_rested":1,"item_purchase_floors":[20,20,27,29],"current_hp_per_floor":[74,74,67,67,67,67,65,65,65,65,70,70,73,77,77,40,96,79,77,77,65,65,63,63,63,63,63,63,63,63,39,73,0,0],"gold":17,"neow_bonus":"BOSS_RELIC","is_daily":false,"chose_seed":false,"campfire_upgraded":5,"win_rate":0.0,"timestamp":1613585581,"path_taken":["M","M","?","?","?","R","M","?","T","M","?","?","M","M","R","BOSS","M","M","$","M","?","M","?","R","T","?","R","?","R","M","R","BOSS"],"items_purchased_type":["Card","Card","Card","Card"],"build_version":"2020-12-22","purchased_purges":1,"victory":false,"max_hp_per_floor":[80,80,80,80,80,80,80,80,80,80,85,85,88,92,92,96,96,100,104,104,108,108,112,112,112,112,112,112,112,112,116,116,116,116],"relic_stats":{"counters":[13,72],"Cursed Key":0,"obtain_stats":[{"Cursed Key":0,"Burning Blood":0},{"Cursed Key":0,"Burning Blood":0},{"Cursed Key":0,"Burning Blood":0}]},"card_choices":[{"not_picked":["Headbutt","Fire Breathing"],"picked":"Armaments","floor":1},{"not_picked":["Infernal Blade","Sword Boomerang"],"picked":"Twin Strike","floor":2},{"not_picked":["Evolve","Perfected Strike","Bloodletting"],"picked":"SKIP","floor":7},{"not_picked":["Thunderclap","Inflame"],"picked":"Feed","floor":10},{"not_picked":["Shockwave","Anger"],"picked":"Second Wind","floor":13},{"not_picked":["Warcry","Anger"],"picked":"True Grit","floor":14},{"not_picked":["Berserk","Bludgeon"],"picked":"Offering","floor":16},{"not_picked":["Wild Strike","Shockwave"],"picked":"Body Slam+1","floor":18},{"not_picked":["Heavy Blade+1","Fire Breathing","Rampage"],"picked":"SKIP","floor":19},{"not_picked":["Battle Trance","Wild Strike"],"picked":"Uppercut","floor":21},{"not_picked":["Flex","Blood for Blood"],"picked":"Inflame","floor":23},{"not_picked":["Armaments","Uppercut"],"picked":"Dual Wield","floor":31}],"player_experience":4003987,"relics_obtained":[],"event_choices":[{"cards_removed":["Strike_R"],"damage_healed":0,"gold_gain":0,"player_choice":"Card Removal","damage_taken":7,"max_hp_gain":0,"max_hp_loss":0,"event_name":"Golden Wing","floor":3,"gold_loss":0},{"cards_removed":["Strike_R"],"damage_healed":0,"gold_gain":0,"player_choice":"Card Removal","damage_taken":0,"max_hp_gain":0,"max_hp_loss":0,"event_name":"The Cleric","floor":4,"gold_loss":50},{"damage_healed":0,"gold_gain":0,"cards_transformed":["Defend_R"],"player_choice":"Change","damage_taken":0,"max_hp_gain":0,"max_hp_loss":0,"event_name":"Living Wall","floor":5,"gold_loss":0,"cards_obtained":["Body Slam"]},{"damage_healed":0,"gold_gain":0,"player_choice":"Donut","damage_taken":0,"max_hp_gain":5,"max_hp_loss":0,"event_name":"Big Fish","floor":11,"gold_loss":0},{"damage_healed":0,"gold_gain":0,"player_choice":"Ignored","damage_taken":0,"max_hp_gain":0,"max_hp_loss":0,"event_name":"Golden Idol","floor":12,"gold_loss":0},{"damage_healed":0,"gold_gain":0,"player_choice":"Ignored","damage_taken":0,"max_hp_gain":0,"max_hp_loss":0,"event_name":"Cursed Tome","floor":22,"gold_loss":0},{"damage_healed":0,"gold_gain":0,"player_choice":"Ignored","damage_taken":0,"max_hp_gain":0,"max_hp_loss":0,"event_name":"The Mausoleum","floor":24,"gold_loss":0}],"is_beta":false,"boss_relics":[{"not_picked":["Velvet Choker","Calling Bell","Ectoplasm"]}],"items_purged_floors":[20],"is_endless":false,"potions_floor_spawned":[1,7,14,21,23],"killed_by":"Collector","ascension_level":0}}