{"host":"o7j6aatxjwpw1421","time":1613586854,"event":{"mods":["2.2 Compatiblity","AchievementEnabler","BaseMod","Colored Map","DeckTracker","Highlight Path","Keyboard Shortcuts","Minty Spire (QoL Compilation)","Permanent Neow","Quick Restart","StSLib","SuperFastMode","everything is the same but u backflip on backflip"],"gold_per_floor":[116,116,134,8,8,8,8,8,8,8,31,31,31,56,56,185,248,273,297,297,311,311,311,311,311,390,390,417,317,317,340,340,340,340],"floor_reached":33,"language":"KOR","playtime":530,"items_purged":["Strike_P","Defend_P"],"score":231,"play_id":"545a3f6b-cef8-40ef-b7df-36579bd7f94f","local_time":"20210218033414","is_ascension_mode":false,"campfire_choices":[{"data":"Eruption","floor":6.0,"key":"SMITH"},{"data":"Judgement","floor":8.0,"key":"SMITH"},{"data":"Consecrate","floor":10.0,"key":"SMITH"},{"data":"CrushJoints","floor":13.0,"key":"SMITH"},{"data":"EmptyBody","floor":15.0,"key":"SMITH"},{"data":"Blasphemy","floor":23.0,"key":"SMITH"},{"data":"EmptyMind","floor":25,"key":"SMITH"},{"data":"Vigilance","floor":30,"key":"SMITH"},{"data":"Halt","floor":32,"key":"SMITH"}],"circlet_count":0,"master_deck":["Strike_P+1","Defend_P","Defend_P","Eruption+1","Vigilance+1","Judgement+1","CrushJoints+1","Consecrate+1","EmptyBody+1","Blasphemy+1","EmptyMind+1","InnerPeace+1","Halt+1"],"relics":["PureWater","Golden Idol","StoneCalendar","Tiny House","Frozen Egg 2","Bag of Marbles"],"acts_visited":["Exordium","TheCity"],"potions_floor_usage":[],"damage_taken":[{"damage":0.0,"enemies":"Small Slimes","floor":1.0,"turns":2.0},{"damage":0.0,"enemies":"2 Louse","floor":3.0,"turns":1.0},{"damage":0.0,"enemies":"Cultist","floor":11.0,"turns":2.0},{"damage":1.0,"enemies":"3 Louse","floor":14.0,"turns":2.0},{"damage":35.0,"enemies":"Hexaghost","floor":16.0,"turns":7.0},{"damage":0.0,"enemies":"2 Thieves","floor":18.0,"turns":2.0},{"damage":0.0,"enemies":"Shell Parasite","floor":19.0,"turns":2.0},{"damage":0.0,"enemies":"Snecko","floor":21.0,"turns":2.0},{"damage":3,"enemies":"Chosen and Byrds","floor":31,"turns":3},{"damage":52,"enemies":"Champ","floor":33,"turns":12}],"seed_played":"-3224440669996311967","potions_obtained":[{"floor":1.0,"key":"ColorlessPotion"},{"floor":11.0,"key":"SteroidPotion"},{"floor":14.0,"key":"Swift Potion"},{"floor":17.0,"key":"SteroidPotion"},{"floor":21.0,"key":"Fruit Juice"}],"is_trial":false,"path_per_floor":["M","?","M","$","?","R","?","R","T","R","M","?","R","M","R","B",null,"M","M","?","M","?","R","?","R","T","?","T","$","R","M","R","B"],"character_chosen":"WATCHER","items_purchased":["Consecrate"],"campfire_rested":0,"item_purchase_floors":[4],"current_hp_per_floor":[65,65,65,65,65,65,60,60,60,60,60,60,60,59,59,24,65,65,65,65,65,65,65,65,65,65,65,65,65,65,62,62,10,10],"gold":340,"neow_bonus":"THREE_RARE_CARDS","is_daily":false,"chose_seed":false,"campfire_upgraded":9,"win_rate":0.0,"timestamp":1613586854,"path_taken":["M","?","M","$","?","R","?","R","T","R","M","?","R","?","R","BOSS","M","M","?","M","?","R","?","R","T","?","?","$","R","M","R","BOSS"],"items_purchased_type":["Card"],"build_version":"2020-12-22","purchased_purges":2,"victory":false,"max_hp_per_floor":[65,65,65,65,65,65,60,60,60,60,60,60,60,60,60,60,65,65,65,65,65,65,65,65,65,65,65,65,65,65,65,65,65,65],"card_choices":[{"not_picked":["Devotion","Establishment"],"picked":"Judgement","floor":0.0},{"not_picked":["Collect","Protect","ReachHeaven"],"picked":"SKIP","floor":1.0},{"not_picked":["FlurryOfBlows","InnerPeace"],"picked":"CrushJoints","floor":3.0},{"not_picked":["Protect","JustLucky","Evaluate"],"picked":"SKIP","floor":11.0},{"not_picked":["Sanctity","BowlingBash"],"picked":"EmptyBody","floor":14.0},{"not_picked":["Brilliance","Omniscience"],"picked":"Blasphemy","floor":16.0},{"not_picked":["EmptyBody","Crescendo"],"picked":"EmptyMind","floor":17.0},{"not_picked":["Prostrate","EmptyBody+1","Worship+1"],"picked":"SKIP","floor":18.0},{"not_picked":["CutThroughFate","Devotion","FollowUp"],"picked":"SKIP","floor":19.0},{"not_picked":["Tantrum","CutThroughFate"],"picked":"InnerPeace+1","floor":21.0},{"not_picked":["Protect","SashWhip"],"picked":"Halt","floor":31}],"player_experience":623730,"relics_obtained":[{"floor":9.0,"key":"StoneCalendar"},{"floor":26,"key":"Frozen Egg 2"},{"floor":28,"key":"Bag of Marbles"}],"event_choices":[{"cards_removed":["Strike_P"],"damage_healed":0.0,"max_hp_gain":0.0,"max_hp_loss":0.0,"gold_gain":0.0,"event_name":"Living Wall","player_choice":"Forget","floor":2.0,"gold_loss":0.0,"damage_taken":0.0},{"damage_healed":0.0,"max_hp_gain":0.0,"max_hp_loss":0.0,"gold_gain":0.0,"event_name":"Liars Game","player_choice":"Ignored","floor":5.0,"gold_loss":0.0,"damage_taken":0.0},{"damage_healed":0.0,"max_hp_gain":0.0,"max_hp_loss":5.0,"gold_gain":0.0,"event_name":"Golden Idol","player_choice":"Lose Max HP","floor":7.0,"gold_loss":0.0,"damage_taken":0.0,"relics_obtained":["Golden Idol"]},{"cards_removed":["Strike_P"],"damage_healed":0.0,"max_hp_gain":0.0,"max_hp_loss":0.0,"gold_gain":0.0,"event_name":"Purifier","player_choice":"Purged","floor":12.0,"gold_loss":0.0,"damage_taken":0.0},{"damage_healed":0.0,"max_hp_gain":0.0,"max_hp_loss":0.0,"gold_gain":0.0,"event_name":"The Mausoleum","player_choice":"Ignored","floor":20.0,"gold_loss":0.0,"damage_taken":0.0},{"cards_removed":["Defend_P"],"damage_healed":0.0,"max_hp_gain":0.0,"max_hp_loss":0.0,"gold_gain":0.0,"event_name":"Back to Basics","player_choice":"Elegance","floor":22.0,"gold_loss":0.0,"damage_taken":0.0},{"damage_healed":0.0,"max_hp_gain":0.0,"max_hp_loss":0.0,"gold_gain":0.0,"event_name":"Ghosts","player_choice":"Ignored","floor":24.0,"gold_loss":0.0,"damage_taken":0.0},{"damage_healed":0,"gold_gain":0,"player_choice":"Ignored","damage_taken":0,"max_hp_gain":0,"max_hp_loss":0,"event_name":"Vampires","floor":27,"gold_loss":0}],"is_beta":false,"boss_relics":[{"not_picked":["Busted Crown","Cursed Key"],"picked":"Tiny House"}],"items_purged_floors":[4,29],"is_endless":false,"potions_floor_spawned":[1,11,14,21],"killed_by":"Champ","ascension_level":0}}