{"host":"i09pxcjttd31eh4q","time":1613537176,"event":{"mods":["AchievementEnabler","BaseMod","Colored Map","Keyboard Shortcuts","Minty Spire (QoL Compilation)","StSLib","SuperFastMode"],"gold_per_floor":[115,40,40,40,51,78,90,100,126,126,51,63,63,92,92,164,164,175,190,203,203,203,203,219,144,171,188,198,217,44,64,64,137,137,154,154,24,24,41,41,41,41],"floor_reached":41,"language":"KOR","playtime":1068,"items_purged":["Strike_G","Defend_G"],"score":910,"play_id":"2b062b45-d247-466f-837c-a03d62ea6144","local_time":"20210217134616","is_ascension_mode":true,"campfire_choices":[{"data":"Noxious Fumes","floor":10.0,"key":"SMITH"},{"data":"Malaise","floor":13.0,"key":"SMITH"},{"floor":15.0,"key":"RECALL"},{"data":"Tactician","floor":23.0,"key":"SMITH"},{"data":"Catalyst","floor":32.0,"key":"SMITH"},{"data":"Deflect","floor":40.0,"key":"SMITH"}],"circlet_count":0,"master_deck":["AscendersBane","Defend_G","Defend_G","Defend_G","Defend_G","Survivor","Neutralize+1","Escape Plan","Dagger Throw","Blur","Malaise+1","Noxious Fumes+1","Dagger Spray+1","Corpse Explosion","Tactician+1","Catalyst+1","Acrobatics+1","Escape Plan","Crippling Poison+1","Deflect+1"],"relics":["Ring of the Snake","NeowsBlessing","Oddly Smooth Stone","Blood Vial","Whetstone","Cursed Key","Art of War","Membership Card","Empty Cage","TheAbacus"],"acts_visited":["Exordium","TheCity","TheBeyond"],"potions_floor_usage":[41],"damage_taken":[{"damage":0.0,"enemies":"Small Slimes","floor":1.0,"turns":1.0},{"damage":0.0,"enemies":"Jaw Worm","floor":5.0,"turns":1.0},{"damage":0.0,"enemies":"Gremlin Nob","floor":6.0,"turns":1.0},{"damage":0.0,"enemies":"Cultist","floor":7.0,"turns":4.0},{"damage":0.0,"enemies":"Blue Slaver","floor":8.0,"turns":6.0},{"damage":25.0,"enemies":"Gremlin Gang","floor":12.0,"turns":3.0},{"damage":3.0,"enemies":"3 Sentries","floor":14.0,"turns":8.0},{"damage":2.0,"enemies":"The Guardian","floor":16.0,"turns":12.0},{"damage":15.0,"enemies":"2 Thieves","floor":18.0,"turns":3.0},{"damage":9.0,"enemies":"Spheric Guardian","floor":19.0,"turns":4.0},{"damage":13.0,"enemies":"Cultist and Chosen","floor":20.0,"turns":5.0},{"damage":1.0,"enemies":"Snake Plant","floor":24.0,"turns":6.0},{"damage":14.0,"enemies":"Centurion and Healer","floor":27.0,"turns":4.0},{"damage":8.0,"enemies":"Sentry and Sphere","floor":28.0,"turns":5.0},{"damage":4.0,"enemies":"Snecko","floor":29.0,"turns":6.0},{"damage":19.0,"enemies":"Centurion and Healer","floor":31.0,"turns":6.0},{"damage":28.0,"enemies":"Collector","floor":33.0,"turns":7.0},{"damage":2.0,"enemies":"Orb Walker","floor":35.0,"turns":5.0},{"damage":19.0,"enemies":"3 Darklings","floor":39.0,"turns":3.0},{"damage":39,"enemies":"Reptomancer","floor":41,"turns":8}],"seed_played":"1190660383776648491","potions_obtained":[{"floor":6.0,"key":"Energy Potion"},{"floor":8.0,"key":"ColorlessPotion"},{"floor":14.0,"key":"Energy Potion"},{"floor":16.0,"key":"PowerPotion"},{"floor":20.0,"key":"FearPotion"},{"floor":24.0,"key":"BlessingOfTheForge"},{"floor":27.0,"key":"Dexterity Potion"},{"floor":33.0,"key":"Ancient Potion"},{"floor":35.0,"key":"Dexterity Potion"}],"is_trial":false,"path_per_floor":["M","?","$","?","M","E","M","M","T","R","$","M","R","E","R","B",null,"M","M","M","?","?","R","M","?","T","M","M","M","$","M","R","B",null,"M","?","$","?","M","R","E"],"character_chosen":"THE_SILENT","items_purchased":["Membership Card","TheAbacus"],"campfire_rested":0,"item_purchase_floors":[30,37],"current_hp_per_floor":[59,59,59,59,59,59,59,59,59,59,59,36,36,35,35,35,58,45,38,27,27,66,66,65,65,65,52,46,44,44,27,27,1,50,50,50,50,50,33,33,0,0],"gold":41,"neow_bonus":"THREE_ENEMY_KILL","is_daily":false,"chose_seed":false,"campfire_upgraded":5,"win_rate":0.0,"timestamp":1613537176,"path_taken":["M","?","$","?","?","E","M","M","T","R","$","M","R","E","R","BOSS","M","M","M","?","?","R","?","?","T","M","M","M","$","M","R","BOSS","M","?","?","?","M","R","E"],"items_purchased_type":["Relic","Relic"],"build_version":"2020-12-22","purchased_purges":2,"victory":false,"max_hp_per_floor":[66,66,66,66,66,66,66,66,66,66,66,66,66,66,66,66,66,66,66,66,66,66,66,66,66,66,66,66,66,66,66,66,66,66,66,66,66,63,63,63,63,63],"card_choices":[{"not_picked":["Prepared","Poisoned Stab"],"picked":"Escape Plan","floor":1.0},{"not_picked":["Cloak And Dagger","Dodge and Roll"],"picked":"Blur","floor":5.0},{"not_picked":["Blade Dance","Backflip"],"picked":"Malaise","floor":6.0},{"not_picked":["Expertise","Riddle With Holes"],"picked":"Noxious Fumes","floor":7.0},{"not_picked":["Terror","Poisoned Stab"],"picked":"Dagger Spray","floor":8.0},{"not_picked":["Dagger Throw","Choke","Dodge and Roll"],"picked":"SKIP","floor":12.0},{"not_picked":["All Out Attack","Blade Dance","Cloak And Dagger"],"picked":"SKIP","floor":14.0},{"not_picked":["All Out Attack","Blade Dance","Cloak And Dagger"],"picked":"SKIP","floor":14.0},{"not_picked":["Phantasmal Killer","Venomology"],"picked":"Corpse Explosion","floor":16.0},{"not_picked":["Bane+1","Blade Dance","Outmaneuver"],"picked":"SKIP","floor":18.0},{"not_picked":["Poisoned Stab","Sucker Punch"],"picked":"Tactician","floor":19.0},{"not_picked":["Distraction","After Image","Tactician"],"picked":"SKIP","floor":20.0},{"not_picked":["Masterful Stab","Prepared"],"picked":"Catalyst","floor":24.0},{"not_picked":["Outmaneuver+1","Deadly Poison"],"picked":"Acrobatics+1","floor":27.0},{"not_picked":["Flying Knee","Sucker Punch+1"],"picked":"Escape Plan","floor":28.0},{"not_picked":["Blade Dance","Dagger Throw"],"picked":"Crippling Poison+1","floor":29.0},{"not_picked":["Slice+1","Tactician","Quick Slash"],"picked":"SKIP","floor":31.0},{"not_picked":["Flying Knee","All Out Attack"],"picked":"Deflect","floor":35.0},{"not_picked":["Accuracy+1","Skewer","Distraction"],"picked":"SKIP","floor":39.0}],"player_experience":915349,"relics_obtained":[{"floor":6.0,"key":"Oddly Smooth Stone"},{"floor":9.0,"key":"Blood Vial"},{"floor":14.0,"key":"Whetstone"},{"floor":26.0,"key":"Art of War"}],"event_choices":[{"cards_removed":["Strike_G"],"damage_healed":0.0,"max_hp_gain":0.0,"max_hp_loss":0.0,"gold_gain":0.0,"event_name":"The Cleric","player_choice":"Card Removal","floor":2.0,"gold_loss":75.0,"damage_taken":0.0},{"damage_healed":0.0,"max_hp_gain":0.0,"max_hp_loss":0.0,"gold_gain":0.0,"cards_transformed":["Strike_G"],"event_name":"Transmorgrifier","player_choice":"Transformed","floor":4.0,"gold_loss":0.0,"damage_taken":0.0,"cards_obtained":["Dagger Throw"]},{"damage_healed":0.0,"max_hp_gain":0.0,"max_hp_loss":0.0,"gold_gain":0.0,"event_name":"Ghosts","player_choice":"Ignored","floor":21.0,"gold_loss":0.0,"damage_taken":0.0},{"damage_healed":39.0,"max_hp_gain":0.0,"max_hp_loss":0.0,"gold_gain":0.0,"event_name":"Wheel of Change","player_choice":"Full Heal","floor":22.0,"gold_loss":0.0,"damage_taken":0.0},{"cards_removed":["Strike_G"],"damage_healed":0.0,"max_hp_gain":0.0,"max_hp_loss":0.0,"gold_gain":0.0,"event_name":"Beggar","player_choice":"Gave Gold","floor":25.0,"gold_loss":75.0,"damage_taken":0.0},{"damage_healed":0.0,"max_hp_gain":0.0,"max_hp_loss":0.0,"gold_gain":0.0,"event_name":"SecretPortal","player_choice":"Ignored","floor":36.0,"gold_loss":0.0,"damage_taken":0.0},{"damage_healed":0.0,"max_hp_gain":0.0,"max_hp_loss":3.0,"gold_gain":0.0,"event_name":"Winding Halls","player_choice":"Max HP","floor":38.0,"gold_loss":0.0,"damage_taken":0.0}],"is_beta":false,"boss_relics":[{"not_picked":["Fusion Hammer","Runic Dome"],"picked":"Cursed Key"},{"not_picked":["HoveringKite","Sozu"],"picked":"Empty Cage"}],"items_purged_floors":[11,37],"is_endless":false,"potions_floor_spawned":[6,8,14,16,20,24,27,33,35],"killed_by":"Reptomancer","ascension_level":20}}