{"host":"oq9vgnvl0fi8z8ha","time":1613542342,"event":{"mods":["BaseMod","Block Reminder","ChefMod","Curses Come First","Evolution","Fox Events","Highlight Path","Minty Spire (QoL Compilation)","Relic Stats","Smile Girya","StSLib","The Blue Laboratory","The Bug Knight","The Runesmith","Treasure Hunter","Unceasing Turn Reminder"],"gold_per_floor":[372,372,372,388,388,423,456,456,533,708,741,751,46,58,58,162,162,172,222,241,241,241,274,274,23,48,74,74,6,23,23,23,127,127,139,139,139,187,233,266,296,296,319,349,349,378,378,391,391,490,490,509,60,60,122,143,170,170,170,170,170,150,170,170,170,170,266,266,286,336,386,51,61,61,111,161,186,236,387,437,466,516,516,618,618,630,680,13,113,18,18,18,18,47,97,193,243,256,306,306,313,313],"floor_reached":101,"language":"ENG","playtime":6568,"items_purged":[],"score":2092,"play_id":"6fdebedf-04cd-49d0-874e-d2f164c50ca6","local_time":"20210216231222","daily_mods":["Specialized","Heirloom","Time Dilation","Flight","Binary"],"is_ascension_mode":true,"campfire_choices":[{"floor":8,"key":"REST"},{"data":"Armaments","floor":15,"key":"SMITH"},{"data":"chefmod:CayenneCloud","floor":24,"key":"SMITH"},{"data":"Demon Form","floor":32,"key":"SMITH"},{"data":"True Grit","floor":42,"key":"SMITH"},{"data":"DevaForm","floor":49,"key":"SMITH"},{"data":"Echo Form","floor":58,"key":"SMITH"},{"data":"Wraith Form v2","floor":59,"key":"SMITH"},{"data":"chefmod:BaoBuns","floor":66,"key":"SMITH"},{"data":"Metallicize","floor":74,"key":"SMITH"},{"data":"Madness","floor":83,"key":"SMITH"},{"data":"1","floor":91,"key":"LIFT"},{"data":"2","floor":92,"key":"LIFT"},{"data":"3","floor":93,"key":"LIFT"},{"data":"Mind Blast","floor":100,"key":"SMITH"}],"circlet_count":0,"master_deck":["Demon Form+1","Wraith Form v2+1","Echo Form+1","DevaForm+1","Runesmith:CreatorForm","chefmod:SliceAndDice+1","Twin Strike+1","Pommel Strike","chefmod:FireUp","Headbutt","True Grit+1","chefmod:BaoBuns+1","Armaments+1","Shrug It Off","Bash","chefmod:OldCookbook","chefmod:OldCookbook","chefmod:OldCookbook+1","chefmod:OldCookbook","chefmod:OldCookbook","chefmod:Gelato","TH:DeckOfManyThings","Shrug It Off+1","TH:CopperCoins","chefmod:Flambe","TH:PixieDust","Clothesline+1","TH:PixieDust","Doubt","TH:CopperCoins","Flex","chefmod:DimSum","Iron Wave","chefmod:CayenneCloud+1","Dark Embrace","Mind Blast+1","chefmod:QuickChop","TH:BikiniMail","Offering","CurseOfTheBell","chefmod:FireUp","Heavy Blade+1","chefmod:IcePick","TH:CursedSword","Metallicize+1","Iron Wave","TH:CopperCoins","TH:Mimic","Clothesline+1","chefmod:FreshProduce","Headbutt+1","TH:DeckOfManyThings","chefmod:CapreseSalad","chefmod:Defrost+1","Madness","Madness+1","Trip","chefmod:Bruschetta+1","TH:Mimic","Carnage","Perfected Strike","TH:CursedSword","TH:TreasureMap+1","Pommel Strike+1","chefmod:Ratatouille+1","Armaments+1","Anger+1","Barricade","Pummel","Spot Weakness","Cleave","Intimidate","TH:ElvenBoots+1","Seeing Red","TH:BikiniMail+1","Disarm+1","Clumsy","TH:BikiniMail+1","chefmod:DeathByChocolate","chefmod:Omelette+1","Good Instincts+1","chefmod:CleanHouse+1","chefmod:Leftovers","J.A.X.+1","TH:BikiniMail+1","Perfected Strike","Swift Strike","Panacea+1","Swift Strike","chefmod:PotatoGratin+1","Shame","TH:CursedSword+1","chefmod:Cleavers","TH:ElvenBoots+1","Juggernaut","Shockwave+1","Madness+1","Madness+1","Havoc+1","Warcry+1","TH:ElvenBoots+1","Cleave+1","Power Through+1","chefmod:FarmersMarket+1","Good Instincts+1","Trip+1","Enlightenment+1"],"relics":["Black Blood","EVO:Axolotl","Du-Vu Doll","Vajra","Letter Opener","Champion Belt","Eternal Feather","Nunchaku","Whetstone","Akabeko","Medical Kit","Calling Bell","PreservedInsect","HornCleat","FossilizedHelix","Happy Flower","MealTicket","Bag of Marbles","Anchor","SacredBark","Peace Pipe","War Paint","Juzu Bracelet","Lantern","Potion Belt","TH:Anvil","Blood Vial","Gremlin Horn","ClockworkSouvenir","Sundial","Odd Mushroom","Toxic Egg 2","SsserpentHead","Runic Pyramid","Nilry\u0027s Codex","StrikeDummy","Pear","Magic Flower","Question Card","Blue Candle","Runic Cube","Girya","Darkstone Periapt","Calipers","Membership Card","Unceasing Top"],"acts_visited":["Exordium","TheCity","TheBeyond","Exordium","TheCity","TheBeyond"],"potions_floor_usage":[6,16,16,30,33,33,33,33,50,50,67,84,101,101,101],"damage_taken":[{"damage":6,"enemies":"Cultist","floor":1,"turns":3},{"damage":5,"enemies":"Jaw Worm","floor":4,"turns":3},{"damage":27,"enemies":"3 Sentries","floor":6,"turns":5},{"damage":43,"enemies":"Gremlin Nob","floor":7,"turns":6},{"damage":23,"enemies":"Lagavulin","floor":11,"turns":6},{"damage":2,"enemies":"2 Louse","floor":12,"turns":2},{"damage":0,"enemies":"Large Slime","floor":14,"turns":4},{"damage":31,"enemies":"Hexaghost","floor":16,"turns":6},{"damage":20,"enemies":"3 Byrds","floor":18,"turns":4},{"damage":0,"enemies":"Spheric Guardian","floor":20,"turns":3},{"damage":18,"enemies":"HollowMod:Nosk","floor":23,"turns":5},{"damage":2,"enemies":"Slavers","floor":27,"turns":4},{"damage":1,"enemies":"Snecko","floor":30,"turns":3},{"damage":76,"enemies":"Collector","floor":33,"turns":12},{"damage":0,"enemies":"Orb Walker","floor":35,"turns":1},{"damage":0,"enemies":"2 Orb Walkers","floor":38,"turns":4},{"damage":0,"enemies":"Reptomancer","floor":40,"turns":1},{"damage":19,"enemies":"Nemesis","floor":41,"turns":3},{"damage":0,"enemies":"Reptomancer","floor":44,"turns":1},{"damage":62,"enemies":"Giant Head","floor":46,"turns":8},{"damage":0,"enemies":"3 Shapes","floor":48,"turns":4},{"damage":77,"enemies":"Time Eater","floor":50,"turns":13},{"damage":0,"enemies":"Jaw Worm","floor":52,"turns":1},{"damage":0,"enemies":"3 Sentries","floor":55,"turns":3},{"damage":0,"enemies":"The Mushroom Lair","floor":56,"turns":4},{"damage":0,"enemies":"Gremlin Nob","floor":57,"turns":1},{"damage":0,"enemies":"Cultist","floor":63,"turns":1},{"damage":33,"enemies":"Hexaghost","floor":67,"turns":6},{"damage":0,"enemies":"2 Thieves","floor":69,"turns":3},{"damage":0,"enemies":"3 Byrds","floor":73,"turns":2},{"damage":0,"enemies":"Gremlin Leader","floor":77,"turns":1},{"damage":0,"enemies":"Colosseum Slavers","floor":79,"turns":3},{"damage":0,"enemies":"Colosseum Nobs","floor":79,"turns":4},{"damage":0,"enemies":"Slavers","floor":81,"turns":4},{"damage":18,"enemies":"Champ","floor":84,"turns":11},{"damage":0,"enemies":"3 Shapes","floor":86,"turns":2},{"damage":7,"enemies":"Mind Bloom Boss Battle","floor":89,"turns":5},{"damage":0,"enemies":"Giant Head","floor":94,"turns":4},{"damage":0,"enemies":"2 Orb Walkers","floor":96,"turns":3},{"damage":0,"enemies":"Orb Walker","floor":98,"turns":1},{"damage":209,"enemies":"Awakened One","floor":101,"turns":9}],"seed_played":"-1803067652345673850","potions_obtained":[{"floor":1,"key":"blueLaboratory:NullPotion"},{"floor":4,"key":"DuplicationPotion"},{"floor":7,"key":"LiquidBronze"},{"floor":14,"key":"EntropicBrew"},{"floor":16,"key":"ElixirPotion"},{"floor":27,"key":"blueLaboratory:FruitPunch"},{"floor":30,"key":"GamblersBrew"},{"floor":41,"key":"blueLaboratory:PhilterOfMotion"},{"floor":44,"key":"blueLaboratory:HorrorPotion"},{"floor":48,"key":"blueLaboratory:AbyssPotion"},{"floor":52,"key":"PowerPotion"},{"floor":62,"key":"SmokeBomb"},{"floor":67,"key":"blueLaboratory:StoneskinPotion"},{"floor":79,"key":"blueLaboratory:ForbiddenFruitJuice"},{"floor":98,"key":"blueLaboratory:IronCompound"}],"is_trial":true,"path_per_floor":["M","?","T","M","?","E","E","R","T","?","E","M","$","M","R","B",null,"M","?","M","?","?","E","R","$","T","E","?","$","M","?","R","B",null,"M","?","?","?","T","E","E","R","T","E","?","E","?","M","R","B",null,"M","$","?","?","?","E","R","R","T","?","?","M","?","?","R","B",null,"M","?","?","$","M","R","?","?","E","?","?","?","E","?","R","B",null,"M","?","$","?","$","R","R","R","E","?","?","?","M","?","R","B"],"character_chosen":"IRONCLAD","items_purchased":["Whetstone","Akabeko","Medical Kit","Iron Wave","chefmod:CayenneCloud","Dark Embrace","Mind Blast","MealTicket","Metallicize","Iron Wave","chefmod:FreshProduce","Gremlin Horn","ClockworkSouvenir","Spot Weakness","Pear","Good Instincts+1","chefmod:CleanHouse+1","Girya","Darkstone Periapt","Havoc+1","Pommel Strike","Membership Card"],"campfire_rested":1,"item_purchase_floors":[13,13,13,13,13,13,13,25,25,25,29,53,53,53,72,72,72,88,88,88,88,90],"current_hp_per_floor":[82,82,82,82,87,66,29,55,55,55,38,42,42,48,69,44,87,73,73,79,79,79,67,87,87,87,87,87,87,89,89,89,19,89,89,78,78,84,84,89,76,89,89,89,89,33,33,41,80,11,89,89,89,89,89,89,89,89,89,89,89,89,89,96,96,96,75,96,96,80,80,105,106,106,106,106,106,79,106,106,106,106,106,106,106,106,93,106,106,106,106,106,106,106,106,106,106,106,96,106,0,0],"gold":313,"neow_bonus":"","is_daily":false,"chose_seed":false,"campfire_upgraded":11,"win_rate":0.0,"timestamp":1613542342,"path_taken":["M","?","?","?","?","E","E","R","T","?","E","?","?","?","R","BOSS","M","?","?","?","?","E","R","?","T","E","?","?","?","?","R","BOSS","M","?","?","?","?","E","E","R","T","E","?","E","?","M","R","BOSS","M","$","?","?","?","E","R","R","T","?","?","M","?","?","R","BOSS","M","?","?","?","M","R","?","?","E","?","?","?","E","?","R","BOSS","M","?","$","?","?","R","R","R","E","?","?","?","M","?","R","BOSS"],"items_purchased_type":["Relic","Relic","Relic","Card","Card","Card","Card","Relic","Card","Card","Card","Relic","Relic","Card","Relic","Card","Card","Relic","Relic","Card","Card","Relic"],"build_version":"2020-12-22","purchased_purges":0,"victory":false,"max_hp_per_floor":[82,82,82,82,87,87,87,87,87,87,87,87,87,87,87,87,87,87,87,87,87,87,87,87,87,87,87,87,87,89,89,89,89,89,89,89,89,89,89,89,89,89,89,89,89,89,89,89,89,89,89,89,89,89,89,89,89,89,89,89,89,89,89,96,96,96,96,96,96,96,96,106,106,106,106,106,106,106,106,106,106,106,106,106,106,106,106,106,106,106,106,106,106,106,106,106,106,106,106,106,101,101],"relic_stats":{"Darkstone Periapt":0,"Gremlin Horn":[16,16],"Black Blood":169,"Magic Flower":[6],"Juzu Bracelet":7,"Whetstone":["Clothesline","Twin Strike"],"Blood Vial":9,"SsserpentHead":800,"Nunchaku":[19],"Sundial":[0],"MealTicket":28,"Runic Cube":[16],"Happy Flower":[40],"counters":[41,169],"Blue Candle":[6],"Eternal Feather":103,"PreservedInsect":784,"Letter Opener":[138],"War Paint":["chefmod:OldCookbook","Shrug It Off"],"Medical Kit":[6],"Question Card":16,"Peace Pipe":0,"Champion Belt":[77],"obtain_stats":[{"Darkstone Periapt":88,"Lantern":41,"TH:Anvil":44,"Calipers":89,"Gremlin Horn":53,"Nilry\u0027s Codex":70,"SacredBark":34,"Vajra":3,"Black Blood":51,"Magic Flower":79,"Juzu Bracelet":40,"EVO:Axolotl":0,"Whetstone":13,"Burning Blood":0,"ClockworkSouvenir":53,"Blood Vial":46,"SsserpentHead":65,"Nunchaku":11,"HornCleat":17,"Sundial":55,"MealTicket":25,"Toxic Egg 2":60,"Runic Pyramid":68,"Runic Cube":85,"Potion Belt":43,"Girya":88,"Pear":72,"Happy Flower":23,"Blue Candle":80,"Eternal Feather":9,"PreservedInsect":17,"Letter Opener":6,"War Paint":39,"Odd Mushroom":56,"Medical Kit":13,"Question Card":79,"Akabeko":13,"Du-Vu Doll":0,"Calling Bell":17,"Peace Pipe":38,"Anchor":27,"Bag of Marbles":26,"Champion Belt":7,"Membership Card":90,"StrikeDummy":71,"FossilizedHelix":17,"Unceasing Top":96},{"Darkstone Periapt":36,"Lantern":18,"TH:Anvil":19,"Calipers":37,"Gremlin Horn":23,"Nilry\u0027s Codex":29,"SacredBark":14,"Vajra":1,"Black Blood":22,"Magic Flower":33,"Juzu Bracelet":17,"EVO:Axolotl":0,"Whetstone":6,"Burning Blood":0,"ClockworkSouvenir":23,"Blood Vial":20,"SsserpentHead":27,"Nunchaku":5,"HornCleat":8,"Sundial":24,"MealTicket":11,"Toxic Egg 2":26,"Runic Pyramid":28,"Runic Cube":35,"Potion Belt":18,"Girya":36,"Pear":29,"Happy Flower":11,"Blue Candle":33,"Eternal Feather":4,"PreservedInsect":8,"Letter Opener":3,"War Paint":16,"Odd Mushroom":25,"Medical Kit":6,"Question Card":33,"Akabeko":6,"Du-Vu Doll":0,"Calling Bell":8,"Peace Pipe":16,"Anchor":12,"Bag of Marbles":11,"Champion Belt":4,"Membership Card":37,"StrikeDummy":29,"FossilizedHelix":8,"Unceasing Top":39},{"Darkstone Periapt":147,"Lantern":75,"TH:Anvil":76,"Calipers":152,"Gremlin Horn":102,"Nilry\u0027s Codex":120,"SacredBark":66,"Vajra":3,"Black Blood":101,"Magic Flower":130,"Juzu Bracelet":72,"EVO:Axolotl":0,"Whetstone":25,"Burning Blood":0,"ClockworkSouvenir":102,"Blood Vial":84,"SsserpentHead":111,"Nunchaku":23,"HornCleat":35,"Sundial":105,"MealTicket":47,"Toxic Egg 2":110,"Runic Pyramid":117,"Runic Cube":145,"Potion Belt":75,"Girya":147,"Pear":120,"Happy Flower":47,"Blue Candle":130,"Eternal Feather":17,"PreservedInsect":35,"Letter Opener":11,"War Paint":71,"Odd Mushroom":109,"Medical Kit":25,"Question Card":130,"Akabeko":25,"Du-Vu Doll":0,"Calling Bell":35,"Peace Pipe":71,"Anchor":51,"Bag of Marbles":47,"Champion Belt":17,"Membership Card":152,"StrikeDummy":120,"FossilizedHelix":35,"Unceasing Top":159}],"Unceasing Top":[0]},"card_choices":[{"not_picked":["Searing Blow"],"picked":"chefmod:Gelato","floor":1},{"not_picked":["TH:ElvenBoots"],"picked":"TH:DeckOfManyThings","floor":3},{"not_picked":["chefmod:SliceAndDice"],"picked":"Shrug It Off","floor":4},{"not_picked":["TH:BikiniMail"],"picked":"TH:CopperCoins","floor":6},{"not_picked":["Sever Soul"],"picked":"chefmod:Flambe","floor":6},{"not_picked":["TH:Mimic"],"picked":"TH:PixieDust","floor":7},{"not_picked":["Carnage"],"picked":"Clothesline","floor":7},{"not_picked":["TH:Mimic"],"picked":"TH:PixieDust","floor":9},{"not_picked":["TH:Mimic"],"picked":"TH:CopperCoins","floor":11},{"not_picked":["chefmod:Sorbet"],"picked":"Flex","floor":11},{"not_picked":["Armaments"],"picked":"chefmod:DimSum","floor":12},{"not_picked":["chefmod:FryPan"],"picked":"chefmod:QuickChop","floor":14},{"not_picked":["TH:EnergyPotion"],"picked":"TH:BikiniMail","floor":16},{"not_picked":["chefmod:TwoForOne"],"picked":"Offering","floor":16},{"not_picked":["Warcry"],"picked":"chefmod:FireUp","floor":18},{"not_picked":["chefmod:SushiPlatter"],"picked":"Heavy Blade+1","floor":20},{"not_picked":["TH:Mimic"],"picked":"TH:CursedSword","floor":23},{"not_picked":["chefmod:Omelette"],"picked":"chefmod:CuttingBoard","floor":23},{"not_picked":["TH:ArmorSpikes"],"picked":"TH:CopperCoins","floor":26},{"not_picked":["TH:PixieDust"],"picked":"TH:Mimic","floor":27},{"not_picked":["chefmod:Defrost"],"picked":"Clothesline+1","floor":27},{"not_picked":["Shrug It Off"],"picked":"Headbutt+1","floor":30},{"not_picked":["TH:CursedSword"],"picked":"TH:DeckOfManyThings","floor":33},{"not_picked":["Immolate"],"picked":"chefmod:CapreseSalad","floor":33},{"not_picked":["Dark Embrace"],"picked":"chefmod:Defrost+1","floor":35},{"not_picked":["Impatience"],"picked":"Trip","floor":37},{"not_picked":["chefmod:Fillet"],"picked":"chefmod:Bruschetta+1","floor":38},{"not_picked":["TH:PixieDust"],"picked":"TH:Mimic","floor":39},{"not_picked":["chefmod:DimSum"],"picked":"Carnage","floor":40},{"not_picked":["TH:EnergyPotion","TH:DeckOfManyThings"],"picked":"SKIP","floor":40},{"not_picked":["chefmod:FreezeSolid+1"],"picked":"Perfected Strike","floor":41},{"not_picked":["TH:PixieDust","TH:ElvenBoots"],"picked":"SKIP","floor":41},{"not_picked":["TH:BikiniMail"],"picked":"TH:CursedSword","floor":43},{"not_picked":["TH:EnergyPotion"],"picked":"TH:TreasureMap","floor":44},{"not_picked":["chefmod:SpaghettiCarbonara"],"picked":"Pommel Strike+1","floor":44},{"not_picked":["Clash+1"],"picked":"chefmod:Ratatouille+1","floor":46},{"not_picked":["TH:DeckOfManyThings","TH:EnergyPotion"],"picked":"SKIP","floor":46},{"not_picked":["Iron Wave"],"picked":"Anger+1","floor":48},{"not_picked":["chefmod:Mince"],"picked":"Barricade","floor":50},{"not_picked":["Havoc"],"picked":"Pummel","floor":52},{"not_picked":["chefmod:ColdSteel"],"picked":"Cleave","floor":55},{"not_picked":["True Grit"],"picked":"Intimidate","floor":56},{"not_picked":["TH:CopperCoins"],"picked":"TH:ElvenBoots","floor":57},{"not_picked":["Thunderclap"],"picked":"Seeing Red","floor":57},{"not_picked":["TH:DeckOfManyThings"],"picked":"TH:BikiniMail","floor":60},{"not_picked":["chefmod:FryPan"],"picked":"Disarm+1","floor":63},{"not_picked":["TH:EnergyPotion"],"picked":"TH:BikiniMail","floor":67},{"not_picked":["Corruption"],"picked":"chefmod:DeathByChocolate","floor":67},{"not_picked":["chefmod:BaoBuns+1"],"picked":"chefmod:Omelette+1","floor":69},{"not_picked":["Twin Strike"],"picked":"chefmod:Leftovers","floor":73},{"not_picked":["TH:TreasureMap"],"picked":"TH:BikiniMail","floor":77},{"not_picked":["chefmod:ColdSteel"],"picked":"Perfected Strike","floor":77},{"not_picked":["Evolve"],"picked":"chefmod:PotatoGratin+1","floor":79},{"not_picked":["TH:Mimic","TH:EnergyPotion"],"picked":"TH:CursedSword","floor":81},{"not_picked":["chefmod:CuttingBoard","Flex+1"],"picked":"chefmod:Cleavers","floor":81},{"not_picked":["TH:BikiniMail","TH:Mimic"],"picked":"TH:ElvenBoots","floor":84},{"not_picked":["chefmod:Tenderizer","chefmod:RaidPantry+1"],"picked":"Juggernaut","floor":84},{"not_picked":["Heavy Blade+1","Body Slam+1"],"picked":"Shockwave+1","floor":86},{"not_picked":["chefmod:ZaruSoba+1","chefmod:Defrost+1"],"picked":"Warcry+1","floor":89},{"not_picked":["TH:PixieDust","TH:CopperCoins"],"picked":"TH:ElvenBoots","floor":94},{"not_picked":["Sentinel+1","chefmod:DimSum+1"],"picked":"Cleave+1","floor":94},{"not_picked":["Shrug It Off+1","Blood for Blood"],"picked":"Power Through+1","floor":96},{"not_picked":["Cleave","chefmod:Fillet+1"],"picked":"chefmod:FarmersMarket+1","floor":98},{"not_picked":["TH:DeckOfManyThings","PanicButton+1"],"picked":"Good Instincts+1","floor":99},{"not_picked":["Dark Shackles+1","Good Instincts+1"],"picked":"Trip+1","floor":99},{"not_picked":["Swift Strike","TH:BikiniMail"],"picked":"Enlightenment+1","floor":99}],"player_experience":231032,"relics_obtained":[{"floor":3,"key":"Vajra"},{"floor":6,"key":"Letter Opener"},{"floor":7,"key":"Champion Belt"},{"floor":9,"key":"Eternal Feather"},{"floor":11,"key":"Nunchaku"},{"floor":17,"key":"PreservedInsect"},{"floor":17,"key":"HornCleat"},{"floor":17,"key":"FossilizedHelix"},{"floor":23,"key":"Happy Flower"},{"floor":26,"key":"Bag of Marbles"},{"floor":27,"key":"Anchor"},{"floor":38,"key":"Peace Pipe"},{"floor":39,"key":"War Paint"},{"floor":40,"key":"Juzu Bracelet"},{"floor":41,"key":"Lantern"},{"floor":43,"key":"Potion Belt"},{"floor":44,"key":"TH:Anvil"},{"floor":46,"key":"Blood Vial"},{"floor":55,"key":"Sundial"},{"floor":56,"key":"Odd Mushroom"},{"floor":60,"key":"Toxic Egg 2"},{"floor":70,"key":"Nilry\u0027s Codex"},{"floor":79,"key":"Magic Flower"},{"floor":79,"key":"Question Card"},{"floor":89,"key":"Calipers"},{"floor":96,"key":"Unceasing Top"}],"event_choices":[{"damage_healed":0,"gold_gain":0,"player_choice":"Leave","damage_taken":0,"max_hp_gain":0,"max_hp_loss":0,"event_name":"The Cleric","floor":2,"gold_loss":0},{"damage_healed":0,"gold_gain":0,"player_choice":"Donut","damage_taken":0,"max_hp_gain":5,"max_hp_loss":0,"event_name":"Big Fish","floor":5,"gold_loss":0},{"damage_healed":0,"gold_gain":175,"player_choice":"AGREE","damage_taken":0,"max_hp_gain":0,"max_hp_loss":0,"event_name":"Liars Game","floor":10,"gold_loss":0,"cards_obtained":["Doubt"]},{"damage_healed":0,"gold_gain":100,"player_choice":"Bet on Murderer","damage_taken":0,"max_hp_gain":0,"max_hp_loss":0,"event_name":"The Joust","floor":19,"gold_loss":50},{"damage_healed":0,"gold_gain":0,"player_choice":"Read","damage_taken":0,"max_hp_gain":0,"max_hp_loss":0,"event_name":"The Library","floor":21,"gold_loss":0,"cards_obtained":["chefmod:IcePick"]},{"damage_healed":0,"gold_gain":0,"player_choice":"Ignored","damage_taken":0,"max_hp_gain":0,"max_hp_loss":0,"event_name":"Vampires","floor":22,"gold_loss":0},{"damage_healed":0,"gold_gain":0,"player_choice":"Simplicity","damage_taken":0,"max_hp_gain":0,"max_hp_loss":0,"event_name":"Back to Basics","floor":28,"gold_loss":0,"cards_upgraded":[]},{"damage_healed":0,"gold_gain":0,"player_choice":"Embrace Madness","damage_taken":11,"max_hp_gain":0,"max_hp_loss":0,"event_name":"Winding Halls","floor":36,"gold_loss":0,"cards_obtained":["Madness","Madness"]},{"damage_healed":0,"gold_gain":0,"player_choice":"Memory 1","damage_taken":0,"max_hp_gain":0,"max_hp_loss":0,"event_name":"SensoryStone","floor":37,"gold_loss":0},{"damage_healed":0,"gold_gain":0,"player_choice":"Fight","damage_taken":0,"max_hp_gain":0,"max_hp_loss":0,"event_name":"Mysterious Sphere","floor":38,"gold_loss":0},{"damage_healed":0,"gold_gain":0,"player_choice":"Copied","damage_taken":0,"max_hp_gain":0,"max_hp_loss":0,"event_name":"Duplicator","floor":47,"gold_loss":0,"cards_obtained":["Armaments"]},{"damage_healed":0,"gold_gain":0,"player_choice":"Ignored","damage_taken":0,"max_hp_gain":0,"max_hp_loss":0,"event_name":"NoteForYourself","floor":54,"gold_loss":0},{"damage_healed":0,"gold_gain":0,"player_choice":"Searched \u00272\u0027 times","damage_taken":0,"max_hp_gain":0,"max_hp_loss":0,"event_name":"Dead Adventurer","floor":55,"gold_loss":0},{"damage_healed":0,"gold_gain":0,"player_choice":"Fought Mushrooms","damage_taken":0,"max_hp_gain":0,"max_hp_loss":0,"event_name":"Mushrooms","floor":56,"gold_loss":0},{"damage_healed":0,"gold_gain":0,"player_choice":"Grow","damage_taken":0,"max_hp_gain":0,"max_hp_loss":0,"event_name":"Living Wall","floor":61,"gold_loss":0,"cards_upgraded":["chefmod:SliceAndDice"]},{"damage_healed":0,"gold_gain":0,"player_choice":"Bought 1 Potion","damage_taken":0,"max_hp_gain":0,"max_hp_loss":0,"event_name":"The Woman in Blue","floor":62,"gold_loss":0},{"damage_healed":0,"gold_gain":0,"player_choice":"Trade","damage_taken":0,"relics_obtained":["SsserpentHead"],"max_hp_gain":0,"max_hp_loss":0,"event_name":"FaceTrader","floor":65,"gold_loss":0},{"damage_healed":0,"gold_gain":0,"player_choice":"Obtained Book","damage_taken":16,"max_hp_gain":0,"max_hp_loss":0,"event_name":"Cursed Tome","floor":70,"gold_loss":0},{"damage_healed":0,"gold_gain":0,"player_choice":"Gave Potion","damage_taken":0,"relics_obtained":["StrikeDummy"],"max_hp_gain":0,"max_hp_loss":0,"event_name":"WeMeetAgain","floor":71,"gold_loss":0},{"damage_healed":0,"gold_gain":0,"player_choice":"Obtain J.A.X.","damage_taken":0,"max_hp_gain":0,"max_hp_loss":0,"event_name":"Drug Dealer","floor":75,"gold_loss":0,"cards_obtained":["J.A.X."]},{"damage_healed":0,"gold_gain":0,"player_choice":"Ignored","damage_taken":0,"max_hp_gain":0,"max_hp_loss":0,"event_name":"Ghosts","floor":76,"gold_loss":0},{"damage_healed":0,"gold_gain":0,"player_choice":"CARD CARD CARD ","damage_taken":27,"max_hp_gain":0,"max_hp_loss":0,"event_name":"Knowing Skull","floor":78,"potions_obtained":[],"gold_loss":0,"cards_obtained":["Swift Strike","Panacea","Swift Strike"]},{"damage_healed":0,"gold_gain":0,"player_choice":"Fight","damage_taken":0,"max_hp_gain":0,"max_hp_loss":0,"event_name":"Colosseum","floor":79,"gold_loss":0},{"damage_healed":0,"gold_gain":0,"player_choice":"Fought Nobs","damage_taken":0,"max_hp_gain":0,"max_hp_loss":0,"event_name":"Colosseum","floor":79,"gold_loss":0},{"damage_healed":0,"gold_gain":0,"player_choice":"Stole Relic","damage_taken":0,"relics_obtained":["Blue Candle"],"max_hp_gain":0,"max_hp_loss":0,"event_name":"Addict","floor":80,"gold_loss":0,"cards_obtained":["Shame"]},{"cards_removed":["chefmod:CuttingBoard"],"damage_healed":0,"gold_gain":0,"player_choice":"Elegance","damage_taken":0,"max_hp_gain":0,"max_hp_loss":0,"event_name":"Back to Basics","floor":82,"gold_loss":0},{"damage_healed":0,"gold_gain":0,"player_choice":"Embrace Madness","damage_taken":13,"max_hp_gain":0,"max_hp_loss":0,"event_name":"Winding Halls","floor":87,"gold_loss":0,"cards_obtained":["Madness","Madness"]},{"damage_healed":0,"gold_gain":0,"player_choice":"Fight","damage_taken":0,"max_hp_gain":0,"max_hp_loss":0,"event_name":"MindBloom","floor":89,"gold_loss":0},{"cards_removed":["Pommel Strike"],"damage_healed":0,"gold_gain":0,"player_choice":"Removed Attack","damage_taken":0,"max_hp_gain":0,"max_hp_loss":0,"event_name":"Falling","floor":95,"gold_loss":0},{"damage_healed":0,"gold_gain":0,"player_choice":"Fight","damage_taken":0,"max_hp_gain":0,"max_hp_loss":0,"event_name":"Mysterious Sphere","floor":96,"gold_loss":0},{"damage_healed":0,"gold_gain":0,"player_choice":"Ignored","damage_taken":0,"max_hp_gain":0,"max_hp_loss":0,"event_name":"Tomb of Lord Red Mask","floor":97,"gold_loss":0},{"damage_healed":0,"gold_gain":0,"player_choice":"Memory 3","damage_taken":10,"max_hp_gain":0,"max_hp_loss":0,"event_name":"SensoryStone","floor":99,"gold_loss":0}],"is_beta":false,"boss_relics":[{"not_picked":["Ectoplasm","Velvet Choker"],"picked":"Calling Bell"},{"not_picked":["Astrolabe","Fusion Hammer"],"picked":"SacredBark"},{"not_picked":["Runic Dome","Black Star"],"picked":"Black Blood"},{"not_picked":["Fusion Hammer","Busted Crown"],"picked":"Runic Pyramid"},{"not_picked":["Velvet Choker","Snecko Eye"],"picked":"Runic Cube"}],"items_purged_floors":[],"is_endless":true,"potions_floor_spawned":[1,4,7,14,16,27,30,41,44,48,52,56,67,79,86,98],"killed_by":"Awakened One","ascension_level":1}}