{"host":"xy5qih4nvxccm4rc","time":1613523989,"event":{"mods":["AchievementEnabler","BaseMod","Minty Spire (QoL Compilation)","StSLib"],"gold_per_floor":[114,114,131,151,15,42,42,80,130,130,80,80,106,126,126,236,245,236,255,7,35,58,58,76,76,76,76,76],"floor_reached":27,"language":"ENG","playtime":849,"items_purged":["Strike_B"],"score":268,"play_id":"c4d17601-e419-43e6-9ae4-8d76eee90f96","local_time":"20210216190629","is_ascension_mode":true,"campfire_choices":[{"data":"Streamline","floor":7,"key":"SMITH"},{"data":"Loop","floor":10,"key":"SMITH"},{"floor":15,"key":"REST"},{"data":"Defragment","floor":23,"key":"SMITH"}],"circlet_count":0,"master_deck":["Strike_B","Strike_B","Defend_B","Defend_B","Defend_B","Zap+1","Dualcast+1","Compile Driver","Streamline+1","Loop+1","Cold Snap","BootSequence","Streamline","Heatsinks","Defragment+1","Chaos+1","Buffer","CurseOfTheBell","Coolheaded+1","Cold Snap","Capacitor","Turbo+1","Steam+1","Coolheaded+1","Loop","Core Surge"],"relics":["Cracked Core","Gambling Chip","Question Card","CeramicFish","Toxic Egg 2","Calling Bell","War Paint","Eternal Feather","Dead Branch","Matryoshka","Bronze Scales","Darkstone Periapt"],"acts_visited":["Exordium","TheCity"],"potions_floor_usage":[6,8,16,16],"damage_taken":[{"damage":2,"enemies":"Jaw Worm","floor":1,"turns":3},{"damage":1,"enemies":"Cultist","floor":3,"turns":4},{"damage":3,"enemies":"2 Louse","floor":4,"turns":2},{"damage":19,"enemies":"3 Sentries","floor":6,"turns":3},{"damage":30,"enemies":"Lagavulin","floor":8,"turns":4},{"damage":7,"enemies":"Exordium Wildlife","floor":13,"turns":3},{"damage":11,"enemies":"Looter","floor":14,"turns":4},{"damage":13,"enemies":"Hexaghost","floor":16,"turns":8},{"damage":17,"enemies":"2 Thieves","floor":18,"turns":4},{"damage":26,"enemies":"Chosen","floor":19,"turns":5},{"damage":17,"enemies":"Sentry and Sphere","floor":21,"turns":6},{"damage":18,"enemies":"Snecko","floor":22,"turns":5},{"damage":43,"enemies":"Slavers","floor":27,"turns":3}],"seed_played":"8349082325805341807","potions_obtained":[{"floor":1,"key":"SneckoOil"},{"floor":4,"key":"ColorlessPotion"},{"floor":13,"key":"SkillPotion"},{"floor":16,"key":"Block Potion"},{"floor":18,"key":"GamblersBrew"}],"is_trial":false,"path_per_floor":["M","?","M","M","$","E","R","E","T","R","?","?","M","M","R","B",null,"M","M","$","M","M","R","?","T","T","E"],"character_chosen":"DEFECT","items_purchased":["Cold Snap","BootSequence","ColorlessPotion","Capacitor","FairyPotion","Turbo+1"],"campfire_rested":1,"item_purchase_floors":[5,5,5,20,20,20],"current_hp_per_floor":[73,73,72,69,69,50,50,20,20,20,20,20,13,2,24,11,75,58,32,32,15,22,37,37,37,37,0,0],"gold":76,"neow_bonus":"ONE_RARE_RELIC","is_daily":false,"chose_seed":false,"campfire_upgraded":3,"win_rate":0.0,"timestamp":1613523989,"path_taken":["M","?","M","M","$","E","R","E","T","R","?","?","M","M","R","BOSS","M","?","$","M","M","R","?","?","T","E"],"items_purchased_type":["Card","Card","Potion","Card","Potion","Card"],"build_version":"2020-12-22","purchased_purges":1,"victory":false,"max_hp_per_floor":[75,75,75,75,75,75,75,75,75,75,75,75,75,75,75,75,75,75,75,75,75,75,75,75,75,75,75,75],"card_choices":[{"not_picked":["Stack","Scrape"],"picked":"Compile Driver","floor":1},{"not_picked":["Scrape","Conserve Battery"],"picked":"Streamline","floor":3},{"not_picked":["Gash","Coolheaded"],"picked":"Loop","floor":4},{"not_picked":["Doom and Gloom","Beam Cell"],"picked":"Streamline","floor":6},{"not_picked":["Redo","Consume","Recycle"],"picked":"Heatsinks","floor":8},{"not_picked":["Hologram+1","Go for the Eyes","Streamline"],"picked":"Defragment","floor":13},{"not_picked":["Go for the Eyes","Compile Driver","Tempest+1"],"picked":"Chaos+1","floor":14},{"not_picked":["Rainbow+1","Machine Learning","All For One"],"picked":"Buffer","floor":16},{"not_picked":["Conserve Battery+1","Gash","Barrage+1"],"picked":"Coolheaded+1","floor":18},{"not_picked":["Aggregate+1","Gash","Stack+1"],"picked":"Cold Snap","floor":19},{"not_picked":["Compile Driver","Gash+1","Redo+1"],"picked":"Steam+1","floor":21},{"not_picked":["Multi-Cast+1","Sweeping Beam+1","Cold Snap"],"picked":"Coolheaded+1","floor":22}],"player_experience":340534,"relics_obtained":[{"floor":6,"key":"Question Card"},{"floor":8,"key":"CeramicFish"},{"floor":12,"key":"Toxic Egg 2"},{"floor":17,"key":"War Paint"},{"floor":17,"key":"Eternal Feather"},{"floor":17,"key":"Dead Branch"},{"floor":25,"key":"Matryoshka"},{"floor":26,"key":"Bronze Scales"},{"floor":26,"key":"Darkstone Periapt"}],"event_choices":[{"damage_healed":0,"gold_gain":0,"player_choice":"Grow","damage_taken":0,"max_hp_gain":0,"max_hp_loss":0,"event_name":"Living Wall","floor":2,"gold_loss":0,"cards_upgraded":["Zap"]},{"cards_removed":["Normality"],"damage_healed":0,"gold_gain":0,"player_choice":"Card Removal","damage_taken":0,"max_hp_gain":0,"max_hp_loss":0,"event_name":"The Cleric","floor":11,"gold_loss":50},{"damage_healed":0,"gold_gain":0,"player_choice":"Relic","damage_taken":0,"max_hp_gain":0,"max_hp_loss":0,"event_name":"Wheel of Change","floor":12,"gold_loss":0},{"damage_healed":0,"gold_gain":0,"cards_transformed":["Strike_B","Defend_B"],"player_choice":"Became Test Subject","damage_taken":0,"max_hp_gain":0,"max_hp_loss":0,"event_name":"Drug Dealer","floor":24,"gold_loss":0,"cards_obtained":["Loop","Core Surge"]}],"is_beta":false,"boss_relics":[{"not_picked":["FrozenCore","Snecko Eye"],"picked":"Calling Bell"}],"items_purged_floors":[20],"is_endless":false,"potions_floor_spawned":[1,4,13,16,18],"killed_by":"Slavers","ascension_level":4}}