{"host":"k4hb7medsm45vqxu","time":1613591255,"event":{"mods":["AchievementEnabler","Act Like it!","Arknights","BaseMod","BetterRewards","Colored Map","Colored Powertips","DeckTracker","Downfall","Friendly Minions","Highlight Path","Marisa????????","Minty Spire (QoL Compilation)","Permanent Neow","READ ME - Guardian Mod","Rare Cards Sparkle","Replay The Spire","Shop Mod","StSLib","SuperFastMode","The Forsaken","Together in Spire","Waifu the Spire","Yuyuko"],"gold_per_floor":[99,118,34,48,142,154,204,204,204,230,248,274,274,274,287,387,387,449,466,466,466,477,488,488,506,506,535,31,31,56,206,219,315,315,315,332,62,82,6,6,6,6],"floor_reached":40,"language":"ENG","playtime":3422,"items_purged":[],"score":514,"play_id":"6f134a4d-db81-484f-9f16-797834107d7e","local_time":"20210217134735","is_ascension_mode":false,"campfire_choices":[{"floor":1,"key":"RECALL"},{"data":"Slimebound:Split","floor":8,"key":"SMITH"},{"floor":13,"key":"REST"},{"floor":29,"key":"REST"},{"floor":35,"key":"DIG"}],"circlet_count":0,"master_deck":["Slimebound:Strike_Slimebound","Slimebound:Strike_Slimebound","Slimebound:Strike_Slimebound","Slimebound:Tackle","Slimebound:Defend_Slimebound","Slimebound:Defend_Slimebound","Slimebound:Defend_Slimebound","Slimebound:Split+1","Slimebound:CorrosiveSpit","Slimebound:BestDefense+1","Slimebound:PressTheAttack","Slimebound:Prepare","Slimebound:GoopTackle","Slimebound:SplitLeeching","Slimebound:LeechLife","Slimebound:Schlurp","Slimebound:Equalize","Slimebound:AcidTongue","Slimebound:Nibble+1","Slimebound:SplitBruiser","Slimebound:SelfFormingGoo","Slimebound:SlimeTap+1","Slimebound:MegaLick","Slimebound:RainOfGoop+1","Slimebound:SamplingLick","Slimebound:ComboTackle+1","Slimebound:LeechLife+1","Slimebound:FormOfPuddle+1","Slimebound:ForwardTackle+1","Slimebound:MinionMaster+1","Slimebound:Repurpose+1","Slimebound:Gluttony+1","Slimebound:PrepareCrush","Slimebound:PrepareCrush","Pot Of Greed","Pot Of Greed","Pot Of Greed","Slimebound:RainOfGoop+1","Slimebound:GoopSpray","Pot Of Greed","Slimebound:LivingWall"],"relics":["Velvet Choker","Toy Ornithopter","Molten Egg 2","Pocketwatch","theForsaken:ScaryMask","Empty Cage","Frozen Egg 2","Red Mask","Iron Hammer","Bottled Tornado","theForsaken:PaleLantern","Ancient Tea Set","Grinning Jar","Matryoshka","TheAbacus"],"acts_visited":["Exordium","TheCity","TheBeyond"],"potions_floor_usage":[10,12,22,27,27,33,33,38,40],"damage_taken":[{"damage":3,"enemies":"Jaw Worm","floor":2,"turns":3},{"damage":4,"enemies":"downfall:FleeingMerchant","floor":3,"turns":4},{"damage":10,"enemies":"ats:Genji","floor":4,"turns":2},{"damage":0,"enemies":"Small Slimes","floor":6,"turns":4},{"damage":0,"enemies":"Replay:BlueRogue","floor":10,"turns":4},{"damage":12,"enemies":"Blue Slaver","floor":11,"turns":2},{"damage":3,"enemies":"3 Sentries","floor":12,"turns":6},{"damage":3,"enemies":"Exordium Thugs","floor":15,"turns":4},{"damage":3,"enemies":"SI_SHIV_ARCHETYPE","floor":16,"turns":5},{"damage":0,"enemies":"Chosen","floor":19,"turns":4},{"damage":18,"enemies":"Shell Parasite","floor":22,"turns":7},{"damage":19,"enemies":"Snecko","floor":23,"turns":4},{"damage":36,"enemies":"Shelled Parasite and Fungi","floor":25,"turns":5},{"damage":12,"enemies":"Masked Bandits","floor":27,"turns":3},{"damage":12,"enemies":"downfall:FleeingMerchant","floor":28,"turns":4},{"damage":40,"enemies":"Slavers","floor":30,"turns":4},{"damage":6,"enemies":"Cultist and Chosen","floor":32,"turns":4},{"damage":26,"enemies":"WA_ARCHETYPE_CALM","floor":33,"turns":7},{"damage":14,"enemies":"3 Darklings","floor":36,"turns":5},{"damage":12,"enemies":"downfall:FleeingMerchant","floor":37,"turns":4},{"damage":14,"enemies":"3 Shapes","floor":38,"turns":4},{"damage":5,"enemies":"downfall:FleeingMerchant","floor":39,"turns":3},{"damage":77,"enemies":"Orin","floor":40,"turns":7}],"seed_played":"-493952255373212662","potions_obtained":[{"floor":6,"key":"SpeedPotion"},{"floor":11,"key":"PowerPotion"},{"floor":16,"key":"Ancient Potion"},{"floor":21,"key":"CultistPotion"},{"floor":22,"key":"SkillPotion"},{"floor":30,"key":"AttackPotion"},{"floor":32,"key":"sneckomod:MuddlingPotion"},{"floor":33,"key":"Toxic Potion"},{"floor":38,"key":"Explosive Potion"}],"is_trial":false,"path_per_floor":["R_BF","M","$","M","?","M","T","R","?","E","M","E","R","T","M","B",null,"R_BF","M","?","?","M","M","T","M","?","?","$","R","E","?","M","B",null,"R_BF","M","$","M","$","?"],"character_chosen":"SLIMEBOUND","items_purchased":["Slimebound:Prepare","Slimebound:GoopTackle","Iron Hammer","Bottled Tornado","Slimebound:PrepareCrush","Grinning Jar","Matryoshka","TheAbacus","Slimebound:LivingWall"],"campfire_rested":2,"item_purchase_floors":[3,3,28,28,37,37,39,39,39],"current_hp_per_floor":[65,62,58,48,22,22,22,22,22,41,35,47,65,65,65,63,65,65,65,54,54,65,54,54,43,43,41,29,50,47,47,48,68,70,70,66,58,49,44,0,0,0],"gold":6,"neow_bonus":"BOSS_RELIC","is_daily":false,"chose_seed":false,"campfire_upgraded":1,"win_rate":0.0,"timestamp":1613591255,"path_taken":["R_BF","M","$","M","?","M","T","R","?","E","M","E","R","?","M","BOSS","R_BF","M","?","?","M","M","T","M","?","?","$","R","E","?","M","BOSS","R_BF","M","$","M","?","?"],"items_purchased_type":["Card","Card","Relic","Relic","Card","Relic","Relic","Relic","Card"],"build_version":"2020-12-22","purchased_purges":0,"victory":false,"max_hp_per_floor":[65,65,65,65,65,65,65,65,65,65,65,65,65,65,65,65,65,65,65,70,70,70,70,70,70,70,70,70,70,70,70,70,70,70,70,70,70,70,70,70,70,70],"card_choices":[{"not_picked":["Slimebound:ItLooksTasty","Slimebound:GoopSpray"],"picked":"Slimebound:BestDefense","floor":2},{"not_picked":["Slimebound:LivingWall","Slimebound:GoopTackle"],"picked":"Slimebound:PressTheAttack","floor":3},{"not_picked":["Slimebound:HauntingLick","Slimebound:GoopTackle"],"picked":"Slimebound:SplitLeeching","floor":4},{"not_picked":["Slimebound:PressTheAttack","Slimebound:SplitLeeching"],"picked":"Slimebound:LeechLife","floor":5},{"not_picked":["Slimebound:SplitBruiser","Slimebound:PressTheAttack"],"picked":"Slimebound:Schlurp","floor":5},{"not_picked":["Slimebound:LeechingTouch","Slimebound:Replication"],"picked":"Slimebound:Equalize","floor":6},{"not_picked":["Slimebound:LivingWall","Slimebound:SlimeSpikes"],"picked":"Slimebound:Schlurp","floor":10},{"not_picked":["Slimebound:SamplingLick","Slimebound:Schlurp"],"picked":"Slimebound:AcidTongue","floor":11},{"not_picked":["Slimebound:Overexert","Slimebound:DouseInSlime"],"picked":"Slimebound:Nibble+1","floor":12},{"not_picked":["Slimebound:GoopTackle+1","Slimebound:Nibble+1"],"picked":"Slimebound:SplitBruiser","floor":15},{"not_picked":["Slimebound:SlimeSlap+1","Slimebound:OneTwoCombo+1"],"picked":"Slimebound:SelfFormingGoo","floor":16},{"not_picked":["Slimebound:SamplingLick","Slimebound:PressTheAttack+1"],"picked":"Slimebound:SlimeTap+1","floor":19},{"not_picked":["Slimebound:SamplingLick","Slimebound:SplitLeeching"],"picked":"Slimebound:MegaLick","floor":22},{"not_picked":["Slimebound:RejuvenatingLick","Slimebound:HauntingLick"],"picked":"Slimebound:RainOfGoop+1","floor":23},{"not_picked":["Slimebound:SplitLeeching","Slimebound:SplitAcid"],"picked":"Slimebound:SamplingLick","floor":25},{"not_picked":["Slimebound:ProtectTheBoss+1","Slimebound:Prepare+1"],"picked":"Slimebound:ComboTackle+1","floor":27},{"not_picked":["Slimebound:SplitAcid","Slimebound:DisruptingSlam+1"],"picked":"Slimebound:LeechLife+1","floor":28},{"not_picked":["Slimebound:HauntingLick","Slimebound:SamplingLick"],"picked":"Slimebound:FormOfPuddle+1","floor":30},{"not_picked":["Slimebound:PressTheAttack+1","Slimebound:BestDefense+1"],"picked":"Slimebound:ForwardTackle+1","floor":32},{"not_picked":["Slimebound:Teamwork","Slimebound:DuplicatedForm+1"],"picked":"Slimebound:MinionMaster+1","floor":33},{"not_picked":["Slimebound:SlimeSpikes","Slimebound:SplitBruiser"],"picked":"Slimebound:Repurpose+1","floor":36},{"not_picked":["Slimebound:ItLooksTasty+1","Slimebound:SamplingLick+1"],"picked":"Slimebound:Gluttony+1","floor":37},{"not_picked":["Slimebound:HauntingLick+1","Slimebound:ComboTackle+1"],"picked":"Slimebound:RainOfGoop+1","floor":38},{"not_picked":["Slimebound:FormOfPuddle+1","Slimebound:GrowthPunch+1"],"picked":"Slimebound:GoopSpray","floor":39}],"player_experience":0,"relics_obtained":[{"floor":5,"key":"Toy Ornithopter"},{"floor":10,"key":"Molten Egg 2"},{"floor":12,"key":"Pocketwatch"},{"floor":14,"key":"theForsaken:ScaryMask"},{"floor":24,"key":"Frozen Egg 2"},{"floor":27,"key":"Red Mask"},{"floor":30,"key":"Onion Ring"},{"floor":35,"key":"Ancient Tea Set"}],"event_choices":[{"damage_healed":0,"gold_gain":0,"player_choice":"Grow","damage_taken":0,"max_hp_gain":0,"max_hp_loss":0,"event_name":"Living Wall","floor":9,"gold_loss":0,"cards_upgraded":["Slimebound:BestDefense"]},{"damage_healed":0,"gold_gain":0,"player_choice":"Ignored","damage_taken":0,"max_hp_gain":0,"max_hp_loss":0,"event_name":"Vampires","floor":26,"gold_loss":0},{"damage_healed":0,"gold_gain":0,"player_choice":"Fought Bandits","damage_taken":0,"max_hp_gain":0,"max_hp_loss":0,"event_name":"Masked Bandits","floor":27,"gold_loss":0},{"damage_healed":0,"gold_gain":0,"player_choice":"Fight","damage_taken":0,"max_hp_gain":0,"max_hp_loss":0,"event_name":"OrinTheCat","floor":40,"gold_loss":0}],"is_beta":false,"boss_relics":[{"not_picked":["Slimebound:TarBlob","Kintsugi"],"picked":"Empty Cage"},{"not_picked":["Cursed Key","Honey Jar"],"picked":"theForsaken:PaleLantern"}],"items_purged_floors":[],"is_endless":false,"potions_floor_spawned":[6,11,16,22,30,32,33,38],"killed_by":"Orin","ascension_level":0}}