{"host":"5hsgormuu0lj4iiq","time":1613531905,"event":{"mods":["AchievementEnabler","BaseMod","Colored Map","Colored Powertips","Minty Spire (QoL Compilation)","Quick Restart","Relic Stats","SuperFastMode","everything is the same but u backflip on backflip","slay the spire mod where everything is the same but ironclad has a cowboy hat"],"gold_per_floor":[113,288,288,302,313,313,343,418,418,430,430,430,243,243,243],"floor_reached":14,"language":"ENG","playtime":185,"items_purged":[],"score":145,"play_id":"ccdd6b55-dd3d-4fe5-be22-65046a1be582","local_time":"20210216221825","is_ascension_mode":true,"campfire_choices":[{"data":"Static Discharge","floor":6,"key":"SMITH"},{"floor":12,"key":"REST"}],"circlet_count":0,"master_deck":["AscendersBane","Strike_B","Strike_B","Strike_B","Strike_B","Defend_B","Defend_B","Defend_B","Defend_B","Zap","Dualcast","Self Repair","Doubt","Lockon","Static Discharge+1","White Noise","Glacier"],"relics":["Cracked Core","Boot","Ginger","Ancient Tea Set","Bottled Tornado","MealTicket"],"acts_visited":["Exordium"],"potions_floor_usage":[4],"damage_taken":[{"damage":13,"enemies":"2 Louse","floor":1,"turns":2},{"damage":7,"enemies":"Jaw Worm","floor":4,"turns":3},{"damage":1,"enemies":"Cultist","floor":5,"turns":3},{"damage":20,"enemies":"Gremlin Nob","floor":7,"turns":4},{"damage":10,"enemies":"2 Fungi Beasts","floor":10,"turns":4},{"damage":16,"enemies":"Lagavulin","floor":14,"turns":4}],"seed_played":"4597399530613383006","potions_obtained":[{"floor":1,"key":"ColorlessPotion"},{"floor":5,"key":"SkillPotion"},{"floor":10,"key":"SmokeBomb"}],"is_trial":false,"path_per_floor":["M","?","T","M","M","R","E","?","T","M","?","R","$","E"],"character_chosen":"DEFECT","items_purchased":["Glacier","MealTicket"],"campfire_rested":1,"item_purchase_floors":[13,13],"current_hp_per_floor":[55,55,55,55,61,61,48,37,37,34,1,23,23,7,7],"gold":243,"neow_bonus":"RANDOM_COMMON_RELIC","is_daily":false,"chose_seed":false,"campfire_upgraded":1,"win_rate":0.0,"timestamp":1613531905,"path_taken":["M","?","?","M","?","R","E","?","T","M","?","R","$","E"],"items_purchased_type":["Card","Relic"],"build_version":"2020-12-22","purchased_purges":0,"victory":false,"max_hp_per_floor":[75,75,75,75,75,75,75,75,75,75,75,75,75,75,75],"relic_stats":{"counters":[6,20],"MealTicket":0,"Ginger":[5],"Boot":[0],"obtain_stats":[{"MealTicket":13,"Ginger":3,"Bottled Tornado":9,"Cracked Core":0,"Boot":0,"Ancient Tea Set":7},{"MealTicket":5,"Ginger":1,"Bottled Tornado":4,"Cracked Core":0,"Boot":0,"Ancient Tea Set":4},{"MealTicket":16,"Ginger":2,"Bottled Tornado":12,"Cracked Core":0,"Boot":0,"Ancient Tea Set":12}]},"card_choices":[{"not_picked":["Coolheaded","Steam"],"picked":"Self Repair","floor":1},{"not_picked":["Cold Snap","Go for the Eyes"],"picked":"Lockon","floor":4},{"not_picked":["Auto Shields","Beam Cell"],"picked":"Static Discharge","floor":5},{"not_picked":["Redo","Go for the Eyes","Sweeping Beam"],"picked":"SKIP","floor":7},{"not_picked":["Steam","Compile Driver"],"picked":"White Noise","floor":10}],"player_experience":744616,"relics_obtained":[{"floor":3,"key":"Ginger"},{"floor":7,"key":"Ancient Tea Set"},{"floor":9,"key":"Bottled Tornado"}],"event_choices":[{"damage_healed":0,"gold_gain":175,"player_choice":"AGREE","damage_taken":0,"max_hp_gain":0,"max_hp_loss":0,"event_name":"Liars Game","floor":2,"gold_loss":0,"cards_obtained":["Doubt"]},{"damage_healed":0,"gold_gain":75,"player_choice":"Gather Gold","damage_taken":11,"max_hp_gain":0,"max_hp_loss":0,"event_name":"World of Goop","floor":8,"gold_loss":0},{"damage_healed":0,"gold_gain":0,"player_choice":"Fled","damage_taken":33,"max_hp_gain":0,"max_hp_loss":0,"event_name":"Scrap Ooze","floor":11,"gold_loss":0}],"is_beta":false,"boss_relics":[],"items_purged_floors":[],"is_endless":false,"potions_floor_spawned":[1,5,10],"killed_by":"Lagavulin","ascension_level":13}}