{"host":"5hsgormuu0lj4iiq","time":1613522684,"event":{"mods":["AchievementEnabler","BaseMod","Colored Map","Colored Powertips","Minty Spire (QoL Compilation)","Quick Restart","Relic Stats","SuperFastMode","everything is the same but u backflip on backflip","slay the spire mod where everything is the same but ironclad has a cowboy hat"],"gold_per_floor":[12,12,23,40,53,53,82,82,82],"floor_reached":8,"language":"ENG","playtime":191,"items_purged":[],"score":96,"play_id":"ac49d445-fc5d-42a8-81bc-2ac229049c3d","local_time":"20210216194444","is_ascension_mode":true,"campfire_choices":[{"floor":6,"key":"REST"}],"circlet_count":0,"master_deck":["AscendersBane","Strike_B","Strike_B","Strike_B","Strike_B","Defend_B","Defend_B","Defend_B","Defend_B","Zap","Dualcast","Doom and Gloom","Leap"],"relics":["Cracked Core","WingedGreaves","Akabeko"],"acts_visited":["Exordium"],"potions_floor_usage":[5],"damage_taken":[{"damage":4,"enemies":"Jaw Worm","floor":1,"turns":3},{"damage":16,"enemies":"2 Louse","floor":3,"turns":3},{"damage":6,"enemies":"Cultist","floor":4,"turns":3},{"damage":17,"enemies":"2 Fungi Beasts","floor":5,"turns":3},{"damage":20,"enemies":"Lagavulin","floor":7,"turns":7},{"damage":31,"enemies":"3 Sentries","floor":8,"turns":4}],"seed_played":"5865046306982274804","potions_obtained":[{"floor":1,"key":"PowerPotion"},{"floor":4,"key":"GamblersBrew"}],"is_trial":false,"path_per_floor":["M","$","M","M","M","R","E","E"],"character_chosen":"DEFECT","items_purchased":[],"campfire_rested":1,"item_purchase_floors":[],"current_hp_per_floor":[64,64,48,42,25,47,27,0,0],"gold":82,"neow_bonus":"ONE_RARE_RELIC","is_daily":false,"chose_seed":false,"campfire_upgraded":0,"win_rate":0.0,"timestamp":1613522684,"path_taken":["M","$","M","M","M","R","E","E"],"items_purchased_type":[],"build_version":"2020-12-22","purchased_purges":0,"victory":false,"max_hp_per_floor":[75,75,75,75,75,75,75,75,75],"relic_stats":{"counters":[6,23],"obtain_stats":[{"WingedGreaves":0,"Cracked Core":0,"Akabeko":7},{"WingedGreaves":0,"Cracked Core":0,"Akabeko":5},{"WingedGreaves":0,"Cracked Core":0,"Akabeko":19}]},"card_choices":[{"not_picked":["Loop","Gash"],"picked":"Doom and Gloom","floor":1},{"not_picked":["BootSequence","Gash","Rebound"],"picked":"SKIP","floor":3},{"not_picked":["Go for the Eyes","Compile Driver","Tempest"],"picked":"SKIP","floor":4},{"not_picked":["Double Energy","FTL"],"picked":"Leap","floor":5},{"not_picked":["Storm","Sunder","Consume"],"picked":"SKIP","floor":7}],"player_experience":742279,"relics_obtained":[{"floor":7,"key":"Akabeko"}],"event_choices":[],"is_beta":false,"boss_relics":[],"items_purged_floors":[],"is_endless":false,"potions_floor_spawned":[1,4],"killed_by":"3 Sentries","ascension_level":13}}