{"host":"5qewjvycy34u7aeo","time":1613543895,"event":{"mods":["BaseMod","Downfall","GifTheSpireLib","Hubris","Infinite Spire","Minty Spire (QoL Compilation)","Permanent Neow","Replay The Spire","StSLib","Wandering Minibosses"],"gold_per_floor":[109,128,147,122,140,172,185,2,29,42,61,8,35,35,35,140,140,159,429,449,468,479,479,479,479],"floor_reached":24,"language":"ENG","playtime":1548,"items_purged":["Strike_G"],"score":250,"play_id":"06c3e987-02ea-4354-ae19-a09def21a6ed","local_time":"20210217003815","is_ascension_mode":true,"campfire_choices":[{"data":"Blade Dance","floor":15.0,"key":"SMITH"},{"floor":23,"key":"REST"}],"circlet_count":0,"master_deck":["Strike_G","Strike_G","Strike_G","Strike_G","Defend_G","Defend_G","Defend_G","Defend_G","Defend_G","Survivor","Neutralize","ReplayTheSpireMod:Scrap Shanks","Leg Sweep","Prepared","Cloak And Dagger","Blade Dance+1","Dodge and Roll","Slice","ReplayTheSpireMod:Scrap Shanks","Dagger Throw+1","Riddle With Holes","Blade Dance","Deflect","infinitespire:Neurotoxin","Envenom","ReplayTheSpireMod:The Works","Good Instincts","Dagger Throw","Caltrops+1","Crippling Poison+1"],"relics":["Ring of the Snake","hubris:AstralHammer","Gambling Chip","ReplayTheSpireMod:TigerMarble","Replay:Ringing Soul","Runic Dome"],"acts_visited":["Exordium","TheCity"],"potions_floor_usage":[16,16],"damage_taken":[{"damage":1.0,"enemies":"Cultist","floor":1.0,"turns":5.0},{"damage":0.0,"enemies":"2 Louse","floor":2.0,"turns":4.0},{"damage":7.0,"enemies":"Jaw Worm","floor":3.0,"turns":10.0},{"damage":9.0,"enemies":"Exordium Thugs","floor":4.0,"turns":7.0},{"damage":4.0,"enemies":"Large Slime","floor":5.0,"turns":16.0},{"damage":10.0,"enemies":"Lagavulin","floor":6.0,"turns":13.0},{"damage":3.0,"enemies":"Lots of Slimes","floor":7.0,"turns":6.0},{"damage":0.0,"enemies":"3 Louse","floor":10.0,"turns":4.0},{"damage":1.0,"enemies":"Red Slaver","floor":11.0,"turns":3.0},{"damage":5.0,"enemies":"Gremlin Nob","floor":13.0,"turns":3.0},{"damage":8,"enemies":"Slime Boss","floor":16,"turns":11},{"damage":14,"enemies":"2 Thieves","floor":18,"turns":5},{"damage":15,"enemies":"Chosen","floor":20,"turns":6},{"damage":7,"enemies":"Centurion and Healer","floor":21,"turns":6},{"damage":16,"enemies":"Cultist and Chosen","floor":22,"turns":6},{"damage":36,"enemies":"Snake Plant","floor":24,"turns":3}],"seed_played":"8163301108783196357","potions_obtained":[{"floor":1.0,"key":"bronze:BurnAndBuffPotion"},{"floor":6.0,"key":"PowerPotion"},{"floor":7.0,"key":"Adrenaline Potion"},{"floor":10.0,"key":"BlessingOfTheForge"},{"floor":16,"key":"DuplicationPotion"},{"floor":21,"key":"Slimebound:ThreeZeroPotion"}],"is_trial":false,"path_per_floor":["M","M","M","M","M","E","M","$","T","M","M","$","E","?","R","B",null,"M","?","M","M","M","R","M"],"character_chosen":"THE_SILENT","items_purchased":["ReplayTheSpireMod:Scrap Shanks","Dagger Throw+1","Deflect"],"campfire_rested":1,"item_purchase_floors":[8,8,12],"current_hp_per_floor":[48,48,41,32,28,18,15,15,15,15,14,14,12,12,12,7,76,65,35,23,19,6,33,0,0],"gold":479,"neow_bonus":"ONE_RARE_RELIC","is_daily":false,"chose_seed":false,"campfire_upgraded":1,"win_rate":0.0,"timestamp":1613543895,"path_taken":["M","M","M","M","M","E","M","$","T","?","M","$","E","?","R","BOSS","M","?","M","M","M","R","M"],"items_purchased_type":["Card","Card","Card"],"build_version":"2020-12-22","purchased_purges":1,"victory":false,"max_hp_per_floor":[70,70,70,70,70,70,70,70,70,70,70,70,73,73,73,76,76,79,82,85,88,91,91,91,91],"card_choices":[{"not_picked":["PiercingWail","Flying Knee"],"picked":"ReplayTheSpireMod:Scrap Shanks","floor":1.0},{"not_picked":["Quick Slash","Prepared"],"picked":"Leg Sweep","floor":2.0},{"not_picked":["Sucker Punch","Deflect"],"picked":"Prepared","floor":3.0},{"not_picked":["Sneak Up","Leg Sweep"],"picked":"Cloak And Dagger","floor":4.0},{"not_picked":["Dagger Throw","All Out Attack"],"picked":"Blade Dance","floor":5.0},{"not_picked":["ReplayTheSpireMod:Exploit Weakness","Bouncing Flask"],"picked":"Dodge and Roll","floor":6.0},{"not_picked":["ReplayTheSpireMod:Exploit Weakness","Night Terror"],"picked":"Slice","floor":7.0},{"not_picked":["Flying Knee","Dagger Spray"],"picked":"Riddle With Holes","floor":10.0},{"not_picked":["Bane","Noxious Fumes"],"picked":"Blade Dance","floor":11.0},{"not_picked":["Skewer","Dagger Spray"],"picked":"infinitespire:Neurotoxin","floor":13.0},{"not_picked":["Glass Knife","Grand Finale"],"picked":"Envenom","floor":16},{"not_picked":["Sucker Punch","ReplayTheSpireMod:Scrap Shanks+1"],"picked":"ReplayTheSpireMod:The Works","floor":18},{"not_picked":["Escape Plan","Underhanded Strike+1"],"picked":"Dagger Throw","floor":20},{"not_picked":["Sucker Punch","Underhanded Strike+1"],"picked":"Caltrops+1","floor":21},{"not_picked":["Expertise","Dagger Spray"],"picked":"Crippling Poison+1","floor":22}],"player_experience":440002,"relics_obtained":[{"floor":6.0,"key":"Gambling Chip"},{"floor":9.0,"key":"ReplayTheSpireMod:TigerMarble"},{"floor":13.0,"key":"Replay:Ringing Soul"}],"event_choices":[{"damage_healed":0,"gold_gain":270,"player_choice":"GOLD GOLD GOLD CARD ","damage_taken":33,"max_hp_gain":0,"max_hp_loss":0,"event_name":"Knowing Skull","floor":19,"potions_obtained":[],"gold_loss":0,"cards_obtained":["Good Instincts"]}],"is_beta":false,"boss_relics":[{"not_picked":["ChewingGum","hubris:ScarierMask"],"picked":"Runic Dome"}],"items_purged_floors":[8],"is_endless":false,"potions_floor_spawned":[1,6,7,10,16,21],"killed_by":"Snake Plant","ascension_level":1}}