{"host":"91blwi3hgehj6ch9","time":1613565948,"event":{"mods":["2.2 Compatiblity","AchievementEnabler","BaseMod","Colored Map","DeckTracker","Keyboard Shortcuts","Minty Spire (QoL Compilation)","Permanent Neow","StSLib","SuperFastMode","everything is the same but u backflip on backflip"],"gold_per_floor":[116,126,126,137,156,156,184,195,195,195,5,5,39,54,54,156,156,124,144,16,16,116,116,142,161,211,230,126,225,150,165,165,165,165],"floor_reached":33,"language":"KOR","playtime":1271,"items_purged":["Strike_R","Clash","Strike_R+1","Pummel"],"score":429,"play_id":"90969ac3-494a-42ef-b32a-57f7e8ac4c2c","local_time":"20210217214548","is_ascension_mode":true,"campfire_choices":[{"data":"Battle Trance","floor":6.0,"key":"SMITH"},{"floor":10.0,"key":"REST"},{"floor":15.0,"key":"REST"},{"floor":23.0,"key":"REST"},{"floor":32,"key":"REST"}],"circlet_count":0,"master_deck":["AscendersBane","Defend_R","Defend_R","Defend_R","Defend_R","Bash","Battle Trance+1","Shrug It Off","Blood for Blood","Offering","Barricade","CurseOfTheBell","Blood for Blood+1","Offering","Body Slam+1","Whirlwind+1","Pommel Strike+1"],"relics":["Burning Blood","Whetstone","Happy Flower","Molten Egg 2","Membership Card","Ginger","Calling Bell","Strawberry","HornCleat","Gambling Chip","Red Skull","Bottled Lightning","Bronze Scales"],"acts_visited":["Exordium","TheCity"],"potions_floor_usage":[24,27,33],"damage_taken":[{"damage":6.0,"enemies":"2 Louse","floor":1.0,"turns":3.0},{"damage":1.0,"enemies":"Cultist","floor":2.0,"turns":3.0},{"damage":0.0,"enemies":"Small Slimes","floor":4.0,"turns":3.0},{"damage":33.0,"enemies":"Exordium Thugs","floor":5.0,"turns":5.0},{"damage":37.0,"enemies":"3 Sentries","floor":7.0,"turns":9.0},{"damage":7.0,"enemies":"Looter","floor":8.0,"turns":3.0},{"damage":18.0,"enemies":"Gremlin Nob","floor":13.0,"turns":3.0},{"damage":7.0,"enemies":"Lots of Slimes","floor":14.0,"turns":4.0},{"damage":32.0,"enemies":"Hexaghost","floor":16.0,"turns":8.0},{"damage":31.0,"enemies":"2 Thieves","floor":18.0,"turns":5.0},{"damage":30.0,"enemies":"Shell Parasite","floor":19.0,"turns":7.0},{"damage":27,"enemies":"Slavers","floor":24,"turns":5},{"damage":24,"enemies":"Cultist and Chosen","floor":25,"turns":7},{"damage":0,"enemies":"Snecko","floor":27,"turns":4},{"damage":17,"enemies":"Snake Plant","floor":31,"turns":2},{"damage":36,"enemies":"Collector","floor":33,"turns":3}],"seed_played":"-4422785945959508241","potions_obtained":[{"floor":1.0,"key":"Block Potion"},{"floor":2.0,"key":"EntropicBrew"},{"floor":5.0,"key":"SteroidPotion"},{"floor":14.0,"key":"Ancient Potion"},{"floor":18.0,"key":"LiquidMemories"},{"floor":19.0,"key":"FearPotion"},{"floor":31,"key":"LiquidBronze"}],"is_trial":false,"path_per_floor":["M","M","?","M","M","R","E","M","T","R","$","?","E","M","R","B",null,"M","M","$","?","?","R","E","M","T","M","$","?","$","M","R","B"],"character_chosen":"IRONCLAD","items_purchased":["Membership Card","Red Skull","Whirlwind+1"],"campfire_rested":4,"item_purchase_floors":[11,20,28],"current_hp_per_floor":[72,77,77,80,53,53,22,21,21,45,45,45,33,32,56,30,75,50,26,26,26,26,52,31,13,13,19,19,19,19,8,34,0,0],"gold":165,"neow_bonus":"RANDOM_COMMON_RELIC","is_daily":false,"chose_seed":false,"campfire_upgraded":1,"win_rate":0.0,"timestamp":1613565948,"path_taken":["M","M","?","M","M","R","E","?","T","R","$","?","E","M","R","BOSS","M","M","$","?","?","R","E","?","T","M","$","?","$","M","R","BOSS"],"items_purchased_type":["Relic","Relic","Card"],"build_version":"2020-12-22","purchased_purges":4,"victory":false,"max_hp_per_floor":[80,80,80,80,80,80,80,80,80,80,80,80,80,80,80,80,87,87,87,87,87,87,87,87,87,87,87,87,87,87,87,87,87,87],"card_choices":[{"not_picked":["Inflame","True Grit"],"picked":"Battle Trance","floor":1.0},{"not_picked":["True Grit","Body Slam"],"picked":"Pummel","floor":2.0},{"not_picked":["Havoc","Disarm"],"picked":"Shrug It Off","floor":4.0},{"not_picked":["Combust","Sever Soul"],"picked":"Blood for Blood","floor":5.0},{"not_picked":["Warcry","Clash","Anger"],"picked":"SKIP","floor":7.0},{"not_picked":["Shrug It Off","Dropkick"],"picked":"Offering","floor":8.0},{"not_picked":["Warcry","Wild Strike+1","Body Slam+1"],"picked":"SKIP","floor":13.0},{"not_picked":["Headbutt+1","Flex","Pummel+1"],"picked":"SKIP","floor":14.0},{"not_picked":["Demon Form","Bludgeon+1"],"picked":"Barricade","floor":16.0},{"not_picked":["Havoc+1","Flex+1"],"picked":"Blood for Blood+1","floor":18.0},{"not_picked":["Sword Boomerang+1","Armaments"],"picked":"Offering","floor":19.0},{"not_picked":["Anger+1","Thunderclap+1","Armaments"],"picked":"SKIP","floor":24},{"not_picked":["Armaments","Pommel Strike+1","Clash+1"],"picked":"SKIP","floor":25},{"not_picked":["Iron Wave+1","Offering"],"picked":"Body Slam+1","floor":27},{"not_picked":["Dark Embrace","Havoc"],"picked":"Pommel Strike+1","floor":31}],"player_experience":278326,"relics_obtained":[{"floor":7.0,"key":"Happy Flower"},{"floor":9.0,"key":"Molten Egg 2"},{"floor":13.0,"key":"Ginger"},{"floor":17.0,"key":"Strawberry"},{"floor":17.0,"key":"HornCleat"},{"floor":17.0,"key":"Gambling Chip"},{"floor":24,"key":"Bottled Lightning"},{"floor":26,"key":"Bronze Scales"}],"event_choices":[{"damage_healed":0.0,"max_hp_gain":0.0,"max_hp_loss":0.0,"gold_gain":0.0,"cards_transformed":["Strike_R"],"event_name":"Transmorgrifier","player_choice":"Transformed","floor":3.0,"gold_loss":0.0,"damage_taken":0.0,"cards_obtained":["Clash"]},{"cards_removed":["Strike_R"],"damage_healed":0.0,"max_hp_gain":0.0,"max_hp_loss":0.0,"gold_gain":0.0,"event_name":"Purifier","player_choice":"Purged","floor":12.0,"gold_loss":0.0,"damage_taken":0.0},{"cards_removed":["Strike_R"],"damage_healed":0.0,"max_hp_gain":0.0,"max_hp_loss":0.0,"gold_gain":0.0,"event_name":"Back to Basics","player_choice":"Elegance","floor":21.0,"gold_loss":0.0,"damage_taken":0.0},{"damage_healed":0.0,"max_hp_gain":0.0,"max_hp_loss":0.0,"gold_gain":100.0,"event_name":"Golden Shrine","player_choice":"Pray","floor":22.0,"gold_loss":0.0,"damage_taken":0.0},{"damage_healed":0,"gold_gain":99,"player_choice":"Stole From Cult","damage_taken":0,"max_hp_gain":0,"max_hp_loss":0,"event_name":"Nest","floor":29,"gold_loss":0}],"is_beta":false,"boss_relics":[{"not_picked":["Cursed Key","Runic Dome"],"picked":"Calling Bell"}],"items_purged_floors":[11,20,28,30],"is_endless":false,"potions_floor_spawned":[1,2,5,7,14,18,19,31],"killed_by":"Collector","ascension_level":11}}