{"host":"4ojbxe11utoi7geq","time":1613538374,"event":{"mods":["2.2 Compatiblity","Act Like it!","Aspiration","Astrologer","Bard","BaseMod","Challenge The Spire","ChefMod","Colored Map","Colored Powertips","Conspire","Elementarium","Energized Spire","Gensokyo","GifTheSpireLib","Halation","Hallownest","Hermit","Hubris","Infinite Spire","Jedi Mod","Jorbs\u0027s Wanderer Trilogy","Marisa（霧雨　魔理沙）","Marked Mod","Menagerie","Minty Spire (QoL Compilation)","Permanent Neow","Reliquary","Replay The Spire","Robot Space Explorer","Ruina","Spicy Shops","Spire Arcade","StSLib","Stuff the Spire","The Blue Laboratory","The Bug Knight","The Construct","The Disciple","The Hayseed","The Hierophant","The Marked","The Runesmith","The Sage","TheFirefly"],"gold_per_floor":[113,160,180,195,195,195,208,238,238,238,238,254,254,265,265,370,370,390,407,407,407,421,421,421,421,434,434,434,452,469,192,192,192,192,291,291,308,325,21,21,37,37,51,51,75,100,100,120,120,120,120,120],"floor_reached":53,"language":"ENG","playtime":3687,"items_purged":["Elementarium:StickyTar","Strike_B"],"score":739,"play_id":"9e73fb55-508c-4add-a385-39c58ecfdd3c","local_time":"20210217000614","is_ascension_mode":false,"campfire_choices":[{"data":"Zap","floor":6,"key":"SMITH"},{"data":"StuffTheSpire:Synthwave","floor":13,"key":"SMITH"},{"data":"Menagerie:DarkRitual","floor":15,"key":"SMITH"},{"data":"hubris:PowerSurge","floor":25,"key":"SMITH"},{"data":"FIFO Queue","floor":27,"key":"SMITH"},{"data":"Go for the Eyes","floor":34,"key":"SMITH"},{"data":"ReplayRNGCard","floor":42,"key":"SMITH"},{"data":"StuffTheSpire:CelestialWarden","floor":44,"key":"SMITH"},{"data":"jedi:bruteforce","floor":49,"key":"SMITH"},{"data":"jedi:locknload","floor":51,"key":"SMITH"}],"circlet_count":0,"master_deck":["Strike_B+1","Defend_B+1","Defend_B","Defend_B","Zap+1","Dualcast+1","StuffTheSpire:Synthwave+1","jedi:blockon","Streamline","BootSequence","Conserve Battery","StuffTheSpire:Plugnplay","Menagerie:DarkRitual+1","jedi:locknload+1","Ball Lightning","ReplayRNGCard+1","Conserve Battery","StuffTheSpire:CelestialWarden+1","hubris:PowerSurge+1","FIFO Queue+1","Hologram+1","Conserve Battery","Go for the Eyes+1","jedi:bruteforce+1","Leap","Go for the Eyes+1","jedi:hex+1","ReplaySolidLightProjector+1"],"relics":["Cracked Core","Question Card","Menagerie:MalignantTentacle","Thread and Needle","halation:PinkSoulGem","conspire:RunicOctahedron","Philosopher\u0027s Stone","StuffTheSpire:ColdMirror","Lantern","Elementarium:ElementariumTrophy","conspire:SpecialSausage","hubris:64BitClover","OrangePellets","Geode","Bag of Marbles","hubris:Towel","reliquary:NewFriend"],"acts_visited":["Exordium","Menagerie:Menagerie","TheBeyond"],"potions_floor_usage":[8,19,52,52,52],"damage_taken":[{"damage":0,"enemies":"Menagerie:WhisperingWraith","floor":1,"turns":4},{"damage":0,"enemies":"Menagerie:2_RABBITS","floor":3,"turns":3},{"damage":0,"enemies":"Menagerie:MonstrousExperiment","floor":4,"turns":4},{"damage":13,"enemies":"Menagerie:BEAST_MAGE_AND_PROWLING_AMALGAM","floor":7,"turns":5},{"damage":0,"enemies":"Menagerie:Hydra","floor":8,"turns":4},{"damage":0,"enemies":"Menagerie:3_RABBITS","floor":12,"turns":5},{"damage":0,"enemies":"Menagerie:RedMage","floor":14,"turns":3},{"damage":0,"enemies":"Menagerie:Chimera","floor":16,"turns":5},{"damage":0,"enemies":"Elementarium:2_ELEMENTALS","floor":18,"turns":3},{"damage":0,"enemies":"Elementarium:MUD_AND_TAR_GOLEMS","floor":19,"turns":3},{"damage":0,"enemies":"Elementarium:VoidBeast","floor":22,"turns":3},{"damage":0,"enemies":"Elementarium:STONE_GOLEMS","floor":26,"turns":2},{"damage":6,"enemies":"Elementarium:3_ELEMENTALS","floor":29,"turns":3},{"damage":2,"enemies":"Elementarium:VoidBeast","floor":30,"turns":4},{"damage":10,"enemies":"Elementarium:GolemEmperor","floor":35,"turns":9},{"damage":0,"enemies":"Orb Walker","floor":37,"turns":2},{"damage":0,"enemies":"3 Darklings","floor":38,"turns":3},{"damage":0,"enemies":"Writhing Mass","floor":41,"turns":3},{"damage":0,"enemies":"Sphere and 2 Shapes","floor":43,"turns":3},{"damage":0,"enemies":"Reptomancer","floor":46,"turns":5},{"damage":0,"enemies":"Transient","floor":48,"turns":5},{"damage":3,"enemies":"infinitespire:MassOfShapes","floor":52,"turns":4}],"seed_played":"-7592176099350383364","potions_obtained":[{"floor":2,"key":"BlessingOfTheForge"},{"floor":4,"key":"blueLaboratory:HeartbeatPotion"},{"floor":14,"key":"DuplicationPotion"},{"floor":16,"key":"blueLaboratory:BiasPotion"},{"floor":19,"key":"blueLaboratory:Moonshine"},{"floor":26,"key":"blueLaboratory:AbyssPotion"},{"floor":29,"key":"PowerPotion"},{"floor":37,"key":"jedi:coolantleak"},{"floor":43,"key":"blueLaboratory:StoneskinPotion"}],"is_trial":false,"path_per_floor":["M","?","M","M","?","R","M","E","T","?","?","M","R","M","R","B",null,"M","M","AVR","?","M","PTL","PTL","R","M","R","T","M","M","$","?","?","R","B",null,"M","M","$","?","M","R","M","R","T","E","?","M","R","T","R","B",null],"character_chosen":"DEFECT","items_purchased":["Lantern","Go for the Eyes","hubris:64BitClover","OrangePellets"],"campfire_rested":0,"item_purchase_floors":[31,31,39,39],"current_hp_per_floor":[68,51,51,51,51,51,38,38,38,38,38,38,38,38,38,38,68,68,68,68,68,68,68,68,68,68,68,68,62,60,60,60,60,60,50,68,68,68,68,68,68,68,68,68,68,68,68,68,68,68,68,65],"gold":120,"neow_bonus":"REMOVE_TWO","is_daily":false,"chose_seed":false,"campfire_upgraded":10,"win_rate":0.0,"timestamp":1613538374,"path_taken":["M","?","M","?","?","R","M","E","T","?","?","M","R","?","R","BOSS","M","M","AVR","?","M","PTL","PTL","R","M","R","T","M","M","$","?","?","R","BOSS","M","M","$","?","?","R","M","R","T","E","?","M","R","?","R","BOSS"],"items_purchased_type":["Relic","Card","Relic","Relic"],"build_version":"2020-12-22","purchased_purges":2,"victory":true,"max_hp_per_floor":[68,68,68,68,68,68,68,68,68,68,68,68,68,68,68,68,68,68,68,68,68,68,68,68,68,68,68,68,68,68,68,68,68,68,68,68,68,68,68,68,68,68,68,68,68,68,68,68,68,68,68,68],"card_choices":[{"not_picked":["Force Field","Coolheaded"],"picked":"StuffTheSpire:Synthwave","floor":1},{"not_picked":["Reprogram","Barrage"],"picked":"jedi:blockon","floor":2},{"not_picked":["jedi:overflow","FIFO Queue","Coolheaded"],"picked":"Streamline","floor":3},{"not_picked":["Beam Cell","Redo","jedi:BurstFrost"],"picked":"BootSequence","floor":4},{"not_picked":["Stack","ReplayTheSpireMod:GoodbyeWorld","jedi:hex"],"picked":"Conserve Battery","floor":7},{"not_picked":["Blizzard","StuffTheSpire:LoadUp","Compile Driver"],"picked":"StuffTheSpire:Plugnplay","floor":8},{"not_picked":["Compile Driver","Leap","Fission"],"picked":"jedi:locknload","floor":12},{"not_picked":["StuffTheSpire:Rend","Auto Shields","Hello World"],"picked":"Ball Lightning","floor":14},{"not_picked":["hubris:Prefetch","Reboot","StuffTheSpire:EventHorizon"],"picked":"ReplayRNGCard","floor":16},{"not_picked":["Time Bomb+1","Go for the Eyes","jedi:reiji"],"picked":"Conserve Battery","floor":18},{"not_picked":["StuffTheSpire:LoadUp+1","StuffTheSpire:Synthwave","aspiration:Polymerization","Barrage"],"picked":"SKIP","floor":19},{"not_picked":["StuffTheSpire:Brawn","StuffTheSpire:Rapture","StuffTheSpire:BrainWave"],"picked":"StuffTheSpire:CelestialWarden","floor":21},{"not_picked":["Steam Power+1","Conserve Battery","jedi:locknload"],"picked":"hubris:PowerSurge","floor":22},{"not_picked":["jedi:blockon","Compile Driver","Leap"],"picked":"FIFO Queue","floor":26},{"not_picked":["Compile Driver+1","Cold Snap","Reboot"],"picked":"Hologram+1","floor":29},{"not_picked":["ReplayTheSpireMod:System Scan","Streamline","Ball Lightning"],"picked":"Conserve Battery","floor":30},{"not_picked":["StuffTheSpire:LaunchingStrike","Machine Learning","hubris:SpecializedCircuitry"],"picked":"jedi:bruteforce","floor":35},{"not_picked":["ReplayGash+1","Streamline+1","Beam Cell+1"],"picked":"Leap","floor":37},{"not_picked":["Leap+1","StuffTheSpire:ShieldGenerator","jedi:BurstFrost"],"picked":"Go for the Eyes+1","floor":38},{"not_picked":["Hologram+1","StuffTheSpire:ForEach","Ball Lightning"],"picked":"jedi:hex+1","floor":41},{"not_picked":["jedi:BurstLightning+1","Tempest+1","ReplaySort+1","Conserve Battery"],"picked":"SKIP","floor":43},{"not_picked":["Hologram","Genetic Algorithm+1","Gash","Fusion"],"picked":"SKIP","floor":46},{"not_picked":["jedi:hex+1","Conserve Battery","Steam Power+1"],"picked":"ReplaySolidLightProjector+1","floor":48}],"player_experience":5292,"relics_obtained":[{"floor":2,"key":"Question Card"},{"floor":8,"key":"Thread and Needle"},{"floor":9,"key":"Replay:Baseball"},{"floor":28,"key":"StuffTheSpire:ColdMirror"},{"floor":45,"key":"Geode"},{"floor":46,"key":"Bag of Marbles"},{"floor":50,"key":"reliquary:NewFriend"}],"event_choices":[{"damage_healed":0,"gold_gain":0,"player_choice":"Enter","damage_taken":0,"relics_obtained":["Menagerie:MalignantTentacle"],"max_hp_gain":0,"max_hp_loss":0,"event_name":"Menagerie:CorruptingLight","floor":5,"gold_loss":0,"cards_upgraded":["Strike_B","Defend_B"]},{"damage_healed":0,"gold_gain":0,"cards_transformed":["Strike_B"],"player_choice":"Grasp","damage_taken":0,"max_hp_gain":0,"max_hp_loss":0,"event_name":"Menagerie:MagesHand","floor":10,"gold_loss":0,"cards_obtained":["Menagerie:DarkRitual"]},{"damage_healed":0,"gold_gain":0,"player_choice":"Pray","damage_taken":0,"max_hp_gain":0,"max_hp_loss":0,"event_name":"Elementarium:VoidShrine","floor":33,"gold_loss":0,"cards_upgraded":["Dualcast"]}],"is_beta":false,"boss_relics":[{"not_picked":["halation:PlatinumPhoenix","Replay:Drink Me"],"picked":"conspire:RunicOctahedron"},{"not_picked":["energizedSpire:SpiderWeb","Calling Bell"],"picked":"conspire:SpecialSausage"}],"items_purged_floors":[20,31],"is_endless":false,"potions_floor_spawned":[4,14,16,19,26,29,37,43,48],"ascension_level":0}}