{"host":"mjz23ua65frb32d6","time":1613592637,"event":{"mods":["Abigail Mod","AchievementEnabler","Act Like it!","Aspiration","BaseMod","CCEM2","CapriCore","Clockwork Mod","Conspire","Downfall","Energized Spire","Fireblade Mod","Friendly Minions","GifTheSpireLib","GungeonMod","Halation","Hallownest","Hubris","Infinite Spire","Ironclad Rager","Jedi Mod","Jorbs\u0027s Wanderer Trilogy","Koishi","KomeijiMod","Lobotomy","LobotomyExtend","Magitek Elite","Mari Mod (Legacy)","Mari\u0027s V1 Patch","Melee Mod","Minty Spire (QoL Compilation)","MostiFishMod","Pale of the Ancients","Prisma Mod","Quarter Circle Forward PUNCH!","RRrroohrrRGHHhhh!!","Railgun Mod","Random Character Button","Rare Cards Sparkle","Replay The Spire","Retaliation","Ruin Mod","RumiaBox-????????","SCP261 Mod","Slumbering Mod","Spikes Relics","Spire Birthday Party","StSLib","Stuff the Spire","The Animator","The Cursed","The Forsaken","The Immortal","The Juggle","The Jungle","The Kombatant","The Poker Player","The Runesmith","The Sage","The Saiyan","The Spell Scribe","The Vixen","The Wild Card","TheHero","Trackpad","Virulent Crown","Wandering Minibosses"],"gold_per_floor":[110,124,143,157,174,199,199,199,253,281,296,2,12,12,12,113,113,123,138,138,184,194,221,232,261,261,261,261,277,0,12,12,113,113,130,130,130,144,69,98,114,114,114],"floor_reached":42,"language":"ENG","playtime":1190,"items_purged":["Pain"],"score":583,"play_id":"7241bf88-88b1-49ab-8d26-58c87a75f6d5","local_time":"20210217151037","is_ascension_mode":true,"campfire_choices":[{"data":"infinitespire:OneForAll","floor":7,"key":"SMITH"},{"floor":15,"key":"REST"},{"data":"infinitespire:FutureSight","floor":27,"key":"SMITH"},{"floor":32,"key":"DIG"}],"circlet_count":0,"master_deck":["Strike_R","Strike_R","Strike_R","Strike_R","Defend_R","Defend_R","Defend_R","Defend_R","Bash","rorgmod:Immolate","Havoc","Blood for Blood","infinitespire:OneForAll+1","MostiFishMod:TemporaryOutbreak","Sword Boomerang","conspire:ExplosiveBarrier","Fiend Fire","Rampage","Iron Wave","infinitespire:FutureSight+1","Havoc","Power Through+1","DDmod:UnstoppableAttack","ReplayTheSpireMod:Limb From Limb","StuffTheSpire:Pyroclast","Flex","Cleave","BarbarianYell+1","BarbarianYell+1","MostiFishMod:DarkDeal","DemoMod:WhiteBlade","hubris:InfiniteBlow+2","Havoc+1","Flex+1"],"relics":["Burning Blood","DaveBox","trackpad:WritersBlock","xbg","AddBug","SecretRecord","SecretRecord","SecretRecord","SecretRecord","SecretRecord","SecretRecord","SecretRecord","SecretRecord"],"acts_visited":["Exordium","TheCity","TheBeyond"],"potions_floor_usage":[],"damage_taken":[{"damage":1,"enemies":"2 Louse","floor":1,"turns":3},{"damage":0,"enemies":"Cultist","floor":2,"turns":2},{"damage":0,"enemies":"Small Slimes","floor":3,"turns":3},{"damage":12,"enemies":"Exordium Thugs","floor":4,"turns":3},{"damage":7,"enemies":"Blue Slaver","floor":5,"turns":2},{"damage":27,"enemies":"3 Sentries","floor":6,"turns":5},{"damage":32,"enemies":"Gremlin Nob","floor":10,"turns":4},{"damage":2,"enemies":"Large Slime","floor":11,"turns":3},{"damage":5,"enemies":"Exordium Thugs","floor":13,"turns":2},{"damage":32,"enemies":"The Guardian","floor":16,"turns":5},{"damage":10,"enemies":"3 Byrds","floor":18,"turns":3},{"damage":8,"enemies":"Chosen","floor":19,"turns":2},{"damage":1,"enemies":"Snecko","floor":22,"turns":2},{"damage":9,"enemies":"Nightmare","floor":23,"turns":3},{"damage":16,"enemies":"3 Cultists","floor":24,"turns":4},{"damage":17,"enemies":"Gremlin Leader","floor":25,"turns":3},{"damage":12,"enemies":"Shelled Parasite and Fungi","floor":29,"turns":3},{"damage":4,"enemies":"Centurion and Healer","floor":31,"turns":4},{"damage":79,"enemies":"Automaton","floor":33,"turns":8},{"damage":0,"enemies":"Orb Walker","floor":35,"turns":1},{"damage":8,"enemies":"3 Shapes","floor":38,"turns":1},{"damage":40,"enemies":"Nemesis","floor":40,"turns":3},{"damage":28,"enemies":"Sphere and 2 Shapes","floor":41,"turns":5},{"damage":72,"enemies":"Nightmare","floor":42,"turns":5}],"seed_played":"6893848079284110334","potions_obtained":[{"floor":1,"key":"LifebloodPotion"},{"floor":3,"key":"sagemod:Wine"},{"floor":13,"key":"DistilledChaos"}],"is_trial":false,"path_per_floor":["M","M","M","M","M","E","R","?","T","E","M","$","M","?","R","B",null,"M","M","AVR","?","M","NM","M","E","T","R","?","M","?","M","R","B",null,"M","AVR","?","M","$","E","M","NM"],"character_chosen":"IRONCLAD","items_purchased":["DemoMod:LamentConfigurum","CCEMRelics:PocketTank"],"campfire_rested":1,"item_purchase_floors":[12,12],"current_hp_per_floor":[80,80,80,74,73,52,52,52,52,26,30,30,31,31,55,29,80,76,74,74,74,79,76,70,63,63,63,63,57,57,78,78,7,80,80,80,80,78,78,44,68,0,0],"gold":114,"neow_bonus":"RANDOM_COMMON_RELIC","is_daily":false,"chose_seed":false,"campfire_upgraded":2,"win_rate":0.0,"timestamp":1613592637,"path_taken":["M","M","M","M","M","E","R","?","T","E","?","$","M","?","R","BOSS","M","M","AVR","?","M","NM","M","E","T","R","?","?","?","M","R","BOSS","M","AVR","?","?","?","E","M","NM"],"items_purchased_type":["Relic","Relic"],"build_version":"2020-12-22","purchased_purges":1,"victory":false,"max_hp_per_floor":[80,80,80,80,80,80,80,80,80,80,80,80,80,80,80,80,80,80,80,80,80,80,80,80,80,80,80,80,80,80,80,80,80,80,80,80,80,80,80,80,80,80,80],"card_choices":[{"not_picked":["StuffTheSpire:RockThrow","Replay:Undeath\u0027s Touch"],"picked":"rorgmod:Immolate","floor":1},{"not_picked":["DDmod:SpikeInjectionSkill","Abandon"],"picked":"Havoc","floor":2},{"not_picked":["rorgmod:Sentinel","Havoc","Flame Barrier"],"picked":"SKIP","floor":3},{"not_picked":["Shrug It Off","DDmod:CallousedSkill"],"picked":"Blood for Blood","floor":4},{"not_picked":["Clothesline","DDmod:UnstoppableAttack","MostiFishMod:Chiaki"],"picked":"SKIP","floor":5},{"not_picked":["Combust","Disarm"],"picked":"infinitespire:OneForAll","floor":6},{"not_picked":["Flex","Ghostly Armor"],"picked":"MostiFishMod:TemporaryOutbreak","floor":10},{"not_picked":["Carnage","DDmod:PokeAttack"],"picked":"Sword Boomerang","floor":11},{"not_picked":["DDmod:EasePowerCard","Sever Soul"],"picked":"conspire:ExplosiveBarrier","floor":13},{"not_picked":["MostiFishMod:PerfectStrikeMKII","Limit Break"],"picked":"Fiend Fire","floor":16},{"not_picked":["Clothesline","Pommel Strike+1"],"picked":"Rampage","floor":18},{"not_picked":["Twin Strike","Wild Strike"],"picked":"Iron Wave","floor":19},{"not_picked":["jedi:fear","DDmod:SpikeMailSkill"],"picked":"Havoc","floor":21},{"not_picked":["Perfected Strike","Clash+1"],"picked":"Power Through+1","floor":21},{"not_picked":["jedi:hate+1","Abandon","True Grit"],"picked":"SKIP","floor":22},{"not_picked":["StuffTheSpire:Slingshot+1","Exhume"],"picked":"DDmod:UnstoppableAttack","floor":23},{"not_picked":["Rage+1","StuffTheSpire:RagingBull"],"picked":"ReplayTheSpireMod:Limb From Limb","floor":24},{"not_picked":["Body Slam","infinitespire:OneForAll"],"picked":"StuffTheSpire:Pyroclast","floor":25},{"not_picked":["StuffTheSpire:Slingshot","Entrench"],"picked":"Flex","floor":29},{"not_picked":["Headbutt","hubris:ReadiedAction"],"picked":"Cleave","floor":30},{"not_picked":["True Grit+1","Rupture"],"picked":"BarbarianYell+1","floor":30},{"not_picked":["Life Link","StuffTheSpire:Incineration"],"picked":"BarbarianYell+1","floor":31},{"not_picked":["MostiFishMod:ChineseTea","MostiFishMod:WingOfPhoenix"],"picked":"MostiFishMod:DarkDeal","floor":33},{"not_picked":["Sever Soul","Cleave"],"picked":"DemoMod:WhiteBlade","floor":35},{"not_picked":["Run Through","Twin Strike"],"picked":"Havoc+1","floor":38},{"not_picked":["Spot Weakness","DDmod:SpikeMailSkill+1"],"picked":"Flex+1","floor":40},{"not_picked":["ReplayTheSpireMod:Strike From Hell+1","Wild Strike+1","DDmod:EasePowerCard"],"picked":"SKIP","floor":41}],"player_experience":200458,"relics_obtained":[{"floor":1,"key":"AddBug"},{"floor":1,"key":"SynthV:TestCard"},{"floor":1,"key":"LetterFromLob"},{"floor":2,"key":"LetterFromLob"},{"floor":3,"key":"LetterFromLob"},{"floor":4,"key":"LetterFromLob"},{"floor":5,"key":"LetterFromLob"},{"floor":6,"key":"SecretRecord"},{"floor":6,"key":"Old Coin"},{"floor":6,"key":"LetterFromLob"},{"floor":9,"key":"Guard_Bracelet"},{"floor":10,"key":"ReplayTheSpireMod:Ninjato"},{"floor":10,"key":"LetterFromLob"},{"floor":11,"key":"SecretRecord"},{"floor":11,"key":"LetterFromLob"},{"floor":13,"key":"LetterFromLob"},{"floor":16,"key":"LetterFromLob"},{"floor":18,"key":"SecretRecord"},{"floor":18,"key":"LetterFromLob"},{"floor":19,"key":"SecretRecord"},{"floor":19,"key":"LetterFromLob"},{"floor":21,"key":"Gremlin Horn"},{"floor":22,"key":"SecretRecord"},{"floor":22,"key":"LetterFromLob"},{"floor":23,"key":"LugNut"},{"floor":23,"key":"LetterFromLob"},{"floor":24,"key":"LetterFromLob"},{"floor":25,"key":"infinitespire:BottledMercury"},{"floor":25,"key":"LetterFromLob"},{"floor":26,"key":"hubris:PeanutButter"},{"floor":29,"key":"LetterFromLob"},{"floor":30,"key":"SSSystem"},{"floor":31,"key":"LetterFromLob"},{"floor":32,"key":"theSlumbering:SlimeShield"},{"floor":33,"key":"SecretRecord"},{"floor":33,"key":"LetterFromLob"},{"floor":35,"key":"LetterFromLob"},{"floor":38,"key":"LetterFromLob"},{"floor":40,"key":"SecretRecord"},{"floor":40,"key":"DemoMod:GundromedaStrain"},{"floor":40,"key":"LetterFromLob"},{"floor":41,"key":"LetterFromLob"}],"event_choices":[{"damage_healed":0,"gold_gain":0,"player_choice":"Rummage","damage_taken":0,"relics_obtained":["WarpedTongs"],"max_hp_gain":0,"max_hp_loss":0,"event_name":"Accursed Blacksmith","floor":8,"gold_loss":0,"cards_obtained":["Pain"]},{"cards_removed":["Strike_R"],"damage_healed":0,"gold_gain":0,"player_choice":"Purged","damage_taken":0,"max_hp_gain":0,"max_hp_loss":0,"event_name":"Purifier","floor":28,"gold_loss":0},{"cards_removed":["DemoMod:BlackBlade"],"damage_healed":0,"gold_gain":0,"player_choice":"Gave Card","damage_taken":0,"relics_obtained":["MagicDraw2"],"max_hp_gain":0,"max_hp_loss":0,"event_name":"WeMeetAgain","floor":37,"gold_loss":0}],"is_beta":false,"boss_relics":[{"not_picked":["qcfpunch:Killian_Engine_Alpha","hubris:BlackHole"],"picked":"CCEMRelics:DefectiveTurbocharger"},{"not_picked":["RhineCircuit","Transparent"],"picked":"aspiration:RitualDagger"}],"items_purged_floors":[39],"is_endless":true,"potions_floor_spawned":[1,3,13,16,22,23,24,25,35,38],"killed_by":"Nightmare","ascension_level":3}}