{"host":"am8lvo9xvzrux3wx","time":1613537660,"event":{"mods":["2.2 Compatiblity","AchievementEnabler","Aspiration","BaseMod","Block Reminder","Colored Map","Downfall","Halation","Minty Spire (QoL Compilation)","Random Character Mod","Reliquary","Replay The Spire","StSLib","The Bug Knight","The Construct","The Cursed","The Forsaken","The Runesmith"],"gold_per_floor":[99,114,114,114,133,233,233,244,244,275,287,300,200,233,252,349,349,349,449,449,170,170,201,201,201,201,101,131,142,157,175,192,287,287,287,305,386,486,486,486,486,496,509,345,357,387,387,387,387,387,387,387],"floor_reached":50,"language":"ENG","playtime":4863,"items_purged":["Pride","downfall:Haunted"],"score":647,"play_id":"061beeb7-836c-4aaf-9d6b-250c0b46dc69","local_time":"20210216235420","is_ascension_mode":false,"campfire_choices":[{"data":"hexamod:Sear","floor":1,"key":"SMITH"},{"data":"hexamod:GhostOfSpirePast","floor":13,"key":"SMITH"},{"data":"hexamod:SearingWound","floor":18,"key":"SMITH"},{"floor":25,"key":"REST"},{"floor":27,"key":"REST"},{"floor":35,"key":"RECALL"},{"floor":47,"key":"REST"}],"circlet_count":0,"master_deck":["hexamod:Strike","hexamod:Strike","hexamod:Strike+1","hexamod:Defend","hexamod:Defend","hexamod:Defend+1","hexamod:Defend","hexamod:Sear+1","hexamod:Float","ReplayTheSpireMod:Private Reserves","hexamod:HeatMetal","hexamod:HeatMetal","hexamod:ChargedBarrage+1","hexamod:Hexaguard","hexamod:GhostOfSpirePast+1","hexamod:BurningTouch","hexamod:BacktrackSmack","hexamod:SearingWound+1","hexamod:FastForward+1","hexamod:HeatCrush","hexamod:DynamicBlow","hexamod:HeatMetal+1","hexamod:GhostOfSpireFuture+1","hexamod:RainOfEmbers+1","hexamod:ExtraCrispy","hexamod:AdvancingGuard+1","hexamod:TimeWarp","hexamod:BurningTouch","downfall:Haunted","Hallucinations","Shame","Voices","hexamod:ForkedFlame","hexamod:BacktrackSmack+1","hexamod:GhostflameBarrier+1","hexamod:AdvancingGuard+1","hexamod:FlamesFromBeyond+1","hexamod:VolcanoVisage"],"relics":["hexamod:SpiritBrand","halation:PinkSoulGem","aspiration:HummingbirdHeart","CultistMask","Juzu Bracelet","downfall:HeartBlessingGreen","Calipers","Runesmith:UraniumAnvil","Strange Spoon","Dream Catcher","Gremlin Food","downfall:HeartBlessingBlue","reliquary:JackalopeAntler","construct:ClawGrip","reliquary:ExpiredCoupon","Darkstone Periapt","Replay:Bottled Steam","reliquary:QuartzCube","Prayer Wheel"],"acts_visited":["Exordium","TheCity","TheBeyond"],"potions_floor_usage":[33,33,43,48,49,50],"damage_taken":[{"damage":0,"enemies":"2 Louse","floor":2,"turns":3},{"damage":0,"enemies":"Small Slimes","floor":5,"turns":3},{"damage":0,"enemies":"Jaw Worm","floor":8,"turns":3},{"damage":24,"enemies":"Gremlin Nob","floor":10,"turns":5},{"damage":0,"enemies":"Blue Slaver","floor":11,"turns":3},{"damage":0,"enemies":"Exordium Thugs","floor":12,"turns":3},{"damage":8,"enemies":"Replay:BlueRogue","floor":14,"turns":6},{"damage":0,"enemies":"2 Fungi Beasts","floor":15,"turns":3},{"damage":24,"enemies":"WA_ARCHETYPE_RETAIN","floor":16,"turns":5},{"damage":0,"enemies":"downfall:FleeingMerchant","floor":21,"turns":4},{"damage":17,"enemies":"Book of Stabbing","floor":23,"turns":5},{"damage":0,"enemies":"Slavers","floor":28,"turns":1},{"damage":0,"enemies":"downfall:LooterAlt2","floor":29,"turns":3},{"damage":0,"enemies":"Spheric Guardian","floor":30,"turns":3},{"damage":11,"enemies":"Chosen and Byrds","floor":31,"turns":5},{"damage":5,"enemies":"3 Cultists","floor":32,"turns":7},{"damage":56,"enemies":"DF_ARCHETYPE_CLAW","floor":33,"turns":6},{"damage":0,"enemies":"3 Shapes","floor":36,"turns":3},{"damage":0,"enemies":"Orb Walker","floor":42,"turns":1},{"damage":12,"enemies":"Jaw Worm Horde","floor":43,"turns":5},{"damage":0,"enemies":"downfall:FleeingMerchant","floor":44,"turns":4},{"damage":20,"enemies":"Sphere and 2 Shapes","floor":45,"turns":6},{"damage":0,"enemies":"HollowMod:StalkingDevout","floor":46,"turns":4},{"damage":0,"enemies":"Spire Growth","floor":48,"turns":1},{"damage":1,"enemies":"Transient","floor":49,"turns":2},{"damage":98,"enemies":"IC_BLOCK_ARCHETYPE","floor":50,"turns":4}],"seed_played":"1619317179492527009","potions_obtained":[{"floor":2,"key":"SmokeBomb"},{"floor":8,"key":"Explosive Potion"},{"floor":10,"key":"Energy Potion"},{"floor":37,"key":"SmokeBomb"},{"floor":37,"key":"SkillPotion"}],"is_trial":false,"path_per_floor":["R","M","?","?","M","?","T","M","?","E","M","M","R","E","M","B",null,"R","?","?","$","?","E","T","R","T","R","E","M","M","M","M","B",null,"R","M","?","?","?","?","T","M","M","$","M","E","R","M","M","B"],"character_chosen":"THE_SPIRIT","items_purchased":["Strange Spoon","hexamod:HeatCrush","Energy Potion"],"campfire_rested":3,"item_purchase_floors":[21,21,44],"current_hp_per_floor":[70,70,70,70,70,70,70,70,70,46,46,46,46,38,38,14,70,70,70,70,70,57,40,40,62,62,85,85,85,85,74,69,13,85,85,85,51,86,86,86,86,86,74,74,54,54,90,90,89,0,0,0],"gold":387,"neow_bonus":"RANDOM_COLORLESS","is_daily":false,"chose_seed":false,"campfire_upgraded":3,"win_rate":0.0,"timestamp":1613537660,"path_taken":["R","M","?","?","M","?","T","?","?","E","M","M","R","E","M","BOSS","R","?","?","$","?","E","T","R","?","R","E","M","M","M","M","BOSS","R","M","?","?","?","?","T","M","M","$","M","E","R","M","M","BOSS"],"items_purchased_type":["Relic","Card","Potion"],"build_version":"2020-12-22","purchased_purges":2,"victory":false,"max_hp_per_floor":[70,70,70,70,70,70,70,70,70,70,70,70,70,70,70,70,70,70,70,70,70,75,75,75,75,75,85,85,85,85,85,85,85,85,85,85,85,120,120,120,120,120,120,120,120,120,120,120,120,120,120,120],"card_choices":[{"not_picked":["Deep Breath","Forethought"],"picked":"ReplayTheSpireMod:Private Reserves","floor":0},{"not_picked":["hexamod:InspiringFlames","hexamod:ThermalTransfer"],"picked":"hexamod:HeatMetal","floor":2},{"not_picked":["hexamod:SwordOfDarkness","hexamod:GhostLash"],"picked":"hexamod:HeatMetal","floor":5},{"not_picked":["hexamod:RecurringNightmare","hexamod:PhantomCloak"],"picked":"hexamod:ChargedBarrage","floor":8},{"not_picked":["hexamod:BacktrackSmack","hexamod:SecondSeal","hexamod:CatchUp"],"picked":"SKIP","floor":10},{"not_picked":["hexamod:BacktrackSmack","hexamod:SpectersWail"],"picked":"hexamod:Hexaguard","floor":11},{"not_picked":["hexamod:ShieldOfDarkness","hexamod:UnleashSpirits"],"picked":"hexamod:GhostOfSpirePast","floor":12},{"not_picked":["hexamod:SpectralAdrenaline","hexamod:ThermalTransfer"],"picked":"hexamod:BurningTouch","floor":14},{"not_picked":["hexamod:GhostLash","hexamod:ShieldOfDarkness"],"picked":"hexamod:BacktrackSmack","floor":15},{"not_picked":["hexamod:GhostflameInferno","hexamod:ForkedFlame"],"picked":"hexamod:SearingWound","floor":16},{"not_picked":["hexamod:HauntingEcho+1","hexamod:NightmareGuise"],"picked":"hexamod:FastForward+1","floor":21},{"not_picked":["hexamod:GhostShield","hexamod:GhostflameBarrier"],"picked":"hexamod:DynamicBlow","floor":23},{"not_picked":["hexamod:BacktrackSmack","hexamod:GhostOfSpirePast"],"picked":"hexamod:HeatMetal+1","floor":25},{"not_picked":["hexamod:ThermalTransfer","hexamod:SwordOfDarkness"],"picked":"hexamod:GhostOfSpireFuture+1","floor":27},{"not_picked":["hexamod:PowerFromBeyond","hexamod:Firestarter"],"picked":"hexamod:RainOfEmbers+1","floor":28},{"not_picked":["hexamod:ChargedBarrage+1","hexamod:SecondSeal","hexamod:Haunt"],"picked":"SKIP","floor":29},{"not_picked":["hexamod:GhostShield","hexamod:SpectersWail"],"picked":"hexamod:ExtraCrispy","floor":30},{"not_picked":["hexamod:InspiringFlames","hexamod:HauntingEcho"],"picked":"hexamod:AdvancingGuard+1","floor":31},{"not_picked":["hexamod:ThermalTransfer","hexamod:FourthSeal","hexamod:NightmareGuise"],"picked":"SKIP","floor":32},{"not_picked":["hexamod:SixthSeal","hexamod:GhostflameInferno"],"picked":"hexamod:TimeWarp","floor":33},{"not_picked":["hexamod:HeatMetal","hexamod:SwordOfDarkness+1"],"picked":"hexamod:BurningTouch","floor":36},{"not_picked":["hexamod:HauntingEcho","hexamod:Incineration"],"picked":"hexamod:BacktrackSmack+1","floor":42},{"not_picked":["hexamod:RetreatToShadows","hexamod:StepThrough"],"picked":"hexamod:GhostflameBarrier+1","floor":43},{"not_picked":["hexamod:HeatCrush+1","hexamod:Again"],"picked":"hexamod:AdvancingGuard+1","floor":44},{"not_picked":["hexamod:RetreatToShadows+1","hexamod:BacktrackSmack+1"],"picked":"hexamod:FlamesFromBeyond+1","floor":45},{"not_picked":["hexamod:HeatCrush","hexamod:NecessarySacrifice+1"],"picked":"hexamod:VolcanoVisage","floor":46}],"player_experience":166184,"relics_obtained":[{"floor":7,"key":"aspiration:HummingbirdHeart"},{"floor":10,"key":"Juzu Bracelet"},{"floor":14,"key":"Calipers"},{"floor":23,"key":"Dream Catcher"},{"floor":24,"key":"Gremlin Food"},{"floor":28,"key":"reliquary:JackalopeAntler"},{"floor":37,"key":"reliquary:ExpiredCoupon"},{"floor":40,"key":"Replay:Bottled Steam"},{"floor":41,"key":"reliquary:QuartzCube"},{"floor":46,"key":"Prayer Wheel"}],"event_choices":[{"damage_healed":0,"gold_gain":0,"player_choice":"Trade","damage_taken":0,"relics_obtained":["CultistMask"],"max_hp_gain":0,"max_hp_loss":0,"event_name":"FaceTrader","floor":9,"gold_loss":0},{"damage_healed":0,"gold_gain":0,"player_choice":"Ignored","damage_taken":0,"max_hp_gain":0,"max_hp_loss":0,"event_name":"Vampires","floor":20,"gold_loss":0},{"damage_healed":0,"gold_gain":0,"player_choice":"Relic","damage_taken":0,"max_hp_gain":0,"max_hp_loss":0,"event_name":"Wheel of Change","floor":40,"gold_loss":0}],"is_beta":false,"boss_relics":[{"not_picked":["aspiration:SilentSkillbook","Astrolabe"],"picked":"Runesmith:UraniumAnvil"},{"not_picked":["reliquary:KinkedSpring","Painkiller Herb"],"picked":"construct:ClawGrip"}],"items_purged_floors":[21,44],"is_endless":false,"potions_floor_spawned":[2,8,10,16,29,30,31,45,46,48],"killed_by":"IC_BLOCK_ARCHETYPE","ascension_level":0}}