{"host":"k7udt7atmcuzf6l0","time":1613572546,"event":{"mods":["AchievementEnabler","Act Like it!","BaseMod","BetterRewards","Colored Map","Colored Powertips","Highlight Path","Minty Spire (QoL Compilation)","Quick Restart","Rare Cards Sparkle","StSLib","UnlockEverythingMod"],"gold_per_floor":[110,122,134,148,148,148,182,182,208,243,243,208,208,220,220,220,220],"floor_reached":16,"language":"ZHS","playtime":235,"items_purged":[],"score":110,"play_id":"937f68b7-3b58-4353-ad4c-e1f968eaa3a3","local_time":"20210217223546","is_ascension_mode":false,"campfire_choices":[{"data":"Inflame","floor":6,"key":"SMITH"},{"data":"Infernal Blade","floor":8,"key":"SMITH"},{"data":"Shockwave","floor":11,"key":"SMITH"},{"data":"Bash","floor":15,"key":"SMITH"}],"circlet_count":0,"master_deck":["Strike_R","Strike_R","Strike_R","Strike_R","Strike_R","Defend_R","Defend_R","Defend_R","Defend_R+1","Bash+1","Inflame+1","Sword Boomerang+1","Cleave","Infernal Blade+1","Seeing Red","Shockwave+1","Seeing Red"],"relics":["Burning Blood","NeowsBlessing","Anchor","PreservedInsect","Boot","Gambling Chip"],"acts_visited":["Exordium"],"potions_floor_usage":[7,16],"damage_taken":[{"damage":0,"enemies":"Cultist","floor":1,"turns":1},{"damage":0,"enemies":"Jaw Worm","floor":2,"turns":1},{"damage":0,"enemies":"2 Louse","floor":3,"turns":1},{"damage":26,"enemies":"Exordium Wildlife","floor":4,"turns":5},{"damage":10,"enemies":"3 Sentries","floor":7,"turns":3},{"damage":8,"enemies":"Gremlin Nob","floor":10,"turns":3},{"damage":20,"enemies":"Exordium Thugs","floor":14,"turns":3},{"damage":30,"enemies":"The Guardian","floor":16,"turns":4}],"seed_played":"2630302229238568856","potions_obtained":[{"floor":3,"key":"SkillPotion"},{"floor":14,"key":"BlessingOfTheForge"}],"is_trial":false,"path_per_floor":["M","M","M","M","?","R","E","R","T","E","R","?","?","M","R","B"],"character_chosen":"IRONCLAD","items_purchased":[],"campfire_rested":0,"item_purchase_floors":[],"current_hp_per_floor":[80,80,80,60,44,44,40,40,40,38,38,58,40,26,26,0,0],"gold":220,"neow_bonus":"THREE_ENEMY_KILL","is_daily":false,"chose_seed":false,"campfire_upgraded":4,"win_rate":0.0,"timestamp":1613572546,"path_taken":["M","M","M","M","?","R","E","R","T","E","R","?","?","M","R","BOSS"],"items_purchased_type":[],"build_version":"2020-12-22","purchased_purges":0,"victory":false,"max_hp_per_floor":[80,80,80,80,80,80,80,80,80,80,80,80,80,80,80,80,80],"card_choices":[{"not_picked":["Clash","Dark Embrace"],"picked":"Inflame","floor":1},{"not_picked":["Pommel Strike","Sentinel"],"picked":"Sword Boomerang","floor":2},{"not_picked":["Wild Strike","Inflame"],"picked":"Cleave","floor":3},{"not_picked":["Body Slam","Havoc"],"picked":"Infernal Blade","floor":4},{"not_picked":["Wild Strike","Battle Trance"],"picked":"Seeing Red","floor":7},{"not_picked":["Wild Strike","Clash"],"picked":"Shockwave","floor":10},{"not_picked":["Thunderclap","True Grit"],"picked":"Seeing Red","floor":14}],"player_experience":139350,"relics_obtained":[{"floor":7,"key":"Anchor"},{"floor":9,"key":"PreservedInsect"},{"floor":10,"key":"Boot"}],"event_choices":[{"damage_healed":0,"gold_gain":0,"player_choice":"Entered Light","damage_taken":16,"max_hp_gain":0,"max_hp_loss":0,"event_name":"Shining Light","floor":5,"gold_loss":0,"cards_upgraded":["Sword Boomerang","Defend_R"]},{"damage_healed":20,"gold_gain":0,"player_choice":"Healed","damage_taken":0,"max_hp_gain":0,"max_hp_loss":0,"event_name":"The Cleric","floor":12,"gold_loss":35},{"damage_healed":0,"gold_gain":0,"player_choice":"Success","damage_taken":18,"relics_obtained":["Gambling Chip"],"max_hp_gain":0,"max_hp_loss":0,"event_name":"Scrap Ooze","floor":13,"gold_loss":0}],"is_beta":false,"boss_relics":[],"items_purged_floors":[],"is_endless":false,"potions_floor_spawned":[3,14],"killed_by":"The Guardian","ascension_level":0}}