{"host":"buaikbko8oj3kpfn","time":1613583997,"event":{"mods":["Act Like it!","Arknights","BaseMod","Koishi","Minty Spire (QoL Compilation)","Remilia（蕾米莉亚）","RumiaBox-露米娅的神秘盒子","StSLib","Yakumo Yukari mod","【功能Mod】混沌之环修复补丁"],"gold_per_floor":[15,28,28,45,56,85,85,114,139,24,41,55,84,104,104,181,181,198,123,23,35,54,87,87,113,113,143,154,29,48,77,77,156,156,166,166,215,215,232,264,114,114,114,147,147,177,196,213,213,213,213,213,213,38,63,63],"floor_reached":57,"language":"ZHS","playtime":1946,"items_purged":["Strike_RM","Strike_RM","Defend_RM","Defend_RM","Defend_RM"],"score":3684,"play_id":"b614da6d-41fa-426c-b4b3-1133c814274d","local_time":"20210218014637","is_ascension_mode":true,"campfire_choices":[{"data":"BloodySeventeenLaser","floor":7.0,"key":"SMITH"},{"data":"EternalNight","floor":15.0,"key":"SMITH"},{"data":"BadLadyScramble","floor":24.0,"key":"SMITH"},{"data":"BloodyMagicSquare","floor":32.0,"key":"SMITH"},{"floor":42,"key":"REST"},{"data":"HeartBreak","floor":45,"key":"SMITH"},{"floor":49,"key":"RECALL"},{"data":"DiffusionOfMisfortune","floor":53,"key":"SMITH"}],"circlet_count":0,"master_deck":["AscendersBane","RedMoon","ScarletShoot","HunterOfTheNight","BloodySeventeenLaser+1","BloodyMagicSquare+1","BadLadyScramble+1","EternalNight+1","BombardNight","DiffusionOfMisfortune+1","HeartBreak+1","SuperhumanBloodyKnife+1","UltimateOffering"],"relics":["ScarletHat","AddBug","SecretRecord","SecretRecord","SecretRecord","SecretRecord","SecretRecord","SecretRecord","SecretRecord"],"acts_visited":["Exordium","TheCity","TheBeyond","TheEnding"],"potions_floor_usage":[56,56],"damage_taken":[{"damage":3.0,"enemies":"Jaw Worm","floor":1.0,"turns":4.0},{"damage":7.0,"enemies":"Small Slimes","floor":2.0,"turns":5.0},{"damage":0.0,"enemies":"2 Louse","floor":4.0,"turns":3.0},{"damage":0.0,"enemies":"Blue Slaver","floor":5.0,"turns":3.0},{"damage":54.0,"enemies":"Gremlin Nob","floor":6.0,"turns":7.0},{"damage":12.0,"enemies":"3 Sentries","floor":8.0,"turns":9.0},{"damage":6.0,"enemies":"2 Fungi Beasts","floor":11.0,"turns":2.0},{"damage":6.0,"enemies":"Gremlin Gang","floor":12.0,"turns":6.0},{"damage":5.0,"enemies":"Gremlin Nob","floor":13.0,"turns":4.0},{"damage":5.0,"enemies":"Large Slime","floor":14.0,"turns":4.0},{"damage":4.0,"enemies":"Hexaghost","floor":16.0,"turns":3.0},{"damage":17.0,"enemies":"Shell Parasite","floor":18.0,"turns":5.0},{"damage":0.0,"enemies":"Spheric Guardian","floor":21.0,"turns":2.0},{"damage":28.0,"enemies":"3 Cultists","floor":22.0,"turns":6.0},{"damage":13.0,"enemies":"Gremlin Leader","floor":23.0,"turns":3.0},{"damage":15.0,"enemies":"Slavers","floor":25.0,"turns":5.0},{"damage":3.0,"enemies":"Gremlin Leader","floor":27.0,"turns":3.0},{"damage":6.0,"enemies":"Centurion and Healer","floor":28.0,"turns":4.0},{"damage":5.0,"enemies":"Chosen and Byrds","floor":30.0,"turns":2.0},{"damage":2.0,"enemies":"Slavers","floor":31.0,"turns":6.0},{"damage":6.0,"enemies":"Champ","floor":33.0,"turns":2.0},{"damage":36.0,"enemies":"3 Darklings","floor":35.0,"turns":1.0},{"damage":18.0,"enemies":"2 Orb Walkers","floor":37.0,"turns":1.0},{"damage":9.0,"enemies":"Orb Walker","floor":39.0,"turns":1.0},{"damage":6,"enemies":"Nemesis","floor":40,"turns":1},{"damage":15,"enemies":"Giant Head","floor":44,"turns":3},{"damage":30,"enemies":"Reptomancer","floor":46,"turns":2},{"damage":21,"enemies":"Spire Growth","floor":47,"turns":2},{"damage":13,"enemies":"3 Darklings","floor":48,"turns":1},{"damage":6,"enemies":"Donu and Deca","floor":50,"turns":3},{"damage":3,"enemies":"Time Eater","floor":51,"turns":3},{"damage":39,"enemies":"Shield and Spear","floor":55,"turns":3},{"damage":41,"enemies":"The Heart","floor":56,"turns":4}],"seed_played":"7792835464943431350","potions_obtained":[{"floor":5.0,"key":"Fire Potion"},{"floor":6.0,"key":"Weak Potion"},{"floor":8.0,"key":"Weak Potion"},{"floor":13.0,"key":"Dexterity Potion"},{"floor":48,"key":"SkillPotion"}],"is_trial":false,"path_per_floor":["M","M","?","M","M","E","R","E","T","$","M","M","E","M","R","B",null,"M","?","$","M","M","E","R","E","T","E","M","$","M","E","R","B",null,"M","?","?","?","M","E","$","R","T","E","R","E","M","M","R","B","B",null,"R","$","E","B",null],"character_chosen":"REMILIA","items_purchased":["BloodyMagicSquare"],"campfire_rested":1,"item_purchase_floors":[10],"current_hp_per_floor":[76,69,69,69,69,22,22,12,12,12,7,9,9,7,7,21,68,53,53,53,53,25,14,14,6,6,12,9,9,4,12,12,33,71,35,35,17,17,11,5,5,30,30,59,59,41,25,12,12,6,35,72,72,72,34,67],"gold":63,"neow_bonus":"TWENTY_PERCENT_HP_BONUS","is_daily":false,"chose_seed":false,"campfire_upgraded":6,"win_rate":0.0,"timestamp":1613583997,"path_taken":["M","M","?","M","M","E","R","E","T","$","M","M","E","M","R","BOSS","M","?","$","M","M","E","R","E","T","E","M","$","M","E","R","BOSS","M","?","?","?","M","E","$","R","T","E","R","E","M","M","R","BOSS","BOSS","R","$","E","BOSS"],"items_purchased_type":["Card"],"build_version":"2020-12-22","purchased_purges":5,"victory":true,"max_hp_per_floor":[84,84,84,84,84,84,84,84,84,84,84,84,84,84,84,84,84,84,84,84,84,84,84,84,84,84,84,84,84,84,84,84,84,84,84,84,84,84,84,84,84,84,84,84,84,84,84,84,84,84,84,84,84,84,84,84],"card_choices":[{"not_picked":["ScarletDevil","Stigmanizer","VampireKiss"],"picked":"SKIP","floor":1.0},{"not_picked":["NightLord","VampireKiss"],"picked":"HunterOfTheNight","floor":2.0},{"not_picked":["NightDance","VampireFantasy","VampireClaw"],"picked":"SKIP","floor":4.0},{"not_picked":["NightDance","VampireFantasy","VampireClaw"],"picked":"SKIP","floor":4.0},{"not_picked":["RedMagic","StarOfDavid","NightDance"],"picked":"SKIP","floor":5.0},{"not_picked":["TwelveNightmare","BadLadyScramble"],"picked":"BloodySeventeenLaser","floor":6.0},{"not_picked":["BombardNight","AfternoonTea","NightDance"],"picked":"SKIP","floor":8.0},{"not_picked":["ScarletNetherworld","RedRainbow","MillenniumVampire"],"picked":"SKIP","floor":11.0},{"not_picked":["ChainGang","GlobalNightmare","BadLadyScramble"],"picked":"SKIP","floor":12.0},{"not_picked":["ChainGang","GlobalNightmare"],"picked":"BadLadyScramble","floor":12.0},{"not_picked":["VampireKiss","VampirishNight","Stigmanizer"],"picked":"SKIP","floor":13.0},{"not_picked":["RedMagic","BloodAndWine"],"picked":"EternalNight","floor":14.0},{"not_picked":["RedRainbow","MiserableFate","UnstableMagic"],"picked":"SKIP","floor":18.0},{"not_picked":["ScarletImprint","CharismaGuard","ScarletDevil+1"],"picked":"SKIP","floor":21.0},{"not_picked":["MastersStateliness","UnderTheZenith"],"picked":"BombardNight","floor":22.0},{"not_picked":["BloodyTrap","VampireKiss","EternalNight"],"picked":"SKIP","floor":23.0},{"not_picked":["ReincarnationDial","VampireFantasy+1","LeisurelyOfLord"],"picked":"SKIP","floor":25.0},{"not_picked":["StarOfDavid","VampireSweep","BloodAndWine"],"picked":"SKIP","floor":27.0},{"not_picked":["DiffusionOfMisfortune","BloodHunter","EndlessAdversity"],"picked":"SKIP","floor":28.0},{"not_picked":["BloodHunter","EndlessAdversity"],"picked":"DiffusionOfMisfortune","floor":28.0},{"not_picked":["ScarletCoffin","VampireSweep","ChainGang"],"picked":"SKIP","floor":30.0},{"not_picked":["ScarletImprint","NightLord","Stigmanizer"],"picked":"SKIP","floor":31.0},{"not_picked":["DemonKingCradle","ForecastOfChange"],"picked":"HeartBreak","floor":33.0},{"not_picked":["StarOfDavid","HunterOfTheNight+1"],"picked":"SuperhumanBloodyKnife+1","floor":35.0},{"not_picked":["BlasphemousPunishment","ScarletDevil"],"picked":"UltimateOffering","floor":39.0},{"not_picked":["TricksterDevil","VampireKiss","BombardNight"],"picked":"SKIP","floor":40},{"not_picked":["GlobalNightmare","LeisurelyOfLord+1","ScarletDevil"],"picked":"SKIP","floor":44},{"not_picked":["Ultimatum","FavorOfDestiny","Stigmanizer"],"picked":"SKIP","floor":46},{"not_picked":["BlasphemousPunishment","CharismaGuard+1","DiffusionOfMisfortune"],"picked":"SKIP","floor":47},{"not_picked":["ScarletDevilSign+1","RedRainbow","ScarletSymphony"],"picked":"SKIP","floor":48},{"not_picked":["GlobalNightmare","LeisurelyOfLord","BloodRain"],"picked":"SKIP","floor":55}],"player_experience":430123,"relics_obtained":[{"floor":1.0,"key":"AddBug"},{"floor":5.0,"key":"SecretRecord"},{"floor":6.0,"key":"Bag of Preparation"},{"floor":8.0,"key":"Nunchaku"},{"floor":9.0,"key":"Bronze Scales"},{"floor":12.0,"key":"SecretRecord"},{"floor":13.0,"key":"CeramicFish"},{"floor":16.0,"key":"SecretRecord"},{"floor":22.0,"key":"SecretRecord"},{"floor":23.0,"key":"Blood Vial"},{"floor":25.0,"key":"Vajra"},{"floor":27.0,"key":"ScarletDevilRocket"},{"floor":28.0,"key":"SecretRecord"},{"floor":31.0,"key":"Anchor"},{"floor":37.0,"key":"Thread and Needle"},{"floor":40,"key":"Lizard Tail"},{"floor":43,"key":"MealTicket"},{"floor":44,"key":"Du-Vu Doll"},{"floor":46,"key":"SecretRecord"},{"floor":46,"key":"Dead Branch"},{"floor":55,"key":"SSSystem"}],"event_choices":[{"cards_removed":["Strike_RM"],"damage_healed":0.0,"max_hp_gain":0.0,"max_hp_loss":0.0,"gold_gain":0.0,"event_name":"Living Wall","player_choice":"Forget","floor":3.0,"gold_loss":0.0,"damage_taken":0.0},{"cards_removed":["Strike_RM"],"damage_healed":0.0,"max_hp_gain":0.0,"max_hp_loss":0.0,"gold_gain":0.0,"event_name":"Beggar","player_choice":"Gave Gold","floor":19.0,"gold_loss":75.0,"damage_taken":0.0},{"damage_healed":0.0,"max_hp_gain":0.0,"max_hp_loss":0.0,"gold_gain":0.0,"event_name":"Tomb of Lord Red Mask","player_choice":"Ignored","floor":36.0,"gold_loss":0.0,"damage_taken":0.0},{"damage_healed":0.0,"max_hp_gain":0.0,"max_hp_loss":0.0,"gold_gain":0.0,"event_name":"Mysterious Sphere","player_choice":"Fight","floor":37.0,"gold_loss":0.0,"damage_taken":0.0},{"cards_removed":["Defend_RM"],"damage_healed":0.0,"max_hp_gain":0.0,"max_hp_loss":0.0,"gold_gain":0.0,"event_name":"Bonfire Elementals","player_choice":"Offered Basic","floor":38.0,"gold_loss":0.0,"damage_taken":0.0}],"is_beta":false,"boss_relics":[{"not_picked":["Busted Crown","Cursed Key"],"picked":"Fusion Hammer"},{"not_picked":["Calling Bell","Velvet Choker"],"picked":"Tiny House"}],"items_purged_floors":[10,20,29,41,54],"is_endless":false,"potions_floor_spawned":[5,6,8,13,14,16,18,25,27,28,31,35,47,48],"ascension_level":20}}