{"host":"6406jj8da6015sxr","time":1613585284,"event":{"mods":["AchievementEnabler","BaseMod","Colored Map","DeckTracker","Keyboard Shortcuts","Minty Spire (QoL Compilation)","Permanent Neow","Relic Stats","SuperFastMode","everything is the same but u backflip on backflip"],"gold_per_floor":[116,130,150,165,265,265,276,276,276,290,323,3,17,34,34,135,135,150,165,165,185,35,35,35,35],"floor_reached":24,"language":"KOR","playtime":1046,"items_purged":[],"score":303,"play_id":"ab342a63-7bd1-42e1-a7e2-765f548e6ce1","local_time":"20210218030804","is_ascension_mode":true,"campfire_choices":[{"data":"Dagger Spray","floor":6,"key":"SMITH"},{"data":"Neutralize","floor":8,"key":"SMITH"},{"data":"Dagger Spray","floor":15,"key":"SMITH"},{"floor":23,"key":"REST"}],"circlet_count":0,"master_deck":["AscendersBane","Strike_G","Strike_G","Strike_G","Strike_G","Strike_G","Defend_G","Defend_G","Defend_G","Defend_G","Defend_G","Survivor","Neutralize+1","Unload","Cloak And Dagger","Flying Knee","Dagger Spray+1","Dagger Throw","Blade Dance","Footwork","Well Laid Plans","Footwork+1","Dagger Spray+1","Underhanded Strike","A Thousand Cuts+1","PiercingWail","Crippling Poison+1","Envenom+1"],"relics":["Ring of the Snake","Mummified Hand","Lantern","Frozen Egg 2","Sozu","Membership Card"],"acts_visited":["TheCity"],"potions_floor_usage":[4,4,16,16,24],"damage_taken":[{"damage":1,"enemies":"Small Slimes","floor":1,"turns":3},{"damage":1,"enemies":"Cultist","floor":2,"turns":4},{"damage":0,"enemies":"Jaw Worm","floor":3,"turns":3},{"damage":6,"enemies":"Exordium Thugs","floor":4,"turns":3},{"damage":0,"enemies":"Blue Slaver","floor":7,"turns":3},{"damage":0,"enemies":"Lots of Slimes","floor":10,"turns":3},{"damage":6,"enemies":"3 Sentries","floor":11,"turns":5},{"damage":0,"enemies":"Red Slaver","floor":13,"turns":3},{"damage":0,"enemies":"Blue Slaver","floor":14,"turns":3},{"damage":40,"enemies":"Hexaghost","floor":16,"turns":13},{"damage":3,"enemies":"3 Byrds","floor":18,"turns":4},{"damage":17,"enemies":"2 Thieves","floor":19,"turns":2},{"damage":30,"enemies":"Shelled Parasite and Fungi","floor":21,"turns":5},{"damage":28,"enemies":"Book of Stabbing","floor":24,"turns":4}],"seed_played":"-5560502324004949553","potions_obtained":[{"floor":1,"key":"DistilledChaos"},{"floor":3,"key":"ColorlessPotion"},{"floor":11,"key":"EntropicBrew"},{"floor":13,"key":"Dexterity Potion"}],"is_trial":false,"path_per_floor":["M","M","M","M","?","R","M","R","T","M","E","$","M","M","R","B",null,"M","M","?","M","$","R","E"],"character_chosen":"THE_SILENT","items_purchased":["Frozen Egg 2","Footwork+1","Dagger Spray","Membership Card"],"campfire_rested":1,"item_purchase_floors":[12,12,12,22],"current_hp_per_floor":[62,61,61,55,55,55,55,55,55,55,49,49,49,49,49,9,55,52,35,35,5,5,26,0,0],"gold":35,"neow_bonus":"ONE_RANDOM_RARE_CARD","is_daily":false,"chose_seed":false,"campfire_upgraded":3,"win_rate":0.0,"timestamp":1613585284,"path_taken":["M","M","M","M","?","R","M","R","T","?","E","?","?","M","R","BOSS","M","M","?","M","?","R","E"],"items_purchased_type":["Relic","Card","Card","Relic"],"build_version":"2020-12-22","purchased_purges":0,"victory":false,"max_hp_per_floor":[70,70,70,70,70,70,70,70,70,70,70,70,70,70,70,70,70,70,70,70,70,70,70,70,70],"relic_stats":{"Sozu":2,"counters":[14,58],"Mummified Hand":[23],"obtain_stats":[{"Sozu":17,"Lantern":11,"Mummified Hand":9,"Membership Card":22,"Frozen Egg 2":12,"Ring of the Snake":0},{"Sozu":10,"Lantern":7,"Mummified Hand":5,"Membership Card":13,"Frozen Egg 2":7,"Ring of the Snake":0},{"Sozu":43,"Lantern":24,"Mummified Hand":16,"Membership Card":54,"Frozen Egg 2":24,"Ring of the Snake":0}],"Ring of the Snake":[28]},"card_choices":[{"not_picked":["Flechettes","Deflect"],"picked":"Cloak And Dagger","floor":1},{"not_picked":["Slice","Flechettes"],"picked":"Flying Knee","floor":2},{"not_picked":["Underhanded Strike","Backflip"],"picked":"Dagger Spray","floor":3},{"not_picked":["Heel Hook","Outmaneuver"],"picked":"Dagger Throw","floor":4},{"not_picked":["Calculated Gamble","Dodge and Roll"],"picked":"Blade Dance","floor":7},{"not_picked":["Quick Slash","Dodge and Roll"],"picked":"Footwork","floor":10},{"not_picked":["Flechettes","PiercingWail"],"picked":"Well Laid Plans","floor":11},{"not_picked":["Sucker Punch","Dagger Throw","Slice"],"picked":"SKIP","floor":13},{"not_picked":["Bane","Tactician"],"picked":"Underhanded Strike","floor":14},{"not_picked":["Bullet Time","Doppelganger"],"picked":"A Thousand Cuts+1","floor":16},{"not_picked":["Dagger Spray","Prepared"],"picked":"PiercingWail","floor":18},{"not_picked":["Deflect+1","Underhanded Strike"],"picked":"Crippling Poison+1","floor":19},{"not_picked":["Outmaneuver","Dagger Spray"],"picked":"Envenom+1","floor":21}],"player_experience":42034,"relics_obtained":[{"floor":9,"key":"Mummified Hand"},{"floor":11,"key":"Lantern"}],"event_choices":[{"damage_healed":0,"gold_gain":100,"player_choice":"Pray","damage_taken":0,"max_hp_gain":0,"max_hp_loss":0,"event_name":"Golden Shrine","floor":5,"gold_loss":0},{"damage_healed":0,"gold_gain":0,"player_choice":"Bought 0 Potions","damage_taken":0,"max_hp_gain":0,"max_hp_loss":0,"event_name":"The Woman in Blue","floor":20,"gold_loss":0}],"is_beta":false,"boss_relics":[{"not_picked":["Tiny House","Snecko Eye"],"picked":"Sozu"}],"items_purged_floors":[],"is_endless":false,"potions_floor_spawned":[1,3,11,13,19,21],"killed_by":"Book of Stabbing","ascension_level":10}}