{"host":"A Jargain","time":1613545611,"event":{"mods":["Act Like it!","Aspiration","BaseMod","Downfall","Halation","Hubris","Infinite Spire","Marisa????????","Minty Spire (QoL Compilation)","Replay The Spire","StSLib","The Servant 0.9.4","Waifu the Spire"],"gold_per_floor":[112,112,112,129,143,173,173,205,250,250,260,290,306,316,316,414,414,433,451,463,317,317,348,348,381,381,381,296,314,314,325,325,430,430,449,460,760,760,760],"floor_reached":38,"language":"ENG","playtime":2453,"items_purged":[],"score":532,"play_id":"0bee1b3a-8474-4ba6-a862-0cc29dadf213","local_time":"20210217180651","is_ascension_mode":true,"campfire_choices":[{"floor":7,"key":"REST"},{"data":"Bouncing Flask","floor":10,"key":"SMITH"},{"floor":15,"key":"REST"},{"floor":24,"key":"REST"},{"floor":27,"key":"REST"},{"data":"Catalyst","floor":32,"key":"SMITH"}],"circlet_count":0,"master_deck":["Survivor","Neutralize","Sucker Punch+1","Bouncing Flask+1","Poisoned Stab","Blur","Poisoned Stab","Calculated Gamble","Envenom","Deflect","Fluid Movement","Hidden Blade","ReplayTheSpireMod:Exploit Weakness","Outmaneuver","Bane","Heel Hook","ReplayTheSpireMod:From All Sides","Predator","Calculated Gamble","Catalyst+1","Backflip","Catalyst+1","Doubt","Blade Dance","infinitespire:Neurotoxin"],"relics":["Sizzling Blood","NeowsBlessing","infinitespire:Cubic Diamond","Incense Burner","Singing Bowl","infinitespire:Broken Mirror","Pandora\u0027s Box","Orrery","Ring of Panic","ReplayTheSpireMod:Ring of Exchange","infinitespire:Lucky Rock","infinitespire:Beetle Shell","Replay:WaspNest","InkBottle","halation:PeacePiece","Old Coin"],"acts_visited":["Exordium","TheCity","TheBeyond"],"potions_floor_usage":[6,6,12,16,23,23,31,31],"damage_taken":[{"damage":0,"enemies":"Jaw Worm","floor":1,"turns":1},{"damage":0,"enemies":"2 Louse","floor":4,"turns":1},{"damage":0,"enemies":"Cultist","floor":5,"turns":1},{"damage":39,"enemies":"3 Sentries","floor":6,"turns":9},{"damage":24,"enemies":"Gremlin Nob","floor":8,"turns":5},{"damage":1,"enemies":"Blue Slaver","floor":11,"turns":2},{"damage":26,"enemies":"3 Sentries","floor":12,"turns":11},{"damage":14,"enemies":"3 Louse","floor":13,"turns":3},{"damage":0,"enemies":"2 Fungi Beasts","floor":14,"turns":3},{"damage":44,"enemies":"Fading Forest","floor":16,"turns":11},{"damage":14,"enemies":"2 Thieves","floor":18,"turns":4},{"damage":13,"enemies":"Shell Parasite","floor":19,"turns":5},{"damage":25,"enemies":"Snake Plant","floor":20,"turns":5},{"damage":27,"enemies":"Gremlin Leader","floor":23,"turns":5},{"damage":14,"enemies":"Replay:Snechameleon","floor":25,"turns":4},{"damage":4,"enemies":"3 Cultists","floor":29,"turns":4},{"damage":15,"enemies":"Centurion and Healer","floor":31,"turns":5},{"damage":20,"enemies":"hubris:MusketHawk","floor":33,"turns":6},{"damage":31,"enemies":"3 Darklings","floor":35,"turns":7},{"damage":22,"enemies":"3 Shapes","floor":36,"turns":5},{"damage":46,"enemies":"Spire Growth","floor":38,"turns":4}],"seed_played":"-4902166295992157299","potions_obtained":[{"floor":1,"key":"Languid Potion"},{"floor":4,"key":"bronze:BurnAndBuffPotion"},{"floor":5,"key":"Dexterity Potion"},{"floor":6,"key":"Explosive Potion"},{"floor":14,"key":"Energy Potion"},{"floor":16,"key":"Cursed Concoction"},{"floor":20,"key":"BlessingOfTheForge"},{"floor":25,"key":"hexamod:SoulburnPotion"},{"floor":29,"key":"sneckomod:MuddlingPotion"},{"floor":30,"key":"Swift Potion"},{"floor":30,"key":"SpeedPotion"},{"floor":33,"key":"Languid Potion"}],"is_trial":false,"path_per_floor":["M","?","?","M","M","E","R","E","T","R","M","E","M","M","R","B",null,"M","M","M","$","?","E","R","E","T","R","?","M","?","M","R","B",null,"M","M","?","M"],"character_chosen":"THE_SILENT","items_purchased":["Orrery"],"campfire_rested":4,"item_purchase_floors":[21],"current_hp_per_floor":[70,70,70,70,70,35,56,38,38,38,43,21,11,15,37,17,74,64,57,38,40,40,17,41,33,33,57,57,59,59,50,50,34,86,61,45,45,0,0],"gold":760,"neow_bonus":"THREE_ENEMY_KILL","is_daily":false,"chose_seed":false,"campfire_upgraded":2,"win_rate":0.0,"timestamp":1613545611,"path_taken":["M","?","?","M","?","E","R","E","T","R","M","E","M","M","R","BOSS","M","?","M","$","?","E","R","E","T","R","?","M","?","M","R","BOSS","M","?","?","M"],"items_purchased_type":["Relic"],"build_version":"2020-12-18","purchased_purges":0,"victory":false,"max_hp_per_floor":[70,70,70,70,70,70,70,72,72,72,74,74,74,74,74,74,74,74,76,78,80,80,80,80,82,82,82,82,84,84,86,86,86,86,88,90,90,90,90],"card_choices":[{"not_picked":["Dagger Spray","Concentrate","Slice"],"picked":"SKIP","floor":1},{"not_picked":["Fluid Movement","Deadly Poison","Crippling Poison"],"picked":"SKIP","floor":4},{"not_picked":["Slice","Dodge and Roll"],"picked":"Bouncing Flask","floor":5},{"not_picked":["Draining Mist","ReplayTheSpireMod:The Works"],"picked":"Poisoned Stab","floor":6},{"not_picked":["hubris:SlightOfHand","Sucker Punch","ReplayTheSpireMod:Tripwire"],"picked":"Singing Bowl","floor":8},{"not_picked":["Crippling Poison","Deflect","Expertise"],"picked":"Singing Bowl","floor":11},{"not_picked":["Doppelganger","Toxin Wave"],"picked":"Blur","floor":12},{"not_picked":["Deadly Poison","ReplayTheSpireMod:Shiv Toss"],"picked":"Poisoned Stab","floor":13},{"not_picked":["Reflex","Underhanded Strike"],"picked":"Calculated Gamble","floor":14},{"not_picked":["Burst","Bullet Time"],"picked":"Envenom","floor":16},{"not_picked":["Acrobatics","PiercingWail"],"picked":"Bane+1","floor":18},{"not_picked":["ReplayTheSpireMod:Scrap Shanks+1","Flying Knee+1","Dodge and Roll"],"picked":"Singing Bowl","floor":19},{"not_picked":["Deadly Poison","Outmaneuver","Flying Knee+1"],"picked":"Singing Bowl","floor":20},{"not_picked":["hubris:SlightOfHand+1","Deadly Poison+1","Slice"],"picked":"Singing Bowl","floor":21},{"not_picked":["Deflect","Caltrops"],"picked":"Calculated Gamble","floor":21},{"not_picked":["Prepared","Atom Bomb"],"picked":"Catalyst+1","floor":21},{"not_picked":["Toxin Wave","Backstab"],"picked":"Backflip","floor":21},{"not_picked":["ReplayTheSpireMod:Exploit Weakness","ReplayTheSpireMod:Shiv Toss"],"picked":"Catalyst","floor":21},{"not_picked":["Skewer","Poisoned Stab"],"picked":"Blade Dance","floor":23},{"not_picked":["Leg Sweep+1","Terror+1","Draining Mist"],"picked":"Singing Bowl","floor":25},{"not_picked":["Finisher+1","Heel Hook","Underhanded Strike"],"picked":"Singing Bowl","floor":29},{"not_picked":["Bane","hubris:SlightOfHand","Concentrate+1"],"picked":"Singing Bowl","floor":31},{"not_picked":["Unload","Burst"],"picked":"infinitespire:Neurotoxin","floor":33},{"not_picked":["Escape Plan","Slice+1","Dagger Spray"],"picked":"Singing Bowl","floor":35},{"not_picked":["Calculated Gamble+1","Backflip","ReplayTheSpireMod:Speed Training+1"],"picked":"Singing Bowl","floor":36}],"player_experience":291533,"relics_obtained":[{"floor":6,"key":"Incense Burner"},{"floor":8,"key":"Singing Bowl"},{"floor":12,"key":"infinitespire:Broken Mirror"},{"floor":22,"key":"Ring of Panic"},{"floor":22,"key":"ReplayTheSpireMod:Ring of Exchange"},{"floor":23,"key":"infinitespire:Lucky Rock"},{"floor":25,"key":"infinitespire:Beetle Shell"},{"floor":26,"key":"Replay:WaspNest"}],"event_choices":[{"damage_healed":0,"gold_gain":0,"player_choice":"Obtained Relic","damage_taken":0,"relics_obtained":["InkBottle"],"max_hp_gain":0,"max_hp_loss":0,"event_name":"Addict","floor":28,"gold_loss":85},{"damage_healed":0,"gold_gain":0,"player_choice":"Got Potions","damage_taken":0,"max_hp_gain":0,"max_hp_loss":0,"event_name":"Lab","floor":30,"gold_loss":0},{"cards_removed":["Bane"],"damage_healed":0,"gold_gain":0,"player_choice":"Gave Card","damage_taken":0,"relics_obtained":["Old Coin"],"max_hp_gain":0,"max_hp_loss":0,"event_name":"WeMeetAgain","floor":37,"gold_loss":0}],"is_beta":true,"boss_relics":[{"not_picked":["Busted Crown","aspiration:FutureDiary"],"picked":"Pandora\u0027s Box"},{"not_picked":["aspiration:RitualDagger","PrismaticShard"],"picked":"halation:PeacePiece"}],"items_purged_floors":[],"is_endless":false,"potions_floor_spawned":[1,4,5,6,14,16,20,25,29,33],"killed_by":"Spire Growth","ascension_level":2}}