{"host":"aaqofma31c3gm2hj","time":1613541102,"event":{"mods":["BaseMod","GungeonMod","Minty Spire (QoL Compilation)","Replay The Spire","Spicy Shops","StSLib"],"gold_per_floor":[109,109,191,210,135,166,195,222,260,272,313,348,371,383,411,423,435,526,538,565,577,301,311,311,311,330,330,330,330,330],"floor_reached":29,"language":"ZHS","playtime":536,"items_purged":["Strike_R","Strike_R"],"score":516,"play_id":"ef9bd167-4e86-4691-abd6-765acd981b45","local_time":"20210217135142","is_ascension_mode":true,"campfire_choices":[{"data":"ReplayTheSpireMod:Limb From Limb","floor":14.0,"key":"SMITH"},{"data":"Pommel Strike","floor":16.0,"key":"SMITH"},{"data":"Shockwave","floor":25,"key":"SMITH"},{"data":"Demon Form","floor":27,"key":"SMITH"}],"circlet_count":0,"master_deck":["AscendersBane","Strike_R","Defend_R","Defend_R","Defend_R","Defend_R","Bash","Shockwave+1","ReplayTheSpireMod:Limb From Limb+1","Immolate","Rupture","Pommel Strike+1","Demon Form+1","Exhume"],"relics":["Burning Blood","NeowsBlessing","DemoMod:DecoyRelic","Replay:Kaleidoscope","MawBank","Anchor","Replay:Towering Pillar of Hats","Smiling Mask","Pen Nib","Runic Cube","Membership Card","ReplayTheSpireMod:TigerMarble","Matryoshka","Bag of Preparation","Red Skull"],"acts_visited":["Exordium","TheCity"],"potions_floor_usage":[23],"damage_taken":[{"damage":0.0,"enemies":"Jaw Worm","floor":1.0,"turns":1.0},{"damage":0.0,"enemies":"Cultist","floor":4.0,"turns":1.0},{"damage":0.0,"enemies":"Gremlin Nob","floor":6.0,"turns":1.0},{"damage":11.0,"enemies":"Small Slimes","floor":7.0,"turns":3.0},{"damage":8.0,"enemies":"2 Fungi Beasts","floor":8.0,"turns":2.0},{"damage":39.0,"enemies":"Lagavulin","floor":11.0,"turns":9.0},{"damage":0.0,"enemies":"Exordium Wildlife","floor":13.0,"turns":2.0},{"damage":15.0,"enemies":"Large Slime","floor":15.0,"turns":5.0},{"damage":26.0,"enemies":"Hexaghost","floor":18.0,"turns":7.0},{"damage":16.0,"enemies":"3 Byrds","floor":20.0,"turns":3.0},{"damage":12,"enemies":"Chosen","floor":23,"turns":3},{"damage":15,"enemies":"Snake Plant","floor":26,"turns":3}],"seed_played":"207602430754718909","potions_obtained":[{"floor":6.0,"key":"SpeedPotion"},{"floor":7.0,"key":"Energy Potion"},{"floor":13.0,"key":"Milkshake"},{"floor":20.0,"key":"FearPotion"}],"is_trial":false,"path_per_floor":["M","?","T","M","$","E","M","M","T","T","E","T","M","R","M","R","R","B",null,"M","?","$","M","?","R","M","R","T","R"],"character_chosen":"IRONCLAD","items_purchased":["Replay:Kaleidoscope","Membership Card","ReplayTheSpireMod:TigerMarble","Matryoshka"],"campfire_rested":0,"item_purchase_floors":[5,22,22,22],"current_hp_per_floor":[74,74,74,75,75,75,70,68,68,68,35,35,41,41,32,32,32,12,59,49,49,49,43,22,22,13,13,13,13,13],"gold":330,"neow_bonus":"THREE_ENEMY_KILL","is_daily":false,"chose_seed":false,"campfire_upgraded":4,"win_rate":0.0,"timestamp":1613541102,"path_taken":["M","?","?","M","$","E","M","?","T","T","E","?","M","R","M","R","R","BOSS","M","?","$","M","?","R","M","R","T","R"],"items_purchased_type":["Relic","Relic","Relic","Relic"],"build_version":"2020-12-22","purchased_purges":2,"victory":false,"max_hp_per_floor":[75,75,75,75,75,75,75,75,75,75,75,75,75,75,75,75,75,75,75,75,75,75,75,80,80,80,80,80,80,80],"card_choices":[{"not_picked":["True Grit","Cleave"],"picked":"Sword Boomerang","floor":1.0},{"not_picked":["Dark Embrace","Flame Barrier"],"picked":"ReplayTheSpireMod:Limb From Limb","floor":4.0},{"not_picked":["Sword Boomerang","Armaments"],"picked":"Immolate","floor":6.0},{"not_picked":["Abandon","Dropkick","Wild Strike"],"picked":"SKIP","floor":7.0},{"not_picked":["Defy Death","ReplayTheSpireMod:Corrosion Curse"],"picked":"Rupture","floor":8.0},{"not_picked":["Thunderclap","Demonic Infusion","Clothesline"],"picked":"SKIP","floor":11.0},{"not_picked":["Intimidate","Thunderclap"],"picked":"Pommel Strike","floor":13.0},{"not_picked":["Heavy Blade","Spot Weakness","Thunderclap"],"picked":"SKIP","floor":15.0},{"not_picked":["Replay:Many Hands","Immolate"],"picked":"Exhume","floor":18.0},{"not_picked":["Sentinel","Body Slam","Heavy Blade"],"picked":"SKIP","floor":20.0},{"not_picked":["Thunderclap","Ghostly Armor","Iron Wave"],"picked":"SKIP","floor":23},{"not_picked":["Sword Boomerang","Fire Breathing","ReplayTheSpireMod:Strike From Hell"],"picked":"SKIP","floor":26}],"player_experience":675811,"relics_obtained":[{"floor":3.0,"key":"DemoMod:DecoyRelic"},{"floor":6.0,"key":"MawBank"},{"floor":9.0,"key":"Anchor"},{"floor":10.0,"key":"Replay:Towering Pillar of Hats"},{"floor":11.0,"key":"Smiling Mask"},{"floor":12.0,"key":"Pen Nib"},{"floor":28,"key":"Bag of Preparation"},{"floor":28,"key":"Red Skull"}],"event_choices":[{"damage_healed":0.0,"max_hp_gain":0.0,"max_hp_loss":0.0,"gold_gain":0.0,"cards_transformed":["Sword Boomerang"],"event_name":"Living Wall","player_choice":"Change","floor":2.0,"gold_loss":0.0,"damage_taken":0.0,"cards_obtained":["Shockwave"]},{"cards_removed":["Strike_R"],"damage_healed":0.0,"max_hp_gain":0.0,"max_hp_loss":0.0,"gold_gain":0.0,"event_name":"Back to Basics","player_choice":"Elegance","floor":21.0,"gold_loss":0.0,"damage_taken":0.0},{"damage_healed":0,"gold_gain":0,"player_choice":"Shed Blood","damage_taken":26,"max_hp_gain":5,"max_hp_loss":0,"event_name":"Forgotten Altar","floor":24,"gold_loss":0}],"is_beta":false,"boss_relics":[{"not_picked":["Ectoplasm","Black Blood"],"picked":"Runic Cube"}],"items_purged_floors":[5,22],"is_endless":false,"potions_floor_spawned":[6,7,13,20],"ascension_level":20}}