{"host":"iudiqz5bwex5meyb","time":1613589847,"event":{"mods":["AchievementEnabler","BaseMod","Block Reminder","Colored Map","Minty Spire (QoL Compilation)","StSLib","ojb\u0027s Better Paths Mod","ojb\u0027s Info Mod"],"gold_per_floor":[217,236,248,218,236,267,278,278,328,328,38,56,74,99,99,202,202,218,229,6,6,18,18,47,63,63,88,88,116,116,150,150,248,248,262,279,153,153,168,198,226,240,264,299,332,332,346,381,381,381,381,381,35,70,70,70],"floor_reached":55,"language":"ENG","playtime":11940,"items_purged":["Strike_G","Strike_G","Strike_G"],"score":1278,"play_id":"ec0d3cef-a624-455f-99ff-185eec9c15dd","local_time":"20210217132407","is_ascension_mode":true,"campfire_choices":[{"floor":8,"key":"REST"},{"data":"Crippling Poison","floor":10,"key":"SMITH"},{"floor":15,"key":"REST"},{"data":"Night Terror","floor":23,"key":"SMITH"},{"data":"Burst","floor":28,"key":"SMITH"},{"data":"Outmaneuver","floor":30,"key":"SMITH"},{"data":"Deadly Poison","floor":32,"key":"SMITH"},{"data":"Adrenaline","floor":46,"key":"SMITH"},{"floor":49,"key":"RECALL"},{"data":"Noxious Fumes","floor":52,"key":"SMITH"}],"circlet_count":0,"master_deck":["Strike_G","Strike_G","Defend_G","Defend_G","Defend_G","Defend_G","Defend_G","Survivor","Neutralize","Backflip","Deadly Poison+1","Footwork","Deflect","Calculated Gamble","Crippling Poison+1","Well Laid Plans","Burst+1","Footwork","Outmaneuver+1","Dodge and Roll","Poisoned Stab+1","Footwork+1","Crippling Poison","Prepared","Dodge and Roll+1","Blur+1","After Image","Dagger Throw+1","Deflect","Dagger Throw+1","Adrenaline+1","Noxious Fumes+1","Noxious Fumes"],"relics":["Ring of the Snake","Lizard Tail","Blood Vial","Oddly Smooth Stone","Molten Egg 2","Sozu","TwistedFunnel","Nilry\u0027s Codex","Boot","Omamori","Bottled Lightning","Cursed Key","WingedGreaves","MealTicket","Bag of Preparation","Torii","Pear","Pen Nib","Snake Skull","Mercury Hourglass"],"acts_visited":["Exordium","TheCity","TheBeyond","TheEnding"],"potions_floor_usage":[6,6,14,16],"damage_taken":[{"damage":0,"enemies":"Small Slimes","floor":1,"turns":3},{"damage":2,"enemies":"Jaw Worm","floor":2,"turns":6},{"damage":0,"enemies":"Cultist","floor":3,"turns":4},{"damage":0,"enemies":"Looter","floor":4,"turns":4},{"damage":5,"enemies":"3 Louse","floor":5,"turns":7},{"damage":69,"enemies":"Gremlin Nob","floor":6,"turns":6},{"damage":1,"enemies":"Blue Slaver","floor":7,"turns":5},{"damage":14,"enemies":"Exordium Wildlife","floor":12,"turns":4},{"damage":0,"enemies":"Looter","floor":13,"turns":4},{"damage":16,"enemies":"3 Sentries","floor":14,"turns":10},{"damage":0,"enemies":"The Guardian","floor":16,"turns":14},{"damage":10,"enemies":"Chosen","floor":18,"turns":8},{"damage":0,"enemies":"Shell Parasite","floor":19,"turns":6},{"damage":10,"enemies":"Cultist and Chosen","floor":22,"turns":6},{"damage":17,"enemies":"Slavers","floor":24,"turns":5},{"damage":8,"enemies":"Sentry and Sphere","floor":25,"turns":6},{"damage":18,"enemies":"Book of Stabbing","floor":27,"turns":7},{"damage":2,"enemies":"Slavers","floor":29,"turns":5},{"damage":8,"enemies":"Book of Stabbing","floor":31,"turns":9},{"damage":20,"enemies":"Collector","floor":33,"turns":11},{"damage":0,"enemies":"Orb Walker","floor":35,"turns":4},{"damage":13,"enemies":"3 Darklings","floor":36,"turns":4},{"damage":9,"enemies":"Spire Growth","floor":39,"turns":5},{"damage":3,"enemies":"Giant Head","floor":40,"turns":12},{"damage":7,"enemies":"Reptomancer","floor":41,"turns":6},{"damage":2,"enemies":"Sphere and 2 Shapes","floor":42,"turns":4},{"damage":0,"enemies":"Giant Head","floor":44,"turns":7},{"damage":20,"enemies":"Reptomancer","floor":45,"turns":6},{"damage":0,"enemies":"Maw","floor":47,"turns":6},{"damage":0,"enemies":"Nemesis","floor":48,"turns":7},{"damage":56,"enemies":"Awakened One","floor":50,"turns":16},{"damage":64,"enemies":"Shield and Spear","floor":54,"turns":7},{"damage":32,"enemies":"The Heart","floor":55,"turns":3}],"seed_played":"-6091583391313293100","potions_obtained":[{"floor":1,"key":"Regen Potion"},{"floor":5,"key":"Strength Potion"},{"floor":12,"key":"Dexterity Potion"},{"floor":13,"key":"PowerPotion"}],"is_trial":false,"path_per_floor":["M","M","M","M","M","E","M","R","T","R","$","M","M","E","R","B",null,"M","M","$","?","M","R","E","M","T","E","R","E","R","E","R","B",null,"M","M","$","?","M","E","E","M","T","E","E","R","M","E","R","B",null,"R","$","E","B"],"character_chosen":"THE_SILENT","items_purchased":["Oddly Smooth Stone","Burst","TwistedFunnel","Deflect","Snake Skull","Noxious Fumes"],"campfire_rested":2,"item_purchase_floors":[11,11,20,37,53,53],"current_hp_per_floor":[70,68,68,68,63,6,5,26,26,26,26,14,16,2,23,25,59,51,53,53,37,29,29,14,8,8,27,27,27,27,21,21,3,53,55,44,44,80,71,70,65,65,65,67,59,59,61,63,63,9,70,70,85,23,0,0],"gold":70,"neow_bonus":"HUNDRED_GOLD","is_daily":false,"chose_seed":false,"campfire_upgraded":7,"win_rate":0.0,"timestamp":1613589847,"path_taken":["M","M","M","M","M","E","M","R","T","R","$","M","M","E","R","BOSS","M","M","$","?","M","R","E","M","T","E","R","E","R","E","R","BOSS","M","M","$","?","M","E","E","M","T","E","E","R","?","E","R","BOSS","R","$","E","BOSS"],"items_purchased_type":["Relic","Card","Relic","Card","Relic","Card"],"build_version":"2020-12-22","purchased_purges":3,"victory":false,"max_hp_per_floor":[70,70,70,70,70,70,70,70,70,70,70,70,70,70,70,70,70,70,70,70,70,70,70,70,70,70,70,70,70,70,70,70,70,70,70,70,70,80,80,80,80,80,80,80,90,90,90,90,90,90,90,90,90,90,90,90],"card_choices":[{"not_picked":["Endless Agony","Underhanded Strike"],"picked":"Backflip","floor":1},{"not_picked":["Dodge and Roll","Dagger Spray"],"picked":"Deadly Poison","floor":2},{"not_picked":["Dagger Throw","Reflex"],"picked":"Footwork","floor":3},{"not_picked":["Dodge and Roll","Slice"],"picked":"Deflect","floor":4},{"not_picked":["Underhanded Strike","Choke"],"picked":"Calculated Gamble","floor":5},{"not_picked":["Blade Dance","Distraction"],"picked":"Crippling Poison","floor":6},{"not_picked":["Flying Knee","Predator"],"picked":"Well Laid Plans","floor":7},{"not_picked":["Cloak And Dagger","Malaise"],"picked":"Footwork","floor":12},{"not_picked":["Deadly Poison","Infinite Blades"],"picked":"Outmaneuver","floor":13},{"not_picked":["Sucker Punch+1","Leg Sweep"],"picked":"Dodge and Roll","floor":14},{"not_picked":["Unload+1","Malaise"],"picked":"Night Terror","floor":16},{"not_picked":["Endless Agony+1","Sucker Punch+1"],"picked":"Poisoned Stab+1","floor":18},{"not_picked":["Dagger Throw+1","Dagger Spray+1"],"picked":"Footwork+1","floor":19},{"not_picked":["Terror","Deflect"],"picked":"Crippling Poison","floor":22},{"not_picked":["Dagger Throw+1","Masterful Stab+1"],"picked":"Prepared","floor":24},{"not_picked":["Tactician+1","Blade Dance+1"],"picked":"Dodge and Roll+1","floor":25},{"not_picked":["Malaise","Deflect","Dodge and Roll"],"picked":"SKIP","floor":27},{"not_picked":["Malaise","Skewer+1","Bane+1"],"picked":"SKIP","floor":29},{"not_picked":["Dodge and Roll","Deflect"],"picked":"Blur+1","floor":31},{"not_picked":["Phantasmal Killer","Wraith Form v2"],"picked":"After Image","floor":33},{"not_picked":["Sucker Punch+1","Bane+1","Expertise"],"picked":"SKIP","floor":35},{"not_picked":["Blade Dance+1","Cloak And Dagger+1"],"picked":"Dagger Throw+1","floor":36},{"not_picked":["Cloak And Dagger+1","PiercingWail+1"],"picked":"Dagger Throw+1","floor":39},{"not_picked":["Doppelganger","Outmaneuver","Dagger Throw+1"],"picked":"SKIP","floor":40},{"not_picked":["PiercingWail","Backstab+1","Dagger Throw+1"],"picked":"SKIP","floor":41},{"not_picked":["Sucker Punch+1","Blade Dance+1","Footwork+1"],"picked":"SKIP","floor":42},{"not_picked":["Calculated Gamble","Cloak And Dagger"],"picked":"Adrenaline","floor":44},{"not_picked":["Underhanded Strike+1","Quick Slash+1","Sucker Punch+1"],"picked":"SKIP","floor":45},{"not_picked":["Blade Dance","Doppelganger","Setup+1"],"picked":"SKIP","floor":47},{"not_picked":["Deadly Poison+1","Dodge and Roll"],"picked":"Noxious Fumes","floor":48},{"not_picked":["Bullet Time","Grand Finale+1","Flying Knee+1"],"picked":"SKIP","floor":54}],"player_experience":289669,"relics_obtained":[{"floor":6,"key":"Lizard Tail"},{"floor":9,"key":"Blood Vial"},{"floor":14,"key":"Molten Egg 2"},{"floor":21,"key":"Nilry\u0027s Codex"},{"floor":24,"key":"Boot"},{"floor":27,"key":"Omamori"},{"floor":29,"key":"Bottled Lightning"},{"floor":40,"key":"WingedGreaves"},{"floor":41,"key":"MealTicket"},{"floor":43,"key":"Bag of Preparation"},{"floor":44,"key":"Torii"},{"floor":45,"key":"Pear"},{"floor":48,"key":"Pen Nib"},{"floor":54,"key":"Mercury Hourglass"}],"event_choices":[{"damage_healed":0,"gold_gain":0,"player_choice":"Obtained Book","damage_taken":16,"max_hp_gain":0,"max_hp_loss":0,"event_name":"Cursed Tome","floor":21,"gold_loss":0},{"cards_removed":["Night Terror"],"damage_healed":26,"gold_gain":0,"player_choice":"Offered Rare","damage_taken":0,"max_hp_gain":10,"max_hp_loss":0,"event_name":"Bonfire Elementals","floor":38,"gold_loss":0}],"is_beta":false,"boss_relics":[{"not_picked":["Black Star","Calling Bell"],"picked":"Sozu"},{"not_picked":["SlaversCollar","HoveringKite"],"picked":"Cursed Key"}],"items_purged_floors":[20,37,53],"is_endless":false,"potions_floor_spawned":[1,5,12,13,24,27,31,36,39,42,45],"killed_by":"The Heart","ascension_level":5}}