{"host":"k4hb7medsm45vqxu","time":1613597181,"event":{"mods":["AchievementEnabler","Act Like it!","Arknights","BaseMod","BetterRewards","Colored Map","Colored Powertips","DeckTracker","Downfall","Friendly Minions","Highlight Path","Marisa????????","Minty Spire (QoL Compilation)","Permanent Neow","READ ME - Guardian Mod","Rare Cards Sparkle","Replay The Spire","Shop Mod","StSLib","SuperFastMode","The Death Knight","The Forsaken","Together in Spire","Waifu the Spire","Yuyuko"],"gold_per_floor":[195,31,206,206,216,0,0,0,28,28,39,51,51,1,12,12,12],"floor_reached":16,"language":"ENG","playtime":1124,"items_purged":[],"score":98,"play_id":"ba45a72c-f441-4c0d-82a2-d9bdee5b316a","local_time":"20210217152621","is_ascension_mode":false,"campfire_choices":[{"data":"theForsaken:WordOfPower","floor":8,"key":"SMITH"},{"floor":10,"key":"REST"},{"floor":13,"key":"REST"}],"circlet_count":0,"master_deck":["theForsaken:TheForsaken_Strike","theForsaken:TheForsaken_Strike","theForsaken:TheForsaken_Strike","theForsaken:TheForsaken_Strike","theForsaken:TheForsaken_Defend","theForsaken:TheForsaken_Defend","theForsaken:TheForsaken_Defend","theForsaken:TheForsaken_Defend","theForsaken:Smite","theForsaken:Penitence","theForsaken:AncientWords","theForsaken:PowerUp","Doubt","theForsaken:CowardsBrand","theForsaken:WordOfPower+1","theForsaken:Preservation","theForsaken:RainingSunlight","theForsaken:FountainOfLife+1","theForsaken:HorrifyingStrike","theForsaken:SacredOath","theForsaken:RainingSunlight"],"relics":["theForsaken:JudgementScales","MerchantsRug","Frozen Egg 2","Oddly Smooth Stone","Replay:WaspNest"],"acts_visited":["Exordium"],"potions_floor_usage":[2,2,6,16],"damage_taken":[{"damage":10,"enemies":"downfall:FleeingMerchant","floor":2,"turns":4},{"damage":0,"enemies":"Small Slimes","floor":5,"turns":5},{"damage":0,"enemies":"downfall:FleeingMerchant","floor":6,"turns":4},{"damage":54,"enemies":"3 Sentries","floor":9,"turns":13},{"damage":6,"enemies":"Jaw Worm","floor":11,"turns":5},{"damage":2,"enemies":"2 Louse","floor":12,"turns":4},{"damage":3,"enemies":"downfall:FleeingMerchant","floor":14,"turns":4},{"damage":12,"enemies":"2 Fungi Beasts","floor":15,"turns":4},{"damage":41,"enemies":"WA_ARCHETYPE_RETAIN","floor":16,"turns":10}],"seed_played":"7846002430401012546","potions_obtained":[{"floor":0,"key":"AttackPotion"},{"floor":0,"key":"GamblersBrew"},{"floor":0,"key":"champ:CounterPotion"},{"floor":5,"key":"DeathKnight:RimePotion"},{"floor":11,"key":"PowerPotion"},{"floor":12,"key":"sneckomod:MuddlingPotion"},{"floor":15,"key":"ColorlessPotion"}],"is_trial":false,"path_per_floor":["R_BF","$","?","?","M","$","T","R","E","R","M","M","R","$","M","B"],"character_chosen":"THE_FORSAKEN","items_purchased":["theForsaken:PowerUp","MerchantsRug","Frozen Egg 2","theForsaken:SacredOath"],"campfire_rested":2,"item_purchase_floors":[2,2,6,14],"current_hp_per_floor":[65,60,60,57,57,57,57,57,9,28,22,20,39,39,27,0,0],"gold":12,"neow_bonus":"THREE_SMALL_POTIONS","is_daily":false,"chose_seed":false,"campfire_upgraded":1,"win_rate":0.0,"timestamp":1613597181,"path_taken":["R_BF","$","?","?","M","?","T","R","E","R","M","M","R","$","M","BOSS"],"items_purchased_type":["Card","Relic","Relic","Card"],"build_version":"2020-12-22","purchased_purges":0,"victory":false,"max_hp_per_floor":[65,65,65,65,65,65,65,65,65,65,65,65,65,68,68,68,68],"card_choices":[{"not_picked":["theForsaken:NobleSacrifice","theForsaken:QuickAttack"],"picked":"theForsaken:AncientWords","floor":2},{"not_picked":["theForsaken:ShieldBash","theForsaken:PreciseStrike"],"picked":"theForsaken:CowardsBrand","floor":5},{"not_picked":["theForsaken:NobleSacrifice","theForsaken:Backlash"],"picked":"theForsaken:WordOfPower","floor":6},{"not_picked":["theForsaken:CleansingLight","theForsaken:DefensiveStance+1"],"picked":"theForsaken:Preservation","floor":9},{"not_picked":["theForsaken:Backlash","theForsaken:SolarFlare"],"picked":"theForsaken:RainingSunlight","floor":11},{"not_picked":["theForsaken:Backlash","theForsaken:PowerUp"],"picked":"theForsaken:FountainOfLife+1","floor":12},{"not_picked":["theForsaken:CreepingInfection","theForsaken:PreciseStrike"],"picked":"theForsaken:HorrifyingStrike","floor":14},{"not_picked":["theForsaken:PowerUp","theForsaken:ScorchingSunlight"],"picked":"theForsaken:RainingSunlight","floor":15}],"player_experience":7142,"relics_obtained":[{"floor":7,"key":"Oddly Smooth Stone"},{"floor":9,"key":"Replay:WaspNest"}],"event_choices":[{"damage_healed":0,"gold_gain":0,"player_choice":"Success","damage_taken":3,"relics_obtained":["ReplayTheSpireMod:Lightbulb"],"max_hp_gain":0,"max_hp_loss":0,"event_name":"Scrap Ooze","floor":4,"gold_loss":0}],"is_beta":false,"boss_relics":[],"items_purged_floors":[],"is_endless":false,"potions_floor_spawned":[5,11,12,15],"killed_by":"WA_ARCHETYPE_RETAIN","ascension_level":0}}