{"host":"sav7uxregyirlf69","time":1613571884,"event":{"mods":["AchievementEnabler","BaseMod","Colored Map","DeckTracker","Keyboard Shortcuts","Minty Spire (QoL Compilation)","READ ME - Guardian Mod","StSLib","SuperFastMode"],"gold_per_floor":[213,173,192,205,55,83,83,102,102,112,112,112,125,125,125,125,125],"floor_reached":16,"language":"KOR","playtime":267,"items_purged":[],"score":204,"play_id":"a92d73ef-0b6d-4bba-85c5-4c58687adc8d","local_time":"20210217232444","is_ascension_mode":true,"campfire_choices":[{"floor":7,"key":"REST"},{"floor":12,"key":"REST"},{"data":"Tactician","floor":15,"key":"SMITH"}],"circlet_count":0,"master_deck":["AscendersBane","Strike_G","Strike_G","Strike_G","Strike_G","Defend_G","Defend_G","Defend_G","Defend_G","Defend_G","Survivor","Neutralize","Tactician+1","Bouncing Flask","Dagger Spray","Glass Knife","Dagger Throw","Acrobatics"],"relics":["Ring of the Snake","Blood Vial","Matryoshka"],"acts_visited":["Exordium"],"potions_floor_usage":[6,6,16],"damage_taken":[{"damage":2,"enemies":"2 Louse","floor":1,"turns":3},{"damage":9,"enemies":"Cultist","floor":3,"turns":5},{"damage":11,"enemies":"Small Slimes","floor":4,"turns":7},{"damage":32,"enemies":"3 Sentries","floor":6,"turns":9},{"damage":16,"enemies":"Blue Slaver","floor":8,"turns":4},{"damage":1,"enemies":"Looter","floor":10,"turns":4},{"damage":18,"enemies":"Large Slime","floor":13,"turns":6},{"damage":29,"enemies":"Hexaghost","floor":16,"turns":9}],"seed_played":"-3442565790783812492","potions_obtained":[{"floor":2,"key":"PowerPotion"},{"floor":2,"key":"Block Potion"},{"floor":6,"key":"Regen Potion"}],"is_trial":false,"path_per_floor":["M","?","M","M","$","E","R","M","T","M","?","R","M","?","R","B"],"character_chosen":"THE_SILENT","items_purchased":["Glass Knife"],"campfire_rested":2,"item_purchase_floors":[5],"current_hp_per_floor":[57,57,48,37,37,5,24,10,10,11,11,30,14,7,7,0,0],"gold":125,"neow_bonus":"HUNDRED_GOLD","is_daily":false,"chose_seed":false,"campfire_upgraded":1,"win_rate":0.0,"timestamp":1613571884,"path_taken":["M","?","M","?","$","E","R","M","T","M","?","R","M","?","R","BOSS"],"items_purchased_type":["Card"],"build_version":"2020-12-22","purchased_purges":0,"victory":false,"max_hp_per_floor":[66,66,66,66,66,66,66,66,66,66,66,66,66,66,66,66,66],"card_choices":[{"not_picked":["Backflip","Expertise"],"picked":"Tactician","floor":1},{"not_picked":["Quick Slash","Deflect"],"picked":"Bouncing Flask","floor":3},{"not_picked":["Caltrops","Underhanded Strike"],"picked":"Dagger Spray","floor":4},{"not_picked":["Calculated Gamble","Sucker Punch","Underhanded Strike"],"picked":"SKIP","floor":6},{"not_picked":["Flechettes","Dash"],"picked":"Dagger Throw","floor":8},{"not_picked":["Dagger Throw","Underhanded Strike","Accuracy"],"picked":"SKIP","floor":10},{"not_picked":["Slice","Tactician"],"picked":"Acrobatics","floor":13}],"player_experience":1598994,"relics_obtained":[{"floor":6,"key":"Blood Vial"},{"floor":9,"key":"Matryoshka"}],"event_choices":[{"damage_healed":0,"gold_gain":0,"player_choice":"Bought 3 Potions","damage_taken":0,"max_hp_gain":0,"max_hp_loss":0,"event_name":"The Woman in Blue","floor":2,"gold_loss":0},{"damage_healed":0,"gold_gain":0,"player_choice":"Fled","damage_taken":0,"max_hp_gain":0,"max_hp_loss":0,"event_name":"Scrap Ooze","floor":11,"gold_loss":0},{"cards_removed":["Strike_G"],"damage_healed":0,"gold_gain":0,"player_choice":"Card Removal","damage_taken":7,"max_hp_gain":0,"max_hp_loss":0,"event_name":"Golden Wing","floor":14,"gold_loss":0}],"is_beta":false,"boss_relics":[],"items_purged_floors":[],"is_endless":false,"potions_floor_spawned":[3,6],"killed_by":"Hexaghost","ascension_level":20}}