{"host":"suw5tyb7z6zbnnfs","time":1613583798,"event":{"mods":["AchievementEnabler","BaseMod","Colored Map","Minty Spire (QoL Compilation)"],"gold_per_floor":[115,4,19,19,19,19,30,30,55,55,83,93,111,211,211,211,211],"floor_reached":16,"language":"ENG","playtime":1107,"items_purged":[],"score":150,"play_id":"d244cafa-1b9f-44ec-977a-ff81a7f025ff","local_time":"20210217124318","is_ascension_mode":true,"campfire_choices":[{"data":"Neutralize","floor":6,"key":"SMITH"},{"data":"Footwork","floor":8,"key":"SMITH"},{"data":"Leg Sweep","floor":10,"key":"SMITH"},{"data":"Footwork","floor":15,"key":"SMITH"}],"circlet_count":0,"master_deck":["AscendersBane","Strike_G","Strike_G","Strike_G","Strike_G","Strike_G","Defend_G","Defend_G","Defend_G","Defend_G","Survivor","Neutralize+1","Quick Slash","Leg Sweep+1","Footwork+1","Backflip","Dagger Throw","Footwork+1"],"relics":["Sozu","Bag of Preparation","Centennial Puzzle"],"acts_visited":["Exordium"],"potions_floor_usage":[],"damage_taken":[{"damage":5,"enemies":"Small Slimes","floor":1,"turns":4},{"damage":0,"enemies":"Cultist","floor":3,"turns":5},{"damage":1,"enemies":"Jaw Worm","floor":7,"turns":5},{"damage":4,"enemies":"Lagavulin","floor":11,"turns":9},{"damage":1,"enemies":"Blue Slaver","floor":12,"turns":4},{"damage":0,"enemies":"Exordium Wildlife","floor":13,"turns":5},{"damage":50,"enemies":"Hexaghost","floor":16,"turns":19}],"seed_played":"-8270286311044202817","potions_obtained":[],"is_trial":false,"path_per_floor":["M","$","M","?","?","R","M","R","T","R","E","M","M","?","R","B"],"character_chosen":"THE_SILENT","items_purchased":["Leg Sweep","Footwork"],"campfire_rested":0,"item_purchase_floors":[2,2],"current_hp_per_floor":[58,58,58,51,56,56,55,55,55,55,51,50,50,50,50,0,0],"gold":211,"neow_bonus":"BOSS_RELIC","is_daily":false,"chose_seed":false,"campfire_upgraded":4,"win_rate":0.0,"timestamp":1613583798,"path_taken":["M","$","M","?","?","R","M","R","T","R","E","M","M","?","R","BOSS"],"items_purchased_type":["Card","Card"],"build_version":"2020-12-22","purchased_purges":0,"victory":false,"max_hp_per_floor":[70,70,70,70,75,75,75,75,75,75,75,75,75,75,75,75,75],"card_choices":[{"not_picked":["Deadly Poison","Endless Agony"],"picked":"Quick Slash","floor":1},{"not_picked":["Slice","Deadly Poison","Prepared"],"picked":"SKIP","floor":3},{"not_picked":["Deadly Poison","Blade Dance","Deflect"],"picked":"SKIP","floor":7},{"not_picked":["Dodge and Roll","Deadly Poison"],"picked":"Backflip","floor":11},{"not_picked":["Outmaneuver","Prepared"],"picked":"Dagger Throw","floor":12},{"not_picked":["Grand Finale","Eviscerate"],"picked":"Footwork","floor":13}],"player_experience":932620,"relics_obtained":[{"floor":9,"key":"Bag of Preparation"},{"floor":11,"key":"Centennial Puzzle"}],"event_choices":[{"cards_removed":["Defend_G"],"damage_healed":0,"gold_gain":0,"player_choice":"Card Removal","damage_taken":7,"max_hp_gain":0,"max_hp_loss":0,"event_name":"Golden Wing","floor":4,"gold_loss":0},{"damage_healed":0,"gold_gain":0,"player_choice":"Donut","damage_taken":0,"max_hp_gain":5,"max_hp_loss":0,"event_name":"Big Fish","floor":5,"gold_loss":0},{"damage_healed":0,"gold_gain":100,"player_choice":"Pray","damage_taken":0,"max_hp_gain":0,"max_hp_loss":0,"event_name":"Golden Shrine","floor":14,"gold_loss":0}],"is_beta":false,"boss_relics":[],"items_purged_floors":[],"is_endless":false,"potions_floor_spawned":[11],"killed_by":"Hexaghost","ascension_level":10}}