{"host":"m09tgwt98r7ugp6s","time":1613575930,"event":{"mods":["Aspiration","BaseMod","Conspire","Energized Spire","FoggyMod","GifTheSpireLib","Halation","Hubris","HumanHunterMod(????mod)","Infinite Spire","Marisa????????","Minty Spire (QoL Compilation)","Potionbrewer","Replay The Spire","Spicy Shops","StSLib","Thieving Mod","Wandering Minibosses","[IsaacMod]????"],"gold_per_floor":[110,110,410,585,433,433,449,449,504,504,524,271,271,30,30,30,30],"floor_reached":16,"language":"ENG","playtime":382,"items_purged":["Regret","Doubt"],"score":96,"play_id":"d4ac6542-d8ee-47f9-8c5f-ad1b96d281f6","local_time":"20210217173210","is_ascension_mode":false,"campfire_choices":[{"data":"Zap","floor":6,"key":"SMITH"},{"data":"Undo","floor":8,"key":"SMITH"},{"floor":15,"key":"DIG"}],"circlet_count":0,"master_deck":["Strike_B","Strike_B","Strike_B","Defend_B","Defend_B","Defend_B+1","Defend_B","Zap+1","Dualcast","Undo+1","hubris:Ukulele","Gash","ReplaySolidLightProjector","Sweeping Beam"],"relics":["Cracked Core","HushsDoor","NeowsBlessing","YumHeart","Old Coin","Gremlin Food","Oddly Smooth Stone","Lizard Tail","Shovel","ReplayTheSpireMod:Ninjato"],"acts_visited":["Exordium"],"potions_floor_usage":[13],"damage_taken":[{"damage":0,"enemies":"Cultist","floor":1,"turns":1},{"damage":0,"enemies":"2 Louse","floor":7,"turns":1},{"damage":0,"enemies":"Jaw Worm","floor":11,"turns":1},{"damage":6,"enemies":"Gremlin Nob","floor":13,"turns":3},{"damage":100000080,"enemies":"Slime Boss","floor":16,"turns":12}],"seed_played":"-402825199946357117","potions_obtained":[{"floor":1,"key":"potionbrewer:FreezingPotion"}],"is_trial":false,"path_per_floor":["M","?","?","?","$","R","M","R","T","?","M","$","E","$","R","B"],"character_chosen":"DEFECT","items_purchased":["hubris:Ukulele","Oddly Smooth Stone","Lizard Tail","Shovel"],"campfire_rested":0,"item_purchase_floors":[5,12,14,14],"current_hp_per_floor":[75,75,75,75,75,75,75,75,75,75,75,75,69,69,69,0,0],"gold":30,"neow_bonus":"THREE_ENEMY_KILL","is_daily":false,"chose_seed":false,"campfire_upgraded":2,"win_rate":0.0,"timestamp":1613575930,"path_taken":["M","?","?","?","$","R","?","R","T","?","?","?","E","$","R","BOSS"],"items_purchased_type":["Card","Relic","Relic","Relic"],"build_version":"2020-12-22","purchased_purges":2,"victory":false,"max_hp_per_floor":[75,75,75,75,75,75,75,75,75,75,75,75,75,75,75,75,75],"card_choices":[{"not_picked":[],"picked":"SuicideKing","floor":0},{"not_picked":["Compile Driver","Panic Button"],"picked":"Undo","floor":1},{"not_picked":["All For One","FTL"],"picked":"Gash","floor":7},{"not_picked":["Redo","Cold Snap"],"picked":"Sweeping Beam","floor":11}],"player_experience":130199,"relics_obtained":[{"floor":9,"key":"Gremlin Food"},{"floor":15,"key":"ReplayTheSpireMod:Ninjato"}],"event_choices":[{"damage_healed":0,"gold_gain":0,"player_choice":"Box","damage_taken":0,"relics_obtained":["Old Coin"],"max_hp_gain":0,"max_hp_loss":0,"event_name":"Big Fish","floor":3,"gold_loss":0,"cards_obtained":["Regret"]},{"damage_healed":0,"gold_gain":175,"player_choice":"AGREE","damage_taken":0,"max_hp_gain":0,"max_hp_loss":0,"event_name":"Liars Game","floor":4,"gold_loss":0,"cards_obtained":["Doubt"]},{"damage_healed":0,"gold_gain":0,"cards_transformed":["Strike_B"],"player_choice":"Change","damage_taken":0,"max_hp_gain":0,"max_hp_loss":0,"event_name":"Living Wall","floor":10,"gold_loss":0,"cards_obtained":["ReplaySolidLightProjector"]}],"is_beta":false,"boss_relics":[],"items_purged_floors":[5,12],"is_endless":false,"potions_floor_spawned":[1],"killed_by":"Slime Boss","ascension_level":0}}