{"host":"y080dcqw8fj32q7d","time":1613588700,"event":{"mods":["AchievementEnabler","BaseMod","Colored Map","Colored Powertips","DeckTracker","Minty Spire (QoL Compilation)","Relic Sorter"],"gold_per_floor":[118,135,11,11,22,22,47,47,47,59,59,92,92,92,92,192,192,212,232,242,257,10,10,28,28,28,60,60,86,101,131,131,228,228,247,247,259,259,269,269,304,179,179,179,194,194,225,245,245,245,245],"floor_reached":50,"language":"ENG","playtime":3823,"items_purged":["Strike_R","Strike_R","Strike_R"],"score":649,"play_id":"be4a8699-457a-4d06-9b70-718068dca301","local_time":"20210217220500","is_ascension_mode":true,"campfire_choices":[{"data":"Metallicize","floor":6,"key":"SMITH"},{"floor":8,"key":"RECALL"},{"data":"Cleave","floor":11,"key":"SMITH"},{"data":"Cleave","floor":13,"key":"SMITH"},{"data":"Twin Strike","floor":15,"key":"SMITH"},{"data":"Feed","floor":23,"key":"SMITH"},{"data":"Shrug It Off","floor":25,"key":"SMITH"},{"floor":28,"key":"REST"},{"data":"Go for the Eyes","floor":32,"key":"SMITH"},{"floor":40,"key":"REST"},{"floor":44,"key":"REST"},{"data":"Creative AI","floor":49,"key":"SMITH"}],"circlet_count":0,"master_deck":["Strike_R","Defend_R+1","Defend_R","Defend_R+1","Bash","Metallicize+1","Headbutt","Cleave+1","Brutality","Shrug It Off+1","Cleave+1","Twin Strike+1","Sword Boomerang+1","Feed+1","Infernal Blade+1","Headbutt","Rebound","Go for the Eyes+1","Panache","Melter","Pain","Madness","Madness","SandsOfTime+1","EmptyFist","Creative AI+1"],"relics":["Burning Blood","Pen Nib","Bottled Tornado","War Paint","Centennial Puzzle","Sozu","PrismaticShard","CaptainsWheel","Meat on the Bone","Mango","Singing Bowl","Black Star","WarpedTongs","Ice Cream","Toy Ornithopter","Strawberry","Mummified Hand"],"acts_visited":["Exordium","TheCity","TheBeyond"],"potions_floor_usage":[7,7,29,33],"damage_taken":[{"damage":8,"enemies":"Jaw Worm","floor":1,"turns":5},{"damage":3,"enemies":"Cultist","floor":2,"turns":3},{"damage":1,"enemies":"Small Slimes","floor":5,"turns":3},{"damage":6,"enemies":"Gremlin Nob","floor":7,"turns":4},{"damage":8,"enemies":"Gremlin Gang","floor":10,"turns":3},{"damage":7,"enemies":"Lagavulin","floor":12,"turns":7},{"damage":51,"enemies":"The Guardian","floor":16,"turns":15},{"damage":2,"enemies":"3 Byrds","floor":18,"turns":3},{"damage":1,"enemies":"Chosen","floor":19,"turns":3},{"damage":5,"enemies":"Shelled Parasite and Fungi","floor":20,"turns":5},{"damage":4,"enemies":"Chosen and Byrds","floor":21,"turns":5},{"damage":13,"enemies":"Snecko","floor":24,"turns":5},{"damage":48,"enemies":"Gremlin Leader","floor":27,"turns":7},{"damage":21,"enemies":"Slavers","floor":29,"turns":5},{"damage":3,"enemies":"Centurion and Healer","floor":30,"turns":5},{"damage":8,"enemies":"Gremlin Leader","floor":31,"turns":5},{"damage":75,"enemies":"Champ","floor":33,"turns":15},{"damage":20,"enemies":"3 Darklings","floor":35,"turns":6},{"damage":15,"enemies":"3 Shapes","floor":37,"turns":5},{"damage":38,"enemies":"3 Darklings","floor":39,"turns":5},{"damage":54,"enemies":"Nemesis","floor":41,"turns":9},{"damage":17,"enemies":"Jaw Worm Horde","floor":45,"turns":3},{"damage":22,"enemies":"Reptomancer","floor":47,"turns":5},{"damage":15,"enemies":"Transient","floor":48,"turns":5},{"damage":94,"enemies":"Awakened One","floor":50,"turns":6}],"seed_played":"-5536823116956712968","potions_obtained":[{"floor":1,"key":"EssenceOfSteel"},{"floor":2,"key":"Explosive Potion"},{"floor":10,"key":"BlessingOfTheForge"},{"floor":16,"key":"Weak Potion"}],"is_trial":false,"path_per_floor":["M","M","$","?","M","R","E","R","T","M","R","E","R","?","R","B",null,"M","M","M","M","$","R","M","R","T","E","R","E","M","E","R","B",null,"M","?","M","?","M","R","E","$","T","R","M","?","E","M","R","B"],"character_chosen":"IRONCLAD","items_purchased":["Cleave","PrismaticShard"],"campfire_rested":3,"item_purchase_floors":[3,22],"current_hp_per_floor":[78,80,80,80,80,80,80,80,80,78,78,77,77,77,77,32,80,83,83,86,89,89,89,82,82,82,40,66,65,72,76,76,23,117,103,103,96,81,63,99,63,63,63,99,94,94,89,80,80,0,0],"gold":245,"neow_bonus":"RANDOM_COMMON_RELIC","is_daily":false,"chose_seed":false,"campfire_upgraded":8,"win_rate":0.0,"timestamp":1613588700,"path_taken":["M","M","$","?","?","R","E","R","T","M","R","E","R","?","R","BOSS","M","?","M","M","$","R","M","R","T","E","R","E","M","E","R","BOSS","M","?","?","?","M","R","E","$","T","R","M","?","E","M","R","BOSS"],"items_purchased_type":["Card","Relic"],"build_version":"2020-12-22","purchased_purges":3,"victory":false,"max_hp_per_floor":[80,80,80,80,80,80,80,80,80,80,80,80,80,80,80,80,80,83,83,86,89,89,89,89,89,89,89,89,103,107,113,113,117,117,117,117,119,119,121,121,121,121,121,121,127,127,138,138,138,142,142],"card_choices":[{"not_picked":["Cleave","Body Slam"],"picked":"Metallicize","floor":1},{"not_picked":["Disarm","Thunderclap"],"picked":"Headbutt","floor":2},{"not_picked":["Heavy Blade","Feel No Pain"],"picked":"Shrug It Off","floor":5},{"not_picked":["Clash","Power Through"],"picked":"Cleave","floor":7},{"not_picked":["Sentinel","Wild Strike"],"picked":"Twin Strike","floor":10},{"not_picked":["Body Slam","Burning Pact"],"picked":"Sword Boomerang","floor":12},{"not_picked":["Demon Form","Reaper"],"picked":"Feed","floor":16},{"not_picked":["Feel No Pain","Second Wind+1","Havoc+1"],"picked":"SKIP","floor":18},{"not_picked":["Feel No Pain+1","Dark Embrace+1","Wild Strike"],"picked":"SKIP","floor":19},{"not_picked":["Reckless Charge","Anger"],"picked":"Infernal Blade+1","floor":20},{"not_picked":["Sentinel","Rage"],"picked":"Headbutt","floor":21},{"not_picked":["EmptyBody","Compile Driver","Darkness"],"picked":"SKIP","floor":24},{"not_picked":["Catalyst","Distraction","Forethought+1"],"picked":"SKIP","floor":27},{"not_picked":["Thunderclap","Underhanded Strike"],"picked":"Rebound","floor":29},{"not_picked":["Forethought","Rebound"],"picked":"Go for the Eyes","floor":30},{"not_picked":["Flechettes","Steam","Setup"],"picked":"Singing Bowl","floor":31},{"not_picked":["Tools of the Trade","Metamorphosis"],"picked":"Panache","floor":33},{"not_picked":["Prostrate","Power Through+1"],"picked":"Melter","floor":35},{"not_picked":["Pommel Strike","Reckless Charge+1","Study+1"],"picked":"Singing Bowl","floor":37},{"not_picked":["Headbutt","Entrench+1","Halt+1"],"picked":"Singing Bowl","floor":39},{"not_picked":["Wild Strike","Cold Snap+1"],"picked":"SandsOfTime+1","floor":41},{"not_picked":["Reflex+1","Redo","Cloak And Dagger+1"],"picked":"Singing Bowl","floor":45},{"not_picked":["Rip and Tear","Barrage+1"],"picked":"EmptyFist","floor":47},{"not_picked":["Backflip+1","Reflex"],"picked":"Creative AI","floor":48}],"player_experience":325480,"relics_obtained":[{"floor":7,"key":"Bottled Tornado"},{"floor":9,"key":"War Paint"},{"floor":12,"key":"Centennial Puzzle"},{"floor":26,"key":"CaptainsWheel"},{"floor":27,"key":"Meat on the Bone"},{"floor":29,"key":"Mango"},{"floor":31,"key":"Singing Bowl"},{"floor":41,"key":"Ice Cream"},{"floor":41,"key":"Toy Ornithopter"},{"floor":47,"key":"Strawberry"},{"floor":47,"key":"Mummified Hand"}],"event_choices":[{"damage_healed":0,"gold_gain":0,"cards_transformed":["Strike_R"],"player_choice":"Transformed","damage_taken":0,"max_hp_gain":0,"max_hp_loss":0,"event_name":"Transmorgrifier","floor":4,"gold_loss":0,"cards_obtained":["Brutality"]},{"damage_healed":0,"gold_gain":0,"player_choice":"Upgraded","damage_taken":0,"max_hp_gain":0,"max_hp_loss":0,"event_name":"Upgrade Shrine","floor":14,"gold_loss":0,"cards_upgraded":["Sword Boomerang"]},{"damage_healed":0,"gold_gain":0,"player_choice":"Rummage","damage_taken":0,"relics_obtained":["WarpedTongs"],"max_hp_gain":0,"max_hp_loss":0,"event_name":"Accursed Blacksmith","floor":36,"gold_loss":0,"cards_obtained":["Pain"]},{"damage_healed":0,"gold_gain":0,"player_choice":"Embrace Madness","damage_taken":15,"max_hp_gain":0,"max_hp_loss":0,"event_name":"Winding Halls","floor":38,"gold_loss":0,"cards_obtained":["Madness","Madness"]},{"cards_removed":["Defend_R"],"damage_healed":0,"gold_gain":0,"player_choice":"Removed Skill","damage_taken":0,"max_hp_gain":0,"max_hp_loss":0,"event_name":"Falling","floor":46,"gold_loss":0}],"is_beta":false,"boss_relics":[{"not_picked":["Runic Cube","Philosopher\u0027s Stone"],"picked":"Sozu"},{"not_picked":["Tiny House","Coffee Dripper"],"picked":"Black Star"}],"items_purged_floors":[3,22,42],"is_endless":false,"potions_floor_spawned":[1,2,10,16,19,24,30,31,33,35,39,47],"killed_by":"Awakened One","ascension_level":1}}