{"host":"88gqw5ki7llrf2bp","time":1613537562,"event":{"mods":["BaseMod","Duelist Mod","Friendly Minions","Minty Spire (QoL Compilation)","Quick Restart","Rare Cards Sparkle","StSLib"],"gold_per_floor":[18,36,47,64,78,78,104,115,115,144,15,27,27,37,37,142,142,158,158,158,83,182,210,224,241,265,296,116,143,143,162,162,262,262,274,274,274,149,166,191,191,219,219,232,232,232,232,261,261,261,261,261,104,129,129],"floor_reached":56,"language":"ENG","playtime":2407,"items_purged":["theDuelist:Sparks","theDuelist:Sparks","theDuelist:CastleWalls"],"score":1580,"play_id":"f58e86b4-feb1-4e38-a45a-a61e632e32cf","local_time":"20210216225242","is_ascension_mode":false,"campfire_choices":[{"data":"theDuelist:GenesisDragon","floor":6,"key":"SMITH"},{"data":"theDuelist:DragonMastery","floor":13,"key":"SMITH"},{"data":"theDuelist:DragonMirror","floor":15,"key":"SMITH"},{"data":"theDuelist:TyrantWing","floor":32,"key":"SMITH"},{"floor":41,"key":"RECALL"},{"data":"theDuelist:GenesisDragon","floor":46,"key":"SMITH"},{"data":"theDuelist:GenesisDragon","floor":49,"key":"SMITH"},{"data":"theDuelist:GenesisDragon","floor":52,"key":"SMITH"}],"circlet_count":0,"master_deck":["theDuelist:BabyDragon","theDuelist:CastleWalls","theDuelist:CaveDragon","theDuelist:CaveDragon","theDuelist:LesserDragon","theDuelist:YamataDragon","theDuelist:DragonMastery+1","theDuelist:GenesisDragon+1","theDuelist:CyberDragonCore","theDuelist:BerserkScales","theDuelist:GenesisDragon+1","theDuelist:GenesisDragon+1","theDuelist:TwinHeadedFire","theDuelist:DragonMirror+1","theDuelist:LordD","theDuelist:GenesisDragon","theDuelist:LavaDragon","theDuelist:BackgroundDragon","theDuelist:CyberDragonVier","theDuelist:CoralDragon","theDuelist:GenesisDragon+1","theDuelist:ArmageddonDragonEmp","CurseOfTheBell","theDuelist:GenesisDragon+1","theDuelist:SilverWing","theDuelist:GenesisDragon","theDuelist:GenesisDragon+1","theDuelist:ChimeratechOverdragon+1","theDuelist:GenesisDragon+1","theDuelist:GenesisDragon+1","theDuelist:GenesisDragon+1","theDuelist:GenesisDragon+1","theDuelist:GenesisDragon+1","theDuelist:TyrantWing+1","theDuelist:GenesisDragon+1","theDuelist:GenesisDragon+1","theDuelist:GenesisDragon+1","theDuelist:BabyDragon+1","theDuelist:Nameless:Power:BerserkerCrush","theDuelist:GenesisDragon+1","theDuelist:GenesisDragon+1","theDuelist:GenesisDragon+1","theDuelist:GenesisDragon+1","theDuelist:GenesisDragon+1","theDuelist:ThunderDragon","theDuelist:GenesisDragon+1","theDuelist:GenesisDragon+1","theDuelist:GenesisDragon+1","theDuelist:GenesisDragon+1","theDuelist:GenesisDragon+1","theDuelist:GenesisDragon+1","theDuelist:GenesisDragon+1","theDuelist:GenesisDragon+1","theDuelist:WaterDragon+1","theDuelist:GenesisDragon+1","theDuelist:GenesisDragon+1","theDuelist:GenesisDragon+1","theDuelist:GenesisDragon+1","theDuelist:GenesisDragon+1","theDuelist:GenesisDragon+1","theDuelist:GenesisDragon+1","theDuelist:GenesisDragon+1","theDuelist:BarrelDragon","theDuelist:GenesisDragon+1","theDuelist:GenesisDragon+1","theDuelist:GenesisDragon+1","theDuelist:GenesisDragon+1","theDuelist:GenesisDragon+1","theDuelist:GenesisDragon+1","theDuelist:GenesisDragon+1","theDuelist:AncientGearGadjiltron+1","theDuelist:GenesisDragon+1","theDuelist:GenesisDragon+1","theDuelist:GenesisDragon+1","theDuelist:GenesisDragon+1","theDuelist:GenesisDragon+1","theDuelist:GenesisDragon+1","theDuelist:GenesisDragon+1","theDuelist:GenesisDragon+1","theDuelist:GenesisDragon+1","theDuelist:GenesisDragon+1","theDuelist:GenesisDragon+1","theDuelist:GenesisDragon+1","theDuelist:GenesisDragon+1","theDuelist:GenesisDragon+1","theDuelist:TyrantWing","theDuelist:GenesisDragon+1","theDuelist:GenesisDragon+1","theDuelist:GenesisDragon+1","theDuelist:GenesisDragon+1","theDuelist:GenesisDragon+1","theDuelist:GenesisDragon+1","theDuelist:GenesisDragon+1","theDuelist:GenesisDragon+1","theDuelist:GenesisDragon+1","theDuelist:GenesisDragon+1","theDuelist:GenesisDragon+1","theDuelist:GenesisDragon+1","theDuelist:GenesisDragon+1","theDuelist:GenesisDragon+1","theDuelist:GenesisDragon+1","theDuelist:GenesisDragon+1","theDuelist:GenesisDragon+1","theDuelist:GenesisDragon+1","theDuelist:GenesisDragon+1","theDuelist:TwinHeadedFire","theDuelist:GenesisDragon+1","theDuelist:GenesisDragon+1","theDuelist:GenesisDragon+1","theDuelist:GenesisDragon+1","theDuelist:GenesisDragon+1","theDuelist:GenesisDragon+1","theDuelist:GenesisDragon+1","theDuelist:GenesisDragon+1","theDuelist:GenesisDragon+1","theDuelist:GenesisDragon+1","theDuelist:GenesisDragon+1","theDuelist:GenesisDragon+1","theDuelist:GenesisDragon+1","theDuelist:GenesisDragon+1","theDuelist:GenesisDragon+1","theDuelist:GenesisDragon+1","theDuelist:GenesisDragon+1","theDuelist:GenesisDragon+1","theDuelist:GenesisDragon+1","theDuelist:GenesisDragon+1","theDuelist:GenesisDragon+1","theDuelist:GenesisDragon+1","theDuelist:GenesisDragon+1","theDuelist:GenesisDragon+1","theDuelist:GenesisDragon+1","theDuelist:GenesisDragon+1","theDuelist:GenesisDragon+1","theDuelist:GenesisDragon+1","theDuelist:GenesisDragon+1","theDuelist:GenesisDragon+1","theDuelist:GenesisDragon+1","theDuelist:GenesisDragon+1","theDuelist:GenesisDragon+1","theDuelist:GenesisDragon+1","theDuelist:GenesisDragon+1","theDuelist:GenesisDragon+1","theDuelist:GenesisDragon+1","theDuelist:GenesisDragon+1","theDuelist:GenesisDragon+1","theDuelist:GenesisDragon+1","theDuelist:GenesisDragon+1","theDuelist:GenesisDragon+1","theDuelist:GenesisDragon+1","theDuelist:GenesisDragon+1","theDuelist:GenesisDragon+1","theDuelist:GenesisDragon+1","theDuelist:GenesisDragon+1","theDuelist:GenesisDragon+1","theDuelist:GenesisDragon+1","theDuelist:GenesisDragon+1","theDuelist:GenesisDragon+1","theDuelist:GenesisDragon+1","theDuelist:GenesisDragon+1","theDuelist:GenesisDragon+1","theDuelist:GenesisDragon+1","theDuelist:GenesisDragon+1","theDuelist:GenesisDragon+1","theDuelist:GenesisDragon+1","theDuelist:GenesisDragon+1","theDuelist:GenesisDragon+1","theDuelist:GenesisDragon+1","theDuelist:GenesisDragon+1","theDuelist:GenesisDragon+1","theDuelist:GenesisDragon+1","theDuelist:GenesisDragon+1","theDuelist:GenesisDragon+1","theDuelist:GenesisDragon+1","theDuelist:GenesisDragon+1","theDuelist:GenesisDragon+1","theDuelist:GenesisDragon+1","theDuelist:GenesisDragon+1","theDuelist:GenesisDragon+1","theDuelist:GenesisDragon+1","theDuelist:GenesisDragon+1","theDuelist:GenesisDragon+1","theDuelist:GenesisDragon+1","theDuelist:GenesisDragon+1","theDuelist:GenesisDragon+1","theDuelist:GenesisDragon+1","theDuelist:GenesisDragon+1","theDuelist:GenesisDragon+1","theDuelist:GenesisDragon+1","theDuelist:GenesisDragon+1","theDuelist:GenesisDragon+1","theDuelist:GenesisDragon+1","theDuelist:GenesisDragon+1","theDuelist:GenesisDragon+1","theDuelist:GenesisDragon+1","theDuelist:GenesisDragon+1","theDuelist:GenesisDragon+1","theDuelist:GenesisDragon+1","theDuelist:GenesisDragon+1","theDuelist:GenesisDragon+1","theDuelist:GenesisDragon+1","theDuelist:GenesisDragon+1","theDuelist:GenesisDragon+1","theDuelist:GenesisDragon+1","theDuelist:GenesisDragon+1","theDuelist:GenesisDragon+1","theDuelist:GenesisDragon+1","theDuelist:GenesisDragon+1","theDuelist:GenesisDragon+1","theDuelist:GenesisDragon+1","theDuelist:GenesisDragon+1","theDuelist:GenesisDragon+1","theDuelist:GenesisDragon+1","theDuelist:GenesisDragon+1","theDuelist:GenesisDragon+1","theDuelist:GenesisDragon+1","theDuelist:GenesisDragon+1","theDuelist:GenesisDragon+1","theDuelist:GenesisDragon+1","theDuelist:GenesisDragon+1","theDuelist:GenesisDragon+1","theDuelist:GenesisDragon+1","theDuelist:GenesisDragon+1","theDuelist:GenesisDragon+1","theDuelist:GenesisDragon+1","theDuelist:GenesisDragon+1","theDuelist:GenesisDragon+1","theDuelist:GenesisDragon+1","theDuelist:GenesisDragon+1","theDuelist:GenesisDragon+1","theDuelist:GenesisDragon+1","theDuelist:GenesisDragon+1","theDuelist:GenesisDragon+1","theDuelist:GenesisDragon+1","theDuelist:GenesisDragon+1","theDuelist:GenesisDragon+1","theDuelist:GenesisDragon+1","theDuelist:GenesisDragon+1","theDuelist:GenesisDragon+1","theDuelist:GenesisDragon+1","theDuelist:GenesisDragon+1","theDuelist:GenesisDragon+1","theDuelist:GenesisDragon+1","theDuelist:GenesisDragon+1","theDuelist:GenesisDragon+1","theDuelist:GenesisDragon+1","theDuelist:GenesisDragon+1","theDuelist:GenesisDragon+1","theDuelist:GenesisDragon+1","theDuelist:GenesisDragon+1","theDuelist:GenesisDragon+1","theDuelist:GenesisDragon+1","theDuelist:GenesisDragon+1","theDuelist:GenesisDragon+1","theDuelist:GenesisDragon+1","theDuelist:GenesisDragon+1","theDuelist:GenesisDragon+1","theDuelist:GenesisDragon+1","theDuelist:GenesisDragon+1","theDuelist:GenesisDragon+1","theDuelist:GenesisDragon+1","theDuelist:GenesisDragon+1","theDuelist:GenesisDragon+1","theDuelist:GenesisDragon+1","theDuelist:GenesisDragon+1","theDuelist:GenesisDragon+1","theDuelist:GenesisDragon+1","theDuelist:GenesisDragon+1","theDuelist:GenesisDragon+1","theDuelist:GenesisDragon+1","theDuelist:GenesisDragon+1","theDuelist:GenesisDragon+1","theDuelist:GenesisDragon+1","theDuelist:GenesisDragon+1","theDuelist:GenesisDragon+1","theDuelist:GenesisDragon+1","theDuelist:GenesisDragon+1","theDuelist:GenesisDragon+1","theDuelist:GenesisDragon+1","theDuelist:GenesisDragon+1","theDuelist:GenesisDragon+1","theDuelist:GenesisDragon+1","theDuelist:GenesisDragon+1","theDuelist:GenesisDragon+1","theDuelist:GenesisDragon+1","theDuelist:GenesisDragon+1","theDuelist:GenesisDragon+1","theDuelist:GenesisDragon+1","theDuelist:GenesisDragon+1","theDuelist:GenesisDragon+1","theDuelist:GenesisDragon+1","theDuelist:GenesisDragon+1","theDuelist:GenesisDragon+1","theDuelist:GenesisDragon+1","theDuelist:GenesisDragon+1","theDuelist:GenesisDragon+1","theDuelist:GenesisDragon+1","theDuelist:GenesisDragon+1","theDuelist:GenesisDragon+1","theDuelist:GenesisDragon+1","theDuelist:GenesisDragon+1","theDuelist:GenesisDragon+1","theDuelist:GenesisDragon+1","theDuelist:GenesisDragon+1","theDuelist:GenesisDragon+1","theDuelist:GenesisDragon+1","theDuelist:GenesisDragon+1","theDuelist:GenesisDragon+1","theDuelist:GenesisDragon+1","theDuelist:GenesisDragon+1","theDuelist:GenesisDragon+1","theDuelist:GenesisDragon+1","theDuelist:GenesisDragon+1","theDuelist:GenesisDragon+1","theDuelist:GenesisDragon+1","theDuelist:GenesisDragon+1","theDuelist:GenesisDragon+1","theDuelist:GenesisDragon+1","theDuelist:GenesisDragon+1","theDuelist:GenesisDragon+1","theDuelist:GenesisDragon+1","theDuelist:GenesisDragon+1","theDuelist:GenesisDragon+1","theDuelist:GenesisDragon+1","theDuelist:GenesisDragon+1","theDuelist:GenesisDragon+1"],"relics":["theDuelist:MillenniumPuzzle","theDuelist:CardPoolRelic","theDuelist:CardPoolBasicRelic","theDuelist:BoosterPackPoolRelic","theDuelist:CardPoolAddRelic","theDuelist:CardPoolMinusRelic","theDuelist:CardPoolSaveRelic","theDuelist:CardPoolOptionsRelic","theDuelist:DuelistTeaSet","Bottled Flame","Bag of Marbles","Calling Bell","theDuelist:BoosterPackHealer","Ancient Tea Set","Charon\u0027s Ashes","Letter Opener","Gremlin Horn","theDuelist:MillenniumRod","Runic Dome","theDuelist:SummonAnchor","WingedGreaves","theDuelist:MillenniumArmor","Lantern","Vajra","Bronze Scales","Mango"],"acts_visited":["Exordium","TheCity","TheBeyond","TheEnding"],"potions_floor_usage":[7,10,55,55,55,55,55],"damage_taken":[{"damage":5,"enemies":"Jaw Worm","floor":1,"turns":3},{"damage":6,"enemies":"2 Louse","floor":2,"turns":2},{"damage":13,"enemies":"Small Slimes","floor":3,"turns":4},{"damage":11,"enemies":"Exordium Wildlife","floor":4,"turns":3},{"damage":0,"enemies":"Blue Slaver","floor":5,"turns":3},{"damage":9,"enemies":"3 Sentries","floor":7,"turns":6},{"damage":10,"enemies":"Exordium Thugs","floor":8,"turns":4},{"damage":16,"enemies":"Lagavulin","floor":10,"turns":6},{"damage":2,"enemies":"Looter","floor":12,"turns":2},{"damage":0,"enemies":"3 Louse","floor":14,"turns":2},{"damage":16,"enemies":"Slime Boss","floor":16,"turns":9},{"damage":0,"enemies":"Chosen","floor":18,"turns":2},{"damage":9,"enemies":"theDuelist:KaibaA2","floor":23,"turns":3},{"damage":10,"enemies":"2 Thieves","floor":24,"turns":3},{"damage":9,"enemies":"Centurion and Healer","floor":25,"turns":5},{"damage":5,"enemies":"Slavers","floor":27,"turns":2},{"damage":0,"enemies":"Book of Stabbing","floor":29,"turns":1},{"damage":0,"enemies":"Shelled Parasite and Fungi","floor":31,"turns":1},{"damage":0,"enemies":"Automaton","floor":33,"turns":2},{"damage":0,"enemies":"3 Darklings","floor":35,"turns":1},{"damage":0,"enemies":"Orb Walker","floor":39,"turns":1},{"damage":0,"enemies":"Nemesis","floor":40,"turns":1},{"damage":0,"enemies":"Giant Head","floor":42,"turns":2},{"damage":0,"enemies":"3 Darklings","floor":44,"turns":1},{"damage":0,"enemies":"Reptomancer","floor":48,"turns":1},{"damage":64,"enemies":"Time Eater","floor":50,"turns":6},{"damage":2,"enemies":"Shield and Spear","floor":54,"turns":2},{"damage":77,"enemies":"The Heart","floor":55,"turns":4}],"seed_played":"-3641222704300394492","potions_obtained":[{"floor":1,"key":"PowerPotion"},{"floor":2,"key":"Dexterity Potion"},{"floor":5,"key":"theDuelist:GiftPotion"},{"floor":7,"key":"GamblersBrew"},{"floor":16,"key":"theDuelist:OrbBottle"},{"floor":24,"key":"EntropicBrew"},{"floor":29,"key":"CultistPotion"},{"floor":44,"key":"theDuelist:BabyPotion"}],"is_trial":false,"path_per_floor":["M","M","M","M","M","R","E","M","T","E","$","M","R","M","R","B",null,"M","?","?","$","?","E","M","M","T","E","$","E","?","M","R","B",null,"M","?","?","$","M","E","R","E","T","M","?","R","$","E","R","B",null,"R","$","E","B",null],"character_chosen":"THE_DUELIST","items_purchased":["theDuelist:BackgroundDragon","theDuelist:CyberDragonVier","theDuelist:TyrantWing","Bronze Scales"],"campfire_rested":0,"item_purchase_floors":[11,11,28,53],"current_hp_per_floor":[75,69,56,45,45,45,36,26,26,24,24,22,22,22,22,6,80,80,65,65,65,65,56,46,41,41,40,40,40,40,44,44,44,85,85,85,85,85,85,85,85,85,85,85,85,85,85,85,85,21,85,85,85,97,20],"gold":129,"neow_bonus":"THREE_RARE_CARDS","is_daily":false,"chose_seed":false,"campfire_upgraded":7,"win_rate":0.0,"timestamp":1613537562,"path_taken":["M","M","M","M","M","R","E","M","T","E","$","M","R","M","R","BOSS","M","?","?","?","?","E","M","?","T","E","$","E","?","M","R","BOSS","M","?","?","$","M","E","R","E","T","?","?","R","$","E","R","BOSS","R","$","E","BOSS"],"items_purchased_type":["Card","Card","Card","Relic"],"build_version":"2020-12-22","purchased_purges":3,"victory":true,"max_hp_per_floor":[80,80,80,80,80,80,80,80,80,80,80,80,80,80,80,80,80,80,85,85,85,85,85,85,85,85,85,85,85,85,85,85,85,85,85,85,85,85,85,85,85,85,85,85,85,85,85,85,85,85,85,85,85,99,99],"card_choices":[{"not_picked":["theDuelist:StardustDragon","theDuelist:CyberDragonInfinity"],"picked":"theDuelist:DragonMastery","floor":0},{"not_picked":["theDuelist:BlackBrachios","theDuelist:CoralDragon","theDuelist:DragonPiper","theDuelist:TrihornedDragon"],"picked":"theDuelist:GenesisDragon","floor":1},{"not_picked":["theDuelist:BlackBrutdrago","theDuelist:Hydrogeddon","theDuelist:CoralDragon","theDuelist:WhiteHornDragon"],"picked":"theDuelist:CyberDragonCore","floor":2},{"not_picked":["theDuelist:TailSwipe","theDuelist:SurvivalFittest","theDuelist:StardustDragon","theDuelist:DefensiveTactics"],"picked":"theDuelist:BerserkScales","floor":3},{"not_picked":["theDuelist:MaskedDragon","theDuelist:HazyFlameHydra","theDuelist:Beatraptor","theDuelist:Hydrogeddon"],"picked":"theDuelist:GenesisDragon","floor":4},{"not_picked":["theDuelist:MadSwordBeast","theDuelist:WhiteNightDragon","theDuelist:CyberDragon","theDuelist:ArmedDragon5"],"picked":"theDuelist:TwinHeadedFire","floor":5},{"not_picked":["theDuelist:YamataDragon","theDuelist:Hydrogeddon","theDuelist:DefenseZone","theDuelist:CyberDragonNachster"],"picked":"theDuelist:DragonMirror","floor":7},{"not_picked":["theDuelist:Pyrorex","theDuelist:Freezadon","theDuelist:AncientPixieDragon","theDuelist:AxeDespair"],"picked":"theDuelist:LordD","floor":8},{"not_picked":["theDuelist:RedHeadedOni","theDuelist:GoldSarcophagus","theDuelist:Frostosaurus","theDuelist:WaterDragonCluster"],"picked":"theDuelist:LavaDragon","floor":10},{"not_picked":["theDuelist:BlackStego","theDuelist:SphereChaos","theDuelist:CyberDragonCore","theDuelist:MoltenDestruction"],"picked":"theDuelist:CoralDragon","floor":12},{"not_picked":["theDuelist:RainbowOverdragon","theDuelist:LabyrinthWall","theDuelist:GreyGreedOni","theDuelist:RainbowBridge","theDuelist:DarkFactory"],"picked":"SKIP","floor":14},{"not_picked":["theDuelist:StardustDragon","theDuelist:LostWorld","theDuelist:GaiaDragonChamp","theDuelist:CyberDragonInfinity"],"picked":"theDuelist:ArmageddonDragonEmp","floor":16},{"not_picked":["theDuelist:RainbowOverdragon","theDuelist:RainbowBridge","theDuelist:LabyrinthWall","theDuelist:Terraforming","theDuelist:Jinzo"],"picked":"SKIP","floor":18},{"not_picked":["theDuelist:GalaxySoldier","theDuelist:CyberLaserDragon","theDuelist:AutorokketDragon+1"],"picked":"theDuelist:SilverWing","floor":23},{"not_picked":["theDuelist:StardustDragon","theDuelist:QueenDragunDjinn","theDuelist:Lancephorhynchus","theDuelist:GaiaDragonChamp"],"picked":"theDuelist:ChimeratechOverdragon+1","floor":24},{"not_picked":["theDuelist:RedEyesZombie","theDuelist:BerserkerSoul","theDuelist:TwinHeadedFire","theDuelist:AncientRules","theDuelist:MiraculousDescent"],"picked":"SKIP","floor":25},{"not_picked":["theDuelist:StampingDestruction","theDuelist:SpiralSpearStrike","theDuelist:EvolutionBurst","theDuelist:BerserkerSoul","theDuelist:Dracocension"],"picked":"SKIP","floor":27},{"not_picked":["theDuelist:Hydrogeddon","theDuelist:HazyFlameHydra","theDuelist:LordD","theDuelist:CyberTwinDragon"],"picked":"theDuelist:BabyDragon+1","floor":29},{"not_picked":["theDuelist:RedEyes","theDuelist:MythicWaterDragon","theDuelist:InfernityDoomDragon","theDuelist:ExploderDragon"],"picked":"theDuelist:ThunderDragon","floor":31},{"not_picked":["theDuelist:SeismicShockwave","theDuelist:Scapegoat","theDuelist:DragonMastery","theDuelist:DoomkaiserDragon"],"picked":"theDuelist:WaterDragon+1","floor":33},{"not_picked":["theDuelist:CyberValley","theDuelist:BusterBlader","theDuelist:BlackStego+1","theDuelist:Beatraptor+1"],"picked":"theDuelist:BarrelDragon","floor":35},{"not_picked":["theDuelist:MadSwordBeast+1","theDuelist:StarlightRoad+1","theDuelist:SnowDragon","theDuelist:CyberEmergency"],"picked":"theDuelist:AncientGearGadjiltron+1","floor":39},{"not_picked":["theDuelist:VeilDarkness+2","theDuelist:SpiralSpearStrike+1","theDuelist:DefenseDraw","theDuelist:DragonCaptureJar"],"picked":"theDuelist:TyrantWing","floor":40},{"not_picked":["theDuelist:YamataDragon","theDuelist:Kabazauls+1","theDuelist:Beatraptor+1","theDuelist:FireDarts+1"],"picked":"theDuelist:TwinHeadedFire","floor":42},{"not_picked":["theDuelist:MaskedDragon+1","theDuelist:FrostflameDragon","theDuelist:CyberDinosaur+1","theDuelist:AncientPixieDragon","theDuelist:FangCritias"],"picked":"SKIP","floor":44},{"not_picked":["theDuelist:MaskedDragon+1","theDuelist:FrostflameDragon","theDuelist:CyberDinosaur+1","theDuelist:AncientPixieDragon","theDuelist:FangCritias"],"picked":"SKIP","floor":44},{"not_picked":["theDuelist:ViceDragon+1","theDuelist:Kabazauls+1","theDuelist:CyberValley+1","theDuelist:BlackStego+1","theDuelist:CyberDinosaur"],"picked":"SKIP","floor":48},{"not_picked":["theDuelist:ViceDragon+1","theDuelist:LesserDragon+1","theDuelist:BlackPtera+1","theDuelist:BlackBrutdrago+1","theDuelist:Pyrorex+1"],"picked":"SKIP","floor":54}],"player_experience":1657659,"relics_obtained":[{"floor":7,"key":"theDuelist:DuelistTeaSet"},{"floor":9,"key":"Bottled Flame"},{"floor":10,"key":"Bag of Marbles"},{"floor":17,"key":"theDuelist:BoosterPackHealer"},{"floor":17,"key":"Ancient Tea Set"},{"floor":17,"key":"Charon\u0027s Ashes"},{"floor":23,"key":"Letter Opener"},{"floor":27,"key":"Gremlin Horn"},{"floor":29,"key":"theDuelist:MillenniumRod"},{"floor":37,"key":"theDuelist:SummonAnchor"},{"floor":40,"key":"WingedGreaves"},{"floor":42,"key":"theDuelist:MillenniumArmor"},{"floor":43,"key":"Lantern"},{"floor":48,"key":"Vajra"},{"floor":54,"key":"Mango"}],"event_choices":[{"damage_healed":0,"gold_gain":0,"player_choice":"Shed Blood","damage_taken":20,"max_hp_gain":5,"max_hp_loss":0,"event_name":"Forgotten Altar","floor":19,"gold_loss":0},{"damage_healed":0,"gold_gain":0,"player_choice":"Leave","duelist":true,"damage_taken":0,"max_hp_gain":0,"max_hp_loss":0,"event_name":"Egyptian Village","floor":20,"gold_loss":0},{"damage_healed":0,"gold_gain":99,"player_choice":"Stole From Cult","damage_taken":0,"max_hp_gain":0,"max_hp_loss":0,"event_name":"Nest","floor":22,"gold_loss":0},{"power_reward":4,"total_magic_score":64,"gold_gain":0,"duelist":true,"damage_taken":0,"relics_obtained":[],"points":5,"max_hp_gain":0,"max_hp_loss":0,"spent_points":{"magic":1,"greed":0,"war":0,"power":4,"hunger":0},"event_name":"Nameless Tomb","floor":30,"gold_loss":0,"cards_obtained":["theDuelist:Nameless:Power:BerserkerCrush"]},{"damage_healed":0,"gold_gain":0,"player_choice":"Ignored","damage_taken":0,"max_hp_gain":0,"max_hp_loss":0,"event_name":"Tomb of Lord Red Mask","floor":36,"gold_loss":0},{"damage_healed":0,"gold_gain":0,"player_choice":"Relic","damage_taken":0,"max_hp_gain":0,"max_hp_loss":0,"event_name":"Wheel of Change","floor":37,"gold_loss":0},{"cards_removed":["theDuelist:LesserDragon"],"damage_healed":0,"gold_gain":0,"player_choice":"Removed Attack","damage_taken":0,"max_hp_gain":0,"max_hp_loss":0,"event_name":"Falling","floor":45,"gold_loss":0}],"is_beta":false,"boss_relics":[{"not_picked":["Mark of Pain","theDuelist:GamblerChip"],"picked":"Calling Bell"},{"not_picked":["Snecko Eye","Tiny House"],"picked":"Runic Dome"}],"items_purged_floors":[21,28,38],"is_endless":false,"potions_floor_spawned":[1,2,5,7,16,23,24,29,33,40,44,48,54],"ascension_level":0}}