{"host":"khwpnvgc3av0w6xd","time":1613597404,"event":{"mods":["BaseMod","Block Reminder","Colored Map","DeckTracker","Highlight Path","Minty Spire (QoL Compilation)","Quick Restart"],"gold_per_floor":[109,284,304,304,304,323,341,359,359,378,115,125,125,159,159,258,258,268,268,268],"floor_reached":19,"language":"DEU","playtime":1288,"items_purged":["Strike_G"],"score":197,"play_id":"a6e31c88-f78a-4a93-830a-9a843e41a409","local_time":"20210217223004","is_ascension_mode":true,"campfire_choices":[{"floor":13.0,"key":"REST"},{"floor":15.0,"key":"REST"}],"circlet_count":0,"master_deck":["Strike_G","Strike_G","Strike_G","Strike_G","Defend_G+1","Defend_G","Defend_G","Defend_G","Defend_G","Survivor","Neutralize+1","Outmaneuver","Noxious Fumes+1","Doubt","PiercingWail","Poisoned Stab","Backflip","Burst","Adrenaline","Bane","Tactician","Blur","Bullet Time","Acrobatics"],"relics":["Ring of the Snake","Oddly Smooth Stone","Coffee Dripper"],"acts_visited":["Exordium","TheCity"],"potions_floor_usage":[],"damage_taken":[{"damage":10.0,"enemies":"Jaw Worm","floor":1.0,"turns":8.0},{"damage":7.0,"enemies":"Small Slimes","floor":3.0,"turns":6.0},{"damage":2.0,"enemies":"Cultist","floor":6.0,"turns":4.0},{"damage":7.0,"enemies":"Looter","floor":7.0,"turns":4.0},{"damage":6.0,"enemies":"Exordium Thugs","floor":8.0,"turns":7.0},{"damage":4.0,"enemies":"2 Fungi Beasts","floor":10.0,"turns":4.0},{"damage":6.0,"enemies":"Looter","floor":12.0,"turns":4.0},{"damage":28.0,"enemies":"Gremlin Nob","floor":14.0,"turns":5.0},{"damage":8.0,"enemies":"Hexaghost","floor":16.0,"turns":11.0},{"damage":20,"enemies":"3 Byrds","floor":18,"turns":8},{"damage":55,"enemies":"Masked Bandits","floor":19,"turns":5}],"seed_played":"-120700285874507652","potions_obtained":[{"floor":1.0,"key":"Ancient Potion"},{"floor":7.0,"key":"GamblersBrew"}],"is_trial":false,"path_per_floor":["M","?","M","?","?","M","M","M","T","M","$","M","R","E","R","B",null,"M","?"],"character_chosen":"THE_SILENT","items_purchased":["Adrenaline","Bane"],"campfire_rested":2,"item_purchase_floors":[11,11],"current_hp_per_floor":[60,60,53,39,39,37,30,24,24,20,20,14,35,7,28,20,70,50,0,0],"gold":268,"neow_bonus":"THREE_CARDS","is_daily":false,"chose_seed":false,"campfire_upgraded":0,"win_rate":0.0,"timestamp":1613597404,"path_taken":["M","?","M","?","?","M","?","M","T","M","$","M","R","E","R","BOSS","M","?"],"items_purchased_type":["Card","Card"],"build_version":"2020-12-22","purchased_purges":1,"victory":false,"max_hp_per_floor":[70,70,70,70,70,70,70,70,70,70,70,70,70,70,70,70,70,70,70,70],"card_choices":[{"not_picked":["Distraction","PiercingWail"],"picked":"Outmaneuver","floor":0.0},{"not_picked":["Well Laid Plans","Distraction"],"picked":"Noxious Fumes","floor":1.0},{"not_picked":["Quick Slash","Sucker Punch"],"picked":"PiercingWail","floor":3.0},{"not_picked":["Backstab","Predator"],"picked":"Poisoned Stab","floor":6.0},{"not_picked":["Dodge and Roll","Sucker Punch"],"picked":"Backflip","floor":7.0},{"not_picked":["Slice","Dagger Throw"],"picked":"Burst","floor":8.0},{"not_picked":["Outmaneuver","Dagger Spray","Backflip"],"picked":"SKIP","floor":10.0},{"not_picked":["Masterful Stab","Flying Knee"],"picked":"Tactician","floor":12.0},{"not_picked":["Sucker Punch","Expertise"],"picked":"Blur","floor":14.0},{"not_picked":["Unload","Storm of Steel"],"picked":"Bullet Time","floor":16.0},{"not_picked":["Outmaneuver","Slice"],"picked":"Acrobatics","floor":18}],"player_experience":97217,"relics_obtained":[{"floor":14.0,"key":"Oddly Smooth Stone"}],"event_choices":[{"damage_healed":0.0,"max_hp_gain":0.0,"max_hp_loss":0.0,"gold_gain":175.0,"event_name":"Liars Game","player_choice":"AGREE","floor":2.0,"gold_loss":0.0,"damage_taken":0.0,"cards_obtained":["Doubt"]},{"damage_healed":0.0,"max_hp_gain":0.0,"max_hp_loss":0.0,"gold_gain":0.0,"event_name":"Shining Light","player_choice":"Entered Light","floor":4.0,"gold_loss":0.0,"damage_taken":14.0,"cards_upgraded":["Defend_G","Noxious Fumes"]},{"damage_healed":0.0,"max_hp_gain":0.0,"max_hp_loss":0.0,"gold_gain":0.0,"event_name":"Living Wall","player_choice":"Grow","floor":5.0,"gold_loss":0.0,"damage_taken":0.0,"cards_upgraded":["Neutralize"]},{"damage_healed":0,"gold_gain":0,"player_choice":"Fought Bandits","damage_taken":0,"max_hp_gain":0,"max_hp_loss":0,"event_name":"Masked Bandits","floor":19,"gold_loss":0}],"is_beta":false,"boss_relics":[{"not_picked":["Velvet Choker","SacredBark"],"picked":"Coffee Dripper"}],"items_purged_floors":[11],"is_endless":false,"potions_floor_spawned":[1,7],"killed_by":"Masked Bandits","ascension_level":3}}