{"host":"oigynbtg272c19pw","time":1613582633,"event":{"mods":["BaseMod","Colored Map","Minty Spire (QoL Compilation)","Relic Stats","Slay the Relics Exporter","StSLib"],"gold_per_floor":[117,14,24,40,58,58,87,87,87,119,132,182,193,226,226,226,226],"floor_reached":16,"playtime":612,"items_purged":[],"score":244,"play_id":"74232d44-f4ce-475a-93b0-5538b7d15295","local_time":"20210217182353","is_ascension_mode":true,"campfire_choices":[{"data":"Carnage","floor":6.0,"key":"SMITH"},{"data":"Dark Embrace","floor":8.0,"key":"SMITH"},{"floor":15,"key":"REST"}],"circlet_count":0,"master_deck":["AscendersBane","Strike_R","Strike_R","Strike_R","Strike_R","Strike_R","Defend_R","Defend_R","Defend_R","Defend_R","Bash","Shockwave","Dark Embrace+1","Iron Wave","Shockwave","Carnage+1","Pummel","Ghostly Armor","Feed","Fire Breathing","Dual Wield","Reaper"],"relics":["Burning Blood","Regal Pillow","CaptainsWheel","Ice Cream","Question Card","Paper Frog"],"acts_visited":["Exordium"],"potions_floor_usage":[16],"damage_taken":[{"damage":2.0,"enemies":"Cultist","floor":1.0,"turns":4.0},{"damage":7.0,"enemies":"Small Slimes","floor":3.0,"turns":4.0},{"damage":4.0,"enemies":"Jaw Worm","floor":4.0,"turns":4.0},{"damage":1.0,"enemies":"2 Fungi Beasts","floor":5.0,"turns":4.0},{"damage":22.0,"enemies":"Gremlin Nob","floor":7.0,"turns":4.0},{"damage":35.0,"enemies":"3 Sentries","floor":10.0,"turns":8.0},{"damage":21.0,"enemies":"Lots of Slimes","floor":11.0,"turns":5.0},{"damage":4,"enemies":"3 Louse","floor":13,"turns":3},{"damage":22,"enemies":"Gremlin Nob","floor":14,"turns":5},{"damage":35,"enemies":"Hexaghost","floor":16,"turns":9}],"seed_played":"-9196441993527488575","potions_obtained":[{"floor":4.0,"key":"FearPotion"},{"floor":10.0,"key":"Ancient Potion"},{"floor":14,"key":"Block Potion"}],"is_trial":false,"path_per_floor":["M","$","M","M","M","R","E","R","T","E","M","?","M","E","R","B"],"character_chosen":"IRONCLAD","items_purchased":["Dark Embrace","Iron Wave"],"campfire_rested":1,"item_purchase_floors":[2,2],"current_hp_per_floor":[72,72,71,73,75,75,59,59,59,30,18,18,23,7,46,18,18],"gold":226,"neow_bonus":"RANDOM_COMMON_RELIC","is_daily":false,"chose_seed":false,"campfire_upgraded":2,"win_rate":0.0,"timestamp":1613582633,"path_taken":["M","$","?","M","M","R","E","R","T","E","M","?","M","E","R","BOSS"],"items_purchased_type":["Card","Card"],"build_version":"2020-12-13","purchased_purges":0,"victory":false,"max_hp_per_floor":[75,75,75,75,75,75,75,75,75,75,78,78,81,81,81,81,81],"relic_stats":{"Regal Pillow":15,"counters":[10,50],"Question Card":3,"obtain_stats":[{"Ice Cream":9,"Regal Pillow":0,"CaptainsWheel":7,"Question Card":10,"Burning Blood":0,"Paper Frog":14},{"Ice Cream":5,"Regal Pillow":0,"CaptainsWheel":5,"Question Card":6,"Burning Blood":0,"Paper Frog":9},{"Ice Cream":20,"Regal Pillow":0,"CaptainsWheel":20,"Question Card":28,"Burning Blood":0,"Paper Frog":41}],"Burning Blood":51},"card_choices":[{"not_picked":["Twin Strike","Armaments"],"picked":"Shockwave","floor":1.0},{"not_picked":["Thunderclap","Heavy Blade"],"picked":"Shockwave","floor":3.0},{"not_picked":["Infernal Blade","Perfected Strike"],"picked":"Carnage","floor":4.0},{"not_picked":["Seeing Red","Infernal Blade"],"picked":"Pummel","floor":5.0},{"not_picked":["Wild Strike","Heavy Blade"],"picked":"Ghostly Armor","floor":7.0},{"not_picked":["Flex","Headbutt"],"picked":"Feed","floor":10.0},{"not_picked":["Shrug It Off","Inflame","Flex"],"picked":"Fire Breathing","floor":11.0},{"not_picked":["Clash","Combust","Thunderclap"],"picked":"Dual Wield","floor":13},{"not_picked":["Warcry","Thunderclap","Iron Wave"],"picked":"Reaper","floor":14}],"player_experience":1620623,"relics_obtained":[{"floor":7.0,"key":"CaptainsWheel"},{"floor":9.0,"key":"Ice Cream"},{"floor":10.0,"key":"Question Card"},{"floor":14,"key":"Paper Frog"}],"event_choices":[{"damage_healed":0.0,"max_hp_gain":0.0,"max_hp_loss":0.0,"gold_gain":50.0,"event_name":"Golden Shrine","player_choice":"Pray","floor":12.0,"gold_loss":0.0,"damage_taken":0.0}],"is_beta":false,"boss_relics":[],"items_purged_floors":[],"is_endless":false,"potions_floor_spawned":[4,10,14],"killed_by":"Hexaghost","ascension_level":20}}