{"host":"0kk91h4bq4kgfj0u","time":1613579092,"event":{"mods":["BaseMod","Bestiary","Block Reminder","Colored Map","Colored Powertips","Curses Come First","Downfall","Highlight Path","Minty Spire (QoL Compilation)","Relic Stats","StSLib"],"gold_per_floor":[99,112,122,136,136,148,194,94,125,141,159,159,174,186,196,296,296,296,314,7,21,36,136,212,212,228,255,255,274,274,274,293,293,293,293],"floor_reached":33,"language":"ENG","playtime":1459,"items_purged":[],"score":289,"play_id":"9607962f-ba23-4e87-8cb6-cdc6dd7f0bf3","local_time":"20210217112452","is_ascension_mode":true,"campfire_choices":[{"floor":1,"key":"RECALL"},{"data":"bronze:Goto","floor":8,"key":"SMITH"},{"data":"bronze:DelayedSlice","floor":12,"key":"SMITH"},{"data":"bronze:DelayedGuard","floor":18,"key":"SMITH"},{"data":"bronze:BronzeArmor","floor":25,"key":"SMITH"},{"floor":28,"key":"REST"},{"floor":30,"key":"REST"}],"circlet_count":0,"master_deck":["bronze:Strike","bronze:Strike","bronze:Strike","bronze:Strike","bronze:Defend","bronze:Defend","bronze:Defend","bronze:Defend","bronze:Replicate","bronze:Goto+1","bronze:DelayedSlice+1","bronze:DelayedGuard+1","bronze:Shield","bronze:Constructor","bronze:CutThrough","bronze:Separator","bronze:Turbo","bronze:BronzeArmor+1","bronze:DigitalCarnage","bronze:WhirlingStrike","bronze:Mutator+1","bronze:BugBarrage+1","bronze:GetLatest+1","bronze:Optimize+1","expansioncontent:YouAreMine","bronze:WildBeam","bronze:Branch","bronze:BuggyMess","bronze:Overheat+1","bronze:GetLatest+1","bronze:Constructor+1"],"relics":["bronze:BronzeCore","Mercury Hourglass","downfall:HeartBlessingRed","Frozen Egg 2","SacredBark","Lantern","downfall:GremlinWheel","HornCleat","Toxic Egg 2","downfall:RedIOU"],"acts_visited":["Exordium","TheCity"],"potions_floor_usage":[32,33],"damage_taken":[{"damage":5,"enemies":"Cultist","floor":2,"turns":4},{"damage":0,"enemies":"Small Slimes","floor":3,"turns":3},{"damage":1,"enemies":"Jaw Worm","floor":4,"turns":3},{"damage":3,"enemies":"Blue Slaver","floor":6,"turns":3},{"damage":6,"enemies":"Lagavulin","floor":9,"turns":6},{"damage":0,"enemies":"Red Slaver","floor":10,"turns":2},{"damage":0,"enemies":"Large Slime","floor":11,"turns":3},{"damage":0,"enemies":"Lots of Slimes","floor":13,"turns":1},{"damage":7,"enemies":"Blue Slaver","floor":14,"turns":2},{"damage":0,"enemies":"2 Fungi Beasts","floor":15,"turns":2},{"damage":8,"enemies":"SI_SHIV_ARCHETYPE","floor":16,"turns":7},{"damage":5,"enemies":"Chosen","floor":19,"turns":4},{"damage":5,"enemies":"downfall:FleeingMerchant","floor":20,"turns":4},{"damage":0,"enemies":"Spheric Guardian","floor":21,"turns":2},{"damage":0,"enemies":"Chosen and Byrds","floor":22,"turns":4},{"damage":0,"enemies":"Chosen and Byrds","floor":23,"turns":2},{"damage":14,"enemies":"Centurion and Healer","floor":26,"turns":5},{"damage":14,"enemies":"Book of Stabbing","floor":27,"turns":5},{"damage":16,"enemies":"Shelled Parasite and Fungi","floor":29,"turns":3},{"damage":0,"enemies":"Sentry and Sphere","floor":32,"turns":5},{"damage":101,"enemies":"WA_ARCHETYPE_CALM","floor":33,"turns":10}],"seed_played":"-195062111540406038","potions_obtained":[{"floor":3,"key":"GamblersBrew"},{"floor":6,"key":"LiquidBronze"},{"floor":10,"key":"Regen Potion"},{"floor":22,"key":"Block Potion"}],"is_trial":false,"path_per_floor":["R","M","M","M","T","M","T","R","E","M","M","R","M","M","M","B",null,"R","M","$","M","M","?","T","R","M","E","R","M","R","?","M","B"],"character_chosen":"THE_AUTOMATON","items_purchased":["bronze:Optimize+1","Lantern","expansioncontent:YouAreMine"],"campfire_rested":2,"item_purchase_floors":[20,20,20],"current_hp_per_floor":[77,72,72,71,71,68,68,68,62,62,62,62,62,55,55,47,77,77,72,67,67,67,67,67,67,53,39,62,46,69,69,69,0,0,0],"gold":293,"neow_bonus":"TEN_PERCENT_HP_BONUS","is_daily":false,"chose_seed":false,"campfire_upgraded":4,"win_rate":0.0,"timestamp":1613579092,"path_taken":["R","M","?","M","?","M","T","R","E","M","M","R","M","M","M","BOSS","R","M","$","M","M","?","T","R","?","E","R","M","R","?","M","BOSS"],"items_purchased_type":["Card","Relic","Card"],"build_version":"2020-12-22","purchased_purges":0,"victory":false,"max_hp_per_floor":[77,77,77,77,77,77,77,77,77,77,77,77,77,77,77,77,77,77,77,77,77,77,77,77,77,77,77,77,77,77,77,77,77,77,77],"relic_stats":{"counters":[21,79],"obtain_stats":[{"Lantern":20,"bronze:BronzeCore":0,"downfall:GremlinWheel":23,"HornCleat":24,"downfall:HeartBlessingRed":8,"SacredBark":17,"downfall:RedIOU":31,"Bag of Preparation":7,"Frozen Egg 2":9,"Toxic Egg 2":27,"Mercury Hourglass":5},{"Lantern":13,"bronze:BronzeCore":0,"downfall:GremlinWheel":16,"HornCleat":16,"downfall:HeartBlessingRed":4,"SacredBark":11,"downfall:RedIOU":19,"Bag of Preparation":4,"Frozen Egg 2":5,"Toxic Egg 2":18,"Mercury Hourglass":3},{"Lantern":44,"bronze:BronzeCore":0,"downfall:GremlinWheel":51,"HornCleat":51,"downfall:HeartBlessingRed":13,"SacredBark":36,"downfall:RedIOU":64,"Bag of Preparation":13,"Frozen Egg 2":19,"Toxic Egg 2":61,"Mercury Hourglass":10}],"Mercury Hourglass":[167]},"card_choices":[{"not_picked":["bronze:WildBeam","bronze:DelayedGuard"],"picked":"bronze:DelayedSlice","floor":2},{"not_picked":["bronze:Philosophize","bronze:Invalidate"],"picked":"bronze:DelayedGuard","floor":3},{"not_picked":["bronze:DelayedSlice","bronze:DelayedGuard"],"picked":"bronze:Shield","floor":4},{"not_picked":["bronze:NullPointer","bronze:Invalidate"],"picked":"bronze:Constructor","floor":6},{"not_picked":["bronze:ShipIt","bronze:FineTuning"],"picked":"bronze:CutThrough","floor":9},{"not_picked":["bronze:BugBarrage","bronze:FineTuning"],"picked":"bronze:Separator","floor":10},{"not_picked":["bronze:Flail","bronze:Iterate"],"picked":"bronze:Turbo","floor":11},{"not_picked":["bronze:Shield","bronze:Shell"],"picked":"bronze:BronzeArmor","floor":13},{"not_picked":["bronze:Backtrace","bronze:Shield"],"picked":"bronze:DigitalCarnage","floor":14},{"not_picked":["bronze:Allocate","bronze:Constructor"],"picked":"bronze:WhirlingStrike","floor":15},{"not_picked":["bronze:RecursiveStrike","bronze:TinkerersToolbox"],"picked":"bronze:Mutator+1","floor":16},{"not_picked":["bronze:DigitalCarnage","bronze:NullPointer"],"picked":"bronze:BugBarrage+1","floor":19},{"not_picked":["bronze:Overload+1","bronze:ForceShield"],"picked":"bronze:GetLatest+1","floor":20},{"not_picked":["bronze:Safeguard+1","bronze:Shield"],"picked":"bronze:WildBeam","floor":21},{"not_picked":["bronze:WildBeam","bronze:NullPointer"],"picked":"bronze:Branch","floor":22},{"not_picked":["bronze:OilSpill","bronze:Invalidate"],"picked":"bronze:BuggyMess","floor":26},{"not_picked":["bronze:Turbo","bronze:HardenedForm+1"],"picked":"bronze:Overheat+1","floor":27},{"not_picked":["bronze:Shield+1","bronze:CutThrough+1"],"picked":"bronze:GetLatest+1","floor":29},{"not_picked":["bronze:Overheat+1","bronze:DelayedSlice"],"picked":"bronze:Constructor+1","floor":32}],"player_experience":944890,"relics_obtained":[{"floor":5,"key":"Mercury Hourglass"},{"floor":7,"key":"Bag of Preparation"},{"floor":9,"key":"Frozen Egg 2"},{"floor":23,"key":"downfall:GremlinWheel"},{"floor":24,"key":"HornCleat"},{"floor":27,"key":"Toxic Egg 2"}],"event_choices":[],"is_beta":false,"boss_relics":[{"not_picked":["Coffee Dripper","Runic Pyramid"],"picked":"SacredBark"}],"items_purged_floors":[],"is_endless":false,"potions_floor_spawned":[3,6,10,15,21,22,26,27],"killed_by":"WA_ARCHETYPE_CALM","ascension_level":1}}