{"host":"a1eatafr7pisesky","time":1613566430,"event":{"mods":["AchievementEnabler","BaseMod","Colored Map","Keyboard Shortcuts","Minty Spire (QoL Compilation)","Say the Spire","StSLib","SuperFastMode","everything is the same but u backflip on backflip"],"gold_per_floor":[119,119,44,64,77,89,89,89,89,108,141,161,161,61,61,61,61],"floor_reached":16,"language":"KOR","playtime":463,"items_purged":["Strike_R","Strike_R"],"score":199,"play_id":"053f1215-2a06-4a05-9a56-7993fa59e96a","local_time":"20210217215350","is_ascension_mode":true,"campfire_choices":[{"floor":7.0,"key":"REST"},{"data":"Feed","floor":13,"key":"SMITH"},{"floor":15,"key":"REST"}],"circlet_count":0,"master_deck":["AscendersBane","Strike_R","Strike_R","Defend_R","Defend_R","Defend_R","Defend_R","Bash","Barricade+1","Ghostly Armor","Feel No Pain","Iron Wave","Uppercut","Ghostly Armor","Feed+1","Wild Strike","Shrug It Off"],"relics":["Burning Blood","Blue Candle","Eternal Feather"],"acts_visited":["Exordium"],"potions_floor_usage":[11,12],"damage_taken":[{"damage":14.0,"enemies":"2 Louse","floor":1.0,"turns":3.0},{"damage":23.0,"enemies":"Cultist","floor":4.0,"turns":6.0},{"damage":8.0,"enemies":"Small Slimes","floor":5.0,"turns":5.0},{"damage":30.0,"enemies":"Exordium Thugs","floor":6.0,"turns":5.0},{"damage":8,"enemies":"Looter","floor":10,"turns":3},{"damage":29,"enemies":"3 Sentries","floor":11,"turns":21},{"damage":10,"enemies":"Large Slime","floor":12,"turns":10},{"damage":50,"enemies":"The Guardian","floor":16,"turns":20}],"seed_played":"4064895331391404928","potions_obtained":[{"floor":1.0,"key":"DistilledChaos"},{"floor":10,"key":"SkillPotion"},{"floor":11,"key":"EssenceOfSteel"}],"is_trial":false,"path_per_floor":["M","?","$","M","M","M","R","?","T","M","E","M","R","$","R","B"],"character_chosen":"IRONCLAD","items_purchased":[],"campfire_rested":2,"item_purchase_floors":[],"current_hp_per_floor":[60,60,60,43,41,17,37,37,37,35,12,11,20,20,50,0,0],"gold":61,"neow_bonus":"THREE_RARE_CARDS","is_daily":false,"chose_seed":false,"campfire_upgraded":1,"win_rate":0.0,"timestamp":1613566430,"path_taken":["M","?","$","M","M","?","R","?","T","M","E","M","R","$","R","BOSS"],"items_purchased_type":[],"build_version":"2020-12-22","purchased_purges":2,"victory":false,"max_hp_per_floor":[68,68,68,68,68,68,68,68,68,68,68,71,71,71,71,71,71],"card_choices":[{"not_picked":["Immolate","Corruption"],"picked":"Barricade","floor":0.0},{"not_picked":["Dark Embrace","Anger"],"picked":"Ghostly Armor","floor":1.0},{"not_picked":["Clash","Flex"],"picked":"Feel No Pain","floor":4.0},{"not_picked":["Warcry","Clash"],"picked":"Iron Wave","floor":5.0},{"not_picked":["Clash","Thunderclap"],"picked":"Uppercut","floor":6.0},{"not_picked":["Body Slam","Heavy Blade"],"picked":"Feed","floor":10},{"not_picked":["Intimidate","Armaments"],"picked":"Wild Strike","floor":11},{"not_picked":["Rupture","Heavy Blade"],"picked":"Shrug It Off","floor":12}],"player_experience":462934,"relics_obtained":[{"floor":9.0,"key":"Blue Candle"},{"floor":11,"key":"Eternal Feather"}],"event_choices":[{"damage_healed":0.0,"max_hp_gain":0.0,"max_hp_loss":0.0,"gold_gain":0.0,"event_name":"Upgrade Shrine","player_choice":"Upgraded","floor":2.0,"gold_loss":0.0,"damage_taken":0.0,"cards_upgraded":["Barricade"]},{"damage_healed":0.0,"max_hp_gain":0.0,"max_hp_loss":0.0,"gold_gain":0.0,"cards_transformed":["Strike_R"],"event_name":"Transmorgrifier","player_choice":"Transformed","floor":8.0,"gold_loss":0.0,"damage_taken":0.0,"cards_obtained":["Ghostly Armor"]}],"is_beta":false,"boss_relics":[],"items_purged_floors":[3,14],"is_endless":false,"potions_floor_spawned":[1,10,11],"killed_by":"The Guardian","ascension_level":19}}