{"host":"gc0hqzwg2gd3zszy","time":1613577233,"event":{"mods":["BaseMod","DeckTracker","Minty Spire (QoL Compilation)","Relic Stats","SuperFastMode"],"gold_per_floor":[11,11,21,21,21,21,49,49,76,1,1,14,31,42,42,120,120,133,146,10,27,77,102,18,18,18,35,53,53,53,66,66,144,144,161,161,209,226,62,89,89,117,117,134,9,9,9,9,9,9,9,9,9,9,36,36,36],"floor_reached":56,"language":"KOR","playtime":4177,"items_purged":["Strike_G","Accuracy","Decay"],"score":1846,"play_id":"d0000bdb-72c6-44d7-a9a8-5b2d5bb891b7","local_time":"20210218005353","is_ascension_mode":true,"campfire_choices":[{"data":"Reflex","floor":6.0,"key":"SMITH"},{"data":"Well Laid Plans","floor":8.0,"key":"SMITH"},{"floor":11.0,"key":"REST"},{"data":"Neutralize","floor":15.0,"key":"SMITH"},{"floor":25.0,"key":"REST"},{"floor":32.0,"key":"REST"},{"floor":41.0,"key":"REST"},{"floor":47.0,"key":"REST"},{"floor":49.0,"key":"RECALL"},{"data":"Prepared","floor":53.0,"key":"SMITH"}],"circlet_count":0,"master_deck":["AscendersBane","Survivor","Neutralize+1","Blade Dance","Reflex+1","Flechettes","Grand Finale","Dagger Throw","Backflip","Well Laid Plans+1","Prepared+1","Malaise","Terror","Concentrate+1","Sucker Punch","Tactician+1","Outmaneuver","Tools of the Trade","Footwork+1","Acrobatics","Acrobatics+1","Eviscerate","Escape Plan+1","Adrenaline"],"relics":["Ring of the Snake","Dream Catcher","Lantern","Pandora\u0027s Box","War Paint","Tiny Chest","HoveringKite","Pear","The Specimen","OrangePellets","Akabeko","Juzu Bracelet","Regal Pillow","Mummified Hand","Pantograph"],"acts_visited":["Exordium","TheCity","TheBeyond","TheEnding"],"potions_floor_usage":[],"damage_taken":[{"damage":2.0,"enemies":"2 Louse","floor":1.0,"turns":3.0},{"damage":0.0,"enemies":"Cultist","floor":3.0,"turns":3.0},{"damage":36.0,"enemies":"Gremlin Nob","floor":7.0,"turns":4.0},{"damage":0.0,"enemies":"Small Slimes","floor":12.0,"turns":2.0},{"damage":11.0,"enemies":"2 Fungi Beasts","floor":13.0,"turns":3.0},{"damage":3.0,"enemies":"Looter","floor":14.0,"turns":2.0},{"damage":8.0,"enemies":"Hexaghost","floor":16.0,"turns":9.0},{"damage":10.0,"enemies":"2 Thieves","floor":18.0,"turns":2.0},{"damage":0.0,"enemies":"Chosen","floor":19.0,"turns":4.0},{"damage":8.0,"enemies":"Centurion and Healer","floor":21.0,"turns":5.0},{"damage":13.0,"enemies":"Slavers","floor":23.0,"turns":3.0},{"damage":0.0,"enemies":"Snecko","floor":27.0,"turns":3.0},{"damage":21.0,"enemies":"Chosen and Byrds","floor":28.0,"turns":5.0},{"damage":7.0,"enemies":"Snake Plant","floor":31.0,"turns":3.0},{"damage":6.0,"enemies":"Champ","floor":33.0,"turns":3.0},{"damage":5.0,"enemies":"Orb Walker","floor":35.0,"turns":3.0},{"damage":17.0,"enemies":"2 Orb Walkers","floor":37.0,"turns":2.0},{"damage":7.0,"enemies":"3 Darklings","floor":38.0,"turns":2.0},{"damage":18.0,"enemies":"Reptomancer","floor":40.0,"turns":2.0},{"damage":25.0,"enemies":"Nemesis","floor":42.0,"turns":4.0},{"damage":15.0,"enemies":"Sphere and 2 Shapes","floor":44.0,"turns":3.0},{"damage":11.0,"enemies":"Time Eater","floor":50.0,"turns":7.0},{"damage":2.0,"enemies":"Donu and Deca","floor":51.0,"turns":2.0},{"damage":30.0,"enemies":"Shield and Spear","floor":55.0,"turns":5.0},{"damage":49,"enemies":"The Heart","floor":56,"turns":6}],"seed_played":"183484257409257249","potions_obtained":[{"floor":12.0,"key":"DistilledChaos"},{"floor":13.0,"key":"BlessingOfTheForge"},{"floor":14.0,"key":"Swift Potion"},{"floor":18.0,"key":"Dexterity Potion"},{"floor":23.0,"key":"SteroidPotion"},{"floor":38.0,"key":"Strength Potion"},{"floor":42.0,"key":"EssenceOfSteel"}],"is_trial":false,"path_per_floor":["M","?","M","T","$","R","E","R","T","$","R","M","M","M","R","B",null,"M","M","$","M","?","E","$","R","T","M","M","?","?","M","R","B",null,"M","T","?","M","$","E","R","E","T","M","$","?","R","T","R","B","B",null,"R","$","E","B"],"character_chosen":"THE_SILENT","items_purchased":["Footwork","Regen Potion","OrangePellets"],"campfire_rested":5,"item_purchase_floors":[20,24,39],"current_hp_per_floor":[57,57,57,57,57,57,21,21,21,21,40,40,29,26,26,18,54,44,44,44,36,30,17,17,36,36,36,15,15,15,17,36,30,57,52,62,45,38,38,20,42,17,17,2,2,2,39,39,39,28,26,64,64,64,34,10,10],"gold":36,"neow_bonus":"TRANSFORM_TWO_CARDS","is_daily":false,"chose_seed":false,"campfire_upgraded":4,"win_rate":0.0,"timestamp":1613577233,"path_taken":["M","?","?","?","$","R","E","R","T","$","R","M","M","M","R","BOSS","M","M","$","M","?","E","$","R","T","?","M","?","?","M","R","BOSS","M","?","?","M","$","E","R","E","T","M","?","?","R","?","R","BOSS","BOSS","R","$","E","BOSS"],"items_purchased_type":["Card","Potion","Relic"],"build_version":"2020-12-22","purchased_purges":3,"victory":false,"max_hp_per_floor":[66,66,66,66,66,66,66,66,66,66,66,66,66,66,66,66,66,66,66,66,66,66,66,66,66,66,66,66,66,66,66,66,66,66,66,76,76,76,76,76,76,76,76,76,76,76,76,76,76,76,76,76,76,76,76,76,76],"relic_stats":{"Regal Pillow":15,"counters":[25,90],"HoveringKite":[36],"Juzu Bracelet":1,"War Paint":["Tactician","Concentrate"],"OrangePellets":[8],"Dream Catcher":5,"Mummified Hand":[12],"Pantograph":25,"Pandora\u0027s Box":["Terror","Concentrate","Sucker Punch","Tactician","Outmaneuver","Accuracy","Tools of the Trade"],"Tiny Chest":2,"obtain_stats":[{"Lantern":9,"Regal Pillow":43,"Pear":36,"The Specimen":37,"HoveringKite":34,"Juzu Bracelet":42,"War Paint":23,"Akabeko":40,"OrangePellets":39,"Dream Catcher":7,"Mummified Hand":48,"Pantograph":55,"Pandora\u0027s Box":17,"Tiny Chest":26,"Ring of the Snake":0},{"Lantern":3,"Regal Pillow":20,"Pear":16,"The Specimen":17,"HoveringKite":15,"Juzu Bracelet":20,"War Paint":11,"Akabeko":19,"OrangePellets":18,"Dream Catcher":3,"Mummified Hand":21,"Pantograph":24,"Pandora\u0027s Box":7,"Tiny Chest":11,"Ring of the Snake":0},{"Lantern":10,"Regal Pillow":67,"Pear":57,"The Specimen":59,"HoveringKite":54,"Juzu Bracelet":67,"War Paint":40,"Akabeko":63,"OrangePellets":61,"Dream Catcher":10,"Mummified Hand":70,"Pantograph":84,"Pandora\u0027s Box":26,"Tiny Chest":40,"Ring of the Snake":0}],"Ring of the Snake":[50]},"card_choices":[{"not_picked":["Flying Knee","Sucker Punch"],"picked":"Flechettes","floor":1.0},{"not_picked":["Blade Dance","Deflect"],"picked":"Backflip","floor":3.0},{"not_picked":["Poisoned Stab","Terror"],"picked":"Well Laid Plans","floor":7.0},{"not_picked":["PiercingWail","Deflect"],"picked":"Prepared","floor":11.0},{"not_picked":["Noxious Fumes","Night Terror","Predator"],"picked":"SKIP","floor":12.0},{"not_picked":["Heel Hook","PiercingWail","Escape Plan"],"picked":"SKIP","floor":13.0},{"not_picked":["Outmaneuver","Slice","Predator"],"picked":"SKIP","floor":14.0},{"not_picked":["Venomology","Grand Finale"],"picked":"Malaise","floor":16.0},{"not_picked":["Flying Knee","Dagger Throw+1","All Out Attack"],"picked":"SKIP","floor":18.0},{"not_picked":["Deflect+1","Caltrops+1","Well Laid Plans"],"picked":"SKIP","floor":19.0},{"not_picked":["All Out Attack","Bane","Sucker Punch"],"picked":"SKIP","floor":21.0},{"not_picked":["Terror","Crippling Poison","Underhanded Strike"],"picked":"SKIP","floor":23.0},{"not_picked":["Bane","Cloak And Dagger"],"picked":"Acrobatics","floor":25.0},{"not_picked":["Sucker Punch","Accuracy","Quick Slash"],"picked":"SKIP","floor":27.0},{"not_picked":["Slice+1","Deadly Poison"],"picked":"Acrobatics+1","floor":28.0},{"not_picked":["Sucker Punch+1","Reflex","Heel Hook+1"],"picked":"SKIP","floor":31.0},{"not_picked":["Flechettes","Quick Slash","Flying Knee"],"picked":"SKIP","floor":35.0},{"not_picked":["Dash","Cloak And Dagger","Well Laid Plans"],"picked":"SKIP","floor":38.0},{"not_picked":["Venomology","Poisoned Stab"],"picked":"Eviscerate","floor":40.0},{"not_picked":["Quick Slash+1","Dodge and Roll"],"picked":"Escape Plan+1","floor":41.0},{"not_picked":["Expertise","Flying Knee"],"picked":"Adrenaline","floor":42.0},{"not_picked":["Outmaneuver","Prepared","Deadly Poison+1"],"picked":"SKIP","floor":44.0},{"not_picked":["Acrobatics","Deflect","Dash"],"picked":"SKIP","floor":55.0}],"player_experience":1400446,"relics_obtained":[{"floor":7.0,"key":"Dream Catcher"},{"floor":9.0,"key":"Lantern"},{"floor":23.0,"key":"War Paint"},{"floor":26.0,"key":"Tiny Chest"},{"floor":36.0,"key":"Pear"},{"floor":37.0,"key":"The Specimen"},{"floor":40.0,"key":"Akabeko"},{"floor":42.0,"key":"Juzu Bracelet"},{"floor":43.0,"key":"Regal Pillow"},{"floor":48.0,"key":"Mummified Hand"},{"floor":55.0,"key":"Pantograph"}],"event_choices":[{"damage_healed":0.0,"max_hp_gain":0.0,"max_hp_loss":0.0,"gold_gain":0.0,"event_name":"Match and Keep!","player_choice":"2 cards matched","floor":2.0,"gold_loss":0.0,"damage_taken":0.0,"cards_obtained":["Grand Finale","Dagger Throw"]},{"damage_healed":0.0,"max_hp_gain":0.0,"max_hp_loss":0.0,"gold_gain":50.0,"event_name":"FaceTrader","player_choice":"Touch","floor":22.0,"gold_loss":0.0,"damage_taken":6.0},{"damage_healed":0.0,"max_hp_gain":0.0,"max_hp_loss":0.0,"gold_gain":0.0,"event_name":"Forgotten Altar","player_choice":"Smashed Altar","floor":29.0,"gold_loss":0.0,"damage_taken":0.0,"cards_obtained":["Decay"]},{"damage_healed":0.0,"max_hp_gain":0.0,"max_hp_loss":0.0,"gold_gain":0.0,"event_name":"Cursed Tome","player_choice":"Ignored","floor":30.0,"gold_loss":0.0,"damage_taken":0.0},{"damage_healed":0.0,"max_hp_gain":0.0,"max_hp_loss":0.0,"gold_gain":0.0,"event_name":"Mysterious Sphere","player_choice":"Fight","floor":37.0,"gold_loss":0.0,"damage_taken":0.0},{"damage_healed":0.0,"max_hp_gain":0.0,"max_hp_loss":0.0,"gold_gain":0.0,"event_name":"Upgrade Shrine","player_choice":"Upgraded","floor":46.0,"gold_loss":0.0,"damage_taken":0.0,"cards_upgraded":["Footwork"]}],"is_beta":false,"boss_relics":[{"not_picked":["Fusion Hammer","WristBlade"],"picked":"Pandora\u0027s Box"},{"not_picked":["Runic Dome","Black Star"],"picked":"HoveringKite"}],"items_purged_floors":[10,20,45],"is_endless":false,"potions_floor_spawned":[12,13,14,18,19,23,28,38,42],"killed_by":"The Heart","ascension_level":20}}