{"host":"6a9c3xws62y7efyw","time":1613542156,"event":{"mods":["BaseMod","Colored Map","Minty Spire (QoL Compilation)","Relic Stats","StSLib"],"gold_per_floor":[118,128,43,63,63,91,55,55,55,67,67,142,142,184,184,184,184],"floor_reached":16,"language":"ENG","playtime":421,"items_purged":[],"score":216,"play_id":"0d725823-98b2-4792-a6e2-5d80684631c4","local_time":"20210216220916","is_ascension_mode":true,"campfire_choices":[{"data":"Footwork","floor":8,"key":"SMITH"},{"data":"Blade Dance","floor":11,"key":"SMITH"},{"floor":13,"key":"REST"},{"data":"Dash","floor":15,"key":"SMITH"}],"circlet_count":0,"master_deck":["AscendersBane","Strike_G","Strike_G","Strike_G","Strike_G","Strike_G","Defend_G","Defend_G","Defend_G","Defend_G","Defend_G","Survivor","Neutralize","Dash+1","Poisoned Stab","Underhanded Strike","Tools of the Trade","Footwork+1","Blade Dance+1","Infinite Blades"],"relics":["Ring of the Snake","NeowsBlessing","Tingsha","Lantern","Bottled Tornado","CeramicFish"],"acts_visited":["Exordium"],"potions_floor_usage":[6,6,14,16],"damage_taken":[{"damage":0,"enemies":"Cultist","floor":1,"turns":1},{"damage":0,"enemies":"Jaw Worm","floor":2,"turns":1},{"damage":0,"enemies":"Small Slimes","floor":4,"turns":1},{"damage":28,"enemies":"Lagavulin","floor":6,"turns":8},{"damage":3,"enemies":"3 Louse","floor":10,"turns":4},{"damage":29,"enemies":"Gremlin Nob","floor":14,"turns":4},{"damage":12,"enemies":"Hexaghost","floor":16,"turns":7}],"seed_played":"-7499096380279774208","potions_obtained":[{"floor":1,"key":"Weak Potion"},{"floor":10,"key":"AttackPotion"},{"floor":14,"key":"Poison Potion"}],"is_trial":false,"path_per_floor":["M","M","$","M","T","E","$","R","T","M","R","?","R","E","R","B"],"character_chosen":"THE_SILENT","items_purchased":["LiquidMemories","Footwork"],"campfire_rested":1,"item_purchase_floors":[3,7],"current_hp_per_floor":[59,59,59,59,59,31,31,31,31,28,28,17,36,7,7,0,0],"gold":184,"neow_bonus":"THREE_ENEMY_KILL","is_daily":false,"chose_seed":false,"campfire_upgraded":3,"win_rate":0.0,"timestamp":1613542156,"path_taken":["M","M","$","?","?","E","?","R","T","?","R","?","R","E","R","BOSS"],"items_purchased_type":["Potion","Card"],"build_version":"2020-12-22","purchased_purges":0,"victory":false,"max_hp_per_floor":[66,66,66,66,66,66,66,66,66,66,66,66,66,66,66,66,66],"relic_stats":{"counters":[7,26],"CeramicFish":9,"Tingsha":[24],"obtain_stats":[{"Lantern":6,"NeowsBlessing":0,"CeramicFish":14,"Tingsha":5,"Bottled Tornado":9,"Ring of the Snake":0},{"Lantern":4,"NeowsBlessing":0,"CeramicFish":6,"Tingsha":3,"Bottled Tornado":4,"Ring of the Snake":0},{"Lantern":11,"NeowsBlessing":0,"CeramicFish":19,"Tingsha":3,"Bottled Tornado":11,"Ring of the Snake":0}],"Ring of the Snake":[14]},"card_choices":[{"not_picked":["Dagger Spray","Dodge and Roll"],"picked":"Dash","floor":1},{"not_picked":["Sucker Punch","Acrobatics"],"picked":"Poisoned Stab","floor":2},{"not_picked":["Outmaneuver","Slice"],"picked":"Underhanded Strike","floor":4},{"not_picked":["Outmaneuver","PiercingWail"],"picked":"Tools of the Trade","floor":6},{"not_picked":["Slice","Predator"],"picked":"Blade Dance","floor":10},{"not_picked":["Prepared","Poisoned Stab"],"picked":"Infinite Blades","floor":14}],"player_experience":1542822,"relics_obtained":[{"floor":5,"key":"Tingsha"},{"floor":6,"key":"Lantern"},{"floor":9,"key":"Bottled Tornado"},{"floor":14,"key":"CeramicFish"}],"event_choices":[{"damage_healed":0,"gold_gain":75,"player_choice":"Gather Gold","damage_taken":11,"max_hp_gain":0,"max_hp_loss":0,"event_name":"World of Goop","floor":12,"gold_loss":0}],"is_beta":false,"boss_relics":[],"items_purged_floors":[],"is_endless":false,"potions_floor_spawned":[1,4,10,14],"killed_by":"Hexaghost","ascension_level":20}}