{"host":"iv5atf0fne3n7zmv","time":1613579412,"event":{"mods":["BaseMod","Minty Spire (QoL Compilation)","StSLib"],"gold_per_floor":[114,114,16,31,31,31,61,61,61,76,91,106,121,136,136,236,236,251,251,236,56,56,56,86,101,176,1,16,16,31,46,46,146,146,161,161,161],"floor_reached":36,"language":"ENG","playtime":4517,"items_purged":["Defend_P","Zap","Strike_R"],"score":438,"play_id":"db29e7d6-b29f-4876-a42a-6b72507d27ff","local_time":"20210217083012","daily_mods":["Chimera","Uncertain Future","Terminal"],"is_ascension_mode":false,"campfire_choices":[{"data":"Eruption","floor":6,"key":"SMITH"},{"data":"Evaluate","floor":8,"key":"SMITH"},{"data":"FearNoEvil","floor":15,"key":"SMITH"},{"data":"Devotion","floor":23,"key":"SMITH"},{"data":"Consecrate","floor":29,"key":"SMITH"},{"floor":32,"key":"DIG"}],"circlet_count":0,"master_deck":["Bash","Survivor","Eruption+1","Strike_G","Defend_R","Defend_G","EmptyBody","Evaluate+1","Halt","JustLucky","FearNoEvil+1","CarveReality","Vengeance","CutThroughFate","Devotion+1","CurseOfTheBell","BattleHymn+1","Consecrate+1","Weave","FlurryOfBlows","DeceiveReality","Tantrum","Meditate","Ragnarok","CrushJoints+1"],"relics":["HolyWater","Calipers","White Beast Statue","Calling Bell","Shovel","Kunai","Toy Ornithopter","MutagenicStrength","Omamori","HornCleat","Letter Opener"],"acts_visited":["Exordium","TheCity","TheBeyond"],"potions_floor_usage":[16,16,18,24,24,25,28,30,30,31,33,33,35,36],"damage_taken":[{"damage":0,"enemies":"2 Louse","floor":1,"turns":3},{"damage":0,"enemies":"Small Slimes","floor":4,"turns":3},{"damage":7,"enemies":"3 Sentries","floor":7,"turns":9},{"damage":0,"enemies":"Cultist","floor":10,"turns":3},{"damage":0,"enemies":"Looter","floor":11,"turns":3},{"damage":1,"enemies":"2 Fungi Beasts","floor":12,"turns":3},{"damage":0,"enemies":"Blue Slaver","floor":13,"turns":1},{"damage":0,"enemies":"Red Slaver","floor":14,"turns":4},{"damage":0,"enemies":"Hexaghost","floor":16,"turns":6},{"damage":0,"enemies":"Spheric Guardian","floor":18,"turns":3},{"damage":11,"enemies":"2 Thieves","floor":20,"turns":4},{"damage":10,"enemies":"Book of Stabbing","floor":24,"turns":5},{"damage":36,"enemies":"Cultist and Chosen","floor":25,"turns":6},{"damage":0,"enemies":"Snake Plant","floor":28,"turns":3},{"damage":0,"enemies":"Shelled Parasite and Fungi","floor":30,"turns":2},{"damage":0,"enemies":"Centurion and Healer","floor":31,"turns":4},{"damage":19,"enemies":"Automaton","floor":33,"turns":7},{"damage":6,"enemies":"Orb Walker","floor":35,"turns":5},{"damage":38,"enemies":"3 Shapes","floor":36,"turns":3}],"seed_played":"6706742764168558924","potions_obtained":[{"floor":1,"key":"DistilledChaos"},{"floor":10,"key":"SpeedPotion"},{"floor":11,"key":"DuplicationPotion"},{"floor":13,"key":"Block Potion"},{"floor":16,"key":"FearPotion"},{"floor":18,"key":"Strength Potion"},{"floor":20,"key":"Regen Potion"},{"floor":24,"key":"SkillPotion"},{"floor":25,"key":"Fire Potion"},{"floor":28,"key":"Fire Potion"},{"floor":30,"key":"BlessingOfTheForge"},{"floor":31,"key":"Weak Potion"},{"floor":33,"key":"SkillPotion"},{"floor":35,"key":"PowerPotion"}],"is_trial":false,"path_per_floor":["M","?","$","M","?","R","E","R","T","M","M","M","M","M","R","B",null,"M","?","M","$","?","R","E","M","T","$","M","R","M","M","R","B",null,"M","M"],"character_chosen":"WATCHER","items_purchased":["EmptyBody","Weave","BottledMiracle"],"campfire_rested":0,"item_purchase_floors":[3,21,27],"current_hp_per_floor":[70,69,68,67,66,65,58,58,58,58,58,57,57,57,56,55,54,53,52,41,41,41,41,39,8,8,8,13,13,23,28,28,19,37,31,0,0],"gold":161,"neow_bonus":"","is_daily":true,"chose_seed":false,"campfire_upgraded":5,"win_rate":0.0,"timestamp":1613579412,"path_taken":["M","?","$","M","?","R","E","R","T","M","M","M","?","M","R","BOSS","M","?","M","$","?","R","E","M","T","?","M","R","M","M","R","BOSS","M","M"],"items_purchased_type":["Card","Card","Potion"],"build_version":"2020-12-22","purchased_purges":3,"victory":false,"max_hp_per_floor":[70,69,68,67,66,65,64,63,62,61,60,59,58,57,56,55,54,53,52,51,50,49,48,47,46,45,44,43,42,41,40,39,38,37,36,36,36],"card_choices":[{"not_picked":["DeceiveReality","Protect"],"picked":"Wallop","floor":1},{"not_picked":["Wireheading","BowlingBash"],"picked":"Evaluate","floor":4},{"not_picked":["Crescendo","Nirvana"],"picked":"Halt","floor":7},{"not_picked":["BowlingBash","Pray"],"picked":"JustLucky","floor":10},{"not_picked":["BowlingBash","JustLucky"],"picked":"FearNoEvil","floor":11},{"not_picked":["ClearTheMind","Weave"],"picked":"CarveReality","floor":12},{"not_picked":["Brilliance","FlyingSleeves"],"picked":"Vengeance","floor":13},{"not_picked":["ThirdEye","ForeignInfluence"],"picked":"CutThroughFate","floor":14},{"not_picked":["Scrawl","Vault"],"picked":"Devotion","floor":16},{"not_picked":["EmptyFist","Tantrum"],"picked":"BattleHymn+1","floor":18},{"not_picked":["DeceiveReality","Conclude"],"picked":"Consecrate","floor":20},{"not_picked":["Adaptation+1","Fasting2+1"],"picked":"FlurryOfBlows","floor":24},{"not_picked":["Evaluate","FlurryOfBlows"],"picked":"DeceiveReality","floor":25},{"not_picked":["Wireheading","JustLucky"],"picked":"Tantrum","floor":28},{"not_picked":["WreathOfFlame","Evaluate+1"],"picked":"Meditate","floor":30},{"not_picked":["BattleHymn+1","Swivel","Meditate+1"],"picked":"SKIP","floor":31},{"not_picked":["Vault","Alpha"],"picked":"Ragnarok","floor":33},{"not_picked":["Meditate","EmptyBody+1"],"picked":"CrushJoints+1","floor":35}],"player_experience":328549,"relics_obtained":[{"floor":7,"key":"Calipers"},{"floor":9,"key":"White Beast Statue"},{"floor":17,"key":"Shovel"},{"floor":17,"key":"Kunai"},{"floor":17,"key":"Toy Ornithopter"},{"floor":24,"key":"Omamori"},{"floor":26,"key":"HornCleat"},{"floor":32,"key":"Letter Opener"}],"event_choices":[{"damage_healed":0,"gold_gain":0,"player_choice":"Fled","damage_taken":0,"max_hp_gain":0,"max_hp_loss":0,"event_name":"Scrap Ooze","floor":2,"gold_loss":0},{"cards_removed":["Wallop"],"damage_healed":0,"gold_gain":0,"player_choice":"Offered Uncommon","damage_taken":0,"max_hp_gain":0,"max_hp_loss":0,"event_name":"Bonfire Elementals","floor":5,"gold_loss":0},{"damage_healed":0,"gold_gain":0,"player_choice":"Inject Mutagens","damage_taken":0,"relics_obtained":["MutagenicStrength"],"max_hp_gain":0,"max_hp_loss":0,"event_name":"Drug Dealer","floor":19,"gold_loss":0},{"cards_removed":["Strike_B"],"damage_healed":0,"gold_gain":0,"player_choice":"Elegance","damage_taken":0,"max_hp_gain":0,"max_hp_loss":0,"event_name":"Back to Basics","floor":22,"gold_loss":0}],"is_beta":false,"boss_relics":[{"not_picked":["Astrolabe","Snecko Eye"],"picked":"Calling Bell"},{"not_picked":["Runic Dome","SlaversCollar"],"picked":"HolyWater"}],"items_purged_floors":[3,21,27],"is_endless":false,"potions_floor_spawned":[1,10,11,12,13,14,16,18,20,24,25,28,30,31,33,35],"killed_by":"3 Shapes","ascension_level":0}}