{"host":"5h6e4l6hpn0p5lap","time":1613531468,"event":{"mods":["AchievementEnabler","BaseMod","Better Altar","Better Match","Better Sensory Stone","Better Skull","Better Third Choice","Colored Map","Filter the Spire","Minty Spire (QoL Compilation)","StSLib"],"gold_per_floor":[114,114,42,53,228,253,3,18,18,51,51,51,51,82,82,82,82],"floor_reached":16,"language":"ENG","playtime":388,"items_purged":[],"score":204,"play_id":"0510f290-db20-4e6c-b6b3-c1bc75c661c0","local_time":"20210216221108","is_ascension_mode":true,"campfire_choices":[{"floor":11,"key":"REST"},{"data":"Darkness","floor":13,"key":"SMITH"},{"floor":15,"key":"REST"}],"circlet_count":0,"master_deck":["Strike_B","Strike_B","Strike_B","Strike_B","Defend_B","Defend_B","Defend_B","Defend_B","Zap","Dualcast","Gash","Coolheaded","Beam Cell","Doubt","Darkness+1","Ball Lightning","Gash","Lockon","Compile Driver","Steam Power"],"relics":["Cracked Core","NeowsBlessing","Eternal Feather","ClockworkSouvenir","Frozen Egg 2","Orichalcum","Letter Opener"],"acts_visited":["Exordium"],"potions_floor_usage":[10],"damage_taken":[{"damage":0,"enemies":"2 Louse","floor":1,"turns":1},{"damage":0,"enemies":"Cultist","floor":4,"turns":1},{"damage":0,"enemies":"Lagavulin","floor":6,"turns":1},{"damage":7,"enemies":"Jaw Worm","floor":8,"turns":3},{"damage":42,"enemies":"3 Sentries","floor":10,"turns":7},{"damage":43,"enemies":"Lagavulin","floor":14,"turns":6},{"damage":0,"enemies":"Slime Boss","floor":16,"turns":4}],"seed_played":"7730819596974608143","potions_obtained":[{"floor":1,"key":"Block Potion"},{"floor":2,"key":"Ancient Potion"},{"floor":2,"key":"BlessingOfTheForge"},{"floor":10,"key":"Fruit Juice"},{"floor":14,"key":"Fire Potion"}],"is_trial":false,"path_per_floor":["M","?","$","M","?","E","$","M","T","E","R","$","R","E","R","B"],"character_chosen":"DEFECT","items_purchased":["Coolheaded","Beam Cell","Ball Lightning","ClockworkSouvenir","Gash"],"campfire_rested":2,"item_purchase_floors":[3,3,7,7,7],"current_hp_per_floor":[68,68,68,68,68,68,68,61,61,24,57,57,66,23,59,59,59],"gold":82,"neow_bonus":"THREE_ENEMY_KILL","is_daily":false,"chose_seed":false,"campfire_upgraded":1,"win_rate":0.0,"timestamp":1613531468,"path_taken":["M","?","?","M","?","E","$","M","T","E","R","?","R","E","R","BOSS"],"items_purchased_type":["Card","Card","Card","Relic","Card"],"build_version":"2020-12-22","purchased_purges":0,"victory":false,"max_hp_per_floor":[75,75,75,75,75,75,75,75,75,80,80,80,80,80,80,80,80],"card_choices":[{"not_picked":["Genetic Algorithm","Leap"],"picked":"Gash","floor":1},{"not_picked":["Tempest","Skim","Capacitor"],"picked":"SKIP","floor":4},{"not_picked":["Sunder","Tempest"],"picked":"Darkness","floor":6},{"not_picked":["Loop","Fusion"],"picked":"Lockon","floor":8},{"not_picked":["Rebound","Amplify"],"picked":"Compile Driver","floor":10},{"not_picked":["Consume","Sunder"],"picked":"Steam Power","floor":14}],"player_experience":1127229,"relics_obtained":[{"floor":6,"key":"Eternal Feather"},{"floor":9,"key":"Frozen Egg 2"},{"floor":10,"key":"Orichalcum"},{"floor":14,"key":"Letter Opener"}],"event_choices":[{"damage_healed":0,"gold_gain":0,"player_choice":"Got Potions","damage_taken":0,"max_hp_gain":0,"max_hp_loss":0,"event_name":"Lab","floor":2,"gold_loss":0},{"damage_healed":0,"gold_gain":175,"player_choice":"AGREE","damage_taken":53,"max_hp_gain":0,"max_hp_loss":0,"event_name":"betterThird:BetterSerpent","floor":5,"gold_loss":0}],"is_beta":false,"boss_relics":[],"items_purged_floors":[],"is_endless":false,"potions_floor_spawned":[1,4,10,14],"killed_by":"Slime Boss","ascension_level":9}}