{"host":"r0ye8pdzuq6zwfvs","time":1613552203,"event":{"mods":["AchievementEnabler","Act Like it!","Arknights","BaseMod","BetterRewards","CapriCore","Card Forge","Colored Map","Colored Powertips","Custom Start","DeckTracker","Luminous","Minty Spire (QoL Compilation)","Permanent Neow","Prisma Mod","Quick Restart","Relic Stats","Shop Mod","StSLib","SuperFastMode","Swap Starting Deck Mod","The Alterego","The Immortal","Uncapped","Weighted Paths"],"gold_per_floor":[118,138,157,167,167,167,199,211,211,211,231,258,258,286,286,385,385,401,414,427,437,448,483,498,533,560,572,572,423,423,437,437,542,542,557,569,588,600,655,686,686,703,703,731,731,56,72,92,92,92,92,92,92,118,118],"floor_reached":56,"language":"ENG","playtime":1053,"items_purged":[],"score":1984,"play_id":"d4d9c436-2b60-4652-a361-0a3a3eed5e95","local_time":"20210217015643","is_ascension_mode":true,"campfire_choices":[{"floor":6,"key":"RECALL"},{"floor":10,"key":"REST"},{"floor":13,"key":"REST"},{"floor":15,"key":"REST"},{"floor":28,"key":"REST"},{"floor":30,"key":"REST"},{"floor":32,"key":"REST"},{"floor":45,"key":"REST"},{"floor":49,"key":"REST"},{"floor":52,"key":"REST"}],"circlet_count":0,"master_deck":["PrismaMod:IllyaInstallForeigner","PrismaMod:IllyaUberDefendChannel+1","PrismaMod:IllyaUberAttackChannel+1","PrismaMod:IllyaTestament+1","PrismaMod:IllyaGrail+1","PrismaMod:MiyuEvokeAll+1","Capacitor+1","PrismaMod:IllyaUberDefendChannel+1","PrismaMod:IllyaUberAttackChannel+1","PrismaMod:IllyaTestament+1","PrismaMod:IllyaGrail+1","Capacitor+1","PrismaMod:MiyuEvokeAll+1","CurseOfTheBell"],"relics":["Hammer of Thor","Seething Fire","Anvil of the Gods","Philosopher\u0027s Stone","Darkstone Periapt","StoneCalendar","Matryoshka","Singing Bowl","HornCleat","Calling Bell","Potion Belt","Mercury Hourglass","Ginger","Toxic Egg 2","Regal Pillow","MerchantsRug","SacredBark","Orichalcum","Bottled Tornado","Dream Catcher","The Courier","Lantern","Strawberry","PreservedInsect","Happy Flower","Letter Opener","Blood Vial"],"acts_visited":["Exordium","TheCity","TheBeyond","TheEnding"],"potions_floor_usage":[44],"damage_taken":[{"damage":0,"enemies":"Jaw Worm","floor":1,"turns":1},{"damage":0,"enemies":"Cultist","floor":2,"turns":1},{"damage":0,"enemies":"Small Slimes","floor":3,"turns":2},{"damage":0,"enemies":"2 Fungi Beasts","floor":4,"turns":1},{"damage":0,"enemies":"3 Sentries","floor":7,"turns":1},{"damage":0,"enemies":"Large Slime","floor":8,"turns":1},{"damage":0,"enemies":"3 Louse","floor":11,"turns":1},{"damage":0,"enemies":"Lagavulin","floor":12,"turns":1},{"damage":0,"enemies":"3 Sentries","floor":14,"turns":1},{"damage":0,"enemies":"The Guardian","floor":16,"turns":1},{"damage":0,"enemies":"Spheric Guardian","floor":18,"turns":1},{"damage":0,"enemies":"Chosen","floor":19,"turns":1},{"damage":0,"enemies":"Sentry and Sphere","floor":20,"turns":1},{"damage":0,"enemies":"Centurion and Healer","floor":21,"turns":1},{"damage":0,"enemies":"Shelled Parasite and Fungi","floor":22,"turns":1},{"damage":0,"enemies":"Gremlin Leader","floor":23,"turns":1},{"damage":0,"enemies":"3 Cultists","floor":24,"turns":1},{"damage":0,"enemies":"Book of Stabbing","floor":25,"turns":1},{"damage":0,"enemies":"Snecko","floor":27,"turns":1},{"damage":0,"enemies":"Snake Plant","floor":31,"turns":1},{"damage":0,"enemies":"Automaton","floor":33,"turns":2},{"damage":0,"enemies":"3 Shapes","floor":35,"turns":1},{"damage":0,"enemies":"3 Darklings","floor":36,"turns":1},{"damage":0,"enemies":"Transient","floor":37,"turns":1},{"damage":0,"enemies":"Jaw Worm Horde","floor":38,"turns":1},{"damage":0,"enemies":"2 Orb Walkers","floor":39,"turns":1},{"damage":0,"enemies":"Giant Head","floor":40,"turns":1},{"damage":0,"enemies":"Maw","floor":42,"turns":1},{"damage":0,"enemies":"Nemesis","floor":44,"turns":1},{"damage":0,"enemies":"Spire Growth","floor":47,"turns":2},{"damage":0,"enemies":"3 Darklings","floor":48,"turns":1},{"damage":0,"enemies":"Donu and Deca","floor":50,"turns":2},{"damage":0,"enemies":"Shield and Spear","floor":54,"turns":1},{"damage":8,"enemies":"The Heart","floor":55,"turns":2}],"seed_played":"-887781805674441339","potions_obtained":[{"floor":2,"key":"EssenceOfSteel"},{"floor":3,"key":"LiquidMemories"},{"floor":4,"key":"PowerPotion"},{"floor":7,"key":"Strength Potion"},{"floor":12,"key":"Ancient Potion"},{"floor":19,"key":"AttackPotion"},{"floor":20,"key":"BlessingOfTheForge"},{"floor":44,"key":"Fruit Juice"},{"floor":48,"key":"LiquidBronze"}],"is_trial":false,"path_per_floor":["M","M","M","M","?","R","E","M","T","R","M","E","R","E","R","B",null,"M","M","M","M","M","E","M","E","T","M","R","$","R","M","R","B",null,"M","M","M","M","?","E","?","M","T","E","R","$","M","M","R","B",null,"R","$","E","B",null],"character_chosen":"ILLYA","items_purchased":["MerchantsRug","Lantern","Strawberry","PreservedInsect","Happy Flower","Letter Opener"],"campfire_rested":9,"item_purchase_floors":[29,46,46,46,46,46],"current_hp_per_floor":[75,75,75,75,75,75,75,75,75,75,75,77,77,77,77,79,85,87,89,91,93,95,97,99,101,101,103,103,103,103,105,105,107,107,109,111,113,115,117,119,119,121,121,133,135,142,144,146,148,148,148,150,150,152,144],"gold":118,"neow_bonus":"BOSS_RELIC","is_daily":false,"chose_seed":false,"campfire_upgraded":0,"win_rate":0.0,"timestamp":1613552203,"path_taken":["M","M","M","M","?","R","E","M","T","R","M","E","R","E","R","BOSS","M","?","M","M","M","E","M","E","T","M","R","$","R","M","R","BOSS","M","M","?","M","?","E","?","M","T","E","R","$","M","M","R","BOSS","R","$","E","BOSS"],"items_purchased_type":["Relic","Relic","Relic","Relic","Relic","Relic"],"build_version":"2020-12-22","purchased_purges":0,"victory":true,"max_hp_per_floor":[75,75,75,75,75,75,75,75,75,75,75,77,77,77,77,79,85,87,89,91,93,95,97,99,101,101,103,103,103,103,105,105,107,107,109,111,113,115,117,119,119,121,121,133,135,142,144,146,148,148,148,150,150,152,152],"relic_stats":{"Darkstone Periapt":6,"Regal Pillow":0,"Singing Bowl":54,"Happy Flower":[2],"counters":[34,39],"StoneCalendar":[0],"PreservedInsect":68,"Ginger":[2],"Letter Opener":[35],"Orichalcum":[24],"Mercury Hourglass":[126],"Blood Vial":0,"Dream Catcher":3,"obtain_stats":[{"Darkstone Periapt":5,"Regal Pillow":26,"Lantern":46,"Singing Bowl":12,"SacredBark":34,"StoneCalendar":7,"Hammer of Thor":0,"Ginger":17,"Bottled Tornado":43,"Blood Vial":54,"PrismaMod:PrismaRuby":0,"Dream Catcher":43,"Matryoshka":9,"HornCleat":14,"Strawberry":46,"Philosopher\u0027s Stone":0,"Toxic Egg 2":25,"Potion Belt":17,"MerchantsRug":29,"Happy Flower":46,"The Courier":44,"PreservedInsect":46,"Seething Fire":0,"Letter Opener":46,"Orichalcum":40,"Mercury Hourglass":17,"Calling Bell":17,"Anvil of the Gods":0},{"Darkstone Periapt":4,"Regal Pillow":18,"Lantern":29,"Singing Bowl":8,"SacredBark":21,"StoneCalendar":5,"Hammer of Thor":0,"Ginger":10,"Bottled Tornado":28,"Blood Vial":33,"PrismaMod:PrismaRuby":0,"Dream Catcher":28,"Matryoshka":6,"HornCleat":9,"Strawberry":29,"Philosopher\u0027s Stone":0,"Toxic Egg 2":18,"Potion Belt":10,"MerchantsRug":19,"Happy Flower":29,"The Courier":29,"PreservedInsect":29,"Seething Fire":0,"Letter Opener":29,"Orichalcum":27,"Mercury Hourglass":10,"Calling Bell":10,"Anvil of the Gods":0},{"Darkstone Periapt":5,"Regal Pillow":19,"Lantern":31,"Singing Bowl":9,"SacredBark":23,"StoneCalendar":6,"Hammer of Thor":0,"Ginger":11,"Bottled Tornado":30,"Blood Vial":37,"PrismaMod:PrismaRuby":0,"Dream Catcher":30,"Matryoshka":7,"HornCleat":10,"Strawberry":31,"Philosopher\u0027s Stone":0,"Toxic Egg 2":19,"Potion Belt":11,"MerchantsRug":20,"Happy Flower":31,"The Courier":31,"PreservedInsect":31,"Seething Fire":0,"Letter Opener":31,"Orichalcum":29,"Mercury Hourglass":11,"Calling Bell":11,"Anvil of the Gods":0}]},"card_choices":[{"not_picked":["PrismaMod:IllyaGrailKun","PrismaMod:IllyaUpgradeOrbs","PrismaMod:IllyaPoisoningPhantasm"],"picked":"SKIP","floor":1},{"not_picked":["PrismaMod:IllyaCheapChannelDefend","PrismaMod:IllyaUncommonAttack","PrismaMod:IllyaBoysLove"],"picked":"SKIP","floor":2},{"not_picked":["PrismaMod:IllyaUncommonAttack","PrismaMod:IllyaRapidFire","PrismaMod:IllyaFeed"],"picked":"SKIP","floor":3},{"not_picked":["PrismaMod:IllyaBlindPoisonToss","PrismaMod:IllyaCommandSeal","PrismaMod:IllyaCheapChannelDefend"],"picked":"SKIP","floor":4},{"not_picked":["PrismaMod:IllyaSaphire","PrismaMod:IllyaInstallSaber","PrismaMod:IllyaMinorZwei"],"picked":"SKIP","floor":7},{"not_picked":["PrismaMod:IllyaRubysPotion","PrismaMod:IllyaUberPoisonBlock","PrismaMod:IllyaDualEvoke"],"picked":"SKIP","floor":8},{"not_picked":["PrismaMod:IllyaUncommonAttack","PrismaMod:IllyaRubysPotion","PrismaMod:IllyaBoysLove"],"picked":"SKIP","floor":11},{"not_picked":["PrismaMod:IllyaMinorReinForce","PrismaMod:IllyaBoysLove","PrismaMod:IllyaPoisonBomb"],"picked":"Singing Bowl","floor":12},{"not_picked":["PrismaMod:IllyaUncommonEvoke","PrismaMod:IllyaRapidFire","PrismaMod:IllyaGun"],"picked":"SKIP","floor":14},{"not_picked":["PrismaMod:IllyaUberAttackChannel","PrismaMod:IllyaCarnivalAttack","PrismaMod:IllyaCarnivalOrbs"],"picked":"Singing Bowl","floor":16},{"not_picked":["PrismaMod:IllyaBoysLove","PrismaMod:IllyaCommonEvoke","PrismaMod:IllyaMinorRapidFire"],"picked":"Singing Bowl","floor":18},{"not_picked":["PrismaMod:IllyaDevil","PrismaMod:IllyaCarnivalAttack","PrismaMod:IllyaUncommonEvoke"],"picked":"Singing Bowl","floor":19},{"not_picked":["PrismaMod:IllyaCheapDefend","PrismaMod:IllyaRussianRoulette","PrismaMod:IllyaGun+1"],"picked":"Singing Bowl","floor":20},{"not_picked":["PrismaMod:IllyaPartialInstallAssassin","PrismaMod:IllyaUncommonDefend","PrismaMod:IllyaBlindPoisonToss+1"],"picked":"Singing Bowl","floor":21},{"not_picked":["PrismaMod:IllyaUncommonDefend","PrismaMod:IllyaBride","PrismaMod:IllyaDevil"],"picked":"SKIP","floor":22},{"not_picked":["PrismaMod:IllyaUncommonDefend","PrismaMod:IllyaBride","PrismaMod:IllyaDevil"],"picked":"Singing Bowl","floor":22},{"not_picked":["PrismaMod:IllyaBerserCAR","PrismaMod:IllyaDetonatingBlow+1","PrismaMod:IllyaBoysLove"],"picked":"Singing Bowl","floor":23},{"not_picked":["PrismaMod:IllyaBoysLove","PrismaMod:IllyaPoisoningPhantasm","PrismaMod:IllyaGrailKun"],"picked":"Singing Bowl","floor":24},{"not_picked":["PrismaMod:IllyaGun","PrismaMod:IllyaCheapChannelAttack+1","PrismaMod:IllyaDetonatingBlow"],"picked":"Singing Bowl","floor":25},{"not_picked":["PrismaMod:IllyaUberPoisonBlock+1","PrismaMod:IllyaGun","PrismaMod:IllyaRubysPotion+1"],"picked":"Singing Bowl","floor":27},{"not_picked":["PrismaMod:IllyaCheapChannelDefend+1","PrismaMod:IllyaBlindPoisonToss+1","PrismaMod:IllyaHassanGift+1"],"picked":"Singing Bowl","floor":31},{"not_picked":["PrismaMod:IllyaInstallBerserker","PrismaMod:IllyaInstallRuler","PrismaMod:IllyaInstallForeigner"],"picked":"Singing Bowl","floor":33},{"not_picked":["PrismaMod:IllyaRussianRoulette+1","PrismaMod:IllyaPoisonBlock+1","PrismaMod:IllyaBoysLove+1"],"picked":"Singing Bowl","floor":35},{"not_picked":["PrismaMod:IllyaPoisonTippedWeapons","PrismaMod:IllyaUpgradeOrbs+1","PrismaMod:IllyaRapidFire"],"picked":"Singing Bowl","floor":36},{"not_picked":["PrismaMod:IllyaCheapChannelPoison+1","PrismaMod:IllyaMinorRapidFire","PrismaMod:IllyaSaphire+1"],"picked":"Singing Bowl","floor":37},{"not_picked":["PrismaMod:IllyaPoisonBomb","PrismaMod:IllyaCommonEvoke+1","PrismaMod:IllyaAOECommonAttack"],"picked":"Singing Bowl","floor":38},{"not_picked":["PrismaMod:IllyaPartialInstallAssassin+1","PrismaMod:IllyaCommonEvoke+1","PrismaMod:IllyaCommandSeal+1"],"picked":"Singing Bowl","floor":39},{"not_picked":["PrismaMod:IllyaCheapDefend+1","PrismaMod:IllyaUberPoisonBlock+1","PrismaMod:IllyaStunPoison+1"],"picked":"Singing Bowl","floor":40},{"not_picked":["PrismaMod:IllyaDualEvoke+1","PrismaMod:IllyaUncommonDefend+1","PrismaMod:IllyaCommandSeal+1"],"picked":"Singing Bowl","floor":42},{"not_picked":["PrismaMod:IllyaUberPoisonBlock+1","PrismaMod:IllyaPoisoningPhantasm","PrismaMod:IllyaCheapChannelPoison+1"],"picked":"Singing Bowl","floor":44},{"not_picked":["PrismaMod:IllyaCommandSeal+1","PrismaMod:IllyaGrailKun+1","PrismaMod:IllyaPoisonTippedWeapons"],"picked":"Singing Bowl","floor":45},{"not_picked":["PrismaMod:IllyaEvokeAll","PrismaMod:IllyaCommonEvoke+1","PrismaMod:IllyaReinForce+1"],"picked":"Singing Bowl","floor":47},{"not_picked":["PrismaMod:IllyaRussianRoulette+1","PrismaMod:IllyaZwei+1","PrismaMod:IllyaCheapChannelPoison+1"],"picked":"Singing Bowl","floor":48},{"not_picked":["PrismaMod:IllyaFeed+1","PrismaMod:IllyaUncommonDefend+1","PrismaMod:IllyaBlindPoisonToss+1"],"picked":"Singing Bowl","floor":49},{"not_picked":["PrismaMod:IllyaSaphire+1","PrismaMod:IllyaRubysPotion+1","PrismaMod:IllyaUncommonAttack"],"picked":"Singing Bowl","floor":52},{"not_picked":["PrismaMod:IllyaSaphire+1","PrismaMod:IllyaAOECommonAttack+1","PrismaMod:IllyaStunPoison"],"picked":"Singing Bowl","floor":54}],"player_experience":241030,"relics_obtained":[{"floor":7,"key":"StoneCalendar"},{"floor":9,"key":"Matryoshka"},{"floor":12,"key":"Singing Bowl"},{"floor":14,"key":"HornCleat"},{"floor":17,"key":"Potion Belt"},{"floor":17,"key":"Mercury Hourglass"},{"floor":17,"key":"Ginger"},{"floor":25,"key":"Toxic Egg 2"},{"floor":26,"key":"Regal Pillow"},{"floor":40,"key":"Orichalcum"},{"floor":43,"key":"Bottled Tornado"},{"floor":43,"key":"Dream Catcher"},{"floor":44,"key":"The Courier"},{"floor":54,"key":"Blood Vial"}],"event_choices":[{"damage_healed":0,"gold_gain":0,"player_choice":"Gave Potion","damage_taken":0,"relics_obtained":["Darkstone Periapt"],"max_hp_gain":0,"max_hp_loss":0,"event_name":"WeMeetAgain","floor":5,"gold_loss":0},{"damage_healed":0,"gold_gain":0,"player_choice":"Fight","damage_taken":0,"max_hp_gain":0,"max_hp_loss":0,"event_name":"Mysterious Sphere","floor":39,"gold_loss":0},{"damage_healed":0,"gold_gain":0,"player_choice":"Memory 1","damage_taken":0,"max_hp_gain":0,"max_hp_loss":0,"event_name":"SensoryStone","floor":41,"gold_loss":0}],"is_beta":false,"boss_relics":[{"not_picked":["Busted Crown","Black Star"],"picked":"Calling Bell"},{"not_picked":["Snecko Eye","Velvet Choker"],"picked":"SacredBark"}],"items_purged_floors":[],"is_endless":false,"potions_floor_spawned":[2,3,4,7,12,19,20,21,22,38,39,42,44,48,54],"ascension_level":3}}