{"host":"o1scrl1hgy598kuq","time":1613550518,"event":{"mods":["BaseMod","Colored Map","Colored Powertips","Minty Spire (QoL Compilation)","Remilia??????","Replay The Spire","Shop Mod","StSLib","The Jungle","The Marked","The Servant 0.9.4"],"gold_per_floor":[119,133,103,113,133,133,147,147,219,238,251,283,283,300,300,396,446,465,200,219,219,238,238,258,258,331,331,331],"floor_reached":27,"language":"ENG","playtime":1810,"items_purged":["Strike_B"],"score":277,"play_id":"a1782027-d4fc-412e-b20d-6b9c55e4f995","local_time":"20210217022838","is_ascension_mode":true,"campfire_choices":[{"data":"Static Discharge","floor":6,"key":"SMITH"},{"floor":13,"key":"REST"},{"data":"ReplayRNGCard","floor":23,"key":"SMITH"},{"data":"ReplayTheSpireMod:Calculation Training","floor":25,"key":"SMITH"}],"circlet_count":0,"master_deck":["Strike_B","Strike_B","Defend_B","Defend_B","Defend_B","Defend_B","Zap","Dualcast+1","ReplayRNGCard+1","Hologram","Static Discharge+1","Coolheaded","Turbo+1","BasicCrystalCard","Hologram","Capacitor","Static Discharge","ReplayTheSpireMod:Calculation Training+1","Multi-Cast+1","Heatsinks","ReplayTheSpireMod:System Scan","Crystallizer","Ghostly","Ghostly","Ghostly","Ghostly","Ghostly","Time Bomb+1","Panic Button+1"],"relics":["Cracked Core","Unceasing Top","Membership Card","MerchantsRug","Mirror"],"acts_visited":["Exordium","TheCity"],"potions_floor_usage":[4,11,12,12,12,16,18,27],"damage_taken":[{"damage":9,"enemies":"Small Slimes","floor":1,"turns":3},{"damage":4,"enemies":"Cultist","floor":2,"turns":3},{"damage":12,"enemies":"Jaw Worm","floor":4,"turns":7},{"damage":2,"enemies":"2 Fungi Beasts","floor":5,"turns":4},{"damage":17,"enemies":"Exordium Wildlife","floor":7,"turns":5},{"damage":24,"enemies":"Exordium Thugs","floor":10,"turns":4},{"damage":0,"enemies":"Looter","floor":11,"turns":4},{"damage":29,"enemies":"Lagavulin","floor":12,"turns":11},{"damage":15,"enemies":"2 Fungi Beasts","floor":14,"turns":5},{"damage":28,"enemies":"The Guardian","floor":16,"turns":9},{"damage":12,"enemies":"Chosen","floor":18,"turns":4},{"damage":7,"enemies":"Spheric Guardian","floor":20,"turns":5},{"damage":1,"enemies":"Snecko","floor":22,"turns":6},{"damage":10,"enemies":"Chosen and Byrds","floor":24,"turns":7},{"damage":29,"enemies":"Book of Stabbing","floor":27,"turns":5}],"seed_played":"649643239155489865","potions_obtained":[{"floor":3,"key":"FearPotion"},{"floor":3,"key":"AttackPotion"},{"floor":7,"key":"PotionOfCapacity"},{"floor":10,"key":"Regen Potion"},{"floor":11,"key":"Regen Potion"},{"floor":14,"key":"FearPotion"},{"floor":16,"key":"Languid Potion"},{"floor":17,"key":"Death Potion"},{"floor":24,"key":"Fire Potion"}],"is_trial":false,"path_per_floor":["M","M","?","M","M","R","M","?","T","M","M","E","R","M","R_BF","B",null,"M","$","M","?","M","R","M","R","T","E"],"character_chosen":"DEFECT","items_purchased":["Membership Card","MerchantsRug","Crystallizer"],"campfire_rested":1,"item_purchase_floors":[19,19,19],"current_hp_per_floor":[66,62,62,50,48,48,31,31,31,7,19,5,27,12,34,6,80,68,68,61,40,39,39,29,29,29,0,0],"gold":331,"neow_bonus":"TRANSFORM_CARD","is_daily":false,"chose_seed":false,"campfire_upgraded":3,"win_rate":0.0,"timestamp":1613550518,"path_taken":["M","M","?","M","?","R","M","?","T","?","M","E","R","M","R_BF","BOSS","M","$","M","?","M","R","M","R","T","E"],"items_purchased_type":["Relic","Relic","Card"],"build_version":"2020-12-22","purchased_purges":1,"victory":false,"max_hp_per_floor":[75,75,75,75,75,75,75,75,75,75,75,75,75,75,75,75,80,80,80,80,40,40,40,40,40,40,40,40],"card_choices":[{"not_picked":["Stack","Turbo"],"picked":"Hologram","floor":1},{"not_picked":["ReplayGash","Turbo"],"picked":"Static Discharge","floor":2},{"not_picked":["Streamline","Hologram"],"picked":"Coolheaded","floor":4},{"not_picked":["Cold Snap","Conserve Battery"],"picked":"Turbo","floor":5},{"not_picked":["Echo Form","Sunder"],"picked":"BasicCrystalCard","floor":7},{"not_picked":["Compile Driver","Streamline"],"picked":"Hologram","floor":10},{"not_picked":["Genetic Algorithm","Gash"],"picked":"Capacitor","floor":11},{"not_picked":["Cold Snap","Scrape"],"picked":"Static Discharge","floor":12},{"not_picked":["Buffer","Barrage"],"picked":"ReplayTheSpireMod:Calculation Training","floor":14},{"not_picked":["Rainbow","ReplayTheSpireMod:Omega Cannon"],"picked":"Multi-Cast","floor":16},{"not_picked":["Stack","Coolheaded"],"picked":"Heatsinks","floor":17},{"not_picked":["Stack","BasicCrystalCard"],"picked":"ReplayTheSpireMod:System Scan","floor":18},{"not_picked":["BasicCrystalCard","ReplayGash","Rebound"],"picked":"SKIP","floor":20},{"not_picked":["ReplayTheSpireMod:GoodbyeWorld","Steam"],"picked":"Time Bomb+1","floor":22},{"not_picked":["Streamline","Gash"],"picked":"Panic Button+1","floor":24}],"player_experience":258242,"relics_obtained":[{"floor":12,"key":"Unceasing Top"},{"floor":26,"key":"Mirror"}],"event_choices":[{"damage_healed":0,"gold_gain":0,"player_choice":"Bought 2 Potions","damage_taken":0,"max_hp_gain":0,"max_hp_loss":0,"event_name":"The Woman in Blue","floor":3,"gold_loss":0},{"damage_healed":0,"gold_gain":0,"player_choice":"Upgraded","damage_taken":0,"max_hp_gain":0,"max_hp_loss":0,"event_name":"Upgrade Shrine","floor":8,"gold_loss":0,"cards_upgraded":["Dualcast"]},{"damage_healed":0,"gold_gain":0,"player_choice":"Became a Ghost","damage_taken":0,"max_hp_gain":0,"max_hp_loss":40,"event_name":"Ghosts","floor":21,"gold_loss":0,"cards_obtained":["Ghostly","Ghostly","Ghostly","Ghostly","Ghostly"]}],"is_beta":false,"boss_relics":[{"not_picked":["Cursed Key","ChewingGum"],"picked":"Tiny House"}],"items_purged_floors":[19],"is_endless":false,"potions_floor_spawned":[7,10,11,14,16,24],"killed_by":"Book of Stabbing","ascension_level":3}}