{"host":"y4fuci1jk2rsxnep","time":1613575712,"event":{"mods":["AchievementEnabler","BaseMod","Colored Powertips","Custom Start","Defuse TimeMaze Blight","Dio Mod","Downfall","Hermit","Hero for Fun","Hubris","Hunter ??","Infinite Spire","Minty Spire (QoL Compilation)","Quick Restart","Reliquary","Remove Card Discount Mod","Replay The Spire","StSLib","The Blackbeard","The Bug Knight","The Mystic","The Runesmith"],"gold_per_floor":[112,187,14,14,27,59,59,106,106,125,125,160,160,179,179,281,281,295,320,320,370,368,368,382,382,456,470,499,499,511,531,531,667,767,830,830,744,744,802,802,865,865,865,932,1013,1013,1107,1199,1199,1374,1374,1469,1469,1469],"floor_reached":53,"language":"ENG","playtime":2993,"items_purged":["hermit:Manifest","hermit:BigShot+1"],"score":1031,"play_id":"72f89ac7-0c78-4c54-b1c2-9d74a71b1ccd","local_time":"20210217162832","is_ascension_mode":true,"campfire_choices":[{"data":"Apotheosis","floor":7,"key":"SMITH"},{"floor":11,"key":"REST"},{"floor":15,"key":"REST"},{"floor":23,"key":"RECALL"},{"floor":29,"key":"REST"},{"floor":32,"key":"REST"},{"data":"infinitespire:Punishment","floor":40,"key":"SMITH"},{"floor":46,"key":"REST"},{"floor":49,"key":"REST"}],"circlet_count":0,"master_deck":["hermit:Strike_Hermit","hermit:Strike_Hermit","hermit:Strike_Hermit","hermit:Strike_Hermit","hermit:Defend_Hermit","hermit:Defend_Hermit","hermit:Defend_Hermit","hermit:Snapshot","hermit:Covet","hermit:Quickdraw","Apotheosis+1","hermit:Showdown","hermit:WideOpen","hermit:HighNoon","hubris:Wrath","hermit:FromBeyond","Flash of Steel","infinitespire:Punishment+1","hermit:CalledShot+1","hermit:Virtue","hermit:Deadeye","hermit:Gambit","Panacea","hermit:Determination+1","hermit:ShadowCloak","hermit:FromBeyond","hermit:ShadowCloak","CommonCold"],"relics":["hermit:Momento","Bottled Flame","Bronze Scales","hubris:SlimyHat","ReplayTheSpireMod:SealedPack","hubris:ToyBattleship","hubris:ScarierMask","ReplayTheSpireMod:Ninjato","reliquary:Boomerang","infinitespire:EvilPickle","Replay:Wanted Poster","hubris:Towel","Guardian:PocketSentry","Du-Vu Doll","reliquary:WritOfMandamus","hubris:DisguiseKit"],"acts_visited":["Exordium","TheCity","TheBeyond","Exordium"],"potions_floor_usage":[6,16,18],"damage_taken":[{"damage":6,"enemies":"Cultist","floor":1,"turns":3},{"damage":10,"enemies":"Small Slimes","floor":5,"turns":4},{"damage":16,"enemies":"3 Sentries","floor":6,"turns":6},{"damage":3,"enemies":"2 Louse","floor":10,"turns":2},{"damage":2,"enemies":"Lagavulin","floor":12,"turns":5},{"damage":2,"enemies":"Red Slaver","floor":14,"turns":3},{"damage":28,"enemies":"Fading Forest","floor":16,"turns":11},{"damage":15,"enemies":"Spheric Guardian","floor":18,"turns":3},{"damage":3,"enemies":"Chosen","floor":24,"turns":3},{"damage":24,"enemies":"Snake Plant","floor":27,"turns":4},{"damage":51,"enemies":"Nightmare","floor":28,"turns":5},{"damage":4,"enemies":"Centurion and Healer","floor":30,"turns":3},{"damage":6,"enemies":"3 Cultists","floor":31,"turns":4},{"damage":16,"enemies":"Pondfish","floor":33,"turns":5},{"damage":3,"enemies":"Orb Walker","floor":35,"turns":2},{"damage":0,"enemies":"3 Darklings","floor":39,"turns":2},{"damage":0,"enemies":"Jaw Worm Horde","floor":41,"turns":2},{"damage":52,"enemies":"Maw","floor":44,"turns":5},{"damage":0,"enemies":"3 Darklings","floor":45,"turns":2},{"damage":1,"enemies":"Giant Head","floor":47,"turns":2},{"damage":8,"enemies":"Jaw Worm Horde","floor":48,"turns":2},{"damage":36,"enemies":"Time Eater","floor":50,"turns":5},{"damage":18,"enemies":"Jaw Worm","floor":52,"turns":2}],"seed_played":"-3663819860055574310","potions_obtained":[{"floor":5,"key":"LiquidBronze"},{"floor":14,"key":"PowerPotion"},{"floor":16,"key":"Death Potion"},{"floor":24,"key":"FairyPotion"},{"floor":30,"key":"EssenceOfSteel"},{"floor":31,"key":"BlessingOfTheForge"},{"floor":35,"key":"Languid Potion"},{"floor":39,"key":"champ:CounterPotion"},{"floor":44,"key":"FairyPotion"}],"is_trial":false,"path_per_floor":["M","?","$","?","M","E","R","T","T","M","R","E","?","M","R","B",null,"M","T","?","T","$","R","M","AVR","T","M","NM","R","M","M","R","B",null,"M","?","$","?","M","R","M","?","T","M","M","R","E","M","R","B",null,"M","?"],"character_chosen":"HERMIT","items_purchased":["Apotheosis","Panacea"],"campfire_rested":6,"item_purchase_floors":[3,37],"current_hp_per_floor":[76,68,68,68,58,42,42,42,42,39,63,61,61,59,82,54,82,67,67,67,67,67,67,64,64,64,40,16,40,36,30,54,38,82,79,79,79,79,79,79,79,79,79,27,27,51,50,42,66,30,82,64,64,64],"gold":1469,"neow_bonus":"TEN_PERCENT_HP_BONUS","is_daily":false,"chose_seed":false,"campfire_upgraded":2,"win_rate":0.0,"timestamp":1613575712,"path_taken":["M","?","?","?","?","E","R","?","T","?","R","E","?","M","R","BOSS","M","?","?","?","?","R","M","AVR","T","M","NM","R","?","M","R","BOSS","M","?","$","?","M","R","M","?","T","M","M","R","E","M","R","BOSS","M","?"],"items_purchased_type":["Card","Card"],"build_version":"2020-12-22","purchased_purges":2,"victory":false,"max_hp_per_floor":[82,82,82,82,82,82,82,82,82,82,82,82,82,82,82,82,82,82,82,82,82,82,82,82,82,82,82,82,82,82,82,82,82,82,82,82,82,82,82,82,82,82,82,82,82,82,82,82,82,82,82,82,82,82],"card_choices":[{"not_picked":["hermit:Snipe","hermit:Desperado"],"picked":"hermit:Quickdraw","floor":1},{"not_picked":["hermit:TakeAim","hermit:TrackingShot"],"picked":"hermit:Showdown","floor":5},{"not_picked":["hermit:Ricochet","hermit:BodyArmor"],"picked":"hermit:WideOpen","floor":6},{"not_picked":["hermit:NoHoldsBarred","hermit:Desperado","hermit:EyeOfTheStorm"],"picked":"SKIP","floor":10},{"not_picked":["hermit:WideOpen","hermit:Snipe","hermit:CalledShot"],"picked":"SKIP","floor":12},{"not_picked":["hermit:Scavenge","hermit:Headshot","hermit:Feint"],"picked":"SKIP","floor":14},{"not_picked":["hermit:Adapt","hermit:Reprieve"],"picked":"hermit:HighNoon","floor":16},{"not_picked":["hermit:OverwhelmingPower","hermit:FinalCanter"],"picked":"hermit:FromBeyond","floor":17},{"not_picked":["Trip","Replay:BasicMightCard"],"picked":"Flash of Steel","floor":17},{"not_picked":["hubris:Rewind","ReplayTheSpireMod:Black Plague"],"picked":"infinitespire:Punishment","floor":17},{"not_picked":["hermit:Roulette+1","hermit:Showdown"],"picked":"hermit:CalledShot+1","floor":18},{"not_picked":["hermit:LowProfile+1","hermit:Headshot","hermit:Maintenance"],"picked":"SKIP","floor":24},{"not_picked":["hermit:CalledShot+1","hermit:Reprieve"],"picked":"hermit:Virtue","floor":27},{"not_picked":["hermit:BodyArmor+1","hermit:LoneWolf"],"picked":"hermit:BigShot+1","floor":28},{"not_picked":["hermit:Desperado","hermit:Headshot+1"],"picked":"hermit:Deadeye","floor":30},{"not_picked":["hermit:Desperado","hermit:CalledShot","hermit:Malice+1"],"picked":"SKIP","floor":31},{"not_picked":["hermit:Reprieve","hermit:Purgatory"],"picked":"hermit:Gambit","floor":33},{"not_picked":["hermit:BigShot","hermit:Grudge","hermit:ItchyTrigger"],"picked":"SKIP","floor":35},{"not_picked":["hermit:GoldenBullet","hermit:DeadMansHand+1"],"picked":"hermit:Determination+1","floor":39},{"not_picked":["hermit:LowProfile+1","hermit:BigShot"],"picked":"hermit:ShadowCloak","floor":41},{"not_picked":["hermit:Horror+1","hermit:TrackingShot","hermit:NoHoldsBarred+1"],"picked":"SKIP","floor":44},{"not_picked":["hermit:Virtue","hermit:FinalCanter","hermit:NoHoldsBarred+1"],"picked":"SKIP","floor":45},{"not_picked":["hermit:Dive","hermit:SprayPray","hermit:GoldenBullet"],"picked":"SKIP","floor":47},{"not_picked":["hermit:HighCaliber+1","hermit:LowProfile+1","hermit:Combo+1"],"picked":"SKIP","floor":48},{"not_picked":["hermit:HighCaliber+1","hermit:LowProfile+1","hermit:Combo+1"],"picked":"SKIP","floor":48},{"not_picked":["hermit:Reprieve","hermit:Magnum"],"picked":"hermit:FromBeyond","floor":50},{"not_picked":["hermit:TrackingShot","hermit:CursedWeapon"],"picked":"hermit:ShadowCloak","floor":52}],"player_experience":636555,"relics_obtained":[{"floor":6,"key":"Bottled Flame"},{"floor":8,"key":"Bronze Scales"},{"floor":12,"key":"hubris:SlimyHat"},{"floor":19,"key":"hubris:ToyBattleship"},{"floor":26,"key":"ReplayTheSpireMod:Ninjato"},{"floor":28,"key":"reliquary:Boomerang"},{"floor":43,"key":"Guardian:PocketSentry"},{"floor":47,"key":"Du-Vu Doll"}],"event_choices":[{"damage_healed":0,"gold_gain":75,"player_choice":"Touch","damage_taken":8,"max_hp_gain":0,"max_hp_loss":0,"event_name":"FaceTrader","floor":2,"gold_loss":0},{"cards_removed":["hermit:Defend_Hermit"],"damage_healed":0,"gold_gain":0,"player_choice":"Offered Basic","damage_taken":0,"max_hp_gain":0,"max_hp_loss":0,"event_name":"Bonfire Elementals","floor":4,"gold_loss":0},{"damage_healed":0,"gold_gain":0,"player_choice":"Ignored","damage_taken":0,"max_hp_gain":0,"max_hp_loss":0,"event_name":"Transmorgrifier","floor":13,"gold_loss":0},{"damage_healed":0,"gold_gain":0,"player_choice":"Read","damage_taken":0,"max_hp_gain":0,"max_hp_loss":0,"event_name":"The Library","floor":20,"gold_loss":0,"cards_obtained":["hermit:Manifest"]}],"is_beta":false,"boss_relics":[{"not_picked":["hermit:DentedPlate","hubris:VirtuousBlindfold"],"picked":"ReplayTheSpireMod:SealedPack"},{"not_picked":["hubris:TerracottaHorce","Replay:Drink Me"],"picked":"Replay:Wanted Poster"},{"not_picked":["reliquary:Craggleroot","Black Star"],"picked":"reliquary:WritOfMandamus"}],"items_purged_floors":[22,37],"is_endless":true,"potions_floor_spawned":[5,14,16,24,30,31,35,39,44,48],"ascension_level":2}}