{"host":"5wf60zc4jjt9ov65","time":1613603670,"event":{"mods":["AchievementEnabler","BaseMod","Beaked The Cultist","Bestiary","Better Altar","Better Match","Better Note","Better Sensory Stone","Better Skull","Better Third Choice","BetterRewards","Colored Map","Colored Powertips","Downfall","Googly Eyes","Halation","Highlight Path","Hubris","Infinite Spire","Minty Spire (QoL Compilation)","Permanent Neow","Quick Restart","Relic Sorter","Replay The Spire","StSLib","SuperFastMode","The Bug Knight","The Construct"],"gold_per_floor":[99,119,134,134,234,261,329,429,445,445,345,376,390,565,581,677,777,777,791,791,803,818,668,691,591,501,536,546,580,480,491,508,611,611,611,623,639,639,639,639,639,639,657,657,676,794,812,823,834,930,930,930,1030,1047,1110,1130,1180,1233,1277,1308,1308,1332,1345,1345,925,945,1061,1061,1061,1103,1130,1151,1170,1200,1230,838,888,888,910,1002,1052,1102,1120,1220,1220,1220,1238,1251,1355,1379,1389,1421,1421,1471,1521,753,803,878,963,978,1090,1090,1171,1187,1200,1250,1300,1374,1404,1454,1464,1524,1524,1540,1555,1555,1571,1675,1675,1675,1691,1708,1730,1780,1780,1818,1896,1913,1713,1727,1740,1302,1352,1371,1467,1467,1542,1562,1612,1762,1834,1834,1872,1890,1910,1910,1910,1923,1923,1943,1956,1958,1958,1958],"floor_reached":152,"language":"ENG","playtime":9489,"items_purged":["Doubt","Injury","ReplayTheSpireMod:Restless Dread","Decay","hexamod:Defend+1","hexamod:Strike+1","hexamod:Sear+1","hexamod:WildfireWeapon+1"],"score":3458,"play_id":"1190e67b-2085-4993-a0eb-45d4359c7845","local_time":"20210217181430","is_ascension_mode":false,"campfire_choices":[{"floor":1.0,"key":"RECALL"},{"floor":11.0,"key":"REST"},{"data":"hexamod:GhostflameInferno","floor":18.0,"key":"SMITH"},{"data":"hexamod:SkipABeat","floor":25.0,"key":"SMITH"},{"data":"hexamod:HexaLevel","floor":30.0,"key":"SMITH"},{"data":"hexamod:Float","floor":35.0,"key":"SMITH"},{"floor":40.0,"key":"REST"},{"floor":52.0,"key":"DIG"},{"floor":61.0,"key":"REST"},{"data":"hexamod:UnlimitedPower","floor":64.0,"key":"SMITH"},{"data":"hexamod:Defend","floor":69.0,"key":"PURGE"},{"floor":86.0,"key":"DIG"},{"data":"ReplayTheSpireMod:Chaos Vortex","floor":93.0,"key":"SMITH"},{"data":"hexamod:PhantomCloak","floor":113,"key":"SMITH"},{"floor":125,"key":"REST"},{"floor":142,"key":"REST"},{"floor":146,"key":"REST"},{"floor":149,"key":"REST"}],"circlet_count":0,"master_deck":["hexamod:Strike+1","hexamod:Strike+1","hexamod:Defend+1","hexamod:Defend+1","hexamod:Float+1","hexamod:SpectersWail+1","infinitespire:Punishment+1","hexamod:HauntingEcho+1","hexamod:SkipABeat+1","hexamod:ChargedBarrage+1","hexamod:HeatMetal+1","hexamod:ExtraCrispy+1","infinitespire:NeuralNetwork+1","hexamod:AdvancingGuard+1","hexamod:HexaLevel+1","hexamod:BurningTouch+1","hexamod:EmpoweredFlame+1","infinitespire:Gouge+1","infinitespire:Punishment+1","hexamod:RainOfEmbers+1","hexamod:FirstSeal","hexamod:FastForward+1","hexamod:Hexaguard+1","hexamod:UnlimitedPower+1","hexamod:SoulSteal+1","ReplayTheSpireMod:Chaos Vortex+1","hexamod:FourthSeal","hexamod:FifthSeal","hexamod:ThirdSeal","hexamod:SixthSeal","hexamod:FirstSeal","Pot Of Greed+1","Pot Of Greed+1","Pot Of Greed+1","Pot Of Greed+1","hexamod:PhantomCloak+1","hexamod:RainOfEmbers+1","hexamod:HexaLevel+1","hexamod:FirstSeal","hexamod:AdvancingGuard+1","hexamod:PhantomCloak"],"relics":["hexamod:SpiritBrand","Centennial Puzzle","hexamod:MatchstickCase","Bag of Marbles","hubris:PeanutButter","hubris:EvacipatedBox","hubris:KleinBottle","downfall:HeartBlessingRed","Whetstone","Replay:Wanted Poster","downfall:HeartBlessingBlue","halation:PromiseList","Nunchaku","downfall:HeartBlessingGreen","Cursed Key","Pet Ghost","halation:Sosunser","ReplayTheSpireMod:CursedCoin","White Beast Statue","halation:Prosthetics","Strawberry","downfall:CloakOfManyFaces","CultistMask","FaceOfCleric","NlothsMask","GremlinMask","SsserpentHead","Oddly Smooth Stone","halation:IllGainedPizza","Sling","infinitespire:PuzzleCube","construct:WeddingRing","Replay:Bottled Eggs","Incense Burner","hexamod:TheBrokenSeal","hubris:FruitBowl","Replay:Baseball","Omamori","infinitespire:Satchel","hexamod:IceCube","halation:AfternoonTea","hubris:Zylophone","Ginger","Grinning Jar","Cauldron","Bag of Preparation","Runic Pyramid","ReplayTheSpireMod:TigerMarble","hubris:Towel","Odd Mushroom","Fusion Hammer","hubris:Icosahedron","hubris:TenFootPole","Blood Vial","HandDrill","infinitespire:Cupcake","Art of War"],"acts_visited":["Exordium","TheCity","TheBeyond","Exordium","TheCity","TheBeyond","Exordium","TheCity","TheBeyond"],"potions_floor_usage":[126,141,152,152,152,152,152,152],"damage_taken":[{"damage":5.0,"enemies":"Small Slimes","floor":2.0,"turns":5.0},{"damage":1.0,"enemies":"Jaw Worm","floor":3.0,"turns":4.0},{"damage":18.0,"enemies":"Gremlin Nob","floor":6.0,"turns":5.0},{"damage":0.0,"enemies":"Cultist","floor":9.0,"turns":3.0},{"damage":18.0,"enemies":"Lagavulin","floor":12.0,"turns":5.0},{"damage":0.0,"enemies":"Gremlin Gang","floor":13.0,"turns":4.0},{"damage":0.0,"enemies":"Blue Slaver","floor":15.0,"turns":2.0},{"damage":28.0,"enemies":"DF_ARCHETYPE_STREAMLINE","floor":16.0,"turns":8.0},{"damage":0.0,"enemies":"3 Byrds","floor":19.0,"turns":4.0},{"damage":0.0,"enemies":"Chosen","floor":21.0,"turns":4.0},{"damage":5.0,"enemies":"Centurion and Healer","floor":22.0,"turns":4.0},{"damage":0.0,"enemies":"downfall:FleeingMerchant","floor":26.0,"turns":4.0},{"damage":15.0,"enemies":"Nightmare","floor":27.0,"turns":6.0},{"damage":0.0,"enemies":"3 Cultists","floor":28.0,"turns":5.0},{"damage":7.0,"enemies":"HollowMod:Nosk","floor":29.0,"turns":4.0},{"damage":0.0,"enemies":"Snake Plant","floor":31.0,"turns":2.0},{"damage":2.0,"enemies":"Cultist and Chosen","floor":32.0,"turns":5.0},{"damage":50.0,"enemies":"WA_ARCHETYPE_CALM","floor":33.0,"turns":9.0},{"damage":14.0,"enemies":"3 Shapes","floor":36.0,"turns":4.0},{"damage":4.0,"enemies":"3 Darklings","floor":37.0,"turns":5.0},{"damage":0.0,"enemies":"Writhing Mass","floor":43.0,"turns":3.0},{"damage":0.0,"enemies":"Jaw Worm Horde","floor":45.0,"turns":3.0},{"damage":0.0,"enemies":"downfall:FleeingMerchant","floor":46.0,"turns":3.0},{"damage":0.0,"enemies":"Maw","floor":47.0,"turns":4.0},{"damage":0.0,"enemies":"Sphere and 2 Shapes","floor":48.0,"turns":4.0},{"damage":0.0,"enemies":"4 Shapes","floor":49.0,"turns":4.0},{"damage":4.0,"enemies":"IC_BLOCK_ARCHETYPE","floor":50.0,"turns":6.0},{"damage":1.0,"enemies":"downfall:FaceTrader","floor":53.0,"turns":3.0},{"damage":1.0,"enemies":"Small Slimes","floor":54.0,"turns":2.0},{"damage":0.0,"enemies":"Jaw Worm","floor":55.0,"turns":1.0},{"damage":0.0,"enemies":"Cultist","floor":56.0,"turns":3.0},{"damage":9.0,"enemies":"Lagavulin","floor":59.0,"turns":3.0},{"damage":9.0,"enemies":"Exordium Thugs","floor":60.0,"turns":4.0},{"damage":0.0,"enemies":"Blue Slaver","floor":62.0,"turns":3.0},{"damage":0.0,"enemies":"downfall:LooterAlt","floor":63.0,"turns":1.0},{"damage":0.0,"enemies":"Red Slaver","floor":66.0,"turns":1.0},{"damage":0.0,"enemies":"The Guardian","floor":67.0,"turns":5.0},{"damage":0.0,"enemies":"3 Byrds","floor":70.0,"turns":3.0},{"damage":23.0,"enemies":"downfall:LooterAlt2","floor":71.0,"turns":3.0},{"damage":9.0,"enemies":"3 Cultists","floor":72.0,"turns":3.0},{"damage":0.0,"enemies":"Sentry and Sphere","floor":73.0,"turns":4.0},{"damage":17.0,"enemies":"Shelled Parasite and Fungi","floor":74.0,"turns":6.0},{"damage":7.0,"enemies":"Book of Stabbing","floor":75.0,"turns":2.0},{"damage":7.0,"enemies":"Cultist and Chosen","floor":79.0,"turns":3.0},{"damage":0.0,"enemies":"3 Cultists","floor":80.0,"turns":6.0},{"damage":0.0,"enemies":"Centurion and Healer","floor":83.0,"turns":5.0},{"damage":0.0,"enemies":"Collector","floor":84.0,"turns":3.0},{"damage":0.0,"enemies":"Orb Walker","floor":87.0,"turns":2.0},{"damage":0.0,"enemies":"3 Shapes","floor":88.0,"turns":2.0},{"damage":19.0,"enemies":"2 Orb Walkers","floor":89.0,"turns":4.0},{"damage":0.0,"enemies":"Transient","floor":90.0,"turns":5.0},{"damage":0.0,"enemies":"Spire Growth","floor":91.0,"turns":2.0},{"damage":0.0,"enemies":"Reptomancer","floor":92.0,"turns":4.0},{"damage":14.0,"enemies":"Nemesis","floor":99.0,"turns":2.0},{"damage":0.0,"enemies":"Sphere and 2 Shapes","floor":100.0,"turns":3.0},{"damage":4.0,"enemies":"hubris:GrandSnecko","floor":101.0,"turns":7.0},{"damage":0,"enemies":"Jaw Worm","floor":104,"turns":2},{"damage":0,"enemies":"2 Louse","floor":105,"turns":1},{"damage":0,"enemies":"The Mushroom Lair","floor":108,"turns":2},{"damage":0,"enemies":"Lagavulin","floor":109,"turns":2},{"damage":0,"enemies":"Small Slimes","floor":111,"turns":1},{"damage":0,"enemies":"downfall:LooterAlt","floor":112,"turns":1},{"damage":0,"enemies":"3 Louse","floor":114,"turns":2},{"damage":0,"enemies":"Red Slaver","floor":115,"turns":1},{"damage":0,"enemies":"downfall:LooterAlt","floor":117,"turns":3},{"damage":0,"enemies":"Fading Forest","floor":118,"turns":8},{"damage":0,"enemies":"Chosen","floor":121,"turns":2},{"damage":0,"enemies":"Spheric Guardian","floor":122,"turns":1},{"damage":2,"enemies":"Snake Plant","floor":123,"turns":2},{"damage":50,"enemies":"Gremlin Leader","floor":126,"turns":4},{"damage":0,"enemies":"HollowMod:Nosk","floor":127,"turns":2},{"damage":0,"enemies":"Centurion and Healer","floor":128,"turns":2},{"damage":2,"enemies":"Cultist and Chosen","floor":130,"turns":3},{"damage":0,"enemies":"Snecko","floor":131,"turns":2},{"damage":0,"enemies":"Snake Plant","floor":134,"turns":2},{"damage":2,"enemies":"hubris:MusketHawk","floor":135,"turns":2},{"damage":0,"enemies":"3 Shapes","floor":138,"turns":1},{"damage":8,"enemies":"3 Darklings","floor":141,"turns":2},{"damage":25,"enemies":"Nightmare","floor":143,"turns":4},{"damage":0,"enemies":"Maw","floor":144,"turns":4},{"damage":0,"enemies":"Writhing Mass","floor":145,"turns":1},{"damage":2,"enemies":"Jaw Worm Horde","floor":148,"turns":3},{"damage":0,"enemies":"Maw","floor":150,"turns":1},{"damage":0,"enemies":"Writhing Mass","floor":151,"turns":1},{"damage":155,"enemies":"infinitespire:LordOfFortification","floor":152,"turns":5}],"seed_played":"-3816592037382733138","potions_obtained":[{"floor":13.0,"key":"EntropicBrew"},{"floor":16.0,"key":"hexamod:InfernoChargePotion"},{"floor":19.0,"key":"hexamod:DoubleChargePotion"},{"floor":21.0,"key":"Ancient Potion"},{"floor":26.0,"key":"Block Potion"},{"floor":28.0,"key":"Fruit Juice"},{"floor":28.0,"key":"DistilledChaos"},{"floor":43.0,"key":"Flashbang"},{"floor":48.0,"key":"EntropicBrew"},{"floor":59.0,"key":"Strength Potion"},{"floor":66.0,"key":"DuplicationPotion"},{"floor":72.0,"key":"Swift Potion"},{"floor":74.0,"key":"Fruit Juice"},{"floor":74.0,"key":"BlessingOfTheForge"},{"floor":75.0,"key":"SteroidPotion"},{"floor":79.0,"key":"EntropicBrew"},{"floor":89.0,"key":"Fruit Juice"},{"floor":89.0,"key":"SkillPotion"},{"floor":90.0,"key":"Strength Potion"},{"floor":92.0,"key":"AttackPotion"},{"floor":99.0,"key":"Explosive Potion"},{"floor":100.0,"key":"PowerPotion"},{"floor":101.0,"key":"Reflective Coating"},{"floor":101.0,"key":"sneckomod:MuddlingPotion"},{"floor":104,"key":"hexamod:EctoCoolerPotion"},{"floor":115,"key":"Milkshake"},{"floor":121,"key":"Reflective Coating"},{"floor":126,"key":"PowerPotion"},{"floor":130,"key":"EntropicBrew"},{"floor":141,"key":"Milkshake"}],"is_trial":false,"path_per_floor":["R","M","M","?","?","E","T","?","M","$","R","E","M","?","M","B",null,"R","M","?","M","M","?","T","R","$","NM","M","E","R","M","M","B",null,"R","M","M","?","?","R","T","AVR","M","?","M","$","M","M","M","B",null,"R_BF","?","M","M","M","?","T","E","M","R","M","M","R","$","M","B",null,"R_BF","M","M","M","M","M","E","$","?","AVR","M","M","?","$","M","B",null,"R_BF","M","M","?","M","M","E","R","?","?","$","?","?","E","M","B",null,"R_BF","M","M","?","?","?","E","?","M","M","R","M","M","AVR","M","B",null,"R_BF","M","M","M","?","R","E","E","M","$","M","M","$","?","M","B",null,"R_BF","M","?","?","M","R","NM","M","M","R","AVR","M","R","M","M","B"],"character_chosen":"THE_SPIRIT","items_purchased":["hubris:EvacipatedBox","hubris:KleinBottle","ReplayTheSpireMod:CursedCoin","White Beast Statue","Sling","infinitespire:PuzzleCube","Replay:Bottled Eggs","hubris:FruitBowl","Replay:Baseball","Omamori","infinitespire:Satchel","Ginger","Grinning Jar","Cauldron","hubris:TenFootPole","Blood Vial","HandDrill"],"campfire_rested":7,"item_purchase_floors":[10,10,46,46,65,65,76,82,82,82,82,96,96,96,132,132,132],"current_hp_per_floor":[70,65,70,58,58,47,47,47,54,16,37,26,33,33,33,5,70,70,70,70,70,70,80,80,90,90,82,87,87,87,87,92,49,95,95,81,84,61,61,89,89,89,95,95,95,95,95,95,95,95,60,67,67,68,69,70,48,48,47,53,72,73,74,74,74,75,76,76,76,77,55,47,62,72,73,73,73,73,74,99,99,50,65,66,101,101,102,103,99,107,108,109,109,109,109,109,109,109,96,111,115,117,117,118,119,119,119,120,121,121,122,123,123,124,125,125,126,127,127,127,128,129,130,130,130,102,117,118,118,131,132,132,128,136,135,137,137,138,138,138,131,139,124,141,142,142,142,143,143,144,145,0,0,0],"gold":1958,"neow_bonus":"RANDOM_COMMON_RELIC","is_daily":false,"chose_seed":false,"campfire_upgraded":7,"win_rate":0.0,"timestamp":1613603670,"path_taken":["R","M","M","?","?","E","T","?","?","?","R","E","M","?","M","BOSS","R","M","?","M","M","?","T","R","$","NM","M","E","R","M","M","BOSS","R","M","M","?","?","R","T","AVR","?","?","M","$","M","?","M","BOSS","R_BF","?","M","?","M","?","T","NM","M","R","M","M","R","$","M","BOSS","R_BF","M","M","M","M","M","E","$","?","AVR","M","?","?","?","M","BOSS","R_BF","M","M","?","M","M","E","R","?","?","$","?","?","?","M","BOSS","R_BF","M","M","?","?","?","E","?","M","?","R","M","M","AVR","M","BOSS","R_BF","M","M","M","?","R","E","?","M","$","M","M","$","?","M","BOSS","R_BF","M","?","?","?","R","NM","M","M","R","AVR","M","R","M","M","BOSS"],"items_purchased_type":["Relic","Relic","Relic","Relic","Relic","Relic","Relic","Relic","Relic","Relic","Relic","Relic","Relic","Relic","Relic","Relic","Relic"],"build_version":"2020-12-22","purchased_purges":8,"victory":false,"max_hp_per_floor":[70,70,70,70,70,70,70,70,70,70,70,70,70,70,70,70,70,70,70,70,70,70,80,80,90,90,90,95,95,95,95,95,95,95,95,95,95,95,95,95,95,95,95,95,95,95,95,95,95,95,60,67,67,68,69,70,70,70,71,72,72,73,74,74,74,75,76,76,76,77,78,79,80,86,87,87,87,87,88,99,99,99,100,101,101,101,102,103,111,112,113,114,114,114,114,114,114,114,115,116,117,117,117,118,119,119,119,120,121,121,122,123,123,124,125,125,126,127,127,127,128,129,130,130,130,131,132,133,133,134,135,135,135,136,137,137,137,138,138,138,139,139,140,141,142,142,142,143,143,144,145,145,145,145],"card_choices":[{"not_picked":["hexamod:NightmareStrike","hexamod:SecondSeal"],"picked":"hexamod:FirstSeal","floor":2.0},{"not_picked":["hexamod:BacktrackSmack","hexamod:Incineration","hexamod:RecurringNightmare"],"picked":"SKIP","floor":3.0},{"not_picked":["hexamod:HeatCrush","hexamod:HauntingEcho"],"picked":"hexamod:SpectersWail","floor":6.0},{"not_picked":["hexamod:Rewind","hexamod:SpectersWail","hexamod:Firestarter"],"picked":"SKIP","floor":9.0},{"not_picked":["infinitespire:Fortify","infinitespire:DeathsTouch"],"picked":"infinitespire:Punishment","floor":10.0},{"not_picked":["hexamod:SpectersWail","hexamod:GhostShield"],"picked":"hexamod:FourthSeal","floor":12.0},{"not_picked":["hexamod:ThermalTransfer","hexamod:NecessarySacrifice"],"picked":"hexamod:HauntingEcho","floor":13.0},{"not_picked":["hexamod:BacktrackSmack","hexamod:HeatShield"],"picked":"hexamod:SkipABeat","floor":15.0},{"not_picked":["hexamod:ForkedFlame","hexamod:HexaLevel"],"picked":"hexamod:GhostflameInferno","floor":16.0},{"not_picked":["hexamod:NightmareGuise","hexamod:GhostShield","hexamod:ThermalTransfer+1"],"picked":"SKIP","floor":19.0},{"not_picked":["hexamod:Incineration","hexamod:BurningTouch"],"picked":"hexamod:ChargedBarrage","floor":21.0},{"not_picked":["hexamod:RecurringNightmare","hexamod:SpectersWail"],"picked":"hexamod:HeatMetal","floor":22.0},{"not_picked":["hexamod:SpectralAdrenaline","hexamod:NightmareStrike"],"picked":"hexamod:ExtraCrispy","floor":26.0},{"not_picked":["infinitespire:DeathsTouch","ReplayTheSpireMod:??????????????????????"],"picked":"infinitespire:NeuralNetwork","floor":27.0},{"not_picked":["hexamod:BacktrackSmack","hexamod:Haunt","hexamod:Incineration"],"picked":"SKIP","floor":27.0},{"not_picked":["hexamod:SwordOfDarkness","hexamod:NightmareStrike"],"picked":"hexamod:AdvancingGuard+1","floor":28.0},{"not_picked":["hexamod:HauntingEcho","hexamod:RadiantFlame+1"],"picked":"hexamod:HexaLevel","floor":29.0},{"not_picked":["hexamod:InspiringFlames","hexamod:NightmareGuise"],"picked":"hexamod:BurningTouch+1","floor":31.0},{"not_picked":["hexamod:HeatShield","hexamod:ShieldOfDarkness","hexamod:SpectralAdrenaline"],"picked":"SKIP","floor":32.0},{"not_picked":["hexamod:ParanormalForm","hexamod:UnlimitedPower"],"picked":"hexamod:WildfireWeapon","floor":33.0},{"not_picked":["hexamod:HeatCrush","hexamod:HeatMetal"],"picked":"hexamod:EmpoweredFlame+1","floor":36.0},{"not_picked":["hexamod:InspiringFlames+1","hexamod:HauntingEcho","hexamod:Firestarter+1"],"picked":"SKIP","floor":37.0},{"not_picked":["infinitespire:FinalStrike","infinitespire:Oblivion"],"picked":"infinitespire:Gouge","floor":38.0},{"not_picked":["hexamod:GhostOfSpirePast","hexamod:Hexaguard+1","hexamod:PhantomFireball+1"],"picked":"SKIP","floor":43.0},{"not_picked":["hexamod:NightmareStrike+1","hexamod:AdvancingGuard"],"picked":"hexamod:RainOfEmbers+1","floor":45.0},{"not_picked":["hexamod:SpectralAdrenaline","hexamod:HauntingEcho","hexamod:SpectersWail+1"],"picked":"SKIP","floor":46.0},{"not_picked":["hexamod:HeatMetal","hexamod:TurnItUp"],"picked":"hexamod:FirstSeal","floor":47.0},{"not_picked":["hexamod:InspiringFlames","hexamod:ShieldOfDarkness"],"picked":"hexamod:FastForward+1","floor":48.0},{"not_picked":["hexamod:Rewind+1","hexamod:Again+1"],"picked":"hexamod:Hexaguard+1","floor":49.0},{"not_picked":["hexamod:TurnItUp","hexamod:GhostflameInferno"],"picked":"hexamod:SixthSeal","floor":50.0},{"not_picked":["hexamod:ThermalTransfer","hexamod:RadiantFlame","hexamod:NightmareGuise"],"picked":"SKIP","floor":54.0},{"not_picked":["hexamod:InspiringFlames","hexamod:NightmareGuise","hexamod:UnlimitedPower"],"picked":"SKIP","floor":55.0},{"not_picked":["hexamod:GhostLash","hexamod:GhostShield"],"picked":"hexamod:SecondSeal","floor":56.0},{"not_picked":["hexamod:TurnItUp","hexamod:ThermalTransfer"],"picked":"hexamod:UnlimitedPower","floor":59.0},{"not_picked":["hexamod:GhostLash","hexamod:HeatCrush","hexamod:SpectersWail"],"picked":"SKIP","floor":60.0},{"not_picked":["hexamod:SwordOfDarkness","hexamod:BacktrackSmack","hexamod:Hexaguard"],"picked":"SKIP","floor":62.0},{"not_picked":["hexamod:SwordOfDarkness","hexamod:Hexaguard","hexamod:BurningTouch"],"picked":"SKIP","floor":63.0},{"not_picked":["hexamod:HeatMetal","hexamod:FourthSeal"],"picked":"hexamod:SoulSteal","floor":66.0},{"not_picked":["infinitespire:FinalStrike","infinitespire:Fortify"],"picked":"ReplayTheSpireMod:Chaos Vortex","floor":67.0},{"not_picked":["hexamod:GhostLash","hexamod:NightmareStrike","hexamod:SpectersWail"],"picked":"SKIP","floor":70.0},{"not_picked":["hexamod:HeatMetal","hexamod:FastForward","hexamod:HauntingEcho+1"],"picked":"SKIP","floor":71.0},{"not_picked":["hexamod:AdvancingGuard","hexamod:BurningTouch+1"],"picked":"hexamod:FifthSeal","floor":72.0},{"not_picked":["hexamod:SixthSeal","hexamod:SecondSeal"],"picked":"hexamod:ThirdSeal","floor":73.0},{"not_picked":["hexamod:HauntingEcho+1","hexamod:NightmareStrike+1","hexamod:ShieldOfDarkness"],"picked":"SKIP","floor":73.0},{"not_picked":["hexamod:SecondSeal","hexamod:SixthSeal"],"picked":"hexamod:FourthSeal","floor":74.0},{"not_picked":["hexamod:RecurringNightmare","hexamod:AdvancingGuard+1","hexamod:RetreatToShadows+1"],"picked":"SKIP","floor":74.0},{"not_picked":["hexamod:Rewind","hexamod:FourthSeal","hexamod:Again+1"],"picked":"SKIP","floor":74.0},{"not_picked":["hexamod:EmpoweredFlame+1","hexamod:Hexaguard+1","hexamod:InspiringFlames"],"picked":"SKIP","floor":75.0},{"not_picked":["hexamod:PhantomFireball","hexamod:RetreatToShadows","hexamod:HauntingEcho+1"],"picked":"SKIP","floor":75.0},{"not_picked":["hexamod:FourthSeal","hexamod:SecondSeal"],"picked":"hexamod:ThirdSeal","floor":79.0},{"not_picked":["hexamod:StepThrough","hexamod:ShieldOfDarkness","hexamod:PhantomFireball"],"picked":"SKIP","floor":79.0},{"not_picked":["hexamod:SkipABeat","hexamod:GhostShield","hexamod:SwordOfDarkness"],"picked":"SKIP","floor":80.0},{"not_picked":["hexamod:Hexaguard","hexamod:HeatMetal+1","hexamod:NightmareStrike+1"],"picked":"SKIP","floor":80.0},{"not_picked":["hexamod:ThirdSeal","hexamod:SecondSeal"],"picked":"hexamod:SixthSeal","floor":83.0},{"not_picked":["hexamod:RetreatToShadows","hexamod:NightmareStrike","hexamod:EtherealExpedition+1"],"picked":"SKIP","floor":83.0},{"not_picked":["hexamod:VolcanoVisage","hexamod:HeatCrush+1","hexamod:FastForward+1"],"picked":"SKIP","floor":83.0},{"not_picked":["hexamod:GhostLash","hexamod:InspiringFlames+1","hexamod:Hexaguard"],"picked":"SKIP","floor":87.0},{"not_picked":["hexamod:GhostflameBarrier","hexamod:FastForward+1","hexamod:SwordOfDarkness+1"],"picked":"SKIP","floor":88.0},{"not_picked":["hexamod:RetreatToShadows","hexamod:Hexaguard+1","hexamod:ThirdSeal"],"picked":"SKIP","floor":90.0},{"not_picked":["hexamod:ThermalTransfer+1","hexamod:Firestarter+1","hexamod:GhostShield+1"],"picked":"SKIP","floor":90.0},{"not_picked":["hexamod:EtherealExpedition+1","hexamod:StepThrough+1","hexamod:HexaLevel"],"picked":"SKIP","floor":91.0},{"not_picked":["hexamod:NightmareStrike+1","hexamod:ThermalTransfer+1","hexamod:ExtraCrispy"],"picked":"SKIP","floor":91.0},{"not_picked":["hexamod:NightmareGuise","hexamod:AdvancingGuard","hexamod:EtherealExpedition+1"],"picked":"SKIP","floor":92.0},{"not_picked":["hexamod:ShieldOfDarkness","hexamod:AdvancingGuard+1","hexamod:Firestarter"],"picked":"SKIP","floor":92.0},{"not_picked":["hexamod:NightmareStrike","hexamod:HeatMetal+1","hexamod:NecessarySacrifice"],"picked":"SKIP","floor":99.0},{"not_picked":["hexamod:BurningTouch+1","hexamod:ForkedFlame"],"picked":"hexamod:PhantomCloak","floor":100.0},{"not_picked":["hexamod:BacktrackSmack","hexamod:GhostflameBarrier+1","hexamod:GhostShield"],"picked":"SKIP","floor":100.0},{"not_picked":["hexamod:HeatMetal","hexamod:EtherealExpedition","hexamod:FastForward"],"picked":"SKIP","floor":104},{"not_picked":["hexamod:FastForward","hexamod:EtherealExpedition","hexamod:GhostLash"],"picked":"SKIP","floor":105},{"not_picked":["hexamod:AdvancingGuard","hexamod:FourthSeal","hexamod:EmpoweredFlame"],"picked":"SKIP","floor":109},{"not_picked":["hexamod:NightmareStrike","hexamod:ParanormalForm","hexamod:AdvancingGuard"],"picked":"SKIP","floor":111},{"not_picked":["hexamod:Hexaguard","hexamod:GhostShield","hexamod:ShieldOfDarkness"],"picked":"SKIP","floor":112},{"not_picked":["hexamod:ChargedBarrage","hexamod:Hexaguard","hexamod:NightmareGuise"],"picked":"SKIP","floor":112},{"not_picked":["hexamod:ChargedBarrage","hexamod:DynamicBlow","hexamod:Hexaguard"],"picked":"SKIP","floor":114},{"not_picked":["hexamod:BurningTouch","hexamod:HauntingEcho","hexamod:GhostShield"],"picked":"SKIP","floor":115},{"not_picked":["hexamod:InspiringFlames","hexamod:SecondSeal"],"picked":"hexamod:RainOfEmbers","floor":117},{"not_picked":["hexamod:TurnItUp","hexamod:VolcanoVisage"],"picked":"hexamod:HexaLevel","floor":118},{"not_picked":["hexamod:ThermalTransfer+1","hexamod:ChargedBarrage+1","hexamod:BurningTouch"],"picked":"SKIP","floor":121},{"not_picked":["hexamod:EtherealExpedition","hexamod:InspiringFlames","hexamod:BacktrackSmack+1"],"picked":"SKIP","floor":122},{"not_picked":["hexamod:VolcanoVisage","hexamod:GhostLash","hexamod:StepThrough"],"picked":"SKIP","floor":123},{"not_picked":["hexamod:NightmareStrike","hexamod:Incineration+1","hexamod:DynamicBlow+1"],"picked":"SKIP","floor":126},{"not_picked":["hexamod:CatchUp","hexamod:RadiantFlame","hexamod:ShieldOfDarkness"],"picked":"SKIP","floor":126},{"not_picked":["hexamod:FastForward","hexamod:Firestarter","hexamod:ChargedBarrage"],"picked":"SKIP","floor":127},{"not_picked":["hexamod:FastForward+1","hexamod:Hexaguard","hexamod:HeatCrush+1"],"picked":"SKIP","floor":128},{"not_picked":["hexamod:Firestarter","hexamod:ChargedBarrage","hexamod:GhostOfSpirePast+1"],"picked":"SKIP","floor":130},{"not_picked":["hexamod:BacktrackSmack","hexamod:Rewind","hexamod:HauntingEcho"],"picked":"SKIP","floor":131},{"not_picked":["hexamod:Hexaguard","hexamod:BacktrackSmack","hexamod:HeatMetal"],"picked":"SKIP","floor":134},{"not_picked":["hexamod:ShieldOfDarkness+1","hexamod:SkipABeat+1","hexamod:InspiringFlames+1"],"picked":"SKIP","floor":138},{"not_picked":["hexamod:ShieldOfDarkness+1","hexamod:GhostShield+1","hexamod:Hexaguard"],"picked":"SKIP","floor":141},{"not_picked":["hexamod:GhostLash+1","hexamod:DynamicBlow+1"],"picked":"hexamod:FirstSeal","floor":143},{"not_picked":["hexamod:NightmareGuise+1","hexamod:SpectersWail+1","hexamod:GhostOfSpireFuture"],"picked":"SKIP","floor":144},{"not_picked":["hexamod:SpectersWail","hexamod:RadiantFlame","hexamod:FirstSeal"],"picked":"SKIP","floor":144},{"not_picked":["hexamod:CatchUp+1","hexamod:SkipABeat","hexamod:NightmareStrike+1"],"picked":"SKIP","floor":145},{"not_picked":["hexamod:ShieldOfDarkness","hexamod:NecessarySacrifice"],"picked":"hexamod:AdvancingGuard+1","floor":148},{"not_picked":["hexamod:SoulSteal+1","hexamod:CatchUp+1","hexamod:EtherealExpedition+1"],"picked":"SKIP","floor":148},{"not_picked":["hexamod:ThirdSeal","hexamod:BacktrackSmack+1","hexamod:SpectralAdrenaline+1"],"picked":"SKIP","floor":150},{"not_picked":["hexamod:Hexaguard+1","hexamod:EtherealExpedition","hexamod:FirstSeal"],"picked":"SKIP","floor":150},{"not_picked":["hexamod:GhostOfSpirePast+1","hexamod:FourthSeal"],"picked":"hexamod:PhantomCloak","floor":151}],"player_experience":174579,"relics_obtained":[{"floor":6.0,"key":"Bag of Marbles"},{"floor":7.0,"key":"hubris:PeanutButter"},{"floor":12.0,"key":"Whetstone"},{"floor":27.0,"key":"halation:PromiseList"},{"floor":29.0,"key":"Nunchaku"},{"floor":41.0,"key":"Pet Ghost"},{"floor":52.0,"key":"Strawberry"},{"floor":53.0,"key":"downfall:CloakOfManyFaces"},{"floor":86.0,"key":"halation:AfternoonTea"},{"floor":89.0,"key":"hubris:Zylophone"},{"floor":98.0,"key":"Bag of Preparation"},{"floor":103.0,"key":"ReplayTheSpireMod:TigerMarble"},{"floor":108,"key":"Odd Mushroom"}],"event_choices":[{"damage_healed":0.0,"max_hp_gain":0.0,"max_hp_loss":0.0,"gold_gain":0.0,"event_name":"betterThird:BetterScrap","player_choice":"Relic ","floor":4.0,"gold_loss":0.0,"damage_taken":12.0,"cards_obtained":["Toxin Wave"]},{"damage_healed":0.0,"max_hp_gain":0.0,"max_hp_loss":0.0,"gold_gain":0.0,"event_name":"betterNote:BetterNote","player_choice":"Ignored","floor":44.0,"gold_loss":0.0,"damage_taken":0.0,"cards_obtained":["hubris:InfiniteBlow"]},{"damage_healed":0.0,"max_hp_gain":0.0,"max_hp_loss":0.0,"gold_gain":1.0,"event_name":"betterThird:BetterScrap","player_choice":"Relic Relic ","floor":57.0,"gold_loss":0.0,"damage_taken":22.0,"cards_obtained":["Brilliance"]},{"damage_healed":0.0,"max_hp_gain":0.0,"max_hp_loss":0.0,"gold_gain":0.0,"event_name":"Mysterious Sphere","player_choice":"Fight","floor":89.0,"gold_loss":0.0,"damage_taken":0.0},{"damage_healed":0,"gold_gain":0,"player_choice":"Fought Mushrooms","damage_taken":0,"max_hp_gain":0,"max_hp_loss":0,"event_name":"Mushrooms","floor":108,"gold_loss":0},{"damage_healed":0,"gold_gain":0,"player_choice":"Forge","damage_taken":0,"max_hp_gain":0,"max_hp_loss":0,"event_name":"Accursed Blacksmith","floor":110,"gold_loss":0,"cards_upgraded":["Pot Of Greed"]}],"is_beta":false,"boss_relics":[{"not_picked":["Runic Pyramid","Abe\u0027s Treasure","Velvet Choker"],"picked":"Replay:Wanted Poster"},{"not_picked":["Painkiller Herb","ReplayTheSpireMod:DimensionalGlitch","hubris:VirtuousBlindfold"],"picked":"Cursed Key"},{"not_picked":["Replay:Ancient Bell","construct:ClawGrip","halation:SmartPhone"],"picked":"halation:Prosthetics"},{"not_picked":["beaked:MawFillet","halation:LoveArrow","hubris:Stopwatch"],"picked":"construct:WeddingRing"},{"not_picked":["halation:SmartPhone","Astrolabe","ReplayTheSpireMod:DimensionalGlitch"],"picked":"hexamod:IceCube"},{"not_picked":["hubris:CrackedHourglass","Honey Jar","halation:ForbiddenBikini"],"picked":"Runic Pyramid"},{"not_picked":["Ring of Chaos","Coffee Dripper","Astrolabe"],"picked":"Fusion Hammer"},{"not_picked":["Abe\u0027s Treasure","halation:CatFaceCupcake","halation:PlatinumPhoenix"],"picked":"infinitespire:Cupcake"}],"items_purged_floors":[26,42,46,65,76,96,116,129],"is_endless":true,"potions_floor_spawned":[13,15,16,21,22,27,28,37,43,47,48,49,50,53,54,55,56,59,60,62,63,66,67,70,71,72,73,74,75,79,80,83,84,87,88,89,90,91,92,99,100,101,104,105,108,109,111,112,114,115,117,118,121,122,123,126,127,128,130,131,134,135,138,141,143,144,145,148,150,151],"killed_by":"infinitespire:LordOfFortification","ascension_level":0}}