{"host":"ln8zowmpyx5bxamj","time":1613525240,"event":{"mods":["Act Like it!","BaseMod","Colored Map","Conspire","Gensokyo","GifTheSpireLib","Hallownest","Hubris","Minty Spire (QoL Compilation)","Permanent Neow","Prisma Mod","Replay The Spire","StSLib"],"gold_per_floor":[18,35,35,35,35,65,65,65,147,147,157,157,188,31,31,130,130,143,359,14,25,125,352,352,143,169,201,215,228,228,259,259,354,354,367,367,391,34,44,73,73,99,174,230,259,277,20,54,54,54],"floor_reached":51,"language":"ENG","playtime":9854,"items_purged":[],"score":1345,"play_id":"f102e390-6d2b-4873-900e-d6678a391789","local_time":"20210216192720","is_ascension_mode":true,"campfire_choices":[{"data":"PrismaMod:IllyaUberChannel","floor":7.0,"key":"SMITH"},{"floor":10.0,"key":"REST"},{"data":"Regret","floor":15.0,"key":"PURGE"},{"data":"Mayhem","floor":30.0,"key":"SMITH"},{"data":"PrismaMod:IllyaUncommonDefend","floor":32.0,"key":"SMITH"},{"data":"Outmaneuver","floor":41.0,"key":"SMITH"}],"circlet_count":0,"master_deck":["PrismaMod:IllyaCommonAttack","PrismaMod:IllyaCommonDefend","PrismaMod:IllyaCommonAttack","PrismaMod:IllyaCommonDefend","PrismaMod:IllyaCommonAttack","PrismaMod:IllyaCommonDefend","PrismaMod:IllyaCommonAttack","PrismaMod:IllyaCommonAttack","PrismaMod:IllyaCommonDefend","PrismaMod:IllyaUncommonAttack","PrismaMod:IllyaUncommonDefend+1","PrismaMod:IllyaReinForce","PrismaMod:IllyaGrail","PrismaMod:IllyaUberChannel+1","PrismaMod:IllyaCheapChannelDefend+1","PiercingWail+1","PrismaMod:IllyaCarnivalAttack+1","AbeCurse","PrismaMod:IllyaRapidFire+1","PrismaMod:IllyaUberDefendChannel+1","Outmaneuver+1","PrismaMod:IllyaGrail","PrismaMod:IllyaRubysPotion","Mayhem+1","PrismaMod:IllyaCarnivalOrbs+1","PrismaMod:IllyaSaphire+1","PrismaMod:IllyaUberPoisonChannel+1","Gensokyo:HouraiInAPot+1","Deep Breath+1","PrismaMod:IllyaUpgradeOrbs+1","PrismaMod:IllyaMaid+1","PrismaMod:IllyaPartialInstallAssassin+1","Prepared+1"],"relics":["PrismaMod:PrismaRuby","Strawberry","Orichalcum","hubris:DisguiseKit","Molten Egg 2","ReplayTheSpireMod:CursedCoin","Abe\u0027s Treasure","Strange Spoon","Frozen Eye","hubris:Spice","StoneCalendar","War Paint","Toxic Egg 2","Gremlin Food","Replay:Bottled Steam","Boot","Golden Egg","Eternal Feather","Mummified Hand","Simple Rune","Kunai","Gambling Chip","hubris:Towel"],"acts_visited":["Exordium","Gensokyo:Gensokyo","Gensokyo:Gensokyoer"],"potions_floor_usage":[50],"damage_taken":[{"damage":0.0,"enemies":"Gensokyo:Gryphon","floor":1.0,"turns":5.0},{"damage":0.0,"enemies":"Gensokyo:2_Kodama","floor":2.0,"turns":6.0},{"damage":30.0,"enemies":"Gensokyo:Aya","floor":6.0,"turns":7.0},{"damage":7.0,"enemies":"Gensokyo:3_Fairies","floor":11.0,"turns":4.0},{"damage":8.0,"enemies":"Gensokyo:Mamizou","floor":13.0,"turns":6.0},{"damage":0.0,"enemies":"Gensokyo:Reimu","floor":16.0,"turns":10.0},{"damage":8.0,"enemies":"Gensokyo:Chomper","floor":18.0,"turns":5.0},{"damage":4.0,"enemies":"Gensokyo:3_Dogs","floor":19.0,"turns":5.0},{"damage":1.0,"enemies":"Gensokyo:Slime_Group","floor":21.0,"turns":5.0},{"damage":2.0,"enemies":"Gensokyo:Slime_Group","floor":22.0,"turns":7.0},{"damage":0.0,"enemies":"Gensokyo:Tenshi","floor":23.0,"turns":6.0},{"damage":0.0,"enemies":"Gensokyo:Koishi","floor":27.0,"turns":5.0},{"damage":0.0,"enemies":"Gensokyo:Swordslinger","floor":28.0,"turns":5.0},{"damage":0.0,"enemies":"Gensokyo:Chomper_and_Gloop","floor":29.0,"turns":5.0},{"damage":16.0,"enemies":"Gensokyo:Tenshi","floor":31.0,"turns":4.0},{"damage":0.0,"enemies":"Gensokyo:Eiki","floor":33.0,"turns":8.0},{"damage":15.0,"enemies":"Gensokyo:AncientGuardian","floor":35.0,"turns":4.0},{"damage":0.0,"enemies":"Gensokyo:AncientGuardian","floor":36.0,"turns":9.0},{"damage":0.0,"enemies":"Gensokyo:3_Bats","floor":39.0,"turns":4.0},{"damage":0.0,"enemies":"Gensokyo:Kasen","floor":40.0,"turns":5.0},{"damage":0.0,"enemies":"Gensokyo:Doremy","floor":42.0,"turns":4.0},{"damage":0,"enemies":"Gensokyo:Kasen","floor":45,"turns":7},{"damage":13,"enemies":"Gensokyo:3_Boulders","floor":46,"turns":3},{"damage":0,"enemies":"Gensokyo:Doremy","floor":48,"turns":6},{"damage":0,"enemies":"Gensokyo:Yuyuko","floor":50,"turns":8}],"seed_played":"-7665971977285466805","potions_obtained":[{"floor":1.0,"key":"PowerPotion"},{"floor":13.0,"key":"LiquidBronze"},{"floor":19.0,"key":"Toxic Potion"},{"floor":21.0,"key":"SteroidPotion"},{"floor":22.0,"key":"LiquidMemories"},{"floor":28.0,"key":"GamblersBrew"},{"floor":29.0,"key":"Milkshake"},{"floor":39.0,"key":"Reflective Coating"},{"floor":42.0,"key":"FairyPotion"},{"floor":46,"key":"Dexterity Potion"}],"is_trial":false,"path_per_floor":["M","M","?","?","$","E","R","$","T","R","M","?","E","COS","R_BF","B",null,"M","M","COS","M","?","E","?","$","T","E","M","M","R","E","R","B",null,"M","?","T","$","M","E","R","E","T","?","E","M","$","E","R_BF","B",null],"character_chosen":"ILLYA","items_purchased":["PrismaMod:IllyaRubysPotion","Mayhem","Deep Breath+1","Replay:Bottled Steam","Kunai"],"campfire_rested":1,"item_purchase_floors":[25,25,38,38,47],"current_hp_per_floor":[75,75,75,72,72,42,42,42,42,66,59,59,51,51,51,51,82,74,70,70,77,75,78,78,78,78,86,90,90,90,79,79,90,90,78,78,78,78,86,90,90,90,90,90,90,77,77,90,90,90],"gold":54,"neow_bonus":"THREE_RARE_CARDS","is_daily":false,"chose_seed":false,"campfire_upgraded":4,"win_rate":0.0,"timestamp":1613525240,"path_taken":["M","M","?","?","$","E","R","?","T","R","?","?","E","COS","R_BF","BOSS","M","M","COS","M","?","E","?","$","T","E","M","M","R","E","R","BOSS","M","?","?","$","M","E","R","E","T","?","E","M","?","E","R_BF","BOSS"],"items_purchased_type":["Card","Card","Card","Relic","Relic"],"build_version":"2020-12-22","purchased_purges":0,"victory":true,"max_hp_per_floor":[75,75,75,82,82,82,82,82,82,82,82,82,82,82,82,82,82,82,82,82,90,90,90,90,90,90,90,90,90,90,90,90,90,90,90,90,90,90,90,90,90,90,90,90,90,90,90,90,90,90],"card_choices":[{"not_picked":["PrismaMod:IllyaInstallSaber","PrismaMod:IllyaCarnivalPrismaAstolfo"],"picked":"PrismaMod:IllyaInstallCaster","floor":0.0},{"not_picked":["PrismaMod:IllyaBride","PrismaMod:IllyaRapidFire"],"picked":"PrismaMod:IllyaReinForce","floor":1.0},{"not_picked":["PrismaMod:IllyaFeed","PrismaMod:IllyaUncommonDefend"],"picked":"PrismaMod:IllyaGrail","floor":2.0},{"not_picked":["PrismaMod:IllyaRussianRoulette","PrismaMod:IllyaHassanGift"],"picked":"PrismaMod:IllyaUberChannel","floor":6.0},{"not_picked":["PrismaMod:IllyaRussianRoulette","PrismaMod:IllyaPoisoningPhantasm","PrismaMod:IllyaPartialInstallAssassin","Masterful Stab"],"picked":"SKIP","floor":11.0},{"not_picked":["PrismaMod:IllyaInstallForeigner","PrismaMod:IllyaCheapDefend","PrismaMod:IllyaStunPoison+1"],"picked":"PiercingWail","floor":13.0},{"not_picked":["PrismaMod:IllyaInstallLancer","PrismaMod:IllyaInstallAssassin","Phantasmal Killer"],"picked":"PrismaMod:IllyaCarnivalAttack+1","floor":16.0},{"not_picked":["PrismaMod:IllyaPoisonTippedWeapons+1","PrismaMod:IllyaCheapChannelDefend+1","Flying Knee"],"picked":"PrismaMod:IllyaRapidFire+1","floor":18.0},{"not_picked":["PrismaMod:IllyaCarnivalOrbs","PrismaMod:IllyaCarnivalPrismaAstolfo","PrismaMod:IllyaCarnivalDefend"],"picked":"PrismaMod:IllyaUberDefendChannel","floor":19.0},{"not_picked":["PrismaMod:IllyaMinorZwei","PrismaMod:IllyaUncommonEvoke+1","PrismaMod:IllyaGrailKun","Predator"],"picked":"SKIP","floor":19.0},{"not_picked":["PrismaMod:IllyaUberChannel","PrismaMod:IllyaDetonatingBlow+1","PrismaMod:IllyaBride"],"picked":"Outmaneuver","floor":21.0},{"not_picked":["PrismaMod:IllyaMinorZwei","PrismaMod:IllyaAOECommonAttack+1","Backstab"],"picked":"PrismaMod:IllyaCommandSeal","floor":22.0},{"not_picked":["PrismaMod:IllyaHassanGift","PrismaMod:IllyaCheapChannelAttack","Dagger Spray"],"picked":"PrismaMod:IllyaGrail","floor":23.0},{"not_picked":["PrismaMod:IllyaCheapChannelAttack+1","PrismaMod:IllyaMinorReinForce+1","Dagger Spray"],"picked":"PrismaMod:IllyaCarnivalOrbs+1","floor":27.0},{"not_picked":["PrismaMod:IllyaUberChannel+1","PrismaMod:IllyaGrailKun+1","PrismaMod:IllyaUpgradeOrbs+1","Underhanded Strike"],"picked":"SKIP","floor":28.0},{"not_picked":["PrismaMod:IllyaCheapChannelDefend+1","PrismaMod:IllyaGun+1","Phantasmal Killer"],"picked":"PrismaMod:IllyaSaphire+1","floor":29.0},{"not_picked":["PrismaMod:IllyaStunPoison+1","PrismaMod:IllyaEvokeAll+1","PrismaMod:IllyaInstallAssassin","Night Terror"],"picked":"SKIP","floor":31.0},{"not_picked":["PrismaMod:IllyaCarnivalOrbs+1","PrismaMod:IllyaInstallSaber","Replay:Bag of Tricks"],"picked":"PrismaMod:IllyaUberPoisonChannel+1","floor":33.0},{"not_picked":["PrismaMod:IllyaSaphire+1","PrismaMod:IllyaPoisonBlock+1","PrismaMod:IllyaUberChannel+1","Dagger Throw"],"picked":"SKIP","floor":35.0},{"not_picked":["Gensokyo:LifeSpringInfinity+1","Gensokyo:MorningStar+1"],"picked":"Gensokyo:HouraiInAPot+1","floor":36.0},{"not_picked":["PrismaMod:IllyaFeed+1","PrismaMod:IllyaUncommonDefend+1","conspire:PoisonWeapons"],"picked":"PrismaMod:IllyaUpgradeOrbs+1","floor":39.0},{"not_picked":["PrismaMod:IllyaAOECommonAttack+1","PrismaMod:IllyaDualEvoke+1","PrismaMod:IllyaMinorZwei+1","Slice"],"picked":"SKIP","floor":40.0},{"not_picked":["PrismaMod:IllyaInstallAlterEgo","PrismaMod:IllyaDevil+1","PrismaMod:IllyaGrailKun+1","Fluid Movement"],"picked":"SKIP","floor":42.0},{"not_picked":["PrismaMod:IllyaPartialInstallAssassin+1","PrismaMod:IllyaZwei+1","Hidden Blade"],"picked":"PrismaMod:IllyaMaid+1","floor":44.0},{"not_picked":["PrismaMod:IllyaUncommonDefend+1","PrismaMod:IllyaUncommonAttack+1","Finisher"],"picked":"PrismaMod:IllyaPartialInstallAssassin+1","floor":44.0},{"not_picked":["PrismaMod:IllyaGun+1","PrismaMod:IllyaCheapChannelPoison+1","PrismaMod:IllyaAssassinRevenge+1","Reflex"],"picked":"SKIP","floor":45},{"not_picked":["PrismaMod:IllyaAssassinRevenge+1","PrismaMod:IllyaReinForce+1","PrismaMod:IllyaCheapDefend+1"],"picked":"Prepared","floor":46},{"not_picked":["PrismaMod:IllyaUberChannel+1","PrismaMod:IllyaFeed+1","PrismaMod:IllyaPartialInstallAssassin+1","Heel Hook"],"picked":"SKIP","floor":48}],"player_experience":422942,"relics_obtained":[{"floor":6.0,"key":"Orichalcum"},{"floor":9.0,"key":"hubris:DisguiseKit"},{"floor":13.0,"key":"Molten Egg 2"},{"floor":22.0,"key":"StoneCalendar"},{"floor":26.0,"key":"War Paint"},{"floor":27.0,"key":"Toxic Egg 2"},{"floor":37.0,"key":"Gremlin Food"},{"floor":40.0,"key":"Boot"},{"floor":42.0,"key":"Golden Egg"},{"floor":43.0,"key":"Eternal Feather"},{"floor":44.0,"key":"Mummified Hand"},{"floor":45,"key":"Simple Rune"},{"floor":48,"key":"Gambling Chip"}],"event_choices":[],"is_beta":false,"boss_relics":[{"not_picked":["SacredBark","ChewingGum"],"picked":"Abe\u0027s Treasure"},{"not_picked":["hubris:Spice","hubris:BlackHole","ReplayTheSpireMod:DimensionalGlitch"]}],"items_purged_floors":[],"is_endless":false,"potions_floor_spawned":[1,13,19,21,22,28,29,39,42,46],"ascension_level":3}}