{"host":"p5nht1vx148lgsp8","time":1613570803,"event":{"mods":["AchievementEnabler","BaseMod","Better Altar","Better Match","Better Note","Better Sensory Stone","Better Skull","Better Third Choice","Colored Map","Colored Powertips","Curses Come First","Downfall","Googly Eyes","Hermit","Infinite Spire","Marisa????????","Minty Spire (QoL Compilation)","Permanent Neow","Quick Restart","Rare Cards Sparkle","Replay The Spire","StSLib","The Animator","The Bug Knight","The Cursed","The Servant 0.9.4","Waifu the Spire"],"gold_per_floor":[117,67,167,187,207,232,242,242,242,257,332,332,349,349,349,449,449,469,469,469,441,453,453,453,220,220,245,245,245,57,67,67,67,67],"floor_reached":33,"language":"ENG","playtime":2193,"items_purged":["hermit:Snipe","Deny"],"score":265,"play_id":"470b2b3a-9eef-45e9-86c9-65ab4cb85672","local_time":"20210217140643","is_ascension_mode":false,"campfire_choices":[{"data":"hermit:Maintenance","floor":8,"key":"SMITH"},{"floor":12,"key":"REST"},{"floor":15,"key":"REST"},{"floor":24,"key":"REST"},{"floor":28,"key":"REST"},{"floor":32,"key":"REST"}],"circlet_count":0,"master_deck":["hermit:Strike_Hermit","hermit:Strike_Hermit","hermit:Strike_Hermit","hermit:Defend_Hermit","hermit:Defend_Hermit+1","hermit:Defend_Hermit","hermit:Defend_Hermit","hermit:Snapshot","hermit:Covet","hermit:Glare","hermit:Maintenance+1","hermit:Quickdraw","hermit:BlackWind+1","hermit:OverwhelmingPower","hermit:Roulette+1","hermit:Glare+1","Bandage Up","hermit:Enervate+1","hermit:FullyLoaded"],"relics":["hermit:Momento","Nunchaku","Smiling Mask","Replay:Bronze Core","MutagenicStrength","TheAbacus","Bottled Flame","Quantum Egg"],"acts_visited":["Exordium","TheCity"],"potions_floor_usage":[16,22,27,33],"damage_taken":[{"damage":0,"enemies":"Small Slimes","floor":1,"turns":2},{"damage":0,"enemies":"2 Louse","floor":4,"turns":4},{"damage":1,"enemies":"Cultist","floor":5,"turns":5},{"damage":12,"enemies":"Lagavulin","floor":6,"turns":8},{"damage":10,"enemies":"Large Slime","floor":7,"turns":7},{"damage":4,"enemies":"Blue Slaver","floor":10,"turns":4},{"damage":2,"enemies":"Looter","floor":13,"turns":3},{"damage":24,"enemies":"Hexaghost","floor":16,"turns":13},{"damage":24,"enemies":"Shell Parasite","floor":18,"turns":5},{"damage":15,"enemies":"2 Thieves","floor":21,"turns":6},{"damage":4,"enemies":"Centurion and Healer","floor":22,"turns":4},{"damage":23,"enemies":"Nightmare","floor":27,"turns":10},{"damage":27,"enemies":"Colosseum Slavers","floor":29,"turns":5},{"damage":26,"enemies":"Cultist and Chosen","floor":31,"turns":8},{"damage":31,"enemies":"Automaton","floor":33,"turns":6}],"seed_played":"-975270790550139574","potions_obtained":[{"floor":5,"key":"Regen Potion"},{"floor":6,"key":"SteroidPotion"},{"floor":10,"key":"Venom Potion"},{"floor":18,"key":"FearPotion"},{"floor":31,"key":"Toxic Potion"}],"is_trial":false,"path_per_floor":["M","?","?","M","M","E","M","R","T","M","?","R","M","?","R","B",null,"M","?","?","M","M","?","R","$","T","NM","R","?","$","M","R","B"],"character_chosen":"HERMIT","items_purchased":["hermit:Roulette+1","TheAbacus","Bandage Up","hermit:Enervate+1"],"campfire_rested":5,"item_purchase_floors":[25,25,30,30],"current_hp_per_floor":[75,75,75,75,74,62,52,52,52,48,37,59,57,42,64,55,75,51,51,51,36,32,32,54,54,54,31,53,26,26,4,26,0,0],"gold":67,"neow_bonus":"THREE_CARDS","is_daily":false,"chose_seed":false,"campfire_upgraded":1,"win_rate":0.0,"timestamp":1613570803,"path_taken":["M","?","?","M","M","E","M","R","T","?","?","R","M","?","R","BOSS","M","?","?","M","M","?","R","$","T","NM","R","?","?","M","R","BOSS"],"items_purchased_type":["Card","Relic","Card","Card"],"build_version":"2020-12-22","purchased_purges":2,"victory":false,"max_hp_per_floor":[75,75,75,75,75,75,75,75,75,75,75,75,75,75,75,75,75,75,75,75,75,75,75,75,75,75,75,75,75,75,75,75,75,75],"card_choices":[{"not_picked":["hermit:Glare","hermit:Roulette"],"picked":"hermit:Snipe","floor":0},{"not_picked":["hermit:Feint","hermit:Coalescence"],"picked":"hermit:Glare","floor":1},{"not_picked":["hermit:HighCaliber","hermit:ItchyTrigger"],"picked":"hermit:Maintenance","floor":4},{"not_picked":["hermit:BodyArmor","hermit:Enervate"],"picked":"hermit:Quickdraw","floor":5},{"not_picked":["hermit:Snipe","hermit:Dive","hermit:TrackingShot"],"picked":"SKIP","floor":6},{"not_picked":["hermit:TrackingShot","hermit:Headshot","hermit:Coalescence"],"picked":"SKIP","floor":7},{"not_picked":["hermit:GhostlyPresence","hermit:HighCaliber"],"picked":"hermit:BlackWind","floor":10},{"not_picked":["hermit:HoleUp","hermit:LuckOfTheDraw","hermit:Coalescence"],"picked":"SKIP","floor":13},{"not_picked":["hermit:DeadOrAlive","hermit:Gambit"],"picked":"hermit:OverwhelmingPower","floor":16},{"not_picked":["hermit:Glare","hermit:LowProfile+1","hermit:Virtue"],"picked":"SKIP","floor":18},{"not_picked":["hermit:Desperado+1","hermit:TakeAim+1","hermit:Misfire"],"picked":"SKIP","floor":21},{"not_picked":["hermit:Spite","hermit:Gestalt+1","hermit:Vantage"],"picked":"SKIP","floor":22},{"not_picked":["hermit:Adapt","hermit:WideOpen+1"],"picked":"hermit:Glare+1","floor":27},{"not_picked":["hermit:Malice","hermit:Desperado+1"],"picked":"hermit:FullyLoaded","floor":31}],"player_experience":210589,"relics_obtained":[{"floor":6,"key":"Nunchaku"},{"floor":9,"key":"Smiling Mask"},{"floor":26,"key":"Bottled Flame"},{"floor":27,"key":"Quantum Egg"}],"event_choices":[{"cards_removed":["hermit:Strike_Hermit"],"damage_healed":0,"gold_gain":0,"player_choice":"Card Removal","damage_taken":0,"max_hp_gain":0,"max_hp_loss":0,"event_name":"The Cleric","floor":2,"gold_loss":50},{"damage_healed":0,"gold_gain":100,"player_choice":"Pray","damage_taken":0,"max_hp_gain":0,"max_hp_loss":0,"event_name":"Golden Shrine","floor":3,"gold_loss":0},{"damage_healed":0,"gold_gain":75,"player_choice":"Gold","damage_taken":11,"max_hp_gain":0,"max_hp_loss":0,"event_name":"betterThird:BetterGoop","floor":11,"gold_loss":0},{"damage_healed":57,"gold_gain":0,"player_choice":"Upgrade","damage_taken":15,"max_hp_gain":0,"max_hp_loss":75,"event_name":"betterThird:BetterShining","floor":14,"gold_loss":0,"cards_upgraded":["hermit:Defend_Hermit","hermit:BlackWind"]},{"cards_removed":["hermit:OverwhelmingPower"],"damage_healed":0,"gold_gain":0,"player_choice":"Take \u0026 Give","damage_taken":0,"max_hp_gain":0,"max_hp_loss":0,"event_name":"betterNote:BetterNote","floor":19,"gold_loss":0,"cards_obtained":["Deny"]},{"damage_healed":0,"gold_gain":0,"player_choice":"Inject Mutagens","damage_taken":0,"relics_obtained":["MutagenicStrength"],"max_hp_gain":0,"max_hp_loss":0,"event_name":"Drug Dealer","floor":23,"gold_loss":0},{"damage_healed":0,"gold_gain":0,"player_choice":"Fight","damage_taken":0,"max_hp_gain":0,"max_hp_loss":0,"event_name":"Colosseum","floor":29,"gold_loss":0},{"damage_healed":0,"gold_gain":0,"player_choice":"Fled From Nobs","damage_taken":0,"max_hp_gain":0,"max_hp_loss":0,"event_name":"Colosseum","floor":29,"gold_loss":0}],"is_beta":false,"boss_relics":[{"not_picked":["hermit:ClaspedLocket","ReplayTheSpireMod:SealedPack"],"picked":"Replay:Bronze Core"}],"items_purged_floors":[25,30],"is_endless":true,"potions_floor_spawned":[5,6,10,18,29,31],"killed_by":"Automaton","ascension_level":0}}