{"host":"pqs17sqrgflf4eqa","time":1613604650,"event":{"mods":["AchievementEnabler","BaseMod","Bestiary","Better Altar","Better Match","Better Skull","Block Reminder","Bossed Relics","Colored Map","Colored Powertips","Curses Come First","Dark Map","DeckTracker","Defective Defect","Displayed Cursed Tome","Emptier Cage","Googly Eyes","Highlight Path","Minty Spire (QoL Compilation)","Quick Restart","Slay-I","StSLib","SuperFastMode","Synergy Search","Thieving Mod","Transform Curses","everything is the same but u backflip on backflip","slay the spire mod where everything is the same but ironclad has a cowboy hat"],"gold_per_floor":[110,110,130,149,163,188,204,204,259,274,308,308,12,45,45,142,142,153,57,70,87,98,98,123,38,38,38,66,66,101,101,101,101,101],"floor_reached":33,"language":"ENG","playtime":801,"items_purged":[],"score":490,"play_id":"bbe56bd0-e985-4e25-92b3-b32d361b40d3","local_time":"20210217183050","is_ascension_mode":true,"campfire_choices":[{"floor":8.0,"key":"REST"},{"data":"Eruption","floor":12.0,"key":"SMITH"},{"data":"LikeWater","floor":15.0,"key":"SMITH"},{"data":"Consecrate","floor":23.0,"key":"SMITH"},{"data":"DeusExMachina","floor":27.0,"key":"SMITH"},{"data":"CrushJoints","floor":32,"key":"SMITH"}],"circlet_count":0,"master_deck":["Strike_P","Strike_P","Strike_P","Defend_P","Defend_P","Defend_P","Eruption+1","Vigilance","LikeWater+1","CrushJoints+1","Protect","FlyingSleeves","FollowUp","BowlingBash","Vengeance","Consecrate+1","CutThroughFate","ThirdEye+1","Crescendo+1","Prostrate","DeusExMachina+1","Tantrum"],"relics":["PureWater","Blood Vial","Bronze Scales","Meat on the Bone","Eternal Feather","Nunchaku","Coffee Dripper","Bottled Flame","Unceasing Top","Bottled Lightning","Kunai","Happy Flower"],"acts_visited":["Exordium","TheCity"],"potions_floor_usage":[28,30,30,31],"damage_taken":[{"damage":0.0,"enemies":"Small Slimes","floor":1.0,"turns":3.0},{"damage":20.0,"enemies":"2 Louse","floor":3.0,"turns":4.0},{"damage":0.0,"enemies":"Cultist","floor":4.0,"turns":2.0},{"damage":2.0,"enemies":"Lots of Slimes","floor":5.0,"turns":3.0},{"damage":0.0,"enemies":"Lagavulin","floor":6.0,"turns":3.0},{"damage":0.0,"enemies":"Exordium Wildlife","floor":7.0,"turns":2.0},{"damage":0.0,"enemies":"2 Fungi Beasts","floor":10.0,"turns":2.0},{"damage":20.0,"enemies":"3 Sentries","floor":11.0,"turns":3.0},{"damage":0.0,"enemies":"Gremlin Nob","floor":14.0,"turns":2.0},{"damage":26.0,"enemies":"The Guardian","floor":16.0,"turns":10.0},{"damage":10.0,"enemies":"Shell Parasite","floor":18.0,"turns":4.0},{"damage":0.0,"enemies":"Spheric Guardian","floor":20.0,"turns":1.0},{"damage":0.0,"enemies":"Snecko","floor":21.0,"turns":4.0},{"damage":8.0,"enemies":"Centurion and Healer","floor":22.0,"turns":5.0},{"damage":39.0,"enemies":"Book of Stabbing","floor":24.0,"turns":4.0},{"damage":31,"enemies":"Slavers","floor":28,"turns":3},{"damage":5,"enemies":"Gremlin Leader","floor":30,"turns":4},{"damage":0,"enemies":"Snake Plant","floor":31,"turns":1},{"damage":136,"enemies":"Collector","floor":33,"turns":7}],"seed_played":"-5399452264510736438","potions_obtained":[{"floor":1.0,"key":"Swift Potion"},{"floor":4.0,"key":"BlessingOfTheForge"},{"floor":5.0,"key":"SkillPotion"},{"floor":10.0,"key":"SneckoOil"},{"floor":14.0,"key":"BlessingOfTheForge"},{"floor":18.0,"key":"Ancient Potion"},{"floor":20.0,"key":"GamblersBrew"},{"floor":29,"key":"SmokeBomb"},{"floor":29,"key":"Weak Potion"},{"floor":29,"key":"AttackPotion"}],"is_trial":false,"path_per_floor":["M","?","M","M","M","E","M","R","T","M","E","R","$","E","R","B",null,"M","$","M","M","M","R","E","?","T","R","E","?","E","M","R","B"],"character_chosen":"WATCHER","items_purchased":["Eternal Feather","FearPotion","ThievingMod:ThievingPotion"],"campfire_rested":1,"item_purchase_floors":[13,13,19],"current_hp_per_floor":[47,47,27,27,25,25,27,48,48,50,32,32,32,46,55,43,65,57,37,39,41,47,59,34,34,34,46,29,29,38,40,52,0,0],"gold":101,"neow_bonus":"TRANSFORM_TWO_CARDS","is_daily":false,"chose_seed":false,"campfire_upgraded":5,"win_rate":0.0,"timestamp":1613604650,"path_taken":["M","?","M","M","M","E","M","R","T","M","E","R","$","E","R","BOSS","M","$","M","M","M","R","E","?","T","R","E","?","E","M","R","BOSS"],"items_purchased_type":["Relic","Potion","Potion"],"build_version":"2020-12-22","purchased_purges":0,"victory":false,"max_hp_per_floor":[72,72,72,72,72,72,72,72,72,72,72,72,72,72,72,72,72,72,72,72,72,72,72,72,72,72,72,72,72,72,72,72,72,72],"card_choices":[{"not_picked":["Evaluate","Adaptation"],"picked":"Protect","floor":1.0},{"not_picked":["Wireheading","EmptyBody"],"picked":"FlyingSleeves","floor":3.0},{"not_picked":["CutThroughFate","CrushJoints"],"picked":"FollowUp","floor":4.0},{"not_picked":["WaveOfTheHand","Indignation"],"picked":"BowlingBash","floor":5.0},{"not_picked":["Fasting2","Wireheading"],"picked":"Vengeance","floor":6.0},{"not_picked":["EmptyMind","Evaluate"],"picked":"Consecrate","floor":7.0},{"not_picked":["EmptyBody","Protect"],"picked":"CutThroughFate","floor":10.0},{"not_picked":["Crescendo","EmptyFist","EmptyBody"],"picked":"SKIP","floor":11.0},{"not_picked":["JustLucky","EmptyBody","Protect"],"picked":"SKIP","floor":14.0},{"not_picked":["CrushJoints","CarveReality"],"picked":"ThirdEye+1","floor":18.0},{"not_picked":["CutThroughFate+1","Consecrate"],"picked":"Crescendo+1","floor":20.0},{"not_picked":["WaveOfTheHand+1","EmptyFist+1"],"picked":"Prostrate","floor":21.0},{"not_picked":["EmptyFist+1","Prostrate"],"picked":"DeusExMachina","floor":22.0},{"not_picked":["EmptyMind","WheelKick"],"picked":"Tantrum","floor":24.0},{"not_picked":["Indignation","ThirdEye+1","Consecrate"],"picked":"SKIP","floor":28},{"not_picked":["Crescendo","SandsOfTime","PathToVictory"],"picked":"SKIP","floor":30}],"player_experience":225926,"relics_obtained":[{"floor":6.0,"key":"Blood Vial"},{"floor":9.0,"key":"Bronze Scales"},{"floor":11.0,"key":"Meat on the Bone"},{"floor":14.0,"key":"Nunchaku"},{"floor":24.0,"key":"Bottled Flame"},{"floor":26.0,"key":"Bottled Lightning"},{"floor":28,"key":"Kunai"},{"floor":30,"key":"Happy Flower"}],"event_choices":[{"damage_healed":0.0,"max_hp_gain":0.0,"max_hp_loss":0.0,"gold_gain":0.0,"event_name":"The Cleric","player_choice":"Leave","floor":2.0,"gold_loss":0.0,"damage_taken":0.0},{"damage_healed":0.0,"max_hp_gain":0.0,"max_hp_loss":0.0,"gold_gain":0.0,"event_name":"Addict","player_choice":"Obtained Relic","floor":25.0,"gold_loss":85.0,"damage_taken":0.0,"relics_obtained":["Unceasing Top"]},{"damage_healed":0,"gold_gain":0,"player_choice":"Got Potions","damage_taken":0,"max_hp_gain":0,"max_hp_loss":0,"event_name":"Lab","floor":29,"gold_loss":0}],"is_beta":false,"boss_relics":[{"not_picked":["Calling Bell","Snecko Eye"],"picked":"Coffee Dripper"}],"items_purged_floors":[],"is_endless":false,"potions_floor_spawned":[1,4,5,10,14,18,20],"killed_by":"Collector","ascension_level":6}}