{"host":"whe4vf9w0yuhsr02","time":1613529175,"event":{"mods":["AchievementEnabler","Act Like it!","Ascension Reborn","BaseMod","Bestiary","Better Altar","Better Match","Better Note","Better Sensory Stone","Better Skull","Better Third Choice","Colored Map","Dark Map","Hallownest","Hermit","Highlight Path","Hubris","Lobotomy","LobotomyExtend","Minty Spire (QoL Compilation)","Poor People Problems","Quick Restart","Replay The Spire","StSLib","The Animator","The Bug Knight","The Judge","The Jungle","The Necromancer","everything is the same but u backflip on backflip"],"gold_per_floor":[119,194,15,37,64,93,93,131,131,131,182,182,182,227,227,339,339,365,61,61,61,94,128,128,130,153,153,173,193,217,243,243,361,361,388,368,403,427,444,484,484,444,467,492,533,533,549,583,583,583,583],"floor_reached":50,"language":"ENG","playtime":3769,"items_purged":[],"score":636,"play_id":"2c7f16a5-4410-48ed-8b76-ddecddeb4ec7","local_time":"20210217043255","is_ascension_mode":false,"campfire_choices":[],"circlet_count":0,"master_deck":["SpecialBullet","SpecialBullet","SpecialBullet","SpecialBullet","SpecialBullet","SpecialBullet","SpecialBullet","ControlCode","SecurityCode","TrainingCode","Pinks+1","Tough+1","OSAHOGD","ScreamingWedge+1","Soda+1","CENSORED_ego","Mimicry+1","UniverseFragment","Spore+1","Ecstasy+1","GreedKing","Regret_ego+1","CentralCode","Logging+1","Gaze","TT2Protocol"],"relics":["CogitoBucket","LetterFromLob","Replay:Bandana","Omamori","Darkstone Periapt","hubris:Icosahedron","Replay:Rubber Ducky","Runic Pyramid","Pet Ghost","Du-Vu Doll","Pen Nib","SkinProphecy","hubris:VirtuousBlindfold","AdjustmentMirror","AtMidnight","Replay:Baseball","Blood Vial","Dream Catcher"],"acts_visited":["Exordium","TheCity","TheBeyond"],"potions_floor_usage":[50,50,50,50,50,50],"damage_taken":[{"damage":6.0,"enemies":"2 Louse","floor":1.0,"turns":2.0},{"damage":11.0,"enemies":"Jaw Worm","floor":4.0,"turns":2.0},{"damage":0.0,"enemies":"Small Slimes","floor":5.0,"turns":2.0},{"damage":12.0,"enemies":"2 Fungi Beasts","floor":6.0,"turns":2.0},{"damage":0.0,"enemies":"Large Slime","floor":8.0,"turns":4.0},{"damage":36.0,"enemies":"Lagavulin","floor":11.0,"turns":4.0},{"damage":22.0,"enemies":"Replay:BlueRogue","floor":14.0,"turns":4.0},{"damage":14.0,"enemies":"Slime Boss","floor":16.0,"turns":9.0},{"damage":26.0,"enemies":"Shell Parasite","floor":18.0,"turns":4.0},{"damage":0.0,"enemies":"3 Byrds","floor":22.0,"turns":6.0},{"damage":36.0,"enemies":"Gremlin Leader","floor":23.0,"turns":7.0},{"damage":18.0,"enemies":"Shelled Parasite and Fungi","floor":28.0,"turns":9.0},{"damage":19.0,"enemies":"Centurion and Healer","floor":29.0,"turns":3.0},{"damage":1.0,"enemies":"Snake Plant","floor":30.0,"turns":7.0},{"damage":24.0,"enemies":"Sentry and Sphere","floor":31.0,"turns":5.0},{"damage":60.0,"enemies":"Automaton","floor":33.0,"turns":8.0},{"damage":11.0,"enemies":"3 Shapes","floor":35.0,"turns":4.0},{"damage":32.0,"enemies":"3 Darklings","floor":37.0,"turns":3.0},{"damage":0.0,"enemies":"4 Shapes","floor":38.0,"turns":5.0},{"damage":0.0,"enemies":"Spire Growth","floor":39.0,"turns":6.0},{"damage":38.0,"enemies":"Giant Head","floor":40.0,"turns":9.0},{"damage":11.0,"enemies":"Sphere and 2 Shapes","floor":44.0,"turns":8.0},{"damage":35.0,"enemies":"Reptomancer","floor":45.0,"turns":5.0},{"damage":0.0,"enemies":"3 Darklings","floor":47.0,"turns":9.0},{"damage":0.0,"enemies":"Spire Growth","floor":48.0,"turns":4.0},{"damage":278,"enemies":"Time Eater","floor":50,"turns":8}],"seed_played":"4203132547084341316","potions_obtained":[{"floor":4.0,"key":"ColorlessPotion"},{"floor":8.0,"key":"Adrenaline Potion"},{"floor":16.0,"key":"SteroidPotion"},{"floor":18.0,"key":"BlessingOfTheForge"},{"floor":23.0,"key":"Weak Potion"},{"floor":36.0,"key":"LiquidBronze"},{"floor":37.0,"key":"Energy Potion"},{"floor":44.0,"key":"Adrenaline Potion"},{"floor":48.0,"key":"SteroidPotion"}],"is_trial":false,"path_per_floor":["M","?","$","M","M","M","R","M","T","R","E","?","?","E","R","B",null,"M","$","?","?","M","E","R","M","T","R","M","M","M","M","R","B",null,"M","?","M","M","M","E","R","?","T","M","E","R","M","M","R","B"],"character_chosen":"Angela","items_purchased":["Replay:Bandana","Tough+1","Pet Ghost","Mimicry"],"campfire_rested":0,"item_purchase_floors":[3,3,19,19],"current_hp_per_floor":[70,59,59,56,64,60,60,68,68,68,40,40,45,31,31,38,70,47,47,47,47,74,61,61,67,67,67,75,72,78,71,71,59,82,84,84,80,90,92,94,94,94,94,96,95,95,100,102,102,0,0],"gold":583,"neow_bonus":"ONE_RANDOM_RARE_CARD","is_daily":false,"chose_seed":false,"campfire_upgraded":0,"win_rate":0.0,"timestamp":1613529175,"path_taken":["M","?","$","M","M","M","R","M","T","R","E","?","?","E","R","BOSS","M","$","?","?","?","E","R","M","T","R","M","M","M","M","R","BOSS","M","?","M","M","M","E","R","?","T","M","E","R","M","?","R","BOSS"],"items_purchased_type":["Relic","Card","Relic","Card"],"build_version":"2020-12-22","purchased_purges":0,"victory":false,"max_hp_per_floor":[70,70,70,70,70,70,70,70,70,70,70,70,70,70,70,70,70,70,70,70,70,74,74,74,74,74,74,78,78,78,80,80,82,82,84,84,86,90,92,94,94,94,94,96,98,98,100,102,102,106,106],"card_choices":[{"not_picked":["Loneliness","BlackSwan_ego"],"picked":"SKIP","floor":1.0},{"not_picked":["Loneliness","BlackSwan_ego"],"picked":"SKIP","floor":4.0},{"not_picked":["VoidDream","Variant"],"picked":"OSAHOGD","floor":5.0},{"not_picked":["Wingbeat","Hypocrisy"],"picked":"SKIP","floor":5.0},{"not_picked":["Harmony","SolemnVow"],"picked":"SKIP","floor":6.0},{"not_picked":["Christmas","SomewhereSpear"],"picked":"SKIP","floor":8.0},{"not_picked":["Soda"],"picked":"ScreamingWedge","floor":11.0},{"not_picked":["CherryBlossom"],"picked":"Soda","floor":14.0},{"not_picked":["Justitia"],"picked":"CENSORED_ego","floor":16.0},{"not_picked":["InTheNameOfLoveAndHate","GrinderMk4+1"],"picked":"SKIP","floor":18.0},{"not_picked":["BlackSwan","LongBird"],"picked":"UniverseFragment","floor":22.0},{"not_picked":["SomewhereSpear"],"picked":"Spore+1","floor":22.0},{"not_picked":["Pleasure"],"picked":"Ecstasy+1","floor":23.0},{"not_picked":["GalaxyChild","ShyLook"],"picked":"GreedKing","floor":28.0},{"not_picked":["BearPaw","FourthMatchFlame"],"picked":"SKIP","floor":28.0},{"not_picked":["FourthMatchFlame","SomewhereSpear"],"picked":"SKIP","floor":29.0},{"not_picked":["Twilight","Galaxy"],"picked":"SKIP","floor":30.0},{"not_picked":["SomewhereSpear+1","FeatherOfHonor+1"],"picked":"SKIP","floor":31.0},{"not_picked":["Tough+1"],"picked":"Regret_ego+1","floor":35.0},{"not_picked":["Laetitia_ego+1","FourthMatchFlame+1"],"picked":"SKIP","floor":37.0},{"not_picked":["TodaysExpression+1","Lantern+1"],"picked":"SKIP","floor":38.0},{"not_picked":["Loneliness+1","Laetitia_ego+1"],"picked":"SKIP","floor":39.0},{"not_picked":["Horn+1","CrimsonScar"],"picked":"SKIP","floor":40.0},{"not_picked":["Loneliness+1","FourthMatchFlame"],"picked":"SKIP","floor":44.0},{"not_picked":["WristCuter","SwordSharpenedByTears"],"picked":"SKIP","floor":45.0},{"not_picked":["FrostShard+1"],"picked":"Logging+1","floor":47.0},{"not_picked":["Tough"],"picked":"Gaze","floor":48.0}],"player_experience":494261,"relics_obtained":[{"floor":1.0,"key":"LetterFromLob"},{"floor":9.0,"key":"Omamori"},{"floor":11.0,"key":"Darkstone Periapt"},{"floor":14.0,"key":"Replay:Rubber Ducky"},{"floor":23.0,"key":"Du-Vu Doll"},{"floor":26.0,"key":"Pen Nib"},{"floor":38.0,"key":"AtMidnight"},{"floor":40.0,"key":"Replay:Baseball"},{"floor":43.0,"key":"Blood Vial"},{"floor":45.0,"key":"Dream Catcher"}],"event_choices":[{"damage_healed":0.0,"max_hp_gain":0.0,"max_hp_loss":0.0,"gold_gain":75.0,"event_name":"betterThird:BetterGoop","player_choice":"Gold","floor":2.0,"gold_loss":0.0,"damage_taken":11.0},{"cards_removed":["InformationCode"],"damage_healed":5.0,"max_hp_gain":0.0,"max_hp_loss":0.0,"gold_gain":0.0,"event_name":"Bonfire Elementals","player_choice":"Offered Special","floor":13.0,"gold_loss":0.0,"damage_taken":0.0},{"damage_healed":0.0,"max_hp_gain":0.0,"max_hp_loss":0.0,"gold_gain":0.0,"event_name":"Purifier","player_choice":"Ignored","floor":20.0,"gold_loss":0.0,"damage_taken":0.0},{"damage_healed":0.0,"max_hp_gain":0.0,"max_hp_loss":0.0,"gold_gain":0.0,"event_name":"Upgrade Shrine","player_choice":"Upgraded","floor":21.0,"gold_loss":0.0,"damage_taken":0.0,"cards_upgraded":["Soda"]},{"damage_healed":0.0,"max_hp_gain":0.0,"max_hp_loss":0.0,"gold_gain":0.0,"event_name":"The Woman in Blue","player_choice":"Bought 1 Potion","floor":36.0,"gold_loss":0.0,"damage_taken":0.0},{"damage_healed":0.0,"max_hp_gain":0.0,"max_hp_loss":0.0,"gold_gain":0.0,"event_name":"Designer","player_choice":"Upgraded Two","floor":42.0,"gold_loss":40.0,"damage_taken":0.0,"cards_upgraded":["ScreamingWedge","Mimicry"]}],"is_beta":false,"boss_relics":[{"not_picked":["Velvet Choker","Fusion Hammer"],"picked":"Runic Pyramid"},{"not_picked":["Replay:Fungal Core","Snecko Eye"],"picked":"hubris:VirtuousBlindfold"}],"items_purged_floors":[],"is_endless":false,"potions_floor_spawned":[4,8,16,18,23,29,37,44,48],"killed_by":"Time Eater","ascension_level":0}}