{"host":"upxqlvf2ge1xt4sa","time":1613541201,"event":{"mods":["2.2 Compatiblity","AchievementEnabler","Act Like it!","Bard","BaseMod","Better Third Choice","BetterRewards","Colored Powertips","Curses Come First","Downfall","Energized Spire","Friendly Minions","Hallownest","Hermit","Highlight Path","Hubris","Infinite Spire","Jorbs\u0027s Wanderer Trilogy","Mad Scientist","Minty Spire (QoL Compilation)","Rare Cards Sparkle","Relic Filter","Reliquary","Shade Mod","StSLib","The Blackbeard","The Bug Knight","The Construct","The Cursed","The Disciple","The Hierophant","The Jungle","The Marked","The Mystic","The Necromancer","The Runesmith","The Servant 0.9.4"],"gold_per_floor":[113,128,76,26,46,75,75,109,109,109,109,121,121,167,167,263,263,275,285,384,403,403,403,422,422,422,422,422,422,422,422,422,518,468,482,482,482,494,506,506,532,532,558,588,588,605,605,615,615,615],"floor_reached":51,"language":"ENG","playtime":2718,"items_purged":[],"score":928,"play_id":"a7c1a407-714d-4729-a463-a5402db4c34f","local_time":"20210216215321","daily_mods":["SealedDeck"],"is_ascension_mode":true,"campfire_choices":[{"data":"Starlight","floor":7,"key":"SMITH"},{"data":"Starlight","floor":11,"key":"SMITH"},{"data":"Starlight","floor":13,"key":"SMITH"},{"data":"Potential","floor":15,"key":"SMITH"},{"data":"Shuttle","floor":23,"key":"SMITH"},{"data":"TimeWarp","floor":25,"key":"SMITH"},{"data":"TimeWarp","floor":27,"key":"SMITH"},{"data":"SurpressingFire","floor":32,"key":"SMITH"},{"data":"ShiftingGears","floor":40,"key":"SMITH"},{"data":"DualDimension","floor":42,"key":"SMITH"},{"data":"SilverBlades","floor":45,"key":"SMITH"},{"data":"Sunlight","floor":47,"key":"SMITH"},{"data":"Rearm","floor":49,"key":"SMITH"}],"circlet_count":0,"master_deck":["DualDimension+1","BottledTime","TimeWarp+1","WasteNot","Potential+1","Starlight+1","Rearm+1","TimeWarp+1","Starlight+1","Starlight+1","InstantArmor","Starlight+1","SurpressingFire+1","Dilation","Shuttle+1","Insight","Shuttle+1","Sunlight+1","Strike_S","Defy","ShiftingGears+1","Solidify+1","SilverBlades+1","Rearm+1"],"relics":["Uniform","Omamori","StrikeDummy","Letter Opener","PreservedInsect","reliquary:RedCape","InkBottle","Blue Candle","Du-Vu Doll","energizedSpire:HugeHouse","hubris:Reverence","hubris:Towel","Toxic Egg 2","infinitespire:PuzzleCube","Shuriken"],"acts_visited":["Exordium","TheCity","TheBeyond"],"potions_floor_usage":[],"damage_taken":[{"damage":0,"enemies":"Cultist","floor":1,"turns":1},{"damage":0,"enemies":"2 Louse","floor":2,"turns":1},{"damage":0,"enemies":"Jaw Worm","floor":5,"turns":1},{"damage":3,"enemies":"3 Sentries","floor":6,"turns":3},{"damage":0,"enemies":"Gremlin Nob","floor":8,"turns":2},{"damage":0,"enemies":"Exordium Wildlife","floor":12,"turns":1},{"damage":20,"enemies":"Hexaghost","floor":16,"turns":4},{"damage":0,"enemies":"Spheric Guardian","floor":18,"turns":2},{"damage":0,"enemies":"Shell Parasite","floor":19,"turns":2},{"damage":0,"enemies":"Centurion and Healer","floor":21,"turns":2},{"damage":0,"enemies":"Shelled Parasite and Fungi","floor":24,"turns":2},{"damage":0,"enemies":"Automaton","floor":33,"turns":4},{"damage":6,"enemies":"3 Darklings","floor":35,"turns":3},{"damage":7,"enemies":"3 Shapes","floor":38,"turns":2},{"damage":1,"enemies":"Spire Growth","floor":39,"turns":3},{"damage":0,"enemies":"Giant Head","floor":41,"turns":5},{"damage":0,"enemies":"Reptomancer","floor":44,"turns":2},{"damage":0,"enemies":"Sphere and 2 Shapes","floor":46,"turns":1},{"damage":0,"enemies":"Maw","floor":48,"turns":3},{"damage":0,"enemies":"Awakened One","floor":50,"turns":5}],"seed_played":"-7819420573001623761","potions_obtained":[{"floor":5,"key":"SpeedPotion"},{"floor":8,"key":"Weak Potion"},{"floor":12,"key":"BlessingOfTheForge"},{"floor":38,"key":"Block Potion"},{"floor":44,"key":"DistilledChaos"}],"is_trial":true,"path_per_floor":["M","M","$","?","M","E","R","E","T","?","R","M","R","T","R","B",null,"M","M","?","M","?","R","M","R","T","R","?","?","?","AVR","R","B",null,"M","T","?","M","M","R","E","R","T","E","R","M","R","M","R","B",null],"character_chosen":"THE_SERVANT","items_purchased":["Starlight"],"campfire_rested":0,"item_purchase_floors":[3],"current_hp_per_floor":[65,65,65,65,65,62,62,62,62,62,62,62,62,62,62,42,65,65,65,65,65,65,65,65,65,65,65,54,49,49,49,49,49,65,59,59,59,52,51,51,51,51,51,51,51,51,51,51,51,51],"gold":615,"neow_bonus":"","is_daily":false,"chose_seed":false,"campfire_upgraded":13,"win_rate":0.0,"timestamp":1613541201,"path_taken":["M","?","$","?","M","E","R","E","T","?","R","?","R","?","R","BOSS","M","M","?","M","?","R","M","R","T","R","?","?","?","AVR","R","BOSS","M","?","?","M","M","R","E","R","T","E","R","M","R","M","R","BOSS"],"items_purchased_type":["Card"],"build_version":"2020-12-22","purchased_purges":0,"victory":true,"max_hp_per_floor":[65,65,65,65,65,65,65,65,65,65,65,65,65,65,65,65,65,65,65,65,65,65,65,65,65,65,65,70,70,70,70,70,70,65,65,65,65,65,65,65,65,65,65,65,65,65,65,65,65,65],"card_choices":[{"not_picked":["InstantArmor","Starlight"],"picked":"StarChef","floor":1},{"not_picked":["Sabotage","Barrier","BestPractice"],"picked":"SKIP","floor":2},{"not_picked":["SurpressingFire","Gouge"],"picked":"InstantArmor","floor":5},{"not_picked":["Manipulate","Sabotage"],"picked":"Starlight","floor":6},{"not_picked":["Revamp","Read","Gouge"],"picked":"SKIP","floor":8},{"not_picked":["Rearm","Rewind"],"picked":"SurpressingFire","floor":12},{"not_picked":["FlawlessForm","ForgedInTime"],"picked":"Dilation","floor":16},{"not_picked":["Manipulate","Reset","FastForward+1"],"picked":"SKIP","floor":18},{"not_picked":["Alleviate+1","BottledTime"],"picked":"Shuttle","floor":19},{"not_picked":["Unruled","Spin","FastForward"],"picked":"SKIP","floor":21},{"not_picked":["Revamp","Misdirection","Hightail+1"],"picked":"SKIP","floor":24},{"not_picked":["ForgedInTime","FlawlessForm"],"picked":"Sunlight","floor":33},{"not_picked":["Unruled+1","Defy"],"picked":"ShiftingGears","floor":35},{"not_picked":["Hightail","Contraction+1","Ricochet+1"],"picked":"SKIP","floor":38},{"not_picked":["Unruled+1","Defy","Desolation+1"],"picked":"SKIP","floor":39},{"not_picked":["FanOfKnives+1","Contraction+1"],"picked":"Solidify+1","floor":41},{"not_picked":["Unruled+1","Ricochet+1"],"picked":"SilverBlades","floor":44},{"not_picked":["DoubleEdge","Comet","InstantArmor+1"],"picked":"SKIP","floor":46},{"not_picked":["Replace+1","Shuttle+1"],"picked":"Rearm+1","floor":48}],"player_experience":169645,"relics_obtained":[{"floor":6,"key":"Omamori"},{"floor":8,"key":"StrikeDummy"},{"floor":9,"key":"Letter Opener"},{"floor":14,"key":"PreservedInsect"},{"floor":26,"key":"InkBottle"},{"floor":36,"key":"hubris:Reverence"},{"floor":41,"key":"Toxic Egg 2"},{"floor":43,"key":"infinitespire:PuzzleCube"},{"floor":44,"key":"Shuriken"}],"event_choices":[{"cards_removed":["StarChef"],"damage_healed":0,"gold_gain":0,"player_choice":"Card Removal","damage_taken":0,"max_hp_gain":0,"max_hp_loss":0,"event_name":"The Cleric","floor":4,"gold_loss":50},{"damage_healed":0,"gold_gain":0,"player_choice":"Forge","damage_taken":0,"max_hp_gain":0,"max_hp_loss":0,"event_name":"Accursed Blacksmith","floor":10,"gold_loss":0,"cards_upgraded":["Starlight"]},{"damage_healed":0,"gold_gain":99,"player_choice":"Steal","damage_taken":0,"max_hp_gain":0,"max_hp_loss":0,"event_name":"betterThird:BetterNest","floor":20,"gold_loss":0},{"damage_healed":0,"gold_gain":0,"player_choice":"Insight","damage_taken":0,"max_hp_gain":0,"max_hp_loss":0,"event_name":"betterThird:BetterWriting","floor":22,"gold_loss":0,"cards_obtained":["Insight"]},{"damage_healed":0,"gold_gain":0,"player_choice":"Shed Blood","damage_taken":16,"max_hp_gain":5,"max_hp_loss":0,"event_name":"Forgotten Altar","floor":28,"gold_loss":0},{"damage_healed":0,"gold_gain":0,"player_choice":"Copied","damage_taken":0,"max_hp_gain":0,"max_hp_loss":0,"event_name":"Duplicator","floor":30,"gold_loss":0,"cards_obtained":["Shuttle"]}],"is_beta":false,"boss_relics":[{"not_picked":["hubris:BlackHole","hubris:VirtuousBlindfold"],"picked":"reliquary:RedCape"},{"not_picked":["bronze:MakeshiftBattery","energizedSpire:OgreHead"],"picked":"energizedSpire:HugeHouse"}],"items_purged_floors":[],"is_endless":false,"potions_floor_spawned":[5,8,12,38,39,44],"ascension_level":1}}