{"host":"c8qonrr5ytpjhapa","time":1613528381,"event":{"mods":["2.2 Compatiblity","Act Like it!","BaseMod","Better Third Choice","BetterRewards","Colored Powertips","Downfall","GifTheSpireLib","Hermit","Infinite Spire","Minty Spire (QoL Compilation)","Quick Restart","Rare Cards Sparkle","Robot Space Explorer","Shop Mod","Spicy Shops","StSLib","The Alterego","The Hayseed","The Hierophant","The Necromancer","The Poker Player"],"gold_per_floor":[109,109,109,74,94,94,94,113,138,152,181,6,6,15,15,111,111,101,101],"floor_reached":18,"language":"ENG","playtime":2091,"items_purged":[],"score":160,"play_id":"4275e49b-b0d9-4736-9e56-6a5eaa258a61","local_time":"20210216211941","is_ascension_mode":false,"campfire_choices":[{"data":"hierophant:Punish","floor":6.0,"key":"SMITH"},{"floor":13.0,"key":"REST"},{"data":"hierophant:Determination","floor":15.0,"key":"SMITH"}],"circlet_count":0,"master_deck":["hierophant:Strike_Hierophant","hierophant:Strike_Hierophant","hierophant:Strike_Hierophant","hierophant:Punish+1","hierophant:Defend_Hierophant","hierophant:Defend_Hierophant","hierophant:Defend_Hierophant","hierophant:Defend_Hierophant","hierophant:ChurchCoffers","Trip","hierophant:DisplayOfPower","DeusExMachina","hierophant:ThreeLashes","hierophant:FlamingChariot","hierophant:PassingBell","hierophant:MorningPrayer","hierophant:Determination+1","hierophant:Invocation"],"relics":["hierophant:PropheticMaskRelic","Juzu Bracelet","GremlinMask","PreservedInsect","infinitespire:Beetle Shell","Sling","Black Star"],"acts_visited":["Exordium","TheCity"],"potions_floor_usage":[],"damage_taken":[{"damage":1.0,"enemies":"Jaw Worm","floor":1.0,"turns":5.0},{"damage":0.0,"enemies":"2 Louse","floor":5.0,"turns":2.0},{"damage":0.0,"enemies":"Small Slimes","floor":8.0,"turns":2.0},{"damage":10.0,"enemies":"Exordium Thugs","floor":10.0,"turns":4.0},{"damage":27.0,"enemies":"3 Sentries","floor":11.0,"turns":5.0},{"damage":0.0,"enemies":"Looter","floor":14.0,"turns":3.0},{"damage":26.0,"enemies":"The Guardian","floor":16.0,"turns":13.0},{"damage":17,"enemies":"Spheric Guardian","floor":18,"turns":5}],"seed_played":"2042020920977486332","potions_obtained":[{"floor":1.0,"key":"LiquidBronze"},{"floor":8.0,"key":"champ:CounterPotion"},{"floor":11.0,"key":"LiquidBronze"}],"is_trial":false,"path_per_floor":["M","?","?","?","M","R","?","M","T","M","E","$","R","M","R","B",null,"M"],"character_chosen":"HIEROPHANT","items_purchased":["Sling","hierophant:MorningPrayer"],"campfire_rested":1,"item_purchase_floors":[12,12],"current_hp_per_floor":[74,67,55,73,73,73,73,73,73,63,36,36,58,58,58,32,75,58,58],"gold":101,"neow_bonus":"RANDOM_COLORLESS","is_daily":false,"chose_seed":false,"campfire_upgraded":2,"win_rate":0.0,"timestamp":1613528381,"path_taken":["M","?","?","?","M","R","?","M","T","M","E","$","R","M","R","BOSS","M"],"items_purchased_type":["Relic","Card"],"build_version":"2020-12-22","purchased_purges":0,"victory":false,"max_hp_per_floor":[75,75,75,75,75,75,75,75,75,75,75,75,75,75,75,75,75,75,75],"card_choices":[{"not_picked":["PanicButton","Purity"],"picked":"Trip","floor":0.0},{"not_picked":["hierophant:Charity","hierophant:RepressedViolence"],"picked":"hierophant:DisplayOfPower","floor":1.0},{"not_picked":["hierophant:RepressedViolence","hierophant:SolarFlare"],"picked":"hierophant:ThreeLashes","floor":5.0},{"not_picked":["hierophant:FaithHealing","hierophant:Doomsaying","hierophant:Remorse"],"picked":"SKIP","floor":8.0},{"not_picked":["hierophant:DisplayOfPower","hierophant:ConvertCurrency"],"picked":"hierophant:FlamingChariot","floor":10.0},{"not_picked":["hierophant:CursedGold","hierophant:Repentance"],"picked":"hierophant:PassingBell","floor":11.0},{"not_picked":["hierophant:Refuge","hierophant:AuricBeam"],"picked":"hierophant:Determination","floor":14.0},{"not_picked":["hierophant:Anathema","hierophant:DeathKnell"],"picked":"hierophant:Invocation","floor":16.0}],"player_experience":114940,"relics_obtained":[{"floor":9.0,"key":"PreservedInsect"},{"floor":11.0,"key":"infinitespire:Beetle Shell"}],"event_choices":[{"cards_removed":["hierophant:Strike_Hierophant"],"damage_healed":0.0,"max_hp_gain":0.0,"max_hp_loss":0.0,"gold_gain":0.0,"event_name":"Golden Wing","player_choice":"Card Removal","floor":2.0,"gold_loss":0.0,"damage_taken":7.0},{"damage_healed":18.0,"max_hp_gain":0.0,"max_hp_loss":0.0,"gold_gain":0.0,"event_name":"The Cleric","player_choice":"Healed","floor":4.0,"gold_loss":35.0,"damage_taken":0.0},{"damage_healed":0.0,"max_hp_gain":0.0,"max_hp_loss":0.0,"gold_gain":0.0,"event_name":"FaceTrader","player_choice":"Trade","floor":7.0,"gold_loss":0.0,"damage_taken":0.0,"relics_obtained":["GremlinMask"]}],"is_beta":false,"boss_relics":[{"not_picked":["Runic Dome","Astrolabe"],"picked":"Black Star"}],"items_purged_floors":[],"is_endless":false,"potions_floor_spawned":[1,8,11],"killed_by":"Spheric Guardian","ascension_level":0}}