{"host":"8vqkh0x3c7vpgzzm","time":1613585313,"event":{"mods":["AchievementEnabler","BaseMod","Colored Map","Colored Powertips","Curses Come First","DeckTracker","Highlight Path","Minty Spire (QoL Compilation)","Permanent Neow","Quick Restart","Random Character Mod","Rare Cards Sparkle","Relic Sorter","Relic Stats","StSLib","SuperFastMode","Unceasing Turn Reminder","egg","everything is the same but u backflip on backflip"],"gold_per_floor":[117,117,129,129,129,129,463,518,544,121,156,176,176,176,176,276,276,288,304,314,331,331,331],"floor_reached":22,"language":"ENG","playtime":1388,"items_purged":[],"score":281,"play_id":"f695b9b6-05d0-48ab-929e-b1eb2401a51d","local_time":"20210217190833","daily_mods":["SealedDeck","Red Cards","Green Cards","Colorless Cards"],"is_ascension_mode":true,"campfire_choices":[{"data":"Flex","floor":6,"key":"SMITH"},{"data":"Dual Wield","floor":13,"key":"SMITH"},{"data":"Double Tap","floor":15,"key":"SMITH"}],"circlet_count":0,"master_deck":["Flex+1","Pommel Strike","Acrobatics","Metallicize","Good Instincts","Battle Trance","Cleave","Blind+1","Backflip","Swift Strike","Disarm","Blind","Double Tap+1","Flame Barrier+1","Secret Technique","Dual Wield+1","Bandage Up","A Thousand Cuts","Backflip+1","Prepared+1","Thinking Ahead"],"relics":["Burning Blood","Old Coin","Sundial","Bag of Marbles","Membership Card","Prayer Wheel","War Paint","Sozu"],"acts_visited":["Exordium","TheCity"],"potions_floor_usage":[11,11,14,16],"damage_taken":[{"damage":0.0,"enemies":"2 Louse","floor":1.0,"turns":2.0},{"damage":0.0,"enemies":"Cultist","floor":3.0,"turns":3.0},{"damage":15,"enemies":"3 Sentries","floor":7,"turns":4},{"damage":9,"enemies":"3 Sentries","floor":8,"turns":6},{"damage":10,"enemies":"Gremlin Nob","floor":11,"turns":4},{"damage":0,"enemies":"Jaw Worm","floor":12,"turns":3},{"damage":19,"enemies":"Slime Boss","floor":16,"turns":17},{"damage":6,"enemies":"Spheric Guardian","floor":18,"turns":4},{"damage":0,"enemies":"Shell Parasite","floor":19,"turns":2},{"damage":7,"enemies":"Snake Plant","floor":20,"turns":5},{"damage":29,"enemies":"Centurion and Healer","floor":21,"turns":6},{"damage":7,"enemies":"Cultist and Chosen","floor":22,"turns":8}],"seed_played":"5571220546734499121","potions_obtained":[{"floor":1.0,"key":"DuplicationPotion"},{"floor":8,"key":"GamblersBrew"},{"floor":14,"key":"Fruit Juice"},{"floor":14,"key":"GamblersBrew"},{"floor":14,"key":"SneckoOil"}],"is_trial":true,"path_per_floor":["M","?","M","?","?","R","E","?","T","$","E","M","R","?","R","B",null,"M","M","M","M","M"],"character_chosen":"IRONCLAD","items_purchased":["Membership Card","Prayer Wheel","Double Tap","Flame Barrier","Strength Potion"],"campfire_rested":0,"item_purchase_floors":[10,10,10,10,10],"current_hp_per_floor":[78,80,80,80,80,80,71,68,68,68,64,70,70,75,75,66,80,80,85,84,65,62,62],"gold":331,"neow_bonus":"","is_daily":false,"chose_seed":false,"campfire_upgraded":3,"win_rate":0.0,"timestamp":1613585313,"path_taken":["M","?","?","?","?","R","E","?","T","$","E","M","R","?","R","BOSS","M","M","M","?","?"],"items_purchased_type":["Relic","Relic","Card","Card","Potion"],"build_version":"2020-12-22","purchased_purges":0,"victory":false,"max_hp_per_floor":[80,80,80,80,80,80,80,80,80,80,80,80,80,85,85,85,85,85,85,85,85,85,85],"relic_stats":{"Sozu":1,"counters":[12,64],"Sundial":[12],"Prayer Wheel":5,"War Paint":["Flame Barrier","Blind"],"obtain_stats":[{"Sozu":17,"Sundial":8,"Prayer Wheel":10,"Bag of Marbles":9,"Membership Card":10,"War Paint":11,"Burning Blood":0,"Old Coin":7},{"Sozu":7,"Sundial":4,"Prayer Wheel":4,"Bag of Marbles":4,"Membership Card":4,"War Paint":5,"Burning Blood":0,"Old Coin":3},{"Sozu":39,"Sundial":15,"Prayer Wheel":15,"Bag of Marbles":15,"Membership Card":15,"War Paint":19,"Burning Blood":0,"Old Coin":9}],"Burning Blood":59},"card_choices":[{"not_picked":["Havoc","PiercingWail"],"picked":"Swift Strike","floor":1.0},{"not_picked":["Underhanded Strike","Infernal Blade"],"picked":"Disarm","floor":3.0},{"not_picked":["True Grit","Riddle With Holes","Finisher"],"picked":"SKIP","floor":7},{"not_picked":["Caltrops","Pommel Strike"],"picked":"Blind","floor":8},{"not_picked":["PiercingWail","Infernal Blade"],"picked":"Secret Technique","floor":11},{"not_picked":["Heel Hook","Anger"],"picked":"Dual Wield","floor":12},{"not_picked":["Dagger Spray","Expertise","Bandage Up"],"picked":"SKIP","floor":12},{"not_picked":["Dagger Spray","Expertise"],"picked":"Bandage Up","floor":12},{"not_picked":["Impervious","Violence"],"picked":"A Thousand Cuts","floor":16},{"not_picked":["Slice","Iron Wave"],"picked":"Backflip+1","floor":18},{"not_picked":["Underhanded Strike","Clothesline+1","Twin Strike"],"picked":"SKIP","floor":18},{"not_picked":["Flechettes","Perfected Strike"],"picked":"Prepared+1","floor":19},{"not_picked":["Slice","Dual Wield","Quick Slash"],"picked":"SKIP","floor":19},{"not_picked":["Reckless Charge","Accuracy+1"],"picked":"Thinking Ahead","floor":20},{"not_picked":["Dodge and Roll","Acrobatics","Accuracy+1"],"picked":"SKIP","floor":20},{"not_picked":["Thunderclap","Flex+1","Armaments"],"picked":"SKIP","floor":21},{"not_picked":["Dagger Throw","Sword Boomerang+1","Dark Shackles"],"picked":"SKIP","floor":21}],"player_experience":577183,"relics_obtained":[{"floor":7,"key":"Old Coin"},{"floor":8,"key":"Sundial"},{"floor":9,"key":"Bag of Marbles"},{"floor":11,"key":"War Paint"}],"event_choices":[{"cards_removed":["Backflip"],"damage_healed":5.0,"max_hp_gain":0.0,"max_hp_loss":0.0,"gold_gain":0.0,"event_name":"Bonfire Elementals","player_choice":"Offered Common","floor":2.0,"gold_loss":0.0,"damage_taken":0.0},{"cards_removed":["Backflip"],"damage_healed":5.0,"max_hp_gain":0.0,"max_hp_loss":0.0,"gold_gain":0.0,"event_name":"Bonfire Elementals","player_choice":"Offered Special","floor":2.0,"gold_loss":0.0,"damage_taken":0.0},{"damage_healed":0,"gold_gain":0,"player_choice":"Leave","damage_taken":0,"max_hp_gain":0,"max_hp_loss":0,"event_name":"The Cleric","floor":4,"gold_loss":0},{"damage_healed":0,"gold_gain":0,"player_choice":"Ignored","damage_taken":0,"max_hp_gain":0,"max_hp_loss":0,"event_name":"Golden Wing","floor":5,"gold_loss":0},{"damage_healed":0,"gold_gain":30,"player_choice":"Searched \u00273\u0027 times","damage_taken":0,"max_hp_gain":0,"max_hp_loss":0,"event_name":"Dead Adventurer","floor":8,"gold_loss":0},{"damage_healed":0,"gold_gain":0,"player_choice":"Got Potions","damage_taken":0,"max_hp_gain":0,"max_hp_loss":0,"event_name":"Lab","floor":14,"gold_loss":0}],"is_beta":false,"boss_relics":[{"not_picked":["Empty Cage","Runic Dome"],"picked":"Sozu"}],"items_purged_floors":[],"is_endless":false,"potions_floor_spawned":[1,8,21],"killed_by":"Cultist and Chosen","ascension_level":9}}