{"host":"tzz1a4lp7gkxiavd","time":1613576063,"event":{"mods":["BaseMod","KomeijiMod","Minty Spire (QoL Compilation)","Youmu£¨»êÆÇÑýÃÎ£©","¡¾¹¦ÄÜMod¡¿Neow½±Àø"],"gold_per_floor":[111,111,61,61,74,74,74,74,74,106,106,119,34,49,49,49,49],"floor_reached":16,"language":"ZHS","playtime":529,"items_purged":[],"score":148,"play_id":"130b581c-188e-4d55-990c-c787a167d1ad","local_time":"20210217233423","is_ascension_mode":true,"campfire_choices":[{"floor":6,"key":"DIG"},{"floor":8,"key":"DIG"},{"floor":11,"key":"DIG"},{"floor":15,"key":"REST"}],"circlet_count":0,"master_deck":["Strike_B","Strike_B","Defend_B+1","Defend_B","Defend_B","Defend_B","Zap+1","Dualcast","CurseOfTheBell","Flash of Steel","Gash"],"relics":["Calling Bell","Lantern","Pear","Shovel","Smiling Mask","Toy Ornithopter","Mummified Hand","War Paint","WingedGreaves","Strawberry"],"acts_visited":["Exordium"],"potions_floor_usage":[16],"damage_taken":[{"damage":0,"enemies":"2 Louse","floor":1,"turns":3},{"damage":7,"enemies":"Jaw Worm","floor":5,"turns":5},{"damage":53,"enemies":"Lagavulin","floor":10,"turns":9},{"damage":3,"enemies":"Small Slimes","floor":12,"turns":3},{"damage":17,"enemies":"Gremlin Gang","floor":14,"turns":6},{"damage":51,"enemies":"The Guardian","floor":16,"turns":11}],"seed_played":"-8730137247942199995","potions_obtained":[{"floor":10,"key":"Block Potion"},{"floor":12,"key":"FearPotion"}],"is_trial":false,"path_per_floor":["M","?","?","?","M","R","?","R","T","E","R","M","$","M","R","B"],"character_chosen":"DEFECT","items_purchased":["Flash of Steel"],"campfire_rested":1,"item_purchase_floors":[13],"current_hp_per_floor":[85,73,73,66,59,59,85,85,85,32,39,36,36,19,46,0,0],"gold":49,"neow_bonus":"BOSS_RELIC","is_daily":false,"chose_seed":false,"campfire_upgraded":0,"win_rate":0.0,"timestamp":1613576063,"path_taken":["M","?","?","?","M","R","?","R","T","E","R","?","$","M","R","BOSS"],"items_purchased_type":["Card"],"build_version":"2020-12-22","purchased_purges":0,"victory":false,"max_hp_per_floor":[85,85,85,85,85,85,85,85,85,85,92,92,92,92,92,92,92],"card_choices":[{"not_picked":["Hologram","Leap"],"picked":"BootSequence","floor":1},{"not_picked":["Compile Driver","Beam Cell","Streamline"],"picked":"SKIP","floor":5},{"not_picked":["Tempest","Hologram","Ball Lightning"],"picked":"SKIP","floor":10},{"not_picked":["Stack","Leap","Cold Snap"],"picked":"SKIP","floor":12},{"not_picked":["Undo","Hologram"],"picked":"Gash","floor":14}],"player_experience":119817,"relics_obtained":[{"floor":0,"key":"Lantern"},{"floor":0,"key":"Pear"},{"floor":0,"key":"Shovel"},{"floor":6,"key":"Toy Ornithopter"},{"floor":8,"key":"Mummified Hand"},{"floor":9,"key":"War Paint"},{"floor":10,"key":"WingedGreaves"},{"floor":11,"key":"Strawberry"}],"event_choices":[{"damage_healed":0,"gold_gain":0,"player_choice":"Success","damage_taken":12,"relics_obtained":["Smiling Mask"],"max_hp_gain":0,"max_hp_loss":0,"event_name":"Scrap Ooze","floor":2,"gold_loss":0},{"cards_removed":["Strike_B"],"damage_healed":0,"gold_gain":0,"player_choice":"Card Removal","damage_taken":0,"max_hp_gain":0,"max_hp_loss":0,"event_name":"The Cleric","floor":3,"gold_loss":50},{"cards_removed":["Strike_B"],"damage_healed":0,"gold_gain":0,"player_choice":"Card Removal","damage_taken":7,"max_hp_gain":0,"max_hp_loss":0,"event_name":"Golden Wing","floor":4,"gold_loss":0},{"cards_removed":["BootSequence"],"damage_healed":26,"gold_gain":0,"player_choice":"Offered Uncommon","damage_taken":0,"max_hp_gain":0,"max_hp_loss":0,"event_name":"Bonfire Elementals","floor":7,"gold_loss":0}],"is_beta":false,"boss_relics":[],"items_purged_floors":[],"is_endless":false,"potions_floor_spawned":[10,12],"killed_by":"The Guardian","ascension_level":5}}