{"host":"my4gslufyvqsq7r2","time":1613589516,"event":{"mods":["BaseMod","Colored Powertips","Hubris","Infinite Spire","Minty Spire (QoL Compilation)","Replay The Spire","StSLib"],"gold_per_floor":[119,119,137,152,26,26,37,4,4,21,75,75,75,28,28,128,128,148,114,133,152,0,0,0,0],"floor_reached":24,"language":"ENG","playtime":1858,"items_purged":["Defend_R"],"score":197,"play_id":"032768d9-c720-4bfa-95ca-7de5e0d2588b","local_time":"20210217141836","is_ascension_mode":true,"campfire_choices":[{"floor":6,"key":"REST"},{"data":"ReplayReversal","floor":13,"key":"SMITH"},{"data":"ReplayReversal","floor":15,"key":"SMITH"},{"floor":23,"key":"REST"}],"circlet_count":0,"master_deck":["Strike_R","Strike_R","Strike_R","Strike_R","Strike_R","Defend_R","Defend_R","Defend_R","Bash","Shrug It Off+1","Replay:Undeath\u0027s Touch","ReplayTheSpireMod:Stacked","Iron Wave","Metallicize+1","Armaments","ReplayReversal+1","ReplayReversal+1","Armaments","Juggernaut","Iron Wave","Seeing Red","Sword Boomerang+1","Flex"],"relics":["Burning Blood","Bottled Tornado","infinitespire:Lucky Rock","Ring of Chaos"],"acts_visited":["Exordium","TheCity"],"potions_floor_usage":[20,21],"damage_taken":[{"damage":0,"enemies":"2 Louse","floor":1,"turns":2},{"damage":10,"enemies":"infinitespire:Voidling","floor":3,"turns":5},{"damage":3,"enemies":"Cultist","floor":4,"turns":6},{"damage":0,"enemies":"3 Louse","floor":7,"turns":6},{"damage":4,"enemies":"Exordium Wildlife","floor":10,"turns":6},{"damage":45,"enemies":"Slime Boss","floor":16,"turns":21},{"damage":19,"enemies":"3 Byrds","floor":18,"turns":6},{"damage":41,"enemies":"2 Thieves","floor":19,"turns":5},{"damage":5,"enemies":"Centurion and Healer","floor":20,"turns":10},{"damage":20,"enemies":"Snake Plant","floor":21,"turns":5},{"damage":43,"enemies":"Slavers","floor":24,"turns":3}],"seed_played":"4336858364015499037","potions_obtained":[{"floor":1,"key":"Elixir"},{"floor":4,"key":"Ancient Potion"},{"floor":7,"key":"Dexterity Potion"},{"floor":20,"key":"FearPotion"}],"is_trial":false,"path_per_floor":["M","?","M","M","$","R","M","$","T","M","T","?","R","$","R","B",null,"M","M","M","M","?","R","E"],"character_chosen":"IRONCLAD","items_purchased":["Metallicize+1","ReplayReversal","Armaments"],"campfire_rested":2,"item_purchase_floors":[5,8,14],"current_hp_per_floor":[80,80,76,79,79,80,80,80,80,80,80,80,80,80,80,41,80,67,32,33,19,19,43,0,0],"gold":0,"neow_bonus":"THREE_CARDS","is_daily":false,"chose_seed":false,"campfire_upgraded":2,"win_rate":0.0,"timestamp":1613589516,"path_taken":["M","?","?","M","$","R","M","?","T","M","?","?","R","$","R","BOSS","M","?","M","M","?","R","E"],"items_purchased_type":["Card","Card","Card"],"build_version":"2020-12-22","purchased_purges":1,"victory":false,"max_hp_per_floor":[80,80,80,80,80,80,80,80,80,80,80,80,80,80,80,80,80,80,80,80,80,80,80,80,80],"card_choices":[{"not_picked":["Iron Wave","Cleave"],"picked":"Shrug It Off","floor":0},{"not_picked":["Rampage","Sentinel"],"picked":"Replay:Undeath\u0027s Touch","floor":1},{"not_picked":["Armaments","Seeing Red"],"picked":"ReplayTheSpireMod:Stacked","floor":3},{"not_picked":["Pommel Strike","Run Through"],"picked":"Iron Wave","floor":4},{"not_picked":["True Grit","Headbutt"],"picked":"Armaments","floor":7},{"not_picked":["Uppercut","Replay:Undeath\u0027s Touch"],"picked":"ReplayReversal","floor":10},{"not_picked":["Demon Form","Fiend Fire"],"picked":"Juggernaut","floor":16},{"not_picked":["ReplayTheSpireMod:LeadingStrike+1","hubris:ReadiedAction"],"picked":"Iron Wave","floor":18},{"not_picked":["Thunderclap+1","Sentinel"],"picked":"Seeing Red","floor":19},{"not_picked":["Combust","hubris:SharpeningStone+1"],"picked":"Sword Boomerang+1","floor":20},{"not_picked":["Fire Breathing+1","Rupture+1"],"picked":"Flex","floor":21}],"player_experience":521183,"relics_obtained":[{"floor":9,"key":"Bottled Tornado"},{"floor":11,"key":"infinitespire:Lucky Rock"}],"event_choices":[{"damage_healed":0,"gold_gain":0,"player_choice":"Upgraded","damage_taken":0,"max_hp_gain":0,"max_hp_loss":0,"event_name":"Upgrade Shrine","floor":2,"gold_loss":0,"cards_upgraded":["Shrug It Off"]},{"damage_healed":0,"gold_gain":0,"player_choice":"Bought 0 Potions","damage_taken":0,"max_hp_gain":0,"max_hp_loss":0,"event_name":"The Woman in Blue","floor":12,"gold_loss":0},{"damage_healed":0,"gold_gain":0,"player_choice":"Paid Fearfully","damage_taken":0,"max_hp_gain":0,"max_hp_loss":0,"event_name":"Masked Bandits","floor":22,"gold_loss":152}],"is_beta":false,"boss_relics":[{"not_picked":["Kintsugi","Runic Dome"],"picked":"Ring of Chaos"}],"items_purged_floors":[5],"is_endless":false,"potions_floor_spawned":[1,4,7,16,19,20],"killed_by":"Slavers","ascension_level":1}}