{"host":"0qulokkk26x4i6bu","time":1613522797,"event":{"mods":["BaseMod","Bestiary","Block Reminder","DeckTracker","Minty Spire (QoL Compilation)","Relic Stats"],"gold_per_floor":[169,187,187,65,65,65,80,91,91,91,91,118,118,131,131,229,229,239,239,66,86,1,1,27,27,27,57,69,69,81,94,94,194,194,209,219,219,238,84,84,112,112,112,12,12,24,24,57,57,57],"floor_reached":51,"language":"ENG","playtime":3568,"items_purged":["Decay","Strike_B"],"score":698,"play_id":"e1dacf25-442f-4b10-896c-f64e262f744d","local_time":"20210216164637","is_ascension_mode":false,"campfire_choices":[{"data":"Zap","floor":6,"key":"SMITH"},{"data":"Coolheaded","floor":10,"key":"SMITH"},{"data":"Turbo","floor":13,"key":"SMITH"},{"floor":15,"key":"REST"},{"data":"1","floor":23,"key":"LIFT"},{"data":"2","floor":25,"key":"LIFT"},{"floor":32,"key":"REST"},{"data":"3","floor":40,"key":"LIFT"},{"floor":45,"key":"REST"},{"floor":47,"key":"REST"},{"floor":49,"key":"REST"}],"circlet_count":0,"master_deck":["Strike_B","Defend_B+1","Defend_B","Defend_B","Defend_B","Zap+1","Dualcast","Coolheaded+1","FTL","Turbo+1","Ball Lightning","Echo Form","Cold Snap","Seek","Genetic Algorithm+1","Sweeping Beam","Apotheosis","Compile Driver+1","Defragment","Go for the Eyes+1","Hologram+1","Self Repair","Electrodynamics","Capacitor","Genetic Algorithm+1","Reinforced Body+1","Consume+1"],"relics":["Tiny House","MealTicket","Sundial","Fusion Hammer","Girya","Regal Pillow","Blue Candle","Shuriken","Runic Pyramid","Chemical X","HornCleat","Question Card","Ancient Tea Set"],"acts_visited":["Exordium","TheCity","TheBeyond"],"potions_floor_usage":[12,27,28,33,38,38,50,50],"damage_taken":[{"damage":8,"enemies":"2 Louse","floor":1,"turns":4},{"damage":0,"enemies":"Cultist","floor":2,"turns":5},{"damage":0,"enemies":"Jaw Worm","floor":7,"turns":4},{"damage":15,"enemies":"Exordium Thugs","floor":8,"turns":5},{"damage":6,"enemies":"Lagavulin","floor":12,"turns":4},{"damage":0,"enemies":"Looter","floor":14,"turns":4},{"damage":8,"enemies":"The Guardian","floor":16,"turns":13},{"damage":18,"enemies":"2 Thieves","floor":18,"turns":4},{"damage":14,"enemies":"Shell Parasite","floor":21,"turns":6},{"damage":10,"enemies":"Gremlin Leader","floor":27,"turns":5},{"damage":12,"enemies":"3 Cultists","floor":28,"turns":5},{"damage":18,"enemies":"Shelled Parasite and Fungi","floor":30,"turns":5},{"damage":10,"enemies":"Centurion and Healer","floor":31,"turns":5},{"damage":16,"enemies":"Collector","floor":33,"turns":8},{"damage":11,"enemies":"3 Shapes","floor":35,"turns":3},{"damage":15,"enemies":"Orb Walker","floor":36,"turns":6},{"damage":21,"enemies":"Jaw Worm Horde","floor":38,"turns":6},{"damage":69,"enemies":"Reptomancer","floor":41,"turns":8},{"damage":0,"enemies":"Maw","floor":46,"turns":9},{"damage":1,"enemies":"Giant Head","floor":48,"turns":10},{"damage":6,"enemies":"Awakened One","floor":50,"turns":12}],"seed_played":"5356360541840499142","potions_obtained":[{"floor":0,"key":"SteroidPotion"},{"floor":2,"key":"AttackPotion"},{"floor":7,"key":"DuplicationPotion"},{"floor":12,"key":"SpeedPotion"},{"floor":27,"key":"Block Potion"},{"floor":30,"key":"DistilledChaos"},{"floor":33,"key":"PotionOfCapacity"},{"floor":41,"key":"Block Potion"},{"floor":46,"key":"Strength Potion"}],"is_trial":false,"path_per_floor":["M","M","?","$","?","R","M","M","T","R","?","E","R","M","R","B",null,"M","?","$","M","?","R","T","R","T","E","M","$","M","M","R","B",null,"M","M","?","M","$","R","E","?","T","$","R","M","R","E","R","B",null],"character_chosen":"DEFECT","items_purchased":["Turbo","Apotheosis","Chemical X"],"campfire_rested":5,"item_purchase_floors":[4,20,39],"current_hp_per_floor":[72,72,72,72,65,65,65,50,50,50,50,44,44,44,68,60,80,62,62,77,63,63,63,63,63,63,53,41,56,38,28,67,61,80,79,80,80,79,80,80,31,31,31,46,80,80,80,80,80,80],"gold":57,"neow_bonus":"BOSS_RELIC","is_daily":false,"chose_seed":false,"campfire_upgraded":3,"win_rate":0.0,"timestamp":1613522797,"path_taken":["M","M","?","?","?","R","M","?","T","R","?","E","R","M","R","BOSS","M","?","$","M","?","R","?","R","T","E","M","$","M","M","R","BOSS","M","M","?","?","$","R","E","?","T","?","R","M","R","E","R","BOSS"],"items_purchased_type":["Card","Card","Relic"],"build_version":"2020-12-22","purchased_purges":2,"victory":true,"max_hp_per_floor":[80,80,80,80,80,80,80,80,80,80,80,80,80,80,80,80,80,80,80,80,80,80,80,80,80,80,80,80,80,80,80,80,80,80,80,80,80,80,80,80,80,80,80,80,80,80,80,80,80,80],"relic_stats":{"Regal Pillow":25,"counters":[21,131],"Sundial":[20],"Shuriken":[29],"Blue Candle":[0],"MealTicket":46,"Chemical X":[9],"Question Card":2,"obtain_stats":[{"Girya":22,"Regal Pillow":24,"Tiny House":0,"Blue Candle":26,"Question Card":43,"Ancient Tea Set":48,"HornCleat":41,"Sundial":12,"Shuriken":27,"MealTicket":9,"Fusion Hammer":17,"Chemical X":39,"Cracked Core":0,"Runic Pyramid":34},{"Girya":9,"Regal Pillow":9,"Tiny House":0,"Blue Candle":9,"Question Card":18,"Ancient Tea Set":20,"HornCleat":18,"Sundial":5,"Shuriken":10,"MealTicket":4,"Fusion Hammer":7,"Chemical X":17,"Cracked Core":0,"Runic Pyramid":14},{"Girya":49,"Regal Pillow":49,"Tiny House":0,"Blue Candle":49,"Question Card":100,"Ancient Tea Set":119,"HornCleat":100,"Sundial":22,"Shuriken":54,"MealTicket":18,"Fusion Hammer":39,"Chemical X":92,"Cracked Core":0,"Runic Pyramid":77}]},"card_choices":[{"not_picked":["Fusion","Consume"],"picked":"Coolheaded","floor":0},{"not_picked":["Scrape","Redo"],"picked":"FTL","floor":1},{"not_picked":["Lockon","Beam Cell","Aggregate"],"picked":"SKIP","floor":2},{"not_picked":["Leap","Gash"],"picked":"Ball Lightning","floor":7},{"not_picked":["Redo","Stack","Conserve Battery"],"picked":"SKIP","floor":8},{"not_picked":["Leap","Cold Snap"],"picked":"Echo Form","floor":12},{"not_picked":["Leap","Stack"],"picked":"Cold Snap","floor":14},{"not_picked":["All For One","Thunder Strike"],"picked":"Seek","floor":16},{"not_picked":["Loop","Coolheaded"],"picked":"Genetic Algorithm+1","floor":18},{"not_picked":["Genetic Algorithm","Doom and Gloom"],"picked":"Compile Driver+1","floor":21},{"not_picked":["Cold Snap","Darkness"],"picked":"Defragment","floor":27},{"not_picked":["Leap","Beam Cell"],"picked":"Go for the Eyes+1","floor":28},{"not_picked":["Doom and Gloom","Ball Lightning"],"picked":"Hologram+1","floor":30},{"not_picked":["Compile Driver+1","Redo"],"picked":"Self Repair","floor":31},{"not_picked":["Multi-Cast","Reboot"],"picked":"Electrodynamics","floor":33},{"not_picked":["Cold Snap","Lockon+1","Aggregate"],"picked":"SKIP","floor":35},{"not_picked":["Leap","Double Energy"],"picked":"Capacitor","floor":36},{"not_picked":["Go for the Eyes+1","Streamline+1"],"picked":"Reinforced Body+1","floor":38},{"not_picked":["Leap","Melter+1","Sweeping Beam+1"],"picked":"SKIP","floor":41},{"not_picked":["Blizzard","Auto Shields+1","Undo","Leap"],"picked":"SKIP","floor":46},{"not_picked":["Reprogram+1","Storm","Steam Power"],"picked":"Consume+1","floor":48}],"player_experience":48480,"relics_obtained":[{"floor":9,"key":"MealTicket"},{"floor":12,"key":"Sundial"},{"floor":24,"key":"Regal Pillow"},{"floor":26,"key":"Blue Candle"},{"floor":27,"key":"Shuriken"},{"floor":41,"key":"HornCleat"},{"floor":43,"key":"Question Card"},{"floor":48,"key":"Ancient Tea Set"}],"event_choices":[{"damage_healed":0,"gold_gain":0,"player_choice":"Cursed","damage_taken":0,"max_hp_gain":0,"max_hp_loss":0,"event_name":"Wheel of Change","floor":3,"gold_loss":0,"cards_obtained":["Decay"]},{"cards_removed":["Strike_B"],"damage_healed":0,"gold_gain":0,"player_choice":"Card Removal","damage_taken":7,"max_hp_gain":0,"max_hp_loss":0,"event_name":"Golden Wing","floor":5,"gold_loss":0},{"damage_healed":0,"gold_gain":0,"player_choice":"Ignored","damage_taken":0,"max_hp_gain":0,"max_hp_loss":0,"event_name":"Liars Game","floor":11,"gold_loss":0},{"damage_healed":0,"gold_gain":0,"player_choice":"Read","damage_taken":0,"max_hp_gain":0,"max_hp_loss":0,"event_name":"The Library","floor":19,"gold_loss":0,"cards_obtained":["Sweeping Beam"]},{"damage_healed":0,"gold_gain":0,"player_choice":"Obtained Relic","damage_taken":0,"relics_obtained":["Girya"],"max_hp_gain":0,"max_hp_loss":0,"event_name":"Addict","floor":22,"gold_loss":85},{"damage_healed":0,"gold_gain":0,"player_choice":"Copied","damage_taken":0,"max_hp_gain":0,"max_hp_loss":0,"event_name":"Duplicator","floor":37,"gold_loss":0,"cards_obtained":["Genetic Algorithm"]},{"cards_removed":["Strike_B"],"damage_healed":0,"gold_gain":0,"player_choice":"Offered Basic","damage_taken":0,"max_hp_gain":0,"max_hp_loss":0,"event_name":"Bonfire Elementals","floor":42,"gold_loss":0}],"is_beta":false,"boss_relics":[{"not_picked":["Ectoplasm","Philosopher\u0027s Stone"],"picked":"Fusion Hammer"},{"not_picked":["Velvet Choker","Snecko Eye"],"picked":"Runic Pyramid"}],"items_purged_floors":[4,44],"is_endless":false,"potions_floor_spawned":[2,7,12,27,30,33,41,46,48],"ascension_level":0}}