{"host":"diogo","time":1613558098,"event":{"mods":["BaseMod","Minty Spire (QoL Compilation)","StSLib","SuperFastMode"],"gold_per_floor":[115,126,143,143,218,252,273,273,273,304,322,1,35,49,49,174,174,190,37,37,62,76,76,117,117,141,180,180,194,194,214,214,339,339,354,254,267,600,600,626,637,689,689,707,236,263,263,296,296,296],"floor_reached":51,"language":"ENG","playtime":3398,"items_purged":["All For One","Hyperbeam"],"score":1715,"play_id":"2c214c6f-7a55-4027-903f-31e0b9f819fe","local_time":"20210217113458","daily_mods":["Shiny","Vintage","Terminal"],"is_ascension_mode":true,"campfire_choices":[{"data":"Buffer","floor":8,"key":"SMITH"},{"data":"Seek","floor":15,"key":"SMITH"},{"data":"Echo Form","floor":23,"key":"SMITH"},{"data":"Fission","floor":25,"key":"SMITH"},{"data":"Double Energy","floor":28,"key":"SMITH"},{"data":"Reboot","floor":32,"key":"SMITH"},{"floor":47,"key":"REST"},{"floor":49,"key":"REST"}],"circlet_count":0,"master_deck":["Multi-Cast+1","Thunder Strike","Biased Cognition","Electrodynamics","Buffer+1","Rainbow","Seek+1","Meteor Strike","Echo Form+1","Reboot+1","Amplify+1","Creative AI","Fission+1","Core Surge","Double Energy+1","Machine Learning","Glacier+1","Storm"],"relics":["Cracked Core","Strawberry","Incense Burner","InkBottle","Singing Bowl","Pear","Mercury Hourglass","TungstenRod","Lantern","Bottled Lightning","Oddly Smooth Stone","Question Card","Snecko Eye","DataDisk","Bag of Preparation","Art of War","PreservedInsect","Akabeko","Orichalcum","Happy Flower","Gremlin Horn","Darkstone Periapt","Fusion Hammer","Sundial","Molten Egg 2","Eternal Feather","FossilizedHelix","Centennial Puzzle","Du-Vu Doll","Bottled Flame","Strange Spoon","War Paint","Bag of Marbles","Anchor"],"acts_visited":["Exordium","TheCity","TheBeyond"],"potions_floor_usage":[50,50,50],"damage_taken":[{"damage":0,"enemies":"2 Louse","floor":1,"turns":1},{"damage":0,"enemies":"Jaw Worm","floor":2,"turns":3},{"damage":0,"enemies":"Cultist","floor":3,"turns":2},{"damage":0,"enemies":"Lagavulin","floor":6,"turns":5},{"damage":0,"enemies":"Blue Slaver","floor":7,"turns":2},{"damage":0,"enemies":"3 Sentries","floor":10,"turns":2},{"damage":0,"enemies":"Gremlin Gang","floor":11,"turns":1},{"damage":0,"enemies":"Lagavulin","floor":13,"turns":5},{"damage":0,"enemies":"Exordium Wildlife","floor":14,"turns":1},{"damage":4,"enemies":"The Guardian","floor":16,"turns":7},{"damage":5,"enemies":"Spheric Guardian","floor":18,"turns":3},{"damage":0,"enemies":"Shell Parasite","floor":21,"turns":2},{"damage":0,"enemies":"Centurion and Healer","floor":22,"turns":3},{"damage":2,"enemies":"Book of Stabbing","floor":24,"turns":2},{"damage":0,"enemies":"Slavers","floor":27,"turns":2},{"damage":0,"enemies":"Snake Plant","floor":29,"turns":1},{"damage":0,"enemies":"Chosen and Byrds","floor":31,"turns":1},{"damage":0,"enemies":"Automaton","floor":33,"turns":3},{"damage":0,"enemies":"3 Shapes","floor":35,"turns":1},{"damage":0,"enemies":"Orb Walker","floor":37,"turns":2},{"damage":0,"enemies":"Nemesis","floor":40,"turns":2},{"damage":0,"enemies":"Transient","floor":41,"turns":5},{"damage":0,"enemies":"Maw","floor":44,"turns":4},{"damage":0,"enemies":"Reptomancer","floor":46,"turns":1},{"damage":0,"enemies":"Nemesis","floor":48,"turns":1},{"damage":0,"enemies":"Awakened One","floor":50,"turns":2}],"seed_played":"-8083458542117987041","potions_obtained":[{"floor":2,"key":"Fire Potion"},{"floor":3,"key":"EssenceOfDarkness"},{"floor":7,"key":"PowerPotion"},{"floor":21,"key":"FocusPotion"}],"is_trial":true,"path_per_floor":["M","M","M","?","?","E","M","R","T","E","M","$","E","M","R","B",null,"M","$","?","M","M","R","E","R","T","E","R","M","?","M","R","B",null,"M","$","M","?","?","E","M","T","T","M","$","E","R","E","R","B",null],"character_chosen":"DEFECT","items_purchased":["Bottled Lightning","Bag of Preparation","Storm","Strange Spoon","War Paint","Ancient Potion","Energy Potion"],"campfire_rested":2,"item_purchase_floors":[12,19,45,45,45,45,45],"current_hp_per_floor":[75,75,75,56,49,51,61,61,61,63,63,63,63,63,63,59,74,69,69,69,69,69,69,67,67,67,69,69,68,67,66,65,66,65,64,63,62,61,60,61,60,59,58,57,56,57,56,57,56,55],"gold":296,"neow_bonus":"","is_daily":false,"chose_seed":false,"campfire_upgraded":6,"win_rate":0.0,"timestamp":1613558098,"path_taken":["M","M","M","?","?","E","M","R","T","E","M","$","E","?","R","BOSS","M","$","?","M","M","R","E","R","T","E","R","M","?","M","R","BOSS","M","$","M","?","?","E","M","?","T","?","$","E","R","E","R","BOSS"],"items_purchased_type":["Relic","Relic","Card","Relic","Relic","Potion","Potion"],"build_version":"2020-12-18","purchased_purges":2,"victory":true,"max_hp_per_floor":[80,79,78,77,76,77,86,85,84,85,84,83,82,81,80,79,78,77,76,75,74,73,72,71,70,69,70,69,68,67,66,65,66,65,64,63,62,61,60,61,60,59,58,57,56,57,56,57,56,55],"card_choices":[{"not_picked":["Redo","Aggregate","Rebound"],"picked":"Singing Bowl","floor":6},{"not_picked":["Sweeping Beam","Reinforced Body","Stack"],"picked":"Singing Bowl","floor":10},{"not_picked":["Rebound","Ball Lightning"],"picked":"Double Energy","floor":13},{"not_picked":["Creative AI","Thunder Strike","Multi-Cast"],"picked":"Machine Learning","floor":16},{"not_picked":["Sweeping Beam","Redo","Blizzard"],"picked":"Glacier+1","floor":24},{"not_picked":["Biased Cognition","Tempest","Rip and Tear","Leap+1"],"picked":"Singing Bowl","floor":27},{"not_picked":["Fission","Machine Learning","Amplify","Thunder Strike"],"picked":"Singing Bowl","floor":33},{"not_picked":["Fission","Beam Cell+1","Reprogram","Reboot"],"picked":"Singing Bowl","floor":40},{"not_picked":["Leap","Turbo+1","Conserve Battery","Doom and Gloom+1"],"picked":"Singing Bowl","floor":46},{"not_picked":["Redo+1","Force Field","Gash+1","Conserve Battery+1"],"picked":"Singing Bowl","floor":48}],"player_experience":394158,"relics_obtained":[{"floor":1,"key":"Strawberry"},{"floor":2,"key":"Incense Burner"},{"floor":3,"key":"InkBottle"},{"floor":6,"key":"Singing Bowl"},{"floor":7,"key":"Pear"},{"floor":9,"key":"Mercury Hourglass"},{"floor":10,"key":"TungstenRod"},{"floor":11,"key":"Lantern"},{"floor":13,"key":"Oddly Smooth Stone"},{"floor":14,"key":"Question Card"},{"floor":18,"key":"DataDisk"},{"floor":21,"key":"Art of War"},{"floor":22,"key":"PreservedInsect"},{"floor":24,"key":"Akabeko"},{"floor":26,"key":"Orichalcum"},{"floor":27,"key":"Happy Flower"},{"floor":29,"key":"Gremlin Horn"},{"floor":31,"key":"Darkstone Periapt"},{"floor":35,"key":"Sundial"},{"floor":37,"key":"Molten Egg 2"},{"floor":40,"key":"Eternal Feather"},{"floor":41,"key":"FossilizedHelix"},{"floor":42,"key":"Centennial Puzzle"},{"floor":43,"key":"Du-Vu Doll"},{"floor":44,"key":"Bottled Flame"},{"floor":46,"key":"Bag of Marbles"},{"floor":48,"key":"Anchor"}],"event_choices":[{"damage_healed":0,"gold_gain":0,"player_choice":"Take Damage","damage_taken":19,"relics_obtained":["Golden Idol"],"max_hp_gain":0,"max_hp_loss":0,"event_name":"Golden Idol","floor":4,"gold_loss":0},{"damage_healed":0,"gold_gain":75,"player_choice":"Touch","damage_taken":7,"max_hp_gain":0,"max_hp_loss":0,"event_name":"FaceTrader","floor":5,"gold_loss":0},{"damage_healed":0,"gold_gain":0,"player_choice":"Ignored","damage_taken":0,"max_hp_gain":0,"max_hp_loss":0,"event_name":"Vampires","floor":20,"gold_loss":0},{"damage_healed":0,"gold_gain":0,"player_choice":"Ignored","damage_taken":0,"max_hp_gain":0,"max_hp_loss":0,"event_name":"Ghosts","floor":30,"gold_loss":0},{"damage_healed":0,"gold_gain":333,"player_choice":"Gave Idol","damage_taken":0,"max_hp_gain":0,"max_hp_loss":0,"event_name":"The Moai Head","floor":38,"relics_lost":["Golden Idol"],"gold_loss":0},{"cards_removed":["Machine Learning"],"damage_healed":0,"gold_gain":0,"player_choice":"Removed Power","damage_taken":0,"max_hp_gain":0,"max_hp_loss":0,"event_name":"Falling","floor":39,"gold_loss":0}],"is_beta":true,"boss_relics":[{"not_picked":["Tiny House","Runic Dome"],"picked":"Snecko Eye"},{"not_picked":["Velvet Choker","SlaversCollar"],"picked":"Fusion Hammer"}],"items_purged_floors":[12,36],"is_endless":false,"potions_floor_spawned":[2,3,7,11,21,22,24,33,40,41,44],"ascension_level":9}}