{"host":"wvcyfzs99um8is6a","time":1613536687,"event":{"mods":["AchievementEnabler","BaseMod","Colored Map","Colored Powertips","Highlight Path","Minty Spire (QoL Compilation)","Random Character Button","Relic Filter","StSLib","SuperFastMode"],"gold_per_floor":[118,193,193,203,218,218,243,259,259,270,47,47,47,75,75,178,178,189,201,217,217,217,247,247,262,262,280,280,81,81,81,81,177,177,196,207,167,267,322,322,336,336,336,336,355,49,49,79,79,79],"floor_reached":51,"language":"ENG","playtime":3402,"items_purged":["Strike_B","Strike_B"],"score":778,"play_id":"b0d146af-a4f5-4915-96fe-542dd3e26f9d","local_time":"20210216233807","is_ascension_mode":false,"campfire_choices":[{"data":"Zap","floor":6.0,"key":"SMITH"},{"data":"Dualcast","floor":13.0,"key":"SMITH"},{"data":"Auto Shields","floor":15.0,"key":"SMITH"},{"data":"Static Discharge","floor":24.0,"key":"SMITH"},{"floor":28.0,"key":"REST"},{"data":"BootSequence","floor":30.0,"key":"SMITH"},{"data":"Reboot","floor":32.0,"key":"SMITH"},{"data":"Echo Form","floor":40.0,"key":"SMITH"},{"floor":42,"key":"REST"},{"floor":47,"key":"REST"},{"floor":49,"key":"REST"}],"circlet_count":0,"master_deck":["Strike_B+1","Strike_B+1","Defend_B+1","Defend_B+1","Defend_B+1","Zap+1","Dualcast+1","Auto Shields+1","BootSequence+1","FTL+1","Reboot+1","Electrodynamics","Static Discharge+1","Echo Form+1","Defragment+1","Melter+1","White Noise+1"],"relics":["Cracked Core","Bag of Preparation","Happy Flower","Juzu Bracelet","Matryoshka","Black Star","MutagenicStrength","Cables","Bottled Flame","Smiling Mask","Pantograph","Runic Capacitor","SlaversCollar","Gambling Chip","Potion Belt","Pocketwatch","Pear","Regal Pillow","Question Card"],"acts_visited":["Exordium","TheCity","TheBeyond"],"potions_floor_usage":[48,50,50],"damage_taken":[{"damage":1.0,"enemies":"Jaw Worm","floor":1.0,"turns":3.0},{"damage":1.0,"enemies":"2 Louse","floor":4.0,"turns":2.0},{"damage":0.0,"enemies":"Small Slimes","floor":5.0,"turns":3.0},{"damage":4.0,"enemies":"Lagavulin","floor":7.0,"turns":8.0},{"damage":0.0,"enemies":"2 Fungi Beasts","floor":8.0,"turns":3.0},{"damage":0.0,"enemies":"Exordium Wildlife","floor":10.0,"turns":3.0},{"damage":22.0,"enemies":"3 Sentries","floor":14.0,"turns":8.0},{"damage":10.0,"enemies":"Slime Boss","floor":16.0,"turns":11.0},{"damage":0.0,"enemies":"Shell Parasite","floor":18.0,"turns":6.0},{"damage":0.0,"enemies":"Chosen","floor":19.0,"turns":4.0},{"damage":19.0,"enemies":"Snake Plant","floor":20.0,"turns":5.0},{"damage":33.0,"enemies":"Book of Stabbing","floor":23.0,"turns":7.0},{"damage":1.0,"enemies":"Centurion and Healer","floor":25.0,"turns":4.0},{"damage":7.0,"enemies":"3 Cultists","floor":27.0,"turns":2.0},{"damage":24.0,"enemies":"Collector","floor":33.0,"turns":7.0},{"damage":19.0,"enemies":"Orb Walker","floor":35.0,"turns":4.0},{"damage":0.0,"enemies":"3 Darklings","floor":36.0,"turns":3.0},{"damage":26.0,"enemies":"2 Orb Walkers","floor":39.0,"turns":3.0},{"damage":19.0,"enemies":"Maw","floor":41.0,"turns":6.0},{"damage":16,"enemies":"Spire Growth","floor":45,"turns":5},{"damage":16,"enemies":"Giant Head","floor":48,"turns":8},{"damage":45,"enemies":"Donu and Deca","floor":50,"turns":5}],"seed_played":"1682033001567490037","potions_obtained":[{"floor":1.0,"key":"LiquidMemories"},{"floor":4.0,"key":"AttackPotion"},{"floor":5.0,"key":"Energy Potion"},{"floor":14.0,"key":"Strength Potion"},{"floor":16.0,"key":"GamblersBrew"},{"floor":18.0,"key":"DuplicationPotion"},{"floor":23.0,"key":"SpeedPotion"},{"floor":39.0,"key":"LiquidBronze"},{"floor":41,"key":"Block Potion"}],"is_trial":false,"path_per_floor":["M","?","?","M","M","R","E","M","T","M","$","$","R","E","R","B",null,"M","M","M","?","?","E","R","M","T","M","R","$","R","?","R","B",null,"M","M","?","?","?","R","M","R","T","?","M","$","R","E","R","B",null],"character_chosen":"DEFECT","items_purchased":["Juzu Bracelet","Runic Capacitor","Pear","Swift Potion"],"campfire_rested":4,"item_purchase_floors":[11,29,46,46],"current_hp_per_floor":[81,70,63,62,62,62,58,58,58,58,58,58,58,36,36,26,82,82,82,63,63,63,30,30,29,29,22,46,46,46,46,46,47,82,63,63,63,63,37,37,18,42,42,42,26,36,62,46,87,43],"gold":79,"neow_bonus":"TEN_PERCENT_HP_BONUS","is_daily":false,"chose_seed":false,"campfire_upgraded":7,"win_rate":0.0,"timestamp":1613536687,"path_taken":["M","?","?","M","M","R","E","M","T","M","?","$","R","E","R","BOSS","M","M","M","?","?","E","R","M","T","M","R","$","R","?","R","BOSS","M","M","?","?","?","R","M","R","T","?","M","$","R","E","R","BOSS"],"items_purchased_type":["Relic","Relic","Relic","Potion"],"build_version":"2020-12-22","purchased_purges":2,"victory":true,"max_hp_per_floor":[82,82,82,82,82,82,82,82,82,82,82,82,82,82,82,82,82,82,82,82,82,82,82,82,82,82,82,82,82,82,82,82,82,82,82,82,82,82,82,82,82,82,82,78,78,88,88,88,88,88],"card_choices":[{"not_picked":["Steam","Sweeping Beam"],"picked":"Auto Shields","floor":1.0},{"not_picked":["Gash","Sweeping Beam"],"picked":"BootSequence","floor":4.0},{"not_picked":["Turbo","White Noise","Compile Driver"],"picked":"SKIP","floor":5.0},{"not_picked":["Barrage","Go for the Eyes"],"picked":"FTL","floor":7.0},{"not_picked":["Steam","Turbo","Lockon"],"picked":"SKIP","floor":8.0},{"not_picked":["Steam","Hello World","Hologram"],"picked":"SKIP","floor":10.0},{"not_picked":["Redo","Heatsinks"],"picked":"Reboot","floor":14.0},{"not_picked":["Buffer","All For One"],"picked":"Electrodynamics","floor":16.0},{"not_picked":["Coolheaded","Glacier+1","Streamline"],"picked":"SKIP","floor":18.0},{"not_picked":["Go for the Eyes","Consume","Hologram"],"picked":"SKIP","floor":19.0},{"not_picked":["Gash","Undo","Sweeping Beam"],"picked":"SKIP","floor":20.0},{"not_picked":["Double Energy","Consume"],"picked":"Static Discharge","floor":23.0},{"not_picked":["Hologram","Stack","Coolheaded+1"],"picked":"SKIP","floor":25.0},{"not_picked":["Seek","Cold Snap","Streamline"],"picked":"SKIP","floor":27.0},{"not_picked":["Rainbow","Biased Cognition"],"picked":"Echo Form","floor":33.0},{"not_picked":["Compile Driver+1","Hello World+1"],"picked":"Defragment","floor":35.0},{"not_picked":["Compile Driver","Go for the Eyes+1"],"picked":"Melter+1","floor":36.0},{"not_picked":["Fusion+1","Rebound","Sunder+1"],"picked":"SKIP","floor":41},{"not_picked":["Compile Driver","Steam","Redo"],"picked":"SKIP","floor":45},{"not_picked":["Electrodynamics","Skim+1"],"picked":"White Noise+1","floor":48}],"player_experience":1029306,"relics_obtained":[{"floor":7.0,"key":"Bag of Preparation"},{"floor":9.0,"key":"Happy Flower"},{"floor":14.0,"key":"Matryoshka"},{"floor":23.0,"key":"Cables"},{"floor":23.0,"key":"Bottled Flame"},{"floor":26.0,"key":"Smiling Mask"},{"floor":26.0,"key":"Pantograph"},{"floor":39.0,"key":"Gambling Chip"},{"floor":43,"key":"Potion Belt"},{"floor":43,"key":"Pocketwatch"},{"floor":48,"key":"Regal Pillow"},{"floor":48,"key":"Question Card"}],"event_choices":[{"damage_healed":0.0,"max_hp_gain":0.0,"max_hp_loss":0.0,"gold_gain":75.0,"event_name":"World of Goop","player_choice":"Gather Gold","floor":2.0,"gold_loss":0.0,"damage_taken":11.0},{"cards_removed":["Defend_B"],"damage_healed":0.0,"max_hp_gain":0.0,"max_hp_loss":0.0,"gold_gain":0.0,"event_name":"Golden Wing","player_choice":"Card Removal","floor":3.0,"gold_loss":0.0,"damage_taken":7.0},{"damage_healed":0.0,"max_hp_gain":0.0,"max_hp_loss":0.0,"gold_gain":0.0,"event_name":"Vampires","player_choice":"Ignored","floor":21.0,"gold_loss":0.0,"damage_taken":0.0},{"damage_healed":0.0,"max_hp_gain":0.0,"max_hp_loss":0.0,"gold_gain":0.0,"event_name":"Drug Dealer","player_choice":"Inject Mutagens","floor":22.0,"gold_loss":0.0,"damage_taken":0.0,"relics_obtained":["MutagenicStrength"]},{"damage_healed":0.0,"max_hp_gain":0.0,"max_hp_loss":0.0,"gold_gain":0.0,"event_name":"Back to Basics","player_choice":"Simplicity","floor":31.0,"gold_loss":0.0,"damage_taken":0.0,"cards_upgraded":["Strike_B","Strike_B","Defend_B","Defend_B","Defend_B"]},{"damage_healed":0.0,"max_hp_gain":0.0,"max_hp_loss":0.0,"gold_gain":0.0,"event_name":"Designer","player_choice":"Upgraded Two","floor":37.0,"gold_loss":40.0,"damage_taken":0.0,"cards_upgraded":["FTL","Defragment"]},{"damage_healed":0.0,"max_hp_gain":0.0,"max_hp_loss":0.0,"gold_gain":100.0,"event_name":"Golden Shrine","player_choice":"Pray","floor":38.0,"gold_loss":0.0,"damage_taken":0.0},{"damage_healed":0.0,"max_hp_gain":0.0,"max_hp_loss":0.0,"gold_gain":0.0,"event_name":"Mysterious Sphere","player_choice":"Fight","floor":39.0,"gold_loss":0.0,"damage_taken":0.0},{"damage_healed":0,"gold_gain":0,"player_choice":"Max HP","damage_taken":0,"max_hp_gain":0,"max_hp_loss":4,"event_name":"Winding Halls","floor":44,"gold_loss":0}],"is_beta":false,"boss_relics":[{"not_picked":["Astrolabe","Sozu"],"picked":"Black Star"},{"not_picked":["Cursed Key","Empty Cage"],"picked":"SlaversCollar"}],"items_purged_floors":[11,29],"is_endless":false,"potions_floor_spawned":[1,4,5,14,16,18,23,33,39,41],"ascension_level":0}}