{"host":"c44ey07ufggfw2m8","time":1613563704,"event":{"mods":["2.2 Compatiblity","BaseMod","Colored Map","DeckTracker","Hermit","Highlight Path","Keyboard Shortcuts","Minty Spire (QoL Compilation)","Permanent Neow","Quick Restart","StSLib","SuperFastMode","The Cursed","UnlockEverythingMod"],"gold_per_floor":[117,117,117,192,192,226,226,241,241,254,254,254,254,267,267,267,267],"floor_reached":16,"language":"KOR","playtime":405,"items_purged":[],"score":123,"play_id":"c060d087-ff70-4a5d-9875-0c4549dcd026","local_time":"20210217210824","is_ascension_mode":false,"campfire_choices":[{"data":"TheCursedMod:NeowsMight","floor":11.0,"key":"SMITH"},{"data":"TheCursedMod:CursedBlade","floor":13.0,"key":"SMITH"},{"data":"TheCursedMod:HellsGateOpen","floor":15.0,"key":"SMITH"}],"circlet_count":0,"master_deck":["TheCursedMod:Strike_TheCursed+1","TheCursedMod:Strike_TheCursed","TheCursedMod:Strike_TheCursed","TheCursedMod:Defend_TheCursed","TheCursedMod:Defend_TheCursed","TheCursedMod:Defend_TheCursed+1","TheCursedMod:Defend_TheCursed","TheCursedMod:CursedWand","TheCursedMod:CleanUpWorkshop","TheCursedMod:Dregs","TheCursedMod:CursedBlade+1","TheCursedMod:SoulCrush","TheCursedMod:NeowsMight+1","TheCursedMod:SpitefulStrike","TheCursedMod:RapidMovement","TheCursedMod:HellsGateOpen+1"],"relics":["TheCursedMod:BlackMagic101","NeowsBlessing","Oddly Smooth Stone","Lizard Tail","PreservedInsect","Golden Idol"],"acts_visited":["Exordium"],"potions_floor_usage":[],"damage_taken":[{"damage":0.0,"enemies":"Cultist","floor":1.0,"turns":1.0},{"damage":0.0,"enemies":"Gremlin Nob","floor":6.0,"turns":1.0},{"damage":0.0,"enemies":"Small Slimes","floor":8.0,"turns":1.0},{"damage":0.0,"enemies":"2 Louse","floor":10.0,"turns":3.0},{"damage":1.0,"enemies":"Blue Slaver","floor":14.0,"turns":3.0},{"damage":44,"enemies":"The Guardian","floor":16,"turns":13}],"seed_played":"-1664743190737142423","potions_obtained":[{"floor":8.0,"key":"BlessingOfTheForge"},{"floor":14.0,"key":"LiquidMemories"}],"is_trial":false,"path_per_floor":["M","?","?","?","$","E","T","M","T","M","R","?","R","M","R","B"],"character_chosen":"THE_CURSED","items_purchased":[],"campfire_rested":0,"item_purchase_floors":[],"current_hp_per_floor":[75,60,60,49,49,49,49,49,49,49,49,49,49,48,48,4,4],"gold":267,"neow_bonus":"THREE_ENEMY_KILL","is_daily":false,"chose_seed":false,"campfire_upgraded":3,"win_rate":0.0,"timestamp":1613563704,"path_taken":["M","?","?","?","?","E","?","M","T","?","R","?","R","M","R","BOSS"],"items_purchased_type":[],"build_version":"2020-12-22","purchased_purges":0,"victory":false,"max_hp_per_floor":[75,75,75,75,75,75,75,75,75,75,75,69,69,69,69,69,69],"card_choices":[{"not_picked":["TheCursedMod:RapidMovement","TheCursedMod:EmpowerCircles"],"picked":"TheCursedMod:CursedBlade","floor":1.0},{"not_picked":["TheCursedMod:CursedArmor","TheCursedMod:CircleOfFlame"],"picked":"TheCursedMod:NeowsMight","floor":6.0},{"not_picked":["TheCursedMod:CircleOfCorruption","TheCursedMod:CircleOfFlame"],"picked":"TheCursedMod:SpitefulStrike","floor":8.0},{"not_picked":["TheCursedMod:CursedMace","TheCursedMod:DoubleShield"],"picked":"TheCursedMod:RapidMovement","floor":10.0},{"not_picked":["TheCursedMod:SaltUponWound","TheCursedMod:NeowsMight"],"picked":"TheCursedMod:HellsGateOpen","floor":14.0}],"player_experience":137788,"relics_obtained":[{"floor":6.0,"key":"Oddly Smooth Stone"},{"floor":7.0,"key":"Lizard Tail"},{"floor":9.0,"key":"PreservedInsect"}],"event_choices":[{"damage_healed":0.0,"max_hp_gain":0.0,"max_hp_loss":0.0,"gold_gain":0.0,"event_name":"Shining Light","player_choice":"Entered Light","floor":2.0,"gold_loss":0.0,"damage_taken":15.0,"cards_upgraded":["TheCursedMod:Strike_TheCursed","TheCursedMod:Defend_TheCursed"]},{"damage_healed":0.0,"max_hp_gain":0.0,"max_hp_loss":0.0,"gold_gain":0.0,"cards_transformed":["TheCursedMod:Strike_TheCursed"],"event_name":"Living Wall","player_choice":"Change","floor":3.0,"gold_loss":0.0,"damage_taken":0.0,"cards_obtained":["TheCursedMod:SoulCrush"]},{"damage_healed":0.0,"max_hp_gain":0.0,"max_hp_loss":0.0,"gold_gain":75.0,"event_name":"World of Goop","player_choice":"Gather Gold","floor":4.0,"gold_loss":0.0,"damage_taken":11.0},{"damage_healed":0.0,"max_hp_gain":0.0,"max_hp_loss":6.0,"gold_gain":0.0,"event_name":"Golden Idol","player_choice":"Lose Max HP","floor":12.0,"gold_loss":0.0,"damage_taken":0.0,"relics_obtained":["Golden Idol"]}],"is_beta":false,"boss_relics":[],"items_purged_floors":[],"is_endless":false,"potions_floor_spawned":[8,14],"killed_by":"The Guardian","ascension_level":0}}