{"host":"rm0ctv8qd8mnbkg1","time":1613581009,"event":{"mods":["BaseMod","Beaked The Cultist","BetterRewards","Colored Map","DNKmod","Dark Map","Defuse TimeMaze Blight","Downfall","Friendly Minions","Hubris","Marisa????????","Minty Spire (QoL Compilation)","MostiFishMod","Permanent Neow","Rare Cards Sparkle","Relic Sorter","Reliquary","Replay The Spire","RumiaBox-????????","Shade Mod","Shop Mod","Spicy Shops","Spire Arcade","StSLib","The Construct","The Servant 0.9.4","TheVacant","Wandering Minibosses","??????REMEMod"],"gold_per_floor":[10000,10019,10019,10030,10030,10040,10040,8519,8530,8539,8566,8598,8398,8434,8445,8565,8565,8565,8581,8607,7713,7863,7880,7903,7903,7939,6754,6785,5580,5580,5629,5669,5799,5799,5799,5832,5869,5055,5084,5139,5194,5194,4142,4142,4186,4186,4357,4394,4425,4425],"floor_reached":51,"language":"ENG","playtime":1807,"items_purged":["hubris:Envy","Doubt"],"score":1126,"play_id":"b7cea5ff-3106-4223-a609-fd434a2b2de4","local_time":"20210217165649","is_ascension_mode":false,"campfire_choices":[{"floor":1,"key":"RECALL"},{"data":"hexamod:EmpoweredFlame","floor":13,"key":"SMITH"},{"data":"hexamod:PhantomCloak","floor":18,"key":"SMITH"},{"floor":25,"key":"DIG"},{"data":"hexamod:WildfireWeapon","floor":35,"key":"SMITH"},{"floor":44,"key":"DIG"},{"data":"hexamod:HexaLevel","floor":46,"key":"SMITH"}],"circlet_count":0,"master_deck":["hexamod:Strike","hexamod:Strike","hexamod:Strike","hexamod:Defend","hexamod:Defend","hexamod:Defend","hexamod:Defend","hexamod:Sear","hexamod:Float","Bludgeon","hexamod:ExtraCrispy","sneckomod:Strike","hexamod:SpectersWail","hexamod:BurningTouch","hexamod:EmpoweredFlame+1","hexamod:SecondSeal","hexamod:Firestarter+1","hexamod:EmpoweredFlame","hexamod:PhantomCloak+1","hexamod:HexaLevel+1","hexamod:UnleashSpirits","hexamod:VolcanoVisage","hexamod:WildfireWeapon+1","hexamod:ExtraCrispy","hexamod:Sear","hexamod:BurningTouch","hexamod:FirstSeal","hexamod:ApocalypticArmor","REME_FirmDetermination","hubris:Gluttony","hexamod:EmpoweredFlame+1"],"relics":["hexamod:SpiritBrand","REME_ComplimentaryCards","DaveBox","FeatherPendant","Replay:PocketPolymizer","Replay:Rubber Ducky","BirthdayGift-Tetrahedron","Replay:WaspNest","hubris:TenFootPole","reliquary:Boomerang","downfall:HeartBlessingRed","downfall:HeartBlessingGreen","RhineSuit","wanderingMiniBosses:AbyssPearl","hexamod:JarOfFuel","hubris:EmptyBottle","Replay:Multitool","SecretRecord","reliquary:PartyBalloon","hubris:Spice","ReplayFunnel","ReplayTheSpireMod:CursedCoin","CeramicFish","Boot","Chemical X","reliquary:Knoch","Vajra","Bronze Scales","reliquary:FingerTrap","HandDrill","reliquary:Vitrine","downfall:GremlinSack"],"acts_visited":["Exordium","TheCity","TheBeyond"],"potions_floor_usage":[12,20,20,31,31,38,38],"damage_taken":[{"damage":0,"enemies":"Small Slimes","floor":2,"turns":2},{"damage":0,"enemies":"Cultist","floor":4,"turns":2},{"damage":0,"enemies":"2 Louse","floor":6,"turns":2},{"damage":0,"enemies":"downfall:FleeingMerchant","floor":8,"turns":4},{"damage":2,"enemies":"2 Fungi Beasts","floor":9,"turns":2},{"damage":4,"enemies":"downfall:FleeingMerchant","floor":10,"turns":3},{"damage":2,"enemies":"3 Sentries","floor":12,"turns":2},{"damage":3,"enemies":"Lots of Slimes","floor":14,"turns":2},{"damage":2,"enemies":"downfall:LooterAlt","floor":15,"turns":2},{"damage":5,"enemies":"WA_ARCHETYPE_RETAIN","floor":16,"turns":3},{"damage":2,"enemies":"Chosen","floor":19,"turns":2},{"damage":7,"enemies":"Spheric Guardian","floor":20,"turns":4},{"damage":1,"enemies":"Centurion and Healer","floor":23,"turns":1},{"damage":2,"enemies":"Sentry and Sphere","floor":26,"turns":2},{"damage":4,"enemies":"Snake Plant","floor":28,"turns":3},{"damage":4,"enemies":"Gremlin Leader","floor":31,"turns":3},{"damage":4,"enemies":"Snecko","floor":32,"turns":3},{"damage":4,"enemies":"IC_MUSHROOM_ARCHETYPE","floor":33,"turns":3},{"damage":4,"enemies":"3 Shapes","floor":36,"turns":3},{"damage":4,"enemies":"Orb Walker","floor":37,"turns":3},{"damage":4,"enemies":"Jaw Worm Horde","floor":39,"turns":3},{"damage":5,"enemies":"Giant Head","floor":40,"turns":3},{"damage":0,"enemies":"Writhing Mass","floor":45,"turns":3},{"damage":0,"enemies":"Writhing Mass","floor":47,"turns":2},{"damage":0,"enemies":"Maw","floor":48,"turns":3},{"damage":0,"enemies":"Spire Growth","floor":49,"turns":3},{"damage":0,"enemies":"DF_ARCHETYPE_ORBS","floor":50,"turns":5}],"seed_played":"-8817670269002361993","potions_obtained":[{"floor":0,"key":"Explosive Potion"},{"floor":4,"key":"Explosive Potion"},{"floor":4,"key":"SkillPotion"},{"floor":8,"key":"PowerPotion"},{"floor":12,"key":"DuplicationPotion"},{"floor":15,"key":"DuplicationPotion"},{"floor":32,"key":"SpeedPotion"},{"floor":33,"key":"SpeedPotion"},{"floor":45,"key":"Guardian:BlockOnCardUsePotion"},{"floor":47,"key":"sneckomod:MuddlingPotion"}],"is_trial":false,"path_per_floor":["R","M","?","M","?","M","T","$","M","$","T","E","R","M","M","B",null,"R","M","M","$","?","M","T","R","M","$","M","$","?","E","M","B",null,"R","M","M","$","M","E","T","R","$","R","M","R","?","M","M","B",null],"character_chosen":"THE_SPIRIT","items_purchased":["hexamod:EmpoweredFlame","Blood Vial","Replay:Rubber Ducky","BirthdayGift-Tetrahedron","hexamod:EmpoweredFlame","Replay:WaspNest","hexamod:JarOfFuel","hubris:EmptyBottle","Replay:Multitool","SecretRecord","hexamod:VolcanoVisage","ReplayFunnel","hubris:Spice","hubris:Spice","ReplayTheSpireMod:CursedCoin","CeramicFish","Boot","hubris:Spice","hubris:Spice","hubris:Spice","hubris:Spice","Chemical X","hexamod:ExtraCrispy","reliquary:Knoch","Fruit Juice","hubris:Spice","Bronze Scales","hubris:Spice","reliquary:FingerTrap","HandDrill"],"campfire_rested":0,"item_purchase_floors":[8,8,8,8,10,10,21,21,21,21,27,27,27,27,27,29,29,29,29,29,38,38,38,38,38,43,43,43,43,43],"current_hp_per_floor":[1000,1000,1000,1000,1000,1000,1000,1000,998,996,996,996,996,995,995,992,1000,1000,998,993,993,993,992,992,1000,998,1006,1002,984,984,976,968,964,960,960,956,952,966,962,950,950,950,934,934,926,926,926,926,926,926],"gold":4425,"neow_bonus":"THREE_SMALL_POTIONS","is_daily":false,"chose_seed":false,"campfire_upgraded":4,"win_rate":0.0,"timestamp":1613581009,"path_taken":["R","M","?","?","?","M","T","$","M","$","?","E","R","M","M","BOSS","R","M","M","$","?","M","T","R","M","?","M","$","?","E","M","BOSS","R","M","M","$","M","E","T","R","$","R","M","R","?","?","M","BOSS"],"items_purchased_type":["Card","Relic","Relic","Relic","Card","Relic","Relic","Relic","Relic","Relic","Card","Relic","Relic","Relic","Relic","Relic","Relic","Relic","Relic","Relic","Relic","Relic","Card","Relic","Potion","Relic","Relic","Relic","Relic","Relic"],"build_version":"2020-12-22","purchased_purges":2,"victory":true,"max_hp_per_floor":[1000,1000,1000,1000,1000,1000,1000,1000,1000,1000,1000,1000,1000,1000,1000,1000,1000,1000,1000,1000,1000,1000,1000,1000,1008,1008,1008,1008,984,984,976,968,968,960,960,960,960,966,966,950,950,950,934,934,926,926,926,926,926,926],"card_choices":[{"not_picked":["hexamod:SwordOfDarkness","hexamod:HeatMetal"],"picked":"hexamod:FourthSeal","floor":2},{"not_picked":["hexamod:FourthSeal","hexamod:Haunt"],"picked":"hexamod:ExtraCrispy","floor":4},{"not_picked":["hexamod:AdvancingGuard","hexamod:EtherealExpedition"],"picked":"hexamod:SpectersWail","floor":6},{"not_picked":["hexamod:ShieldOfDarkness","hexamod:SuperheatedStrike"],"picked":"hexamod:BurningTouch","floor":8},{"not_picked":["hexamod:Firestarter","hexamod:BurningTouch"],"picked":"hexamod:SecondSeal","floor":9},{"not_picked":["hexamod:NightmareGuise","hexamod:ShieldOfDarkness"],"picked":"hexamod:Firestarter","floor":10},{"not_picked":["hexamod:Hexaguard","hexamod:StepThrough","hexamod:DynamicBlow"],"picked":"SKIP","floor":12},{"not_picked":["hexamod:HeatMetal","hexamod:AdvancingGuard"],"picked":"hexamod:PhantomCloak","floor":14},{"not_picked":["hexamod:SpectersWail","hexamod:FlamesFromBeyond"],"picked":"hexamod:HexaLevel","floor":15},{"not_picked":["hexamod:TurnItUp","hexamod:ApocalypticArmor"],"picked":"hexamod:UnleashSpirits","floor":16},{"not_picked":["hexamod:RecurringNightmare","hexamod:InspiringFlames","hexamod:GhostShield+1"],"picked":"SKIP","floor":19},{"not_picked":["hexamod:ThermalTransfer+1","hexamod:ShieldOfDarkness","hexamod:NecessarySacrifice+1"],"picked":"SKIP","floor":20},{"not_picked":["hexamod:Firestarter","hexamod:GhostflameBarrier+1","hexamod:GhostShield"],"picked":"SKIP","floor":23},{"not_picked":["hexamod:GhostOfSpireFuture","hexamod:NecessarySacrifice","hexamod:SpectralAdrenaline"],"picked":"SKIP","floor":26},{"not_picked":["hexamod:NightmareGuise","hexamod:Haunt","hexamod:GhostLash"],"picked":"SKIP","floor":28},{"not_picked":["hexamod:BacktrackSmack","hexamod:HauntingEcho","hexamod:SpectralAdrenaline"],"picked":"SKIP","floor":31},{"not_picked":["hexamod:Toasty","hubris:SpiceAddiction"],"picked":"hubris:SpiceAddiction","floor":32},{"not_picked":["hexamod:SixthSeal","hubris:SpiceAddiction"],"picked":"hexamod:WildfireWeapon","floor":33},{"not_picked":["hexamod:BacktrackSmack+1","hexamod:Again+1","hexamod:GhostLash"],"picked":"SKIP","floor":36},{"not_picked":["hexamod:Firestarter+1","hexamod:FastForward+1","hexamod:SecondSeal"],"picked":"SKIP","floor":37},{"not_picked":["hexamod:AdvancingGuard+1","hexamod:HauntingEcho","hexamod:PhantomCloak"],"picked":"SKIP","floor":39},{"not_picked":["hexamod:SoulSteal+1","hexamod:PowerFromBeyond+1"],"picked":"hubris:SpiceAddiction","floor":40},{"not_picked":["hexamod:SecondSeal","hexamod:ShieldOfDarkness+1"],"picked":"hubris:SpiceAddiction","floor":45},{"not_picked":["hexamod:PhantomCloak+1","hexamod:SwordOfDarkness"],"picked":"hexamod:EmpoweredFlame+1","floor":48},{"not_picked":["hexamod:GhostOfSpireFuture","hexamod:EtherealExpedition","hexamod:HauntingEcho"],"picked":"SKIP","floor":49}],"player_experience":361447,"relics_obtained":[{"floor":7,"key":"Replay:PocketPolymizer"},{"floor":11,"key":"hubris:TenFootPole"},{"floor":12,"key":"reliquary:Boomerang"},{"floor":20,"key":"wanderingMiniBosses:AbyssPearl"},{"floor":24,"key":"reliquary:PartyBalloon"},{"floor":25,"key":"hubris:Spice"},{"floor":31,"key":"hubris:Spice"},{"floor":40,"key":"hubris:Spice"},{"floor":41,"key":"Vajra"},{"floor":44,"key":"reliquary:Vitrine"},{"floor":47,"key":"downfall:GremlinSack"}],"event_choices":[{"cards_removed":["hexamod:Strike"],"damage_healed":0,"gold_gain":0,"player_choice":"Took Card","damage_taken":0,"max_hp_gain":0,"max_hp_loss":0,"event_name":"NoteForYourself","floor":5,"gold_loss":0,"cards_obtained":["sneckomod:Strike"]}],"is_beta":false,"boss_relics":[{"not_picked":["Busted Crown","Empty Cage"],"picked":"RhineSuit"},{"not_picked":["Painkiller Herb","hubris:Spice"],"picked":"hubris:Spice"}],"items_purged_floors":[27,38],"is_endless":false,"potions_floor_spawned":[4,9,12,15,19,31,32,33,37,45,47,49],"ascension_level":0}}