{"host":"6r9t33axn0fzb9aq","time":1613576068,"event":{"mods":["Aspiration","BaseMod","Better Altar","Better Match","Better Note","Better Third Choice","Bossed Relics","CatGirl Mod","Clockwork Mod","Colored Map","Colored Powertips","Conspire","Curses Come First","Custom Start","Energized Spire","Halation","Hubris","Infinite Spire","Koishi","Marisa????????","Minty Spire (QoL Compilation)","Onozuka Komachi Mod","Poor People Problems","Reliquary","Remilia??????","Replay The Spire","Reworked Bosses","Shade Mod","Spicy Shops","Spire Arcade","StSLib","The Blue Laboratory","The Cursed","The Death Knight","The Hierophant","The Marked","The Necromancer","The Servant 0.9.4","TheHero","Trackpad","Waifu the Spire","Wandering Minibosses"],"gold_per_floor":[118,118,138,151,151,184,203,234,234,214,231,231,263,253,253,355,355,370,370,370,370,370,370,356,356,438,35,35,35],"floor_reached":28,"language":"ENG","playtime":1805,"items_purged":[],"score":263,"play_id":"ea949dec-7e82-4703-8999-028d4c0caa43","local_time":"20210217153428","is_ascension_mode":false,"campfire_choices":[{"data":"Consume_Illness","floor":12,"key":"SMITH"},{"floor":15,"key":"REST"},{"floor":23,"key":"REST"},{"floor":25,"key":"REST"}],"circlet_count":0,"master_deck":["Strike_W","Strike_W","Strike_W","Defend_W","Defend_W","Defend_W","Defend_W","Negative_Energy_Arrows","Bone_Wall","Slay_Living+1","Blood_Curse","Plague_Bolt","Bone_Spikes","Thousand_Bone_Knives","Bone_Shift","Toxic_Smoke_Screen","Cloudkill","Negative_Energy_Javelin","Detonate_Bones","Negative_Energy_Javelin","Blood_Magic","Death_March_Dance"],"relics":["Vampire_Amulet","conspire:Flyswatter","conspire:GiftBox","halation:Prosthetics","CultistMask","trackpad:ToughGloves","conspire:BottledYoYo","reliquary:Stiletto","reliquary:Firecrackers"],"acts_visited":["Exordium","TheCity"],"potions_floor_usage":[8,8,8,16],"damage_taken":[{"damage":0,"enemies":"2 Louse","floor":1,"turns":3},{"damage":0,"enemies":"Small Slimes","floor":3,"turns":3},{"damage":0,"enemies":"Cultist","floor":4,"turns":4},{"damage":20,"enemies":"Replay:BlueRogue","floor":6,"turns":8},{"damage":0,"enemies":"Large Slime","floor":7,"turns":5},{"damage":2,"enemies":"Lagavulin","floor":8,"turns":5},{"damage":1,"enemies":"Blue Slaver","floor":10,"turns":7},{"damage":10,"enemies":"Exordium Wildlife","floor":11,"turns":6},{"damage":24,"enemies":"Replay:BlueRogue","floor":13,"turns":6},{"damage":27,"enemies":"Large Slime","floor":14,"turns":8},{"damage":9,"enemies":"Hexaghost","floor":16,"turns":7},{"damage":28,"enemies":"Spheric Guardian","floor":18,"turns":8},{"damage":15,"enemies":"2 Thieves","floor":24,"turns":4},{"damage":19,"enemies":"Snecko","floor":28,"turns":3}],"seed_played":"-2209715490434985028","potions_obtained":[{"floor":1,"key":"SteroidPotion"},{"floor":3,"key":"Strength Potion"},{"floor":6,"key":"LifebloodPotion"},{"floor":14,"key":"ColorlessPotion"},{"floor":24,"key":"Block Potion"}],"is_trial":false,"path_per_floor":["M","?","M","M","?","E","M","E","T","M","M","R","E","M","R","B",null,"M","?","T","?","?","R","M","R","T","$","M"],"character_chosen":"NECROMANCER","items_purchased":["reliquary:Stiletto","reliquary:Firecrackers"],"campfire_rested":3,"item_purchase_floors":[27,27],"current_hp_per_floor":[75,75,75,75,75,57,61,61,61,62,56,56,34,14,36,29,40,14,14,14,8,8,20,7,19,19,19,0,0],"gold":35,"neow_bonus":"REMOVE_CARD","is_daily":false,"chose_seed":false,"campfire_upgraded":1,"win_rate":0.0,"timestamp":1613576068,"path_taken":["M","?","M","M","?","E","M","E","T","M","?","R","E","M","R","BOSS","M","?","?","?","?","R","M","R","T","?","M"],"items_purchased_type":["Relic","Relic"],"build_version":"2020-12-22","purchased_purges":0,"victory":false,"max_hp_per_floor":[75,75,75,75,75,75,75,75,75,75,75,75,75,75,75,75,40,40,40,40,40,40,40,40,40,40,40,40,40],"card_choices":[{"not_picked":["Blood_Curse","Shackles_Of_Pain"],"picked":"Slay_Living","floor":1},{"not_picked":["Epidemic","Blood_Whip"],"picked":"Blood_Curse","floor":3},{"not_picked":["Scare","Finger_Of_Death"],"picked":"Plague_Bolt","floor":4},{"not_picked":["Death_Knell","Bone_Armory"],"picked":"Bone_Spikes","floor":6},{"not_picked":["Whirlwind_of_Bones","Blood_Shield"],"picked":"Thousand_Bone_Knives","floor":7},{"not_picked":["Negative_Energy_Mist","Blood_Shield"],"picked":"Bone_Shift","floor":8},{"not_picked":["Blood_Whip","Chill_Blood"],"picked":"Toxic_Smoke_Screen","floor":10},{"not_picked":["Corrupt","Negative_Energy_Mist"],"picked":"Consume_Illness","floor":11},{"not_picked":["Summon_Death_Knight","Blood_Magic"],"picked":"Cloudkill","floor":13},{"not_picked":["Strike_from_Beyond","Skeleton_Dragon","Death_Coil"],"picked":"SKIP","floor":13},{"not_picked":["Plague_Bolt","Blood_Whip"],"picked":"Negative_Energy_Javelin","floor":14},{"not_picked":["Skeleton_Dragon","Hellfire"],"picked":"Detonate_Bones","floor":16},{"not_picked":["Bones_to_Steel","Strike_from_Beyond"],"picked":"Negative_Energy_Javelin","floor":18},{"not_picked":["Negative_Energy_Sphere","Plague_Bolt"],"picked":"Death_March_Dance","floor":24}],"player_experience":465366,"relics_obtained":[{"floor":6,"key":"TungstenRod"},{"floor":8,"key":"Replay:Multitool"},{"floor":9,"key":"conspire:Flyswatter"},{"floor":13,"key":"conspire:GiftBox"},{"floor":20,"key":"trackpad:ToughGloves"},{"floor":26,"key":"conspire:BottledYoYo"}],"event_choices":[{"damage_healed":0,"gold_gain":0,"player_choice":"Grow","damage_taken":0,"max_hp_gain":0,"max_hp_loss":0,"event_name":"Living Wall","floor":2,"gold_loss":0,"cards_upgraded":["Slay_Living"]},{"damage_healed":0,"gold_gain":0,"player_choice":"Bought 0 Potions","damage_taken":0,"max_hp_gain":0,"max_hp_loss":0,"event_name":"The Woman in Blue","floor":5,"gold_loss":0},{"damage_healed":0,"gold_gain":0,"player_choice":"Trade","damage_taken":0,"relics_obtained":["CultistMask"],"max_hp_gain":0,"max_hp_loss":0,"event_name":"FaceTrader","floor":19,"gold_loss":0},{"damage_healed":0,"gold_gain":0,"player_choice":"","damage_taken":6,"max_hp_gain":0,"max_hp_loss":0,"event_name":"Knowing Skull","floor":21,"potions_obtained":[],"gold_loss":0,"cards_obtained":[]},{"damage_healed":0,"gold_gain":0,"cards_transformed":["Consume_Illness"],"player_choice":"Transformed","damage_taken":0,"max_hp_gain":0,"max_hp_loss":0,"event_name":"Transmorgrifier","floor":22,"gold_loss":0,"cards_obtained":["Blood_Magic"]}],"is_beta":false,"boss_relics":[{"not_picked":["Replay:Drink Me","aspiration:SilentSkillbook"],"picked":"halation:Prosthetics"}],"items_purged_floors":[],"is_endless":false,"potions_floor_spawned":[1,3,6,7,14,24],"killed_by":"Snecko","ascension_level":0}}