{"host":"iodx9wtiy6cq33np","time":1613536732,"event":{"mods":["2.2 Compatiblity","Act Like it!","BaseMod","Colored Map","DeckTracker","Keyboard Shortcuts","Minty Spire (QoL Compilation)","Permanent Neow","Quick Restart","Rare Cards Sparkle","StSLib","SuperFastMode","The Dragon Tamer"],"gold_per_floor":[217,217,217,233,233,233,245,261,330,344,357,429,429,442,442,537,537,521,721,735,218,218,218,249,261,261,281,281,297,297,309,309,406,406,418,64,81,91,101,101,101,101],"floor_reached":40,"language":"KOR","playtime":1426,"items_purged":["DTMod:Strike","DTMod:TargetDefense"],"score":424,"play_id":"7f33bf0b-407b-4296-a6a6-b38219b89901","local_time":"20210217133852","is_ascension_mode":true,"metric_token":863,"campfire_choices":[{"data":"DTMod:CleansingStrike","floor":6.0,"key":"SMITH"},{"data":"DTMod:DarkBreath","floor":13.0,"key":"SMITH"},{"data":"DTMod:SwitchingTactic","floor":15.0,"key":"SMITH"},{"data":"DTMod:RunningTactic","floor":23.0,"key":"SMITH"},{"floor":28.0,"key":"REST"},{"floor":30.0,"key":"REST"},{"floor":32.0,"key":"REST"}],"dtmod_dragon_data":[1,50,1,1,8,8],"circlet_count":0,"master_deck":["DTMod:DoubleHit","DTMod:TargetDefense+1","DTMod:TargetDefense","DTMod:TargetDefense+1","DTMod:SwitchingTactic+1","DTMod:CleansingStrike+1","DTMod:DarkBreath+1","DTMod:Coolant","DTMod:TauntingStrike","DTMod:RunningTactic+1","DTMod:ShieldDrain","DTMod:MagicField","DTMod:Dissolve","DTMod:LastStand","DTMod:CleansingStrike","DTMod:BlazingStrike","DTMod:BlazingStrike","DTMod:SealedStrike","DTMod:BurningForce","DTMod:Dissolve"],"relics":["DTMod:PactStone","War Paint","Gremlin Horn","Black Star","Blue Candle","Regal Pillow","Akabeko","Potion Belt","Vajra","Empty Cage","Matryoshka"],"acts_visited":["Exordium","TheCity","TheBeyond"],"potions_floor_usage":[33,33],"damage_taken":[{"damage":0.0,"enemies":"Jaw Worm","floor":1.0,"turns":4.0},{"damage":0.0,"enemies":"2 Louse","floor":4.0,"turns":2.0},{"damage":0.0,"enemies":"Small Slimes","floor":7.0,"turns":3.0},{"damage":0.0,"enemies":"2 Fungi Beasts","floor":8.0,"turns":4.0},{"damage":0.0,"enemies":"Lots of Slimes","floor":10.0,"turns":1.0},{"damage":0.0,"enemies":"3 Louse","floor":11.0,"turns":4.0},{"damage":0.0,"enemies":"Exordium Wildlife","floor":14.0,"turns":3.0},{"damage":26.0,"enemies":"The Guardian","floor":16.0,"turns":8.0},{"damage":15.0,"enemies":"2 Thieves","floor":18.0,"turns":4.0},{"damage":0.0,"enemies":"3 Byrds","floor":20.0,"turns":6.0},{"damage":21.0,"enemies":"Slavers","floor":24.0,"turns":9.0},{"damage":0.0,"enemies":"Snecko","floor":25.0,"turns":5.0},{"damage":3.0,"enemies":"Chosen and Byrds","floor":27.0,"turns":7.0},{"damage":4.0,"enemies":"Centurion and Healer","floor":29.0,"turns":6.0},{"damage":28.0,"enemies":"Snake Plant","floor":31.0,"turns":4.0},{"damage":35,"enemies":"Collector","floor":33,"turns":13},{"damage":0,"enemies":"Orb Walker","floor":35,"turns":2},{"damage":0,"enemies":"3 Shapes","floor":37,"turns":4},{"damage":0,"enemies":"Spire Growth","floor":38,"turns":4},{"damage":26,"enemies":"4 Shapes","floor":39,"turns":6},{"damage":0,"enemies":"Nemesis","floor":40,"turns":2}],"seed_played":"3215238563560806850","potions_obtained":[{"floor":1.0,"key":"Explosive Potion"},{"floor":4.0,"key":"Ancient Potion"},{"floor":7.0,"key":"BlessingOfTheForge"},{"floor":14.0,"key":"PowerPotion"},{"floor":24.0,"key":"Explosive Potion"},{"floor":27.0,"key":"SpeedPotion"},{"floor":31.0,"key":"DuplicationPotion"},{"floor":33,"key":"Fire Potion"},{"floor":37,"key":"SteroidPotion"},{"floor":39,"key":"BlessingOfTheForge"}],"is_trial":false,"path_per_floor":["M","?","?","M","?","R","M","M","T","M","M","?","R","M","R","B",null,"M","?","M","$","?","R","E","M","T","M","R","M","R","M","R","B",null,"M","$","M","M","M","E"],"character_chosen":"THE_DT","items_purchased":["DTMod:Dissolve","Blue Candle","Regal Pillow","Matryoshka"],"campfire_rested":3,"item_purchase_floors":[21,21,21,36],"current_hp_per_floor":[45,45,27,27,32,32,32,32,32,32,32,32,32,32,32,6,50,35,35,35,35,29,29,8,8,8,5,35,31,50,22,50,15,50,50,50,50,50,24,24,24,24],"gold":101,"neow_bonus":"HUNDRED_GOLD","is_daily":false,"chose_seed":false,"campfire_upgraded":4,"win_rate":0.0,"timestamp":1613536732,"path_taken":["M","?","?","M","?","R","?","M","T","M","M","?","R","M","R","BOSS","M","?","?","$","?","R","E","M","T","M","R","M","R","M","R","BOSS","M","$","?","M","M","E"],"items_purchased_type":["Card","Relic","Relic","Relic"],"build_version":"2020-12-22","purchased_purges":2,"victory":false,"max_hp_per_floor":[45,45,45,45,50,50,50,50,50,50,50,50,50,50,50,50,50,50,50,50,50,50,50,50,50,50,50,50,50,50,50,50,50,50,50,50,50,50,50,50,50,50],"card_choices":[{"not_picked":["DTMod:Conduct","DTMod:Feint"],"picked":"DTMod:CleansingStrike","floor":1.0},{"not_picked":["DTMod:Feint","DTMod:MasterPlan","DTMod:MaximumCharge"],"picked":"SKIP","floor":4.0},{"not_picked":["DTMod:Dissolve","DTMod:MasterPlan"],"picked":"DTMod:DarkBreath","floor":7.0},{"not_picked":["DTMod:Training","DTMod:BizarreTactic"],"picked":"DTMod:Coolant","floor":8.0},{"not_picked":["DTMod:BreakAttack","DTMod:BurningForce"],"picked":"DTMod:TauntingStrike","floor":10.0},{"not_picked":["DTMod:Harmonize","DTMod:Hide"],"picked":"DTMod:RunningTactic","floor":11.0},{"not_picked":["DTMod:GhostSkin","DTMod:Cover"],"picked":"DTMod:ShieldDrain","floor":14.0},{"not_picked":["DTMod:Cover+1","DTMod:RecklessFlurry+1","DTMod:Training"],"picked":"SKIP","floor":18.0},{"not_picked":["DTMod:Threaten","DTMod:BreakAttack"],"picked":"DTMod:MagicField","floor":20.0},{"not_picked":["DTMod:QuickFly","DTMod:WarmUp"],"picked":"DTMod:LastStand","floor":24.0},{"not_picked":["DTMod:BreakAttack+1","DTMod:CleansingStrike","DTMod:Weaken"],"picked":"SKIP","floor":25.0},{"not_picked":["DTMod:BreakAttack+1","DTMod:CleansingStrike","DTMod:Weaken"],"picked":"SKIP","floor":25.0},{"not_picked":["DTMod:BreakAttack+1","DTMod:Weaken"],"picked":"DTMod:CleansingStrike","floor":25.0},{"not_picked":["DTMod:DragonDance","DTMod:MagicField"],"picked":"DTMod:BlazingStrike","floor":27.0},{"not_picked":["DTMod:Adaptation","DTMod:SneakAttack"],"picked":"DTMod:BlazingStrike","floor":29.0},{"not_picked":["DTMod:Weaken","DTMod:Haste+1","DTMod:CleansingStrike+1"],"picked":"SKIP","floor":31.0},{"not_picked":["DTMod:LightShield","DTMod:ResonanceForm"],"picked":"DTMod:SealedStrike","floor":33},{"not_picked":["DTMod:TagTeam+1","DTMod:MasterPlan","DTMod:RecklessFlurry+1"],"picked":"SKIP","floor":35},{"not_picked":["DTMod:Conduct","DTMod:Coolant","DTMod:Threaten"],"picked":"SKIP","floor":37},{"not_picked":["DTMod:BalancedStrike","DTMod:BlazingStrike"],"picked":"DTMod:BurningForce","floor":38},{"not_picked":["DTMod:Training+1","DTMod:StarRain"],"picked":"DTMod:Dissolve","floor":39}],"player_experience":928891,"relics_obtained":[{"floor":9.0,"key":"Gremlin Horn"},{"floor":24.0,"key":"Akabeko"},{"floor":24.0,"key":"Potion Belt"},{"floor":26.0,"key":"Vajra"}],"event_choices":[{"cards_removed":["DTMod:Strike"],"damage_healed":0.0,"max_hp_gain":0.0,"max_hp_loss":0.0,"gold_gain":0.0,"event_name":"Living Wall","player_choice":"Forget","floor":2.0,"gold_loss":0.0,"damage_taken":0.0},{"damage_healed":0.0,"max_hp_gain":0.0,"max_hp_loss":0.0,"gold_gain":0.0,"event_name":"Scrap Ooze","player_choice":"Success","floor":3.0,"gold_loss":0.0,"damage_taken":18.0,"relics_obtained":["War Paint"]},{"damage_healed":0.0,"max_hp_gain":5.0,"max_hp_loss":0.0,"gold_gain":0.0,"event_name":"Big Fish","player_choice":"Donut","floor":5.0,"gold_loss":0.0,"damage_taken":0.0},{"damage_healed":0.0,"max_hp_gain":0.0,"max_hp_loss":0.0,"gold_gain":72.0,"event_name":"Golden Wing","player_choice":"Gained Gold","floor":12.0,"gold_loss":0.0,"damage_taken":0.0},{"damage_healed":0.0,"max_hp_gain":0.0,"max_hp_loss":0.0,"gold_gain":250.0,"event_name":"The Joust","player_choice":"Bet on Owner","floor":19.0,"gold_loss":50.0,"damage_taken":0.0},{"damage_healed":0.0,"max_hp_gain":0.0,"max_hp_loss":0.0,"gold_gain":0.0,"event_name":"Knowing Skull","player_choice":"","floor":22.0,"potions_obtained":[],"gold_loss":0.0,"damage_taken":6.0,"cards_obtained":[]}],"is_beta":false,"boss_relics":[{"not_picked":["Tiny House","Philosopher\u0027s Stone"],"picked":"Black Star"},{"not_picked":["Cursed Key","Fusion Hammer"],"picked":"Empty Cage"}],"items_purged_floors":[21,36],"is_endless":false,"potions_floor_spawned":[1,4,7,8,14,24,27,31,33,37,39],"killed_by":"Nemesis","ascension_level":1}}