{"host":"n43wxkei7kulhi8o","time":1613536541,"event":{"mods":["BaseMod","Bestiary","Block Reminder","Colored Map","Colored Powertips","Curses Come First","Custom Start","Dark Map","Highlight Path","Minty Spire (QoL Compilation)","Relic Stats","StSLib"],"gold_per_floor":[111,129,54,64,78,78,108,108,132,150,150,179,196,212,212,316,316,330,240,240,315,335,38,38,57,106,117,17,40,40,57,57,156,156,169,20,20,20,66,66,116,116,116,116,135,135,169,189,189,189],"floor_reached":51,"language":"ENG","playtime":2580,"items_purged":["Decay","Strike_R"],"score":700,"play_id":"cfc47fa7-14f7-4eaa-b29b-a86e601f3ba3","local_time":"20210216233541","is_ascension_mode":false,"campfire_choices":[{"data":"Whirlwind","floor":6,"key":"SMITH"},{"data":"True Grit","floor":8,"key":"SMITH"},{"data":"Uppercut","floor":15,"key":"SMITH"},{"data":"Demon Form","floor":24,"key":"SMITH"},{"floor":30,"key":"REST"},{"data":"Heavy Blade","floor":32,"key":"SMITH"},{"data":"Armaments","floor":40,"key":"SMITH"},{"data":"Disarm","floor":42,"key":"SMITH"},{"data":"Pummel","floor":44,"key":"SMITH"},{"floor":49,"key":"REST"}],"circlet_count":0,"master_deck":["Strike_R","Strike_R","Strike_R","Defend_R+1","Defend_R","Defend_R+1","Defend_R","Bash","Whirlwind+1","Twin Strike","Cleave","Clash","True Grit+1","Uppercut+1","Disarm+1","Battle Trance","Rage+1","Demon Form+1","Blood for Blood","Sword Boomerang","Shrug It Off","Shrug It Off","Pummel+1","Heavy Blade+1","Warcry","Armaments+1","Dropkick+1","Doubt","Normality"],"relics":["Burning Blood","Ginger","Lantern","Toy Ornithopter","Juzu Bracelet","Odd Mushroom","Sozu","Pantograph","Vajra","Blood Vial","Cursed Key","War Paint","Blue Candle","Magic Flower","Pocketwatch","StrikeDummy","Torii"],"acts_visited":["Exordium","TheCity","TheBeyond"],"potions_floor_usage":[16,17,18],"damage_taken":[{"damage":8,"enemies":"Jaw Worm","floor":1,"turns":3},{"damage":11,"enemies":"Small Slimes","floor":2,"turns":3},{"damage":1,"enemies":"Cultist","floor":4,"turns":3},{"damage":14,"enemies":"Gremlin Gang","floor":5,"turns":3},{"damage":20,"enemies":"Gremlin Nob","floor":7,"turns":4},{"damage":4,"enemies":"Red Slaver","floor":10,"turns":2},{"damage":8,"enemies":"The Mushroom Lair","floor":12,"turns":2},{"damage":0,"enemies":"Blue Slaver","floor":13,"turns":2},{"damage":21,"enemies":"Exordium Thugs","floor":14,"turns":4},{"damage":42,"enemies":"Slime Boss","floor":16,"turns":8},{"damage":31,"enemies":"Spheric Guardian","floor":18,"turns":5},{"damage":15,"enemies":"Shell Parasite","floor":22,"turns":5},{"damage":15,"enemies":"Centurion and Healer","floor":25,"turns":5},{"damage":7,"enemies":"Cultist and Chosen","floor":27,"turns":6},{"damage":3,"enemies":"Snecko","floor":31,"turns":3},{"damage":81,"enemies":"Automaton","floor":33,"turns":9},{"damage":5,"enemies":"Orb Walker","floor":35,"turns":3},{"damage":24,"enemies":"2 Orb Walkers","floor":39,"turns":4},{"damage":22,"enemies":"Mind Bloom Boss Battle","floor":41,"turns":4},{"damage":12,"enemies":"3 Darklings","floor":45,"turns":5},{"damage":7,"enemies":"Giant Head","floor":47,"turns":6},{"damage":38,"enemies":"Spire Growth","floor":48,"turns":4},{"damage":61,"enemies":"Awakened One","floor":50,"turns":9}],"seed_played":"-6188819361559778153","potions_obtained":[{"floor":7,"key":"FearPotion"},{"floor":10,"key":"Weak Potion"},{"floor":14,"key":"ColorlessPotion"},{"floor":16,"key":"Fruit Juice"}],"is_trial":false,"path_per_floor":["M","M","$","M","M","R","E","R","T","M","?","?","M","M","R","B",null,"M","?","?","?","M","$","R","M","T","M","$","T","R","M","R","B",null,"M","$","?","$","?","R","?","R","T","R","M","?","E","M","R","B",null],"character_chosen":"IRONCLAD","items_purchased":["Pantograph","Shrug It Off","War Paint"],"campfire_rested":2,"item_purchase_floors":[23,23,36],"current_hp_per_floor":[78,73,73,78,70,70,56,56,56,58,58,56,62,47,47,16,85,65,65,65,57,48,48,48,39,39,38,38,38,63,68,68,10,85,85,85,85,85,67,67,72,72,72,72,72,72,77,51,76,33],"gold":189,"neow_bonus":"ONE_RARE_RELIC","is_daily":false,"chose_seed":false,"campfire_upgraded":8,"win_rate":0.0,"timestamp":1613536541,"path_taken":["M","M","$","M","M","R","E","R","T","M","?","?","M","M","R","BOSS","M","?","?","?","M","$","R","M","T","M","$","?","R","M","R","BOSS","M","$","?","?","?","R","?","R","T","R","M","?","E","M","R","BOSS"],"items_purchased_type":["Relic","Card","Relic"],"build_version":"2020-12-22","purchased_purges":2,"victory":true,"max_hp_per_floor":[80,80,80,80,80,80,80,80,80,80,80,80,80,80,80,80,85,85,85,85,85,85,85,85,85,85,85,85,85,85,85,85,85,85,85,85,85,85,85,85,85,85,85,85,85,85,85,85,85,85],"relic_stats":{"Torii":6,"counters":[23,102],"Blue Candle":[6],"Magic Flower":[20],"Juzu Bracelet":2,"Ginger":[10],"War Paint":["Defend_R","Rage"],"Cursed Key":1,"Burning Blood":152,"Sozu":5,"Blood Vial":19,"Pantograph":36,"obtain_stats":[{"Lantern":7,"Torii":47,"Blue Candle":37,"Vajra":26,"Magic Flower":39,"Juzu Bracelet":11,"Ginger":0,"Odd Mushroom":12,"War Paint":36,"Cursed Key":34,"Burning Blood":0,"Sozu":17,"Blood Vial":29,"Pantograph":23,"StrikeDummy":43,"Toy Ornithopter":9,"Pocketwatch":41},{"Lantern":5,"Torii":21,"Blue Candle":17,"Vajra":13,"Magic Flower":18,"Juzu Bracelet":6,"Ginger":0,"Odd Mushroom":7,"War Paint":17,"Cursed Key":16,"Burning Blood":0,"Sozu":10,"Blood Vial":14,"Pantograph":12,"StrikeDummy":19,"Toy Ornithopter":5,"Pocketwatch":19},{"Lantern":16,"Torii":89,"Blue Candle":70,"Vajra":49,"Magic Flower":74,"Juzu Bracelet":18,"Ginger":0,"Odd Mushroom":20,"War Paint":70,"Cursed Key":67,"Burning Blood":0,"Sozu":34,"Blood Vial":55,"Pantograph":44,"StrikeDummy":78,"Toy Ornithopter":16,"Pocketwatch":78}],"Toy Ornithopter":15,"Pocketwatch":[9]},"card_choices":[{"not_picked":["Pommel Strike","Heavy Blade"],"picked":"Whirlwind","floor":1},{"not_picked":["Warcry","Clothesline"],"picked":"Twin Strike","floor":2},{"not_picked":["Iron Wave","Entrench"],"picked":"Cleave","floor":4},{"not_picked":["Thunderclap","Wild Strike"],"picked":"Clash","floor":5},{"not_picked":["Cleave","Uppercut"],"picked":"True Grit","floor":7},{"not_picked":["Sever Soul","Rupture"],"picked":"Uppercut","floor":10},{"not_picked":["Anger","Power Through"],"picked":"Disarm","floor":12},{"not_picked":["Dark Embrace","Iron Wave"],"picked":"Battle Trance","floor":13},{"not_picked":["Bludgeon","Sentinel"],"picked":"Rage","floor":14},{"not_picked":["Impervious","Double Tap"],"picked":"Demon Form","floor":16},{"not_picked":["Rage","Shockwave"],"picked":"Blood for Blood","floor":18},{"not_picked":["Anger+1","Body Slam","Burning Pact"],"picked":"SKIP","floor":22},{"not_picked":["Dropkick","Pommel Strike+1"],"picked":"Shrug It Off","floor":25},{"not_picked":["True Grit","Feel No Pain"],"picked":"Pummel","floor":27},{"not_picked":["Shockwave","Flex"],"picked":"Heavy Blade","floor":31},{"not_picked":["Bloodletting","Perfected Strike"],"picked":"Warcry","floor":35},{"not_picked":["Clothesline+1","Thunderclap"],"picked":"Armaments","floor":39},{"not_picked":["Wild Strike","Infernal Blade"],"picked":"Dropkick+1","floor":41},{"not_picked":["Thunderclap+1","Clash","Armaments+1"],"picked":"SKIP","floor":45},{"not_picked":["Body Slam+1","Wild Strike+1","Intimidate"],"picked":"SKIP","floor":47},{"not_picked":["Sword Boomerang+1","Warcry","Body Slam"],"picked":"SKIP","floor":48}],"player_experience":700804,"relics_obtained":[{"floor":7,"key":"Lantern"},{"floor":9,"key":"Toy Ornithopter"},{"floor":12,"key":"Odd Mushroom"},{"floor":26,"key":"Vajra"},{"floor":29,"key":"Blood Vial"},{"floor":39,"key":"Magic Flower"},{"floor":41,"key":"Pocketwatch"},{"floor":43,"key":"StrikeDummy"},{"floor":47,"key":"Torii"}],"event_choices":[{"damage_healed":0,"gold_gain":0,"player_choice":"Box","damage_taken":0,"relics_obtained":["Juzu Bracelet"],"max_hp_gain":0,"max_hp_loss":0,"event_name":"Big Fish","floor":11,"gold_loss":0,"cards_obtained":["Regret"]},{"damage_healed":0,"gold_gain":0,"player_choice":"Fought Mushrooms","damage_taken":0,"max_hp_gain":0,"max_hp_loss":0,"event_name":"Mushrooms","floor":12,"gold_loss":0},{"cards_removed":["Regret"],"damage_healed":0,"gold_gain":0,"player_choice":"Upgrade and Remove","damage_taken":0,"max_hp_gain":0,"max_hp_loss":0,"event_name":"Designer","floor":19,"gold_loss":90,"cards_upgraded":["Defend_R"]},{"damage_healed":0,"gold_gain":0,"cards_transformed":["Strike_R"],"player_choice":"Transformed","damage_taken":0,"max_hp_gain":0,"max_hp_loss":0,"event_name":"Transmorgrifier","floor":20,"gold_loss":0,"cards_obtained":["Sword Boomerang"]},{"damage_healed":0,"gold_gain":75,"player_choice":"Touch","damage_taken":8,"max_hp_gain":0,"max_hp_loss":0,"event_name":"FaceTrader","floor":21,"gold_loss":0},{"damage_healed":0,"gold_gain":0,"player_choice":"Gave Potion","damage_taken":0,"relics_obtained":["Blue Candle"],"max_hp_gain":0,"max_hp_loss":0,"event_name":"WeMeetAgain","floor":37,"gold_loss":0},{"damage_healed":0,"gold_gain":0,"player_choice":"Fight","damage_taken":0,"max_hp_gain":0,"max_hp_loss":0,"event_name":"Mysterious Sphere","floor":39,"gold_loss":0},{"damage_healed":0,"gold_gain":0,"player_choice":"Fight","damage_taken":0,"max_hp_gain":0,"max_hp_loss":0,"event_name":"MindBloom","floor":41,"gold_loss":0},{"damage_healed":0,"gold_gain":0,"player_choice":"1 cards matched","damage_taken":0,"max_hp_gain":0,"max_hp_loss":0,"event_name":"Match and Keep!","floor":46,"gold_loss":0,"cards_obtained":["Normality"]}],"is_beta":false,"boss_relics":[{"not_picked":["Astrolabe","Busted Crown"],"picked":"Sozu"},{"not_picked":["Pandora\u0027s Box","Black Star"],"picked":"Cursed Key"}],"items_purged_floors":[3,28],"is_endless":false,"potions_floor_spawned":[7,10,14,16,18,22,39,41,45,47],"ascension_level":0}}