{"host":"cd7awanv0x2msn9z","time":1613572804,"event":{"mods":["BaseMod","Downfall","Minty Spire (QoL Compilation)","Replay The Spire","StSLib","SuperFastMode"],"gold_per_floor":[118,293,309,309,65,96,122,158,183,183,183],"floor_reached":10,"language":"ZHS","playtime":178,"items_purged":[],"score":104,"play_id":"3f54d01b-bfb3-4e10-a453-08387a7ee37b","local_time":"20210217224004","is_ascension_mode":true,"campfire_choices":[],"circlet_count":0,"master_deck":["Strike_G","Strike_G","Strike_G","Strike_G","Strike_G","Defend_G","Defend_G","Defend_G","Defend_G","Defend_G","Survivor","Neutralize","Crippling Poison","Doubt","Crippling Poison","Bane","Deadly Poison","Bane"],"relics":["Ring of the Snake","NeowsBlessing","Golden Idol","Paper Crane","Juzu Bracelet","Odd Mushroom","The Courier","Blue Doll"],"acts_visited":["Exordium"],"potions_floor_usage":[],"damage_taken":[{"damage":0.0,"enemies":"Small Slimes","floor":1.0,"turns":1.0},{"damage":0.0,"enemies":"2 Louse","floor":3.0,"turns":2.0},{"damage":0.0,"enemies":"Gremlin Nob","floor":6.0,"turns":1.0},{"damage":13,"enemies":"The Mushroom Lair","floor":7,"turns":4},{"damage":32,"enemies":"Lagavulin","floor":8,"turns":7},{"damage":0,"enemies":"Gremlin Nob","floor":10,"turns":2}],"seed_played":"-6733383197167178486","potions_obtained":[{"floor":3.0,"key":"Dexterity Potion"}],"is_trial":false,"path_per_floor":["M","?","M","?","$","E","?","E","T","E"],"character_chosen":"THE_SILENT","items_purchased":["Paper Crane"],"campfire_rested":0,"item_purchase_floors":[5],"current_hp_per_floor":[70,70,70,53,53,53,40,8,8,8,8],"gold":183,"neow_bonus":"THREE_ENEMY_KILL","is_daily":false,"chose_seed":false,"campfire_upgraded":0,"win_rate":0.0,"timestamp":1613572804,"path_taken":["M","?","M","?","$","E","?","E","T","E"],"items_purchased_type":["Relic"],"build_version":"2020-12-22","purchased_purges":0,"victory":false,"max_hp_per_floor":[70,70,70,70,70,70,70,70,70,70,70],"card_choices":[{"not_picked":["Outmaneuver","Underhanded Strike"],"picked":"Crippling Poison","floor":1.0},{"not_picked":["Hidden Blade","Masterful Stab"],"picked":"Crippling Poison","floor":3.0},{"not_picked":["Deflect","After Image"],"picked":"Bane","floor":6.0},{"not_picked":["Endless Agony","Sucker Punch"],"picked":"Deadly Poison","floor":7},{"not_picked":["Reflex","Hidden Blade"],"picked":"Bane","floor":8}],"player_experience":92388,"relics_obtained":[{"floor":6.0,"key":"Juzu Bracelet"},{"floor":7,"key":"Odd Mushroom"},{"floor":8,"key":"The Courier"},{"floor":9,"key":"Blue Doll"}],"event_choices":[{"damage_healed":0.0,"max_hp_gain":0.0,"max_hp_loss":0.0,"gold_gain":175.0,"event_name":"Liars Game","player_choice":"AGREE","floor":2.0,"gold_loss":0.0,"damage_taken":0.0,"cards_obtained":["Doubt"]},{"damage_healed":0.0,"max_hp_gain":0.0,"max_hp_loss":0.0,"gold_gain":0.0,"event_name":"Golden Idol","player_choice":"Take Damage","floor":4.0,"gold_loss":0.0,"damage_taken":17.0,"relics_obtained":["Golden Idol"]},{"damage_healed":0,"gold_gain":0,"player_choice":"Fought Mushrooms","damage_taken":0,"max_hp_gain":0,"max_hp_loss":0,"event_name":"Mushrooms","floor":7,"gold_loss":0}],"is_beta":false,"boss_relics":[],"items_purged_floors":[],"is_endless":false,"potions_floor_spawned":[3],"killed_by":"Gremlin Nob","ascension_level":1}}