{"host":"uxjsgyia3bdyayt0","time":1613565208,"event":{"mods":["AchievementEnabler","Act Like it!","BaseMod","Downfall","Elementarium","Gensokyo","Hallownest","KinomotoSakuraMod(木之本?)","Koishi","Lobotomy","Marisa（霧雨　魔理沙）","Menagerie","Minty Spire (QoL Compilation)","Pale of the Ancients","Prisma Mod","Reimu（博??梦）","Remilia（蕾米莉?）","Replay The Spire","Ruina","StSLib","The Bug Knight","The Jungle","The Senshi","The Servant 0.9.4","Yakumo Yukari mod","Yuyuko"],"gold_per_floor":[118,118,138,138,157,157,231,244,244,262,312,312,331,343,343,438,438,424,424,524,534,551,551,568,583,583,583,15,30,30,46,46,149,149,165,165,165],"floor_reached":36,"language":"ENG","playtime":2942,"items_purged":[],"score":560,"play_id":"cc207f65-2e02-414f-a4e3-386b4e12cdc3","local_time":"20210217123328","is_ascension_mode":false,"campfire_choices":[{"floor":6,"key":"REST"},{"floor":12,"key":"REST"},{"data":"PrismaMod:IllyaSaphire","floor":15,"key":"SMITH"},{"data":"PrismaMod:IllyaBride","floor":23,"key":"SMITH"},{"data":"PrismaMod:IllyaUberPoisonChannel","floor":30,"key":"SMITH"},{"floor":32,"key":"REST"}],"circlet_count":0,"master_deck":["PrismaMod:IllyaCommonDefend","PrismaMod:IllyaCommonDefend","PrismaMod:IllyaCommonDefend","PrismaMod:IllyaUncommonAttack","PrismaMod:IllyaUncommonDefend","PrismaMod:IllyaUncommonEvoke","PrismaMod:IllyaInstallAssassin","PrismaMod:IllyaMinorReinForce","PrismaMod:IllyaBride+1","PrismaMod:IllyaBerserCAR","PrismaMod:IllyaMinorRapidFire","PrismaMod:IllyaStunPoison","Amnesia","PrismaMod:IllyaSaphire+1","PrismaMod:IllyaHassanGift","CommonCold","PrismaMod:IllyaUberPoisonChannel+1","PrismaMod:IllyaRubysPotion","Bite","Bite","Bite","Bite","Bite","PrismaMod:IllyaGrailKun+1","PrismaMod:IllyaRubysPotion+1","PrismaMod:IllyaMinorZwei","PrismaMod:IllyaGun","Madness","PrismaMod:IllyaFriendMaker","PrismaMod:IllyaFriendMaker","PrismaMod:IllyaUncommonDefend+1","PrismaMod:IllyaReinForce","PrismaMod:IllyaRussianRoulette+1","PrismaMod:IllyaSaphire+1","Gluttony_TH","PrismaMod:IllyaUberAttackChannel","PrismaMod:IllyaPoisonBomb"],"relics":["PrismaMod:PrismaRuby","Hallownest:DreamNailRelic","Mirror","Replay:Rubber Ducky","Ring of Greed","Ring of Misfortune","MealTicket","Blue Doll","ChewingGum","Dream Catcher","Gremlin Horn","Pet Ghost"],"acts_visited":["Hallownest:Greenpath","TheCity","Hallownest:KingdomsEdge"],"potions_floor_usage":[14,16,24,29,29,33,33,35],"damage_taken":[{"damage":0,"enemies":"Hallownest:monsterHuskGuard","floor":1,"turns":4},{"damage":0,"enemies":"2_ Uuma","floor":3,"turns":5},{"damage":6,"enemies":"Hallownest:2_MossCreeps","floor":5,"turns":5},{"damage":11,"enemies":"Hallownest:Guard_and_Warrior","floor":8,"turns":7},{"damage":17,"enemies":"Hallownest:1_Ooma_and_2_Uuma","floor":10,"turns":8},{"damage":5,"enemies":"Hallownest:Wandering_and_Horned","floor":13,"turns":5},{"damage":0,"enemies":"Hallownest:MossCreep_and_Mosskin","floor":14,"turns":7},{"damage":9,"enemies":"Hallownest:BossFalseKnight","floor":16,"turns":6},{"damage":11,"enemies":"2 Thieves","floor":18,"turns":4},{"damage":0,"enemies":"Shell Parasite","floor":21,"turns":5},{"damage":0,"enemies":"Snecko","floor":22,"turns":6},{"damage":24,"enemies":"Centurion and Healer","floor":24,"turns":10},{"damage":21,"enemies":"Snake Plant","floor":25,"turns":4},{"damage":0,"enemies":"3 Cultists","floor":29,"turns":5},{"damage":7,"enemies":"Sentry and Sphere","floor":31,"turns":4},{"damage":71,"enemies":"Pondfish","floor":33,"turns":11},{"damage":31,"enemies":"Hallownest:Shield_Heavy","floor":35,"turns":7},{"damage":61,"enemies":"Hallownest:2_Littles","floor":36,"turns":2}],"seed_played":"-5681960182452342982","potions_obtained":[{"floor":1,"key":"Languid Potion"},{"floor":3,"key":"ZuzhouPotion:ReiMu"},{"floor":8,"key":"Regen Potion"},{"floor":14,"key":"Fruit Juice"},{"floor":16,"key":"LiquidBronze"},{"floor":21,"key":"AttackPotion"},{"floor":24,"key":"sneckomod:MuddlingPotion"},{"floor":29,"key":"BlessingOfTheForge"},{"floor":33,"key":"ColorlessPotion"}],"is_trial":false,"path_per_floor":["M","?","M","?","M","R","T","M","T","M","?","R","M","M","R","B",null,"M","?","?","M","M","R","M","M","T","?","$","M","R","M","R","B",null,"M","M"],"character_chosen":"ILLYA","items_purchased":["Madness","PrismaMod:IllyaFriendMaker","PrismaMod:IllyaUncommonDefend+1","Gremlin Horn","Pet Ghost"],"campfire_rested":3,"item_purchase_floors":[28,28,28,28,28],"current_hp_per_floor":[54,45,45,45,39,61,61,50,50,33,33,55,50,55,55,46,80,69,56,56,56,56,56,49,38,38,38,53,53,53,49,56,9,56,36,0,0],"gold":165,"neow_bonus":"TRANSFORM_TWO_CARDS","is_daily":false,"chose_seed":false,"campfire_upgraded":3,"win_rate":0.0,"timestamp":1613565208,"path_taken":["M","?","M","?","?","R","?","M","T","M","?","R","M","M","R","BOSS","M","?","?","?","M","R","M","M","T","?","$","?","R","M","R","BOSS","M","M"],"items_purchased_type":["Card","Card","Card","Relic","Relic"],"build_version":"2020-12-22","purchased_purges":0,"victory":false,"max_hp_per_floor":[75,75,75,75,75,75,75,75,75,75,75,75,75,80,80,80,80,80,56,56,56,56,56,56,56,56,56,56,56,56,56,56,56,56,56,56,56],"card_choices":[{"not_picked":["PrismaMod:IllyaAssassinRevenge","PrismaMod:IllyaPartialInstallAssassin"],"picked":"PrismaMod:IllyaMinorReinForce","floor":1},{"not_picked":["PrismaMod:IllyaEvokeAll","PrismaMod:IllyaCommandSeal"],"picked":"PrismaMod:IllyaBride","floor":3},{"not_picked":["PrismaMod:IllyaBride","PrismaMod:IllyaGrailKun"],"picked":"PrismaMod:IllyaBerserCAR","floor":5},{"not_picked":["PrismaMod:IllyaUberPoisonChannel","PrismaMod:IllyaRubysPotion"],"picked":"PrismaMod:IllyaMinorRapidFire","floor":8},{"not_picked":["PrismaMod:IllyaPartialInstallAssassin","PrismaMod:IllyaTestament"],"picked":"PrismaMod:IllyaStunPoison","floor":10},{"not_picked":["PrismaMod:IllyaPoisonTippedWeapons","PrismaMod:IllyaUncommonAOEAttack"],"picked":"PrismaMod:IllyaSaphire","floor":13},{"not_picked":["PrismaMod:IllyaCarnivalPrismaAstolfo","PrismaMod:IllyaBerserCAR"],"picked":"PrismaMod:IllyaHassanGift","floor":14},{"not_picked":["PrismaMod:IllyaInstallSaber","PrismaMod:IllyaInstallRider"],"picked":"PrismaMod:IllyaUberPoisonChannel","floor":16},{"not_picked":["PrismaMod:IllyaPoisoningPhantasm","PrismaMod:IllyaTestament"],"picked":"PrismaMod:IllyaRubysPotion","floor":18},{"not_picked":["PrismaMod:IllyaFeed","PrismaMod:IllyaMaid"],"picked":"PrismaMod:IllyaGrailKun+1","floor":21},{"not_picked":["PrismaMod:IllyaAssassinRevenge","PrismaMod:IllyaUncommonDefend+1"],"picked":"PrismaMod:IllyaRubysPotion+1","floor":22},{"not_picked":["PrismaMod:IllyaHassanGift","PrismaMod:IllyaUncommonAOEAttack"],"picked":"PrismaMod:IllyaMinorZwei","floor":24},{"not_picked":["PrismaMod:IllyaCommonEvoke","PrismaMod:IllyaCheapChannelAttack"],"picked":"PrismaMod:IllyaGun","floor":25},{"not_picked":["PrismaMod:IllyaGrailKun","PrismaMod:IllyaHassanGift"],"picked":"PrismaMod:IllyaReinForce","floor":29},{"not_picked":["PrismaMod:IllyaMinorRapidFire+1","PrismaMod:IllyaAssassinRevenge"],"picked":"PrismaMod:IllyaRussianRoulette+1","floor":31},{"not_picked":["PrismaMod:IllyaInstallArcher","PrismaMod:IllyaUncommonAOEAttack"],"picked":"PrismaMod:IllyaSaphire+1","floor":32},{"not_picked":["PrismaMod:IllyaCarnivalPrismaAstolfo","PrismaMod:IllyaZwei"],"picked":"PrismaMod:IllyaUberAttackChannel","floor":33},{"not_picked":["PrismaMod:IllyaUpgradeOrbs","PrismaMod:IllyaMinorRapidFire+1"],"picked":"PrismaMod:IllyaPoisonBomb","floor":35}],"player_experience":37641,"relics_obtained":[{"floor":7,"key":"Mirror"},{"floor":9,"key":"Replay:Rubber Ducky"},{"floor":11,"key":"Ring of Greed"},{"floor":11,"key":"Ring of Misfortune"},{"floor":11,"key":"MealTicket"},{"floor":11,"key":"Blue Doll"},{"floor":26,"key":"Dream Catcher"}],"event_choices":[{"damage_healed":0,"gold_gain":0,"player_choice":"Became a vampire","damage_taken":0,"max_hp_gain":0,"max_hp_loss":24,"event_name":"Vampires","floor":19,"gold_loss":0,"cards_obtained":["Bite","Bite","Bite","Bite","Bite"]},{"damage_healed":0,"gold_gain":100,"player_choice":"Pray","damage_taken":0,"max_hp_gain":0,"max_hp_loss":0,"event_name":"Golden Shrine","floor":20,"gold_loss":0},{"cards_removed":["Sloth_TH"],"damage_healed":0,"gold_gain":0,"player_choice":"Card Removal","damage_taken":0,"max_hp_gain":0,"max_hp_loss":0,"event_name":"Wheel of Change","floor":27,"gold_loss":0}],"is_beta":false,"boss_relics":[{"not_picked":["SacredBark","Philosopher\u0027s Stone"],"picked":"ChewingGum"},{"not_picked":["Busted Crown","Replay:Wanted Poster","Cursed Key"]}],"items_purged_floors":[],"is_endless":false,"potions_floor_spawned":[1,3,8,14,16,21,22,24,29,33],"killed_by":"Hallownest:2_Littles","ascension_level":0}}