{"host":"acw864156wjp8gcv","time":1613594686,"event":{"mods":["2.2 Compatiblity","AchievementEnabler","Ascension Reborn","Aspiration","BaseMod","Beaked The Cultist","Better Altar","Better Match","Better Note","Better Sensory Stone","Better Silent Start","Better Skull","Better Third Choice","Better Vampires","BetterRewards","Challenge The Spire","Colored Map","Colored Powertips","Conspire","Curses Come First","Downfall","Energized Spire","GifTheSpireLib","Halation","Hubris","Infinite Spire","Ironclad Rager","Jedi Mod","Mimic Mod","Minty Spire (QoL Compilation)","Permanent Neow","Relic Sorter","Replay The Spire","Robot Space Explorer","Shop Mod","Spicy Shops","Spikes Relics","StSLib","Stuff the Spire","The Blue Laboratory","The Construct","The Jungle","The Marked","Wandering Minibosses","everything is the same but u backflip on backflip"],"gold_per_floor":[16,106,161,179,201,201,237,261,289,289,329,329,359,381,381,499,499,513,343,343,362,373,373,373,401,449,482,482,482,482,494,494,590,590,603,603,208,0,16,51,69,95,160,191,203,234,246,273,285,297],"floor_reached":51,"language":"ENG","playtime":1754,"items_purged":["Leap"],"score":1055,"play_id":"19f29532-66e0-4dad-b3dc-f8f8e7f583b2","local_time":"20210217144446","is_ascension_mode":true,"campfire_choices":[{"floor":6.0,"key":"REST"},{"data":"jedi:bruteforce","floor":12.0,"key":"SMITH"},{"data":"Ball Lightning","floor":23,"key":"SMITH"},{"data":"Gash","floor":29,"key":"SMITH"},{"data":"Cold Snap","floor":32,"key":"SMITH"},{"data":"jedi:bruteforce","floor":45,"key":"SMITH"},{"data":"Electrodynamics","floor":47,"key":"SMITH"},{"data":"Reboot","floor":49,"key":"SMITH"}],"circlet_count":0,"master_deck":["Zap+1","Dualcast+1","Ball Lightning","Cold Snap+1","Ball Lightning+1","Cold Snap","Leap","Gash+1","Gash+1","jedi:bruteforce+1","StuffTheSpire:Synthwave+1","Leap+1","Electrodynamics+1","Streamline","jedi:bruteforce+1","Reboot+1"],"relics":["Cracked Core","SnailShell","Potion Belt","Lantern","conspire:Flyswatter","Nunchaku","StuffTheSpire:Experiment12","Omamori","infinitespire:PuzzleCube","Sozu","StuffTheSpire:GrapeVine","aspiration:EnhancedActuators","wanderingMiniBosses:CarrionFlame","halation:BottledLove","jedi:arcanewood","halation:KoshaPiece","ReplayTheSpireMod:Ring of Collecting","ReplayTheSpireMod:Ring of Sloth","construct:ClawGrip","infinitespire:SolderingIron","aspiration:Nostalgia","m_GuardianBlood","Red Mask","hubris:Zylophone","MawBank","Ring of Hypnosis","jedi:crownofsimplicity"],"acts_visited":["Exordium","TheCity","TheBeyond"],"potions_floor_usage":[],"damage_taken":[{"damage":0.0,"enemies":"conspire:RoseBush","floor":1.0,"turns":1.0},{"damage":0.0,"enemies":"Small Slimes","floor":4.0,"turns":2.0},{"damage":0.0,"enemies":"2 Louse","floor":5.0,"turns":1.0},{"damage":0.0,"enemies":"Gremlin Nob","floor":7.0,"turns":3.0},{"damage":0.0,"enemies":"Looter","floor":8.0,"turns":1.0},{"damage":3.0,"enemies":"3 Sentries","floor":11.0,"turns":3.0},{"damage":0.0,"enemies":"Gremlin Gang","floor":14.0,"turns":2.0},{"damage":0.0,"enemies":"Slime Boss","floor":16.0,"turns":4.0},{"damage":0.0,"enemies":"Chosen","floor":18.0,"turns":2.0},{"damage":5.0,"enemies":"conspire:FuzzyDice","floor":21.0,"turns":2.0},{"damage":8,"enemies":"3 Cultists","floor":22,"turns":5},{"damage":0,"enemies":"Gremlin Leader","floor":25,"turns":2},{"damage":0,"enemies":"Book of Stabbing","floor":27,"turns":3},{"damage":0,"enemies":"Chosen and Byrds","floor":31,"turns":2},{"damage":0,"enemies":"conspire:MysteriousRune","floor":33,"turns":5},{"damage":0,"enemies":"Orb Walker","floor":35,"turns":2},{"damage":0,"enemies":"3 Shapes","floor":39,"turns":1},{"damage":0,"enemies":"Giant Head","floor":40,"turns":6},{"damage":0,"enemies":"Sphere and 2 Shapes","floor":41,"turns":1},{"damage":34,"enemies":"Nightmare","floor":42,"turns":5},{"damage":0,"enemies":"Maw","floor":44,"turns":4},{"damage":0,"enemies":"Jaw Worm Horde","floor":46,"turns":1},{"damage":0,"enemies":"4 Shapes","floor":48,"turns":1},{"damage":9,"enemies":"Donu and Deca","floor":50,"turns":3}],"seed_played":"-8808268573707938264","potions_obtained":[{"floor":1.0,"key":"blueLaboratory:HorrorPotion"},{"floor":1.0,"key":"bronze:BurnAndBuffPotion"},{"floor":3.0,"key":"jedi:coolantleak"},{"floor":4.0,"key":"blueLaboratory:PhilterOfMotion"},{"floor":5.0,"key":"SteroidPotion"},{"floor":11.0,"key":"jedi:coolantleak"},{"floor":11.0,"key":"EssenceOfDarkness"}],"is_trial":false,"path_per_floor":["M","?","?","M","M","R","E","M","T","?","E","R","T","M","R_BF","B",null,"M","$","?","M","M","R","?","E","T","E","AVR","R","?","M","R","B",null,"M","?","$","?","M","E","M","NM","T","M","R","M","R","M","R","B",null],"character_chosen":"DEFECT","items_purchased":["aspiration:EnhancedActuators","infinitespire:SolderingIron","Streamline","aspiration:Nostalgia"],"campfire_rested":1,"item_purchase_floors":[19,37,37,37],"current_hp_per_floor":[51,40,12,12,12,41,41,41,41,34,31,31,31,31,60,66,76,76,76,76,71,63,63,63,63,63,63,63,63,63,63,63,63,76,76,56,56,56,62,68,74,46,46,52,52,58,58,64,64,61],"gold":309,"neow_bonus":"DEFECT_STORMLORD","is_daily":false,"chose_seed":false,"campfire_upgraded":7,"win_rate":0.0,"timestamp":1613594686,"path_taken":["M","?","?","M","M","R","E","M","T","?","E","R","?","M","R_BF","BOSS","M","$","?","?","M","R","?","E","T","E","AVR","R","?","M","R","BOSS","M","?","$","?","M","E","M","NM","T","M","R","M","R","M","R","BOSS"],"items_purchased_type":["Relic","Relic","Card","Relic"],"build_version":"2020-12-22","purchased_purges":1,"victory":true,"max_hp_per_floor":[72,72,72,72,72,72,72,72,72,72,72,72,72,72,72,76,76,76,76,76,76,76,76,76,76,76,76,76,76,76,76,76,76,76,76,76,76,76,76,76,76,76,76,76,76,76,76,76,76,76],"card_choices":[{"not_picked":["jedi:BurstLightning","StuffTheSpire:Plugnplay","BasicCrystalCard+1"],"picked":"SKIP","floor":1.0},{"not_picked":["Compile Driver","Stack"],"picked":"Gash","floor":3.0},{"not_picked":["jedi:locknload","jedi:blockon+1"],"picked":"Gash","floor":4.0},{"not_picked":["Sweeping Beam","Sunder","Ball Lightning"],"picked":"SKIP","floor":5.0},{"not_picked":["StuffTheSpire:Coldhearted","ReplaySort"],"picked":"StuffTheSpire:NuclearReactor","floor":7.0},{"not_picked":["Capacitor","Storm"],"picked":"jedi:bruteforce","floor":7.0},{"not_picked":["StuffTheSpire:ShieldGenerator","Steam","Force Field"],"picked":"SKIP","floor":8.0},{"not_picked":["Conserve Battery","jedi:BurstLightning+1","Streamline"],"picked":"SKIP","floor":11.0},{"not_picked":["Barrage","Redo","Compile Driver"],"picked":"SKIP","floor":14.0},{"not_picked":["jedi:blockon","jedi:overflow"],"picked":"StuffTheSpire:Synthwave+1","floor":18.0},{"not_picked":["jedi:BurstFrost+1","Conserve Battery","BasicCrystalCard"],"picked":"SKIP","floor":21.0},{"not_picked":["StuffTheSpire:LoadUp","jedi:overflow"],"picked":"ReplayTheSpireMod:System Scan","floor":22},{"not_picked":["Stack+1","Leap+1","ReplayTheSpireMod:System Scan"],"picked":"SKIP","floor":25},{"not_picked":["Stack+1","ReplayTheSpireMod:System Scan"],"picked":"Leap+1","floor":25},{"not_picked":["Rebound","StuffTheSpire:Plugnplay","Steam"],"picked":"SKIP","floor":27},{"not_picked":["Streamline","Conserve Battery","StuffTheSpire:Plugnplay+1"],"picked":"SKIP","floor":31},{"not_picked":["Seek","Meteor Strike"],"picked":"Electrodynamics","floor":33},{"not_picked":["Rebound","jedi:spotbugs+1","StuffTheSpire:Coldhearted"],"picked":"SKIP","floor":35},{"not_picked":["Steam Power+1","Conserve Battery+1","StuffTheSpire:SnapShoot+1"],"picked":"SKIP","floor":39},{"not_picked":["Conserve Battery","FTL+1"],"picked":"jedi:bruteforce","floor":40},{"not_picked":["Go for the Eyes+1","StuffTheSpire:LoadUp","Melter"],"picked":"SKIP","floor":41},{"not_picked":["Guardian:WalkerClaw+1","Twin Strike","Go for the Eyes"],"picked":"SKIP","floor":42},{"not_picked":["Machine Learning","StuffTheSpire:LoadUp","Thunderclap"],"picked":"SKIP","floor":44},{"not_picked":["Steam+1","Ball Lightning+1"],"picked":"Reboot","floor":46},{"not_picked":["Stack+1","Go for the Eyes+1","StuffTheSpire:Plugnplay"],"picked":"SKIP","floor":48}],"player_experience":179782,"relics_obtained":[{"floor":3.0,"key":"Potion Belt"},{"floor":7.0,"key":"Lantern"},{"floor":9.0,"key":"conspire:Flyswatter"},{"floor":9.0,"key":"Nunchaku"},{"floor":11.0,"key":"Omamori"},{"floor":13.0,"key":"infinitespire:PuzzleCube"},{"floor":13.0,"key":"SnailShell"},{"floor":18.0,"key":"StuffTheSpire:GrapeVine"},{"floor":22,"key":"wanderingMiniBosses:CarrionFlame"},{"floor":25,"key":"halation:BottledLove"},{"floor":26,"key":"jedi:arcanewood"},{"floor":27,"key":"halation:KoshaPiece"},{"floor":30,"key":"ReplayTheSpireMod:Ring of Collecting"},{"floor":30,"key":"ReplayTheSpireMod:Ring of Sloth"},{"floor":40,"key":"hubris:Zylophone"},{"floor":42,"key":"MawBank"},{"floor":43,"key":"Ring of Hypnosis"},{"floor":43,"key":"jedi:crownofsimplicity"}],"event_choices":[{"damage_healed":0.0,"max_hp_gain":0.0,"max_hp_loss":0.0,"gold_gain":75.0,"event_name":"betterThird:BetterGoop","player_choice":"Gold","floor":2.0,"gold_loss":0.0,"damage_taken":11.0},{"damage_healed":0.0,"max_hp_gain":0.0,"max_hp_loss":0.0,"gold_gain":0.0,"event_name":"betterThird:BetterScrap","player_choice":"Relic ","floor":10.0,"gold_loss":0.0,"damage_taken":7.0,"cards_obtained":["hubris:CleavingFinish"]},{"cards_removed":["Leap"],"damage_healed":0.0,"max_hp_gain":0.0,"max_hp_loss":0.0,"gold_gain":0.0,"event_name":"Purifier","player_choice":"Purged","floor":20.0,"gold_loss":0.0,"damage_taken":0.0},{"damage_healed":0,"gold_gain":0,"player_choice":"Ignored","damage_taken":0,"max_hp_gain":0,"max_hp_loss":0,"event_name":"betterNote:BetterNote","floor":24,"gold_loss":0,"cards_obtained":["construct:SweepLaser"]},{"damage_healed":0,"gold_gain":0,"player_choice":"Paid","damage_taken":0,"relics_obtained":["Red Mask"],"max_hp_gain":0,"max_hp_loss":0,"event_name":"Tomb of Lord Red Mask","floor":38,"gold_loss":208}],"is_beta":false,"boss_relics":[{"not_picked":["jedi:hotpepper","halation:ForbiddenBikini"],"picked":"StuffTheSpire:ModemDavis"},{"not_picked":["hubris:ScarierMask","hubris:CrackedHourglass"],"picked":"construct:ClawGrip"}],"items_purged_floors":[19],"is_endless":false,"potions_floor_spawned":[1,7,11,18,22,31,35,40,46],"ascension_level":0}}