{"host":"wq0pzln9h9r005f2","time":1613594115,"event":{"mods":["AchievementEnabler","BaseMod","BetterRewards","Googly Eyes","Highlight Path","Minty Spire (QoL Compilation)","Permanent Neow","Quick Restart","Rare Cards Sparkle","Relic Stats","StSLib","SuperFastMode","The IronCluck","egg"],"gold_per_floor":[13,113,127,2,22,57,57,10,10,10,20,20,46,61,61,158,158,177,177,177,196,196,196,212,212,236,249,249,249,264,15,15,112,112,131,181,0,0,16,16,41,41,41,41,53,53,78,95,95,95],"floor_reached":51,"language":"ENG","playtime":1993,"items_purged":["Defend_P","Defend_P"],"score":783,"play_id":"dac3df65-bd25-426b-bebe-093ec8ebfc34","local_time":"20210217133515","is_ascension_mode":false,"campfire_choices":[{"data":"Apotheosis","floor":7,"key":"SMITH"},{"data":"Crescendo","floor":10,"key":"SMITH"},{"data":"Eruption","floor":12,"key":"SMITH"},{"floor":15,"key":"REST"},{"data":"Ragnarok","floor":23,"key":"SMITH"},{"data":"Vigilance","floor":28,"key":"SMITH"},{"data":"CarveReality","floor":32,"key":"SMITH"},{"data":"Ghostly","floor":40,"key":"SMITH"},{"data":"Ghostly","floor":42,"key":"SMITH"},{"data":"Ghostly","floor":44,"key":"SMITH"},{"data":"Ghostly","floor":49,"key":"SMITH"}],"circlet_count":0,"master_deck":["Strike_P","Strike_P","Strike_P","Strike_P","Defend_P","Defend_P","Eruption+1","Vigilance+1","Apotheosis+1","FlurryOfBlows","Crescendo+1","EmptyBody","Consecrate","FlurryOfBlows","Halt","Consecrate","CarveReality+1","Ragnarok+1","Ghostly+1","Ghostly+1","Ghostly+1","Ghostly+1","Ghostly","Judgement","FlurryOfBlows+1","Good Instincts"],"relics":["PureWater","Centennial Puzzle","Ornamental Fan","Blue Candle","Runic Pyramid","MutagenicStrength","Potion Belt","Regal Pillow","Bronze Scales","Philosopher\u0027s Stone","Torii","Red Mask","Boot","Meat on the Bone","Toy Ornithopter"],"acts_visited":["Exordium","TheCity","TheBeyond"],"potions_floor_usage":[13,33,33,33,50,50,50],"damage_taken":[{"damage":3,"enemies":"Small Slimes","floor":1,"turns":4},{"damage":6,"enemies":"Cultist","floor":3,"turns":3},{"damage":8,"enemies":"2 Louse","floor":5,"turns":2},{"damage":29,"enemies":"3 Sentries","floor":6,"turns":5},{"damage":0,"enemies":"Gremlin Gang","floor":11,"turns":3},{"damage":16,"enemies":"Lagavulin","floor":13,"turns":5},{"damage":0,"enemies":"Exordium Wildlife","floor":14,"turns":3},{"damage":18,"enemies":"Slime Boss","floor":16,"turns":5},{"damage":4,"enemies":"Shell Parasite","floor":18,"turns":2},{"damage":3,"enemies":"Chosen","floor":21,"turns":3},{"damage":2,"enemies":"3 Cultists","floor":24,"turns":4},{"damage":2,"enemies":"Shelled Parasite and Fungi","floor":27,"turns":3},{"damage":1,"enemies":"Snecko","floor":30,"turns":5},{"damage":0,"enemies":"Collector","floor":33,"turns":7},{"damage":7,"enemies":"3 Shapes","floor":35,"turns":3},{"damage":0,"enemies":"Mind Bloom Boss Battle","floor":36,"turns":3},{"damage":0,"enemies":"3 Darklings","floor":39,"turns":5},{"damage":0,"enemies":"Giant Head","floor":41,"turns":6},{"damage":2,"enemies":"Maw","floor":45,"turns":7},{"damage":7,"enemies":"Spire Growth","floor":48,"turns":6},{"damage":1,"enemies":"Awakened One","floor":50,"turns":11}],"seed_played":"429357229845425874","potions_obtained":[{"floor":3,"key":"SteroidPotion"},{"floor":5,"key":"GamblersBrew"},{"floor":16,"key":"Explosive Potion"},{"floor":24,"key":"Explosive Potion"},{"floor":27,"key":"Dexterity Potion"},{"floor":35,"key":"SteroidPotion"},{"floor":39,"key":"Strength Potion"}],"is_trial":false,"path_per_floor":["M","?","M","$","M","E","R","$","T","R","M","R","E","M","R","B",null,"M","?","?","M","$","R","M","?","T","M","R","?","M","$","R","B",null,"M","?","?","?","M","R","E","R","T","R","M","$","T","M","R","B",null],"character_chosen":"WATCHER","items_purchased":["EmptyBody","Halt","Bronze Scales"],"campfire_rested":1,"item_purchase_floors":[4,8,31],"current_hp_per_floor":[69,69,63,63,55,26,26,26,26,26,26,26,10,10,31,13,72,68,68,68,65,65,65,63,36,36,34,34,34,33,33,33,33,36,29,29,29,29,29,29,29,29,29,29,27,27,27,20,20,34],"gold":95,"neow_bonus":"RANDOM_COLORLESS_2","is_daily":false,"chose_seed":false,"campfire_upgraded":10,"win_rate":0.0,"timestamp":1613594115,"path_taken":["M","?","M","$","M","E","R","?","T","R","M","R","E","?","R","BOSS","M","?","?","?","$","R","M","?","T","M","R","?","M","$","R","BOSS","M","?","?","?","M","R","E","R","T","R","M","$","?","?","R","BOSS"],"items_purchased_type":["Card","Card","Relic"],"build_version":"2020-12-22","purchased_purges":2,"victory":true,"max_hp_per_floor":[72,72,72,72,72,72,72,72,72,72,72,72,72,72,72,72,72,72,72,72,72,72,72,72,36,36,36,36,36,36,36,36,36,36,36,36,36,36,36,36,36,36,36,36,36,36,36,36,36,36],"relic_stats":{"Centennial Puzzle":[33],"Regal Pillow":0,"Torii":2,"counters":[21,95],"Ornamental Fan":[196],"Blue Candle":[0],"Bronze Scales":[126],"Boot":[9],"obtain_stats":[{"Potion Belt":26,"Regal Pillow":29,"Torii":36,"Blue Candle":13,"Boot":41,"Centennial Puzzle":6,"Ornamental Fan":9,"MutagenicStrength":19,"Bronze Scales":31,"Philosopher\u0027s Stone":34,"Red Mask":37,"PureWater":0,"Toy Ornithopter":47,"Runic Pyramid":17,"Meat on the Bone":43},{"Potion Belt":11,"Regal Pillow":12,"Torii":16,"Blue Candle":6,"Boot":18,"Centennial Puzzle":4,"Ornamental Fan":4,"MutagenicStrength":9,"Bronze Scales":13,"Philosopher\u0027s Stone":14,"Red Mask":16,"PureWater":0,"Toy Ornithopter":19,"Runic Pyramid":8,"Meat on the Bone":18},{"Potion Belt":39,"Regal Pillow":42,"Torii":60,"Blue Candle":22,"Boot":71,"Centennial Puzzle":14,"Ornamental Fan":14,"MutagenicStrength":32,"Bronze Scales":47,"Philosopher\u0027s Stone":54,"Red Mask":60,"PureWater":0,"Toy Ornithopter":78,"Runic Pyramid":30,"Meat on the Bone":71}],"Toy Ornithopter":15,"Meat on the Bone":0},"card_choices":[{"not_picked":["Panache","Thinking Ahead"],"picked":"Apotheosis","floor":0},{"not_picked":["JustLucky","CrushJoints"],"picked":"FlurryOfBlows","floor":1},{"not_picked":["Nirvana","ThirdEye"],"picked":"Crescendo","floor":3},{"not_picked":["CutThroughFate","Conclude"],"picked":"Consecrate","floor":5},{"not_picked":["Evaluate","WheelKick"],"picked":"FlurryOfBlows","floor":6},{"not_picked":["BowlingBash","DevaForm"],"picked":"Consecrate","floor":11},{"not_picked":["Halt","Establishment"],"picked":"CarveReality","floor":13},{"not_picked":["BowlingBash","CrushJoints","Crescendo"],"picked":"SKIP","floor":14},{"not_picked":["Establishment","LessonLearned"],"picked":"Ragnarok","floor":16},{"not_picked":["CrushJoints","Tantrum","Weave"],"picked":"SKIP","floor":18},{"not_picked":["PathToVictory+1","WreathOfFlame","Crescendo"],"picked":"SKIP","floor":21},{"not_picked":["Vengeance","FollowUp+1","CutThroughFate+1"],"picked":"SKIP","floor":24},{"not_picked":["Consecrate","ClearTheMind","Halt"],"picked":"SKIP","floor":27},{"not_picked":["LikeWater+1","EmptyBody","Sanctity"],"picked":"SKIP","floor":30},{"not_picked":["Establishment","Brilliance"],"picked":"Judgement","floor":33},{"not_picked":["Evaluate","JustLucky+1"],"picked":"FlurryOfBlows+1","floor":35},{"not_picked":["Discovery","PanicButton"],"picked":"Good Instincts","floor":38},{"not_picked":["WaveOfTheHand","CutThroughFate","Protect+1"],"picked":"SKIP","floor":39},{"not_picked":["Study+1","FollowUp","Fasting2"],"picked":"SKIP","floor":41},{"not_picked":["EmptyBody","Vengeance+1","ReachHeaven+1"],"picked":"SKIP","floor":45},{"not_picked":["Weave+1","ThirdEye","SandsOfTime"],"picked":"SKIP","floor":48}],"player_experience":10154,"relics_obtained":[{"floor":6,"key":"Centennial Puzzle"},{"floor":9,"key":"Ornamental Fan"},{"floor":13,"key":"Blue Candle"},{"floor":26,"key":"Potion Belt"},{"floor":36,"key":"Torii"},{"floor":41,"key":"Boot"},{"floor":43,"key":"Meat on the Bone"},{"floor":47,"key":"Toy Ornithopter"}],"event_choices":[{"damage_healed":0,"gold_gain":100,"player_choice":"Pray","damage_taken":0,"max_hp_gain":0,"max_hp_loss":0,"event_name":"Golden Shrine","floor":2,"gold_loss":0},{"damage_healed":0,"gold_gain":0,"player_choice":"Inject Mutagens","damage_taken":0,"relics_obtained":["MutagenicStrength"],"max_hp_gain":0,"max_hp_loss":0,"event_name":"Drug Dealer","floor":19,"gold_loss":0},{"damage_healed":0,"gold_gain":0,"player_choice":"0 cards matched","damage_taken":0,"max_hp_gain":0,"max_hp_loss":0,"event_name":"Match and Keep!","floor":20,"gold_loss":0,"cards_obtained":[]},{"damage_healed":0,"gold_gain":0,"player_choice":"Became a Ghost","damage_taken":0,"max_hp_gain":0,"max_hp_loss":36,"event_name":"Ghosts","floor":25,"gold_loss":0,"cards_obtained":["Ghostly","Ghostly","Ghostly","Ghostly","Ghostly"]},{"damage_healed":0,"gold_gain":0,"player_choice":"Opened","damage_taken":0,"relics_obtained":["Regal Pillow"],"max_hp_gain":0,"max_hp_loss":0,"event_name":"The Mausoleum","floor":29,"gold_loss":0},{"damage_healed":0,"gold_gain":0,"player_choice":"Fight","damage_taken":0,"max_hp_gain":0,"max_hp_loss":0,"event_name":"MindBloom","floor":36,"gold_loss":0},{"damage_healed":0,"gold_gain":0,"player_choice":"Paid","damage_taken":0,"relics_obtained":["Red Mask"],"max_hp_gain":0,"max_hp_loss":0,"event_name":"Tomb of Lord Red Mask","floor":37,"gold_loss":181},{"damage_healed":0,"gold_gain":0,"player_choice":"Memory 1","damage_taken":0,"max_hp_gain":0,"max_hp_loss":0,"event_name":"SensoryStone","floor":38,"gold_loss":0}],"is_beta":false,"boss_relics":[{"not_picked":["Astrolabe","Cursed Key"],"picked":"Runic Pyramid"},{"not_picked":["Empty Cage","Fusion Hammer"],"picked":"Philosopher\u0027s Stone"}],"items_purged_floors":[4,31],"is_endless":false,"potions_floor_spawned":[3,5,16,24,27,35,39],"ascension_level":0}}