{"host":"o7j6aatxjwpw1421","time":1613583746,"event":{"mods":["2.2 Compatiblity","AchievementEnabler","BaseMod","Colored Map","DeckTracker","Highlight Path","Keyboard Shortcuts","Minty Spire (QoL Compilation)","Permanent Neow","Quick Restart","StSLib","SuperFastMode","everything is the same but u backflip on backflip"],"gold_per_floor":[113,113,38,3,14,14,33,33,58,78,96,122,22,22,22,123,123,136,11,11,0,17,17,48,48,97,112,112,112,129,149,149,149,149],"floor_reached":33,"language":"KOR","playtime":628,"items_purged":["Defend_P","Strike_P","Strike_P"],"score":255,"play_id":"29ed9733-3751-4309-9d6d-faf853568ccd","local_time":"20210218024226","is_ascension_mode":false,"campfire_choices":[{"data":"Eruption","floor":6.0,"key":"SMITH"},{"data":"Ragnarok","floor":8.0,"key":"SMITH"},{"data":"Blasphemy","floor":15.0,"key":"SMITH"},{"data":"Judgement","floor":23.0,"key":"SMITH"},{"floor":25.0,"key":"DIG"},{"floor":32,"key":"REST"}],"circlet_count":0,"master_deck":["Strike_P","Strike_P","Defend_P","Defend_P","Defend_P","Eruption+1","Vigilance","Ragnarok+1","EmptyMind","WheelKick","InnerPeace","CrushJoints","Blasphemy+1","Judgement+1","EmptyFist","Consecrate"],"relics":["PureWater","Centennial Puzzle","Odd Mushroom","Runic Pyramid","Shovel","Juzu Bracelet","Toy Ornithopter"],"acts_visited":["Exordium","TheCity"],"potions_floor_usage":[31,31],"damage_taken":[{"damage":1.0,"enemies":"Jaw Worm","floor":1.0,"turns":3.0},{"damage":0.0,"enemies":"2 Louse","floor":5.0,"turns":2.0},{"damage":0.0,"enemies":"Small Slimes","floor":7.0,"turns":2.0},{"damage":4.0,"enemies":"Blue Slaver","floor":10.0,"turns":2.0},{"damage":0.0,"enemies":"3 Louse","floor":11.0,"turns":2.0},{"damage":0.0,"enemies":"The Mushroom Lair","floor":12.0,"turns":1.0},{"damage":56.0,"enemies":"Hexaghost","floor":16.0,"turns":9.0},{"damage":20.0,"enemies":"2 Thieves","floor":18.0,"turns":2.0},{"damage":0.0,"enemies":"Spheric Guardian","floor":22.0,"turns":1.0},{"damage":4.0,"enemies":"Book of Stabbing","floor":24.0,"turns":3.0},{"damage":10.0,"enemies":"Cultist and Chosen","floor":27.0,"turns":2.0},{"damage":16.0,"enemies":"Snake Plant","floor":30.0,"turns":2.0},{"damage":0,"enemies":"Shelled Parasite and Fungi","floor":31,"turns":1},{"damage":62,"enemies":"Automaton","floor":33,"turns":6}],"seed_played":"-6201603886314317543","potions_obtained":[{"floor":5.0,"key":"SkillPotion"},{"floor":7.0,"key":"EntropicBrew"},{"floor":10.0,"key":"BottledMiracle"},{"floor":12.0,"key":"Ancient Potion"},{"floor":27.0,"key":"CultistPotion"},{"floor":30.0,"key":"Dexterity Potion"}],"is_trial":false,"path_per_floor":["M","?","$","?","M","R","M","R","T","M","M","?","$","?","R","B",null,"M","$","?","?","M","R","E","R","T","M","$","?","M","M","R","B"],"character_chosen":"WATCHER","items_purchased":[],"campfire_rested":1,"item_purchase_floors":[],"current_hp_per_floor":[50,55,55,74,74,74,74,74,74,70,70,70,70,70,70,14,77,57,57,57,57,57,57,53,53,53,43,43,29,13,23,47,0,0],"gold":149,"neow_bonus":"THREE_RARE_CARDS","is_daily":false,"chose_seed":false,"campfire_upgraded":4,"win_rate":0.0,"timestamp":1613583746,"path_taken":["M","?","$","?","M","R","M","R","T","M","M","?","?","?","R","BOSS","M","$","?","?","M","R","E","R","T","M","?","?","M","M","R","BOSS"],"items_purchased_type":[],"build_version":"2020-12-22","purchased_purges":3,"victory":false,"max_hp_per_floor":[72,77,77,77,77,77,77,77,77,77,77,77,77,77,77,77,77,77,77,77,77,77,77,77,77,77,77,77,82,82,82,82,82,82],"card_choices":[{"not_picked":["Devotion","SpiritShield"],"picked":"Ragnarok","floor":0.0},{"not_picked":["ClearTheMind","Meditate"],"picked":"EmptyMind","floor":1.0},{"not_picked":["Crescendo","Evaluate"],"picked":"WheelKick","floor":5.0},{"not_picked":["Crescendo","FlyingSleeves","ClearTheMind"],"picked":"SKIP","floor":7.0},{"not_picked":["Indignation","ThirdEye"],"picked":"InnerPeace","floor":10.0},{"not_picked":["Vengeance","ThirdEye"],"picked":"CrushJoints","floor":11.0},{"not_picked":["LikeWater","Perseverance"],"picked":"Blasphemy","floor":12.0},{"not_picked":["LessonLearned","MasterReality"],"picked":"Judgement","floor":16.0},{"not_picked":["FlurryOfBlows","SashWhip"],"picked":"EmptyFist","floor":18.0},{"not_picked":["Meditate","Conclude","FlurryOfBlows"],"picked":"SKIP","floor":22.0},{"not_picked":["Weave+1","Wireheading+1","Blasphemy"],"picked":"SKIP","floor":24.0},{"not_picked":["WaveOfTheHand","FlurryOfBlows","Sanctity"],"picked":"SKIP","floor":27.0},{"not_picked":["Meditate","EmptyFist","WaveOfTheHand"],"picked":"SKIP","floor":30.0},{"not_picked":["CutThroughFate","Protect","Wireheading"],"picked":"SKIP","floor":31}],"player_experience":621726,"relics_obtained":[{"floor":9.0,"key":"Centennial Puzzle"},{"floor":12.0,"key":"Odd Mushroom"},{"floor":24.0,"key":"Shovel"},{"floor":25.0,"key":"Juzu Bracelet"},{"floor":26.0,"key":"Toy Ornithopter"}],"event_choices":[{"damage_healed":0.0,"max_hp_gain":5.0,"max_hp_loss":0.0,"gold_gain":0.0,"event_name":"Big Fish","player_choice":"Donut","floor":2.0,"gold_loss":0.0,"damage_taken":0.0},{"damage_healed":19.0,"max_hp_gain":0.0,"max_hp_loss":0.0,"gold_gain":0.0,"event_name":"The Cleric","player_choice":"Healed","floor":4.0,"gold_loss":35.0,"damage_taken":0.0},{"damage_healed":0.0,"max_hp_gain":0.0,"max_hp_loss":0.0,"gold_gain":0.0,"event_name":"Mushrooms","player_choice":"Fought Mushrooms","floor":12.0,"gold_loss":0.0,"damage_taken":0.0},{"damage_healed":0.0,"max_hp_gain":0.0,"max_hp_loss":0.0,"gold_gain":0.0,"event_name":"Liars Game","player_choice":"Ignored","floor":14.0,"gold_loss":0.0,"damage_taken":0.0},{"damage_healed":0.0,"max_hp_gain":0.0,"max_hp_loss":0.0,"gold_gain":0.0,"event_name":"The Library","player_choice":"Read","floor":20.0,"gold_loss":0.0,"damage_taken":0.0,"cards_obtained":["Consecrate"]},{"damage_healed":0.0,"max_hp_gain":0.0,"max_hp_loss":0.0,"gold_gain":0.0,"event_name":"Masked Bandits","player_choice":"Paid Fearfully","floor":21.0,"gold_loss":11.0,"damage_taken":0.0},{"damage_healed":0.0,"max_hp_gain":5.0,"max_hp_loss":0.0,"gold_gain":0.0,"event_name":"Forgotten Altar","player_choice":"Shed Blood","floor":29.0,"gold_loss":0.0,"damage_taken":19.0}],"is_beta":false,"boss_relics":[{"not_picked":["VioletLotus","Velvet Choker"],"picked":"Runic Pyramid"}],"items_purged_floors":[3,13,19],"is_endless":false,"potions_floor_spawned":[5,7,10,12,27,30],"killed_by":"Automaton","ascension_level":0}}