{"host":"snn1c4qsf0fj7fzf","time":1613534342,"event":{"mods":["AchievementEnabler","Act Like it!","Aspiration","Astrologer","BaseMod","Colored Powertips","Downfall","Gensokyo","Hermit","Infinite Spire","Lobotomy","Minty Spire (QoL Compilation)","Random Character Button","Rare Cards Sparkle","Reimu??????","Reliquary","Replay The Spire","Shop Mod","Spire Arcade","StSLib","The Administrix","The Cursed","The Gatherer","The Hierophant","The Poker Player","The Runesmith"],"gold_per_floor":[117,127,52,52,52,96,96,96,119,162,187,211,231,269,269,399,399,413,413,313,334,348,379,379,404,404,406,406],"floor_reached":27,"language":"ENG","playtime":1532,"items_purged":["TheCursedMod:CursedSpellbook","TheCursedMod:DoubleShield","TheCursedMod:ManaBullet"],"score":473,"play_id":"d7f7b146-a1ed-4b42-bb51-e0ee1d2ac77d","local_time":"20210217115902","is_ascension_mode":true,"campfire_choices":[{"data":"TheCursedMod:CircleOfWindfury","floor":8,"key":"SMITH"},{"floor":15,"key":"REST"}],"circlet_count":0,"master_deck":["TheCursedMod:CleanUpWorkshop","TheCursedMod:CursedBoomerang","TheCursedMod:RavingStaff","TheCursedMod:EmpowerCircles","TheCursedMod:CircleOfFocus","TheCursedMod:CircleOfWindfury+1","TheCursedMod:CircleOfAbyss","TheCursedMod:CursedShiv","TheCursedMod:SurpriseAttack","TheCursedMod:SurpriseAttack","TheCursedMod:DemonicPact","TheCursedMod:LuckyCharm","TheCursedMod:CircleOfFlame"],"relics":["TheCursedMod:DemonicMark","Centennial Puzzle","Golden Idol","Regal Pillow","Blue Doll","Calipers","reliquary:Boomerang","aspiration:MobileForge","infinitespire:Midas Blood","Pocketwatch","InkBottle"],"acts_visited":["Exordium","TheCity"],"potions_floor_usage":[27],"damage_taken":[{"damage":0,"enemies":"Small Slimes","floor":1,"turns":2},{"damage":5,"enemies":"Jaw Worm","floor":2,"turns":2},{"damage":0,"enemies":"Lagavulin","floor":6,"turns":4},{"damage":14,"enemies":"3 Sentries","floor":10,"turns":7},{"damage":0,"enemies":"2 Louse","floor":11,"turns":1},{"damage":0,"enemies":"Blue Slaver","floor":12,"turns":1},{"damage":0,"enemies":"Red Slaver","floor":13,"turns":1},{"damage":0,"enemies":"Lagavulin","floor":14,"turns":3},{"damage":0,"enemies":"Slime Boss","floor":16,"turns":2},{"damage":6,"enemies":"2 Thieves","floor":18,"turns":2},{"damage":0,"enemies":"Spheric Guardian","floor":21,"turns":1},{"damage":0,"enemies":"Centurion and Healer","floor":22,"turns":2},{"damage":34,"enemies":"Slavers","floor":23,"turns":2},{"damage":28,"enemies":"Snake Plant","floor":25,"turns":3},{"damage":7,"enemies":"Book of Stabbing","floor":27,"turns":1}],"seed_played":"5078480465438470905","potions_obtained":[{"floor":2,"key":"SpeedPotion"},{"floor":14,"key":"SpeedPotion"},{"floor":16,"key":"Elixir"},{"floor":22,"key":"FearPotion"},{"floor":25,"key":"SpeedPotion"}],"is_trial":false,"path_per_floor":["M","M","$","?","?","E","$","R","T","E","M","M","M","E","R","B",null,"M","?","$","M","M","E","AVR","M","T","E"],"character_chosen":"THE_CURSED","items_purchased":[],"campfire_rested":1,"item_purchase_floors":[],"current_hp_per_floor":[75,70,70,63,63,63,63,63,63,49,49,49,49,49,69,69,69,63,63,63,63,63,29,29,1,1,0,0],"gold":406,"neow_bonus":"RANDOM_COMMON_RELIC","is_daily":false,"chose_seed":false,"campfire_upgraded":1,"win_rate":0.0,"timestamp":1613534342,"path_taken":["M","M","$","?","?","E","?","R","T","E","M","M","M","E","R","BOSS","M","?","$","M","M","E","AVR","M","T","E"],"items_purchased_type":[],"build_version":"2020-12-22","purchased_purges":3,"victory":false,"max_hp_per_floor":[75,75,75,75,69,69,69,69,69,69,69,69,69,69,69,69,69,69,69,69,69,69,69,69,69,69,69,69],"card_choices":[{"not_picked":["TheCursedMod:CursedAmulet","TheCursedMod:AshesToAshes"],"picked":"TheCursedMod:ManaBullet","floor":1},{"not_picked":["TheCursedMod:Mangle","TheCursedMod:RavingStaff"],"picked":"TheCursedMod:CursedShiv","floor":2},{"not_picked":["TheCursedMod:VitalStrike","TheCursedMod:SpitefulStrike"],"picked":"TheCursedMod:SurpriseAttack","floor":6},{"not_picked":["TheCursedMod:Stretching","TheCursedMod:VitalStrike","TheCursedMod:CursedMace"],"picked":"SKIP","floor":10},{"not_picked":["TheCursedMod:VitalStrike","TheCursedMod:AntiAging"],"picked":"TheCursedMod:SurpriseAttack","floor":11},{"not_picked":["TheCursedMod:CircleOfAmplification","TheCursedMod:VitalStrike","TheCursedMod:TroublousMinions"],"picked":"SKIP","floor":12},{"not_picked":["TheCursedMod:SurpriseAttack","TheCursedMod:WearCloak","TheCursedMod:EmpowerCircles"],"picked":"SKIP","floor":13},{"not_picked":["TheCursedMod:ReleasedStrength","TheCursedMod:Obscuration"],"picked":"TheCursedMod:DemonicPact","floor":14},{"not_picked":["TheCursedMod:CircleOfFocus","TheCursedMod:Obscuration","TheCursedMod:TacticalStrike"],"picked":"SKIP","floor":18},{"not_picked":["TheCursedMod:SmokeScreen","TheCursedMod:CircleOfCorruption","TheCursedMod:CursedMace"],"picked":"SKIP","floor":21},{"not_picked":["TheCursedMod:Obscuration","TheCursedMod:CursedAmulet+1"],"picked":"TheCursedMod:LuckyCharm","floor":22},{"not_picked":["TheCursedMod:BlessingInDisguise","TheCursedMod:Stigma"],"picked":"TheCursedMod:CircleOfFlame","floor":23},{"not_picked":["TheCursedMod:CircleOfWindfury","TheCursedMod:Obscuration","TheCursedMod:CircleOfAbyss"],"picked":"SKIP","floor":25}],"player_experience":416647,"relics_obtained":[{"floor":6,"key":"Regal Pillow"},{"floor":9,"key":"Blue Doll"},{"floor":10,"key":"Calipers"},{"floor":14,"key":"reliquary:Boomerang"},{"floor":23,"key":"infinitespire:Midas Blood"},{"floor":26,"key":"InkBottle"}],"event_choices":[{"cards_removed":["TheCursedMod:SpitefulStrike"],"damage_healed":0,"gold_gain":0,"player_choice":"Card Removal","damage_taken":7,"max_hp_gain":0,"max_hp_loss":0,"event_name":"Golden Wing","floor":4,"gold_loss":0},{"damage_healed":0,"gold_gain":0,"player_choice":"Lose Max HP","damage_taken":0,"relics_obtained":["Golden Idol"],"max_hp_gain":0,"max_hp_loss":6,"event_name":"Golden Idol","floor":5,"gold_loss":0}],"is_beta":false,"boss_relics":[{"not_picked":["Pandora\u0027s Box","Painkiller Herb"],"picked":"aspiration:MobileForge"}],"items_purged_floors":[3,20,24],"is_endless":false,"potions_floor_spawned":[2,14,16,22,25],"killed_by":"Book of Stabbing","ascension_level":5}}