{"host":"nn0usk9aafse27ii","time":1613603394,"event":{"mods":["BaseMod","Colored Map","Downfall","Highlight Path","Minty Spire (QoL Compilation)","Shop Mod","StSLib"],"gold_per_floor":[99,112,112,127,137,157,180,195,214,43,43,74,74,85,95,196,196,196,211,211,230,215,215,240,254,36,70,83,83,83,95,95,95,95],"floor_reached":32,"language":"ENG","playtime":3625,"items_purged":["Normality","downfall:Bewildered"],"score":291,"play_id":"0c898d93-6240-4ff3-b525-ab26749e5117","local_time":"20210217150954","is_ascension_mode":false,"campfire_choices":[{"data":"Slimebound:OozeBath","floor":1,"key":"SMITH"},{"floor":11,"key":"REST"},{"data":"Slimebound:BestDefense","floor":13,"key":"SMITH"},{"data":"Slimebound:SlimeTap","floor":18,"key":"SMITH"},{"floor":30,"key":"REST"}],"circlet_count":0,"master_deck":["Slimebound:Tackle","Slimebound:Defend_Slimebound","Slimebound:Defend_Slimebound","Slimebound:Defend_Slimebound","Slimebound:Defend_Slimebound","Slimebound:Split","Slimebound:CorrosiveSpit","Slimebound:OozeBath+1","Slimebound:GrowthPunch","Slimebound:SplitLeeching+1","Slimebound:GoopTackle","Slimebound:HungryTackle","Slimebound:ComboTackle","Slimebound:SplitLeeching","Slimebound:LivingWall+1","Slimebound:GoopSpray","Slimebound:LevelUp","Slimebound:Prepare","Slimebound:BestDefense+1","Slimebound:SlimeTap+1","Slimebound:RainOfGoop","Slimebound:GoopSpray","Slimebound:Gluttony+1","Slimebound:Teamwork","Slimebound:RainOfGoop","Slimebound:ViciousTackle","Slimebound:Prepare","Slimebound:FlameTackle","Slimebound:Recollect+1"],"relics":["Slimebound:AbsorbEndCombatUpgraded","War Paint","Bag of Preparation","sneckomod:BabySnecko","Smiling Mask","ClockworkSouvenir","Boot"],"acts_visited":["Exordium","TheCity"],"potions_floor_usage":[10,10,19,26,26,26,31,32],"damage_taken":[{"damage":9,"enemies":"Jaw Worm","floor":2,"turns":3},{"damage":3,"enemies":"Cultist","floor":4,"turns":3},{"damage":9,"enemies":"Small Slimes","floor":5,"turns":2},{"damage":18,"enemies":"Exordium Thugs","floor":6,"turns":5},{"damage":8,"enemies":"2 Fungi Beasts","floor":8,"turns":4},{"damage":4,"enemies":"Large Slime","floor":9,"turns":6},{"damage":6,"enemies":"downfall:FleeingMerchant","floor":10,"turns":4},{"damage":17,"enemies":"3 Sentries","floor":12,"turns":7},{"damage":4,"enemies":"Red Slaver","floor":14,"turns":3},{"damage":0,"enemies":"Blue Slaver","floor":15,"turns":1},{"damage":10,"enemies":"SI_SHIV_ARCHETYPE","floor":16,"turns":7},{"damage":11,"enemies":"Chosen","floor":19,"turns":5},{"damage":6,"enemies":"3 Byrds","floor":21,"turns":6},{"damage":14,"enemies":"downfall:FleeingMerchant","floor":22,"turns":4},{"damage":18,"enemies":"Shelled Parasite and Fungi","floor":25,"turns":6},{"damage":3,"enemies":"downfall:FleeingMerchant","floor":26,"turns":4},{"damage":71,"enemies":"Gremlin Leader","floor":27,"turns":10},{"damage":2,"enemies":"Snake Plant","floor":28,"turns":4},{"damage":18,"enemies":"Centurion and Healer","floor":31,"turns":6},{"damage":44,"enemies":"Chosen and Byrds","floor":32,"turns":6}],"seed_played":"4098703404014699806","potions_obtained":[{"floor":2,"key":"Dexterity Potion"},{"floor":5,"key":"FearPotion"},{"floor":6,"key":"Slimebound:SlimedPotion"},{"floor":9,"key":"Weak Potion"},{"floor":15,"key":"bronze:BurnAndBuffPotion"},{"floor":16,"key":"SkillPotion"},{"floor":21,"key":"Slimebound:SlimedPotion"},{"floor":27,"key":"LiquidBronze"},{"floor":28,"key":"champ:CounterPotion"}],"is_trial":false,"path_per_floor":["R","M","?","M","M","M","T","M","M","$","R","E","R","M","M","B",null,"R","M","?","M","$","?","T","M","$","E","M","?","R","M","M"],"character_chosen":"SLIMEBOUND","items_purchased":["Slimebound:BestDefense","ClockworkSouvenir"],"campfire_rested":2,"item_purchase_floors":[10,26],"current_hp_per_floor":[65,60,60,61,52,38,38,34,36,36,55,42,42,42,44,42,65,65,58,75,74,72,72,72,66,69,13,17,17,39,33,0,0,0],"gold":95,"neow_bonus":"ONE_RANDOM_RARE_CARD","is_daily":false,"chose_seed":false,"campfire_upgraded":3,"win_rate":0.0,"timestamp":1613603394,"path_taken":["R","M","?","M","?","M","T","M","M","$","R","E","R","M","M","BOSS","R","M","?","M","?","?","T","M","$","E","M","?","R","?","M"],"items_purchased_type":["Card","Relic"],"build_version":"2020-12-22","purchased_purges":2,"victory":false,"max_hp_per_floor":[65,65,65,65,65,65,65,65,65,65,65,65,65,65,65,65,65,65,65,75,75,75,75,75,75,75,75,75,75,75,75,75,75,75],"card_choices":[{"not_picked":["Slimebound:RollThrough","Slimebound:ForwardTackle"],"picked":"Slimebound:GrowthPunch","floor":2},{"not_picked":["Slimebound:LivingWall","Slimebound:FormOfPuddle"],"picked":"Slimebound:ComboTackle","floor":4},{"not_picked":["Slimebound:ItLooksTasty","Slimebound:FormOfPuddle"],"picked":"Slimebound:SplitLeeching","floor":5},{"not_picked":["Slimebound:HauntingLick","Slimebound:GoopTackle"],"picked":"Slimebound:LivingWall","floor":6},{"not_picked":["Slimebound:LeechEnergy","Slimebound:SlimeBarrage"],"picked":"Slimebound:GoopSpray","floor":8},{"not_picked":["Slimebound:ForwardTackle","Slimebound:Prepare"],"picked":"Slimebound:LevelUp","floor":9},{"not_picked":["Slimebound:MassRepurpose","Slimebound:HauntingLick"],"picked":"Slimebound:Prepare","floor":10},{"not_picked":["Slimebound:ItLooksTasty","Slimebound:SplitBruiser"],"picked":"Slimebound:SlimeTap","floor":12},{"not_picked":["Slimebound:AcidTongue","Slimebound:GrowthPunch"],"picked":"Slimebound:RainOfGoop","floor":14},{"not_picked":["Slimebound:Gluttony","Slimebound:SplitAcid","Slimebound:PressTheAttack"],"picked":"SKIP","floor":15},{"not_picked":["Slimebound:SlimeSlap","Slimebound:Teamwork"],"picked":"Slimebound:Overexert","floor":16},{"not_picked":["Slimebound:GoopTackle","Slimebound:SplitMire"],"picked":"Slimebound:GoopSpray","floor":19},{"not_picked":["Slimebound:SplitBruiser+1","Slimebound:Schlurp+1"],"picked":"Slimebound:Gluttony+1","floor":21},{"not_picked":["Slimebound:FinishingTackle+1","Slimebound:Grow"],"picked":"Slimebound:Teamwork","floor":22},{"not_picked":["Slimebound:LeadByExample","Slimebound:LeechEnergy"],"picked":"Slimebound:RainOfGoop","floor":25},{"not_picked":["Slimebound:LeechingTouch","Slimebound:SplitBruiser"],"picked":"Slimebound:ViciousTackle","floor":26},{"not_picked":["Slimebound:HauntingLick","Slimebound:SlimeBrawl+1"],"picked":"Slimebound:LeechEnergy","floor":27},{"not_picked":["Slimebound:LeechingTouch+1","Slimebound:SplitMire"],"picked":"Slimebound:Prepare","floor":28},{"not_picked":["Slimebound:SplitSpecialist+1","Slimebound:ComboTackle"],"picked":"Slimebound:Recollect+1","floor":31}],"player_experience":790870,"relics_obtained":[{"floor":7,"key":"War Paint"},{"floor":12,"key":"Bag of Preparation"},{"floor":24,"key":"Smiling Mask"},{"floor":27,"key":"Boot"}],"event_choices":[{"cards_removed":["Slimebound:Overexert"],"damage_healed":7,"gold_gain":0,"player_choice":"Offered Rare","damage_taken":0,"max_hp_gain":10,"max_hp_loss":0,"event_name":"Bonfire Elementals","floor":20,"gold_loss":0}],"is_beta":false,"boss_relics":[{"not_picked":["Busted Crown","SacredBark"],"picked":"Slimebound:AbsorbEndCombatUpgraded"}],"items_purged_floors":[10,26],"is_endless":false,"potions_floor_spawned":[2,5,6,9,15,16,21,27,28],"killed_by":"Chosen and Byrds","ascension_level":0}}