{"host":"vyjryxuuuxkt43k4","time":1613543400,"event":{"mods":["AchievementEnabler","BaseMod","Colored Map","DeckTracker","Keyboard Shortcuts","Minty Spire (QoL Compilation)","Permanent Neow","Quick Restart","StSLib","SuperFastMode","everything is the same but u backflip on backflip"],"gold_per_floor":[359,382,382,395,52,87,87,116,142,142,154,19,19,49,49,128,128,141,191,205,216,235,235,150,150,150,20,37,64,64,91,91,167,167,180,180,1179,544,562,595,53,82,82,101,120,136,136,156,156,156,156,156,156,62,97,97,97],"floor_reached":56,"language":"KOR","playtime":4814,"items_purged":["Strike_R","Strike_R"],"score":2035,"play_id":"87a0b1e3-bd80-474b-ac7f-326c46522c1d","local_time":"20210217153000","is_ascension_mode":true,"campfire_choices":[{"data":"Fiend Fire","floor":7.0,"key":"SMITH"},{"data":"Dark Embrace","floor":10.0,"key":"SMITH"},{"data":"Pommel Strike","floor":13.0,"key":"SMITH"},{"data":"Flex","floor":15.0,"key":"SMITH"},{"data":"Fire Breathing","floor":23.0,"key":"SMITH"},{"floor":30.0,"key":"REST"},{"floor":32.0,"key":"REST"},{"floor":47.0,"key":"RECALL"},{"floor":49.0,"key":"REST"},{"data":"Evolve","floor":53.0,"key":"SMITH"}],"circlet_count":0,"master_deck":["AscendersBane","Strike_R","Strike_R","Strike_R","Defend_R","Defend_R","Defend_R","Defend_R","Bash","Shockwave","Rampage","Fiend Fire+1","Dark Embrace+1","Fire Breathing+1","Flex+1","Shrug It Off","Power Through","Pommel Strike+1","Bloodletting","Offering","Dual Wield+1","Second Wind","Battle Trance","Corruption","Offering","Madness","Madness","Shrug It Off","Feel No Pain","Burning Pact","Entrench","Evolve+1","Impervious","Flash of Steel"],"relics":["Burning Blood","Nunchaku","Orrery","Orichalcum","Omamori","Blood Vial","Snecko Eye","Boot","Mummified Hand","Vajra","Sundial","Sozu","Ice Cream","Sling","Red Skull","Bird Faced Urn","Oddly Smooth Stone","Ginger","Art of War"],"acts_visited":["Exordium","TheCity","TheBeyond","TheEnding"],"potions_floor_usage":[56],"damage_taken":[{"damage":7.0,"enemies":"Cultist","floor":1.0,"turns":4.0},{"damage":7.0,"enemies":"Small Slimes","floor":4.0,"turns":5.0},{"damage":10.0,"enemies":"Lagavulin","floor":6.0,"turns":5.0},{"damage":25.0,"enemies":"Gremlin Nob","floor":8.0,"turns":4.0},{"damage":0.0,"enemies":"Jaw Worm","floor":11.0,"turns":1.0},{"damage":0.0,"enemies":"3 Louse","floor":14.0,"turns":4.0},{"damage":33.0,"enemies":"Hexaghost","floor":16.0,"turns":9.0},{"damage":7.0,"enemies":"Chosen","floor":18.0,"turns":3.0},{"damage":11.0,"enemies":"Spheric Guardian","floor":20.0,"turns":4.0},{"damage":23.0,"enemies":"3 Cultists","floor":21.0,"turns":5.0},{"damage":6.0,"enemies":"Centurion and Healer","floor":22.0,"turns":5.0},{"damage":25.0,"enemies":"Snake Plant","floor":28.0,"turns":3.0},{"damage":6.0,"enemies":"Slavers","floor":29.0,"turns":2.0},{"damage":16.0,"enemies":"Book of Stabbing","floor":31.0,"turns":3.0},{"damage":36.0,"enemies":"Champ","floor":33.0,"turns":9.0},{"damage":12.0,"enemies":"3 Darklings","floor":35.0,"turns":4.0},{"damage":12.0,"enemies":"3 Shapes","floor":39.0,"turns":2.0},{"damage":21.0,"enemies":"Nemesis","floor":40.0,"turns":3.0},{"damage":12.0,"enemies":"Giant Head","floor":42.0,"turns":5.0},{"damage":27.0,"enemies":"Jaw Worm Horde","floor":44.0,"turns":5.0},{"damage":12.0,"enemies":"Sphere and 2 Shapes","floor":45.0,"turns":4.0},{"damage":20.0,"enemies":"4 Shapes","floor":46.0,"turns":4.0},{"damage":9.0,"enemies":"Spire Growth","floor":48.0,"turns":4.0},{"damage":33.0,"enemies":"Time Eater","floor":50.0,"turns":8.0},{"damage":21.0,"enemies":"Awakened One","floor":51.0,"turns":11.0},{"damage":42.0,"enemies":"Shield and Spear","floor":55.0,"turns":4.0},{"damage":90,"enemies":"The Heart","floor":56,"turns":5}],"seed_played":"2903240716282308237","potions_obtained":[{"floor":4.0,"key":"BloodPotion"},{"floor":8.0,"key":"Fire Potion"},{"floor":16.0,"key":"Swift Potion"},{"floor":21.0,"key":"Swift Potion"},{"floor":31.0,"key":"BloodPotion"},{"floor":33.0,"key":"DuplicationPotion"}],"is_trial":false,"path_per_floor":["M","T","?","M","$","E","R","E","T","R","M","$","R","M","R","B",null,"M","?","M","M","M","R","?","?","T","$","M","E","R","E","R","B",null,"M","?","?","$","M","E","$","E","T","M","M","M","R","M","R","B","B",null,"R","$","E","B"],"character_chosen":"IRONCLAD","items_purchased":["Orrery","Strength Potion","FearPotion","Shrug It Off","Ancient Potion","ColorlessPotion","SteroidPotion","Ice Cream","Sling","Shrug It Off","Bird Faced Urn","Feel No Pain","Oddly Smooth Stone","Flash of Steel"],"campfire_rested":3,"item_purchase_floors":[5,5,5,5,12,12,27,38,38,38,41,41,41,54],"current_hp_per_floor":[67,67,60,59,74,70,70,51,51,51,59,59,59,67,67,42,67,68,61,58,43,45,45,45,24,24,24,7,9,33,25,49,37,69,65,51,51,51,47,34,34,36,36,23,25,23,23,30,54,43,38,70,70,70,46,0,0],"gold":97,"neow_bonus":"TWO_FIFTY_GOLD","is_daily":false,"chose_seed":false,"campfire_upgraded":6,"win_rate":0.0,"timestamp":1613543400,"path_taken":["M","?","?","M","$","E","R","E","T","R","M","$","R","M","R","BOSS","M","?","M","?","?","R","?","?","T","$","M","E","R","E","R","BOSS","M","?","?","$","M","E","$","E","T","M","M","M","R","M","R","BOSS","BOSS","R","$","E","BOSS"],"items_purchased_type":["Relic","Potion","Potion","Card","Potion","Potion","Potion","Relic","Relic","Card","Relic","Card","Relic","Card"],"build_version":"2020-12-22","purchased_purges":2,"victory":false,"max_hp_per_floor":[75,75,75,75,75,75,75,75,75,75,75,75,75,75,75,75,75,75,75,75,75,75,75,75,80,80,80,80,80,80,80,80,80,80,80,80,80,80,80,80,80,80,80,80,80,80,80,80,80,80,80,80,80,80,80,80,80],"card_choices":[{"not_picked":["Dark Embrace","Bloodletting"],"picked":"Shockwave","floor":1.0},{"not_picked":["Iron Wave","Twin Strike"],"picked":"Rampage","floor":4.0},{"not_picked":["Wild Strike","Uppercut"],"picked":"Fiend Fire","floor":5.0},{"not_picked":["Perfected Strike","Flex"],"picked":"Dark Embrace","floor":5.0},{"not_picked":["Wild Strike","Armaments"],"picked":"Fire Breathing","floor":5.0},{"not_picked":["Pummel","Anger"],"picked":"Flex","floor":5.0},{"not_picked":["Ghostly Armor","Blood for Blood"],"picked":"Power Through","floor":6.0},{"not_picked":["Iron Wave","Combust","Clothesline"],"picked":"SKIP","floor":8.0},{"not_picked":["Limit Break","Pummel"],"picked":"Pommel Strike","floor":11.0},{"not_picked":["Heavy Blade","Armaments"],"picked":"Bloodletting","floor":14.0},{"not_picked":["Barricade","Immolate"],"picked":"Offering","floor":16.0},{"not_picked":["Body Slam","Rage"],"picked":"Dual Wield+1","floor":18.0},{"not_picked":["Carnage","Clash"],"picked":"Second Wind","floor":20.0},{"not_picked":["Iron Wave","Metallicize","Warcry"],"picked":"SKIP","floor":21.0},{"not_picked":["Exhume","Headbutt"],"picked":"Battle Trance","floor":22.0},{"not_picked":["Sword Boomerang","Sever Soul","Blood for Blood"],"picked":"SKIP","floor":28.0},{"not_picked":["Sword Boomerang","Clash","Clothesline"],"picked":"SKIP","floor":29.0},{"not_picked":["Searing Blow","Whirlwind+1"],"picked":"Corruption","floor":31.0},{"not_picked":["Berserk","Juggernaut"],"picked":"Offering","floor":33.0},{"not_picked":["Anger+1","Whirlwind+1","Wild Strike"],"picked":"SKIP","floor":35.0},{"not_picked":["Metallicize","Thunderclap","Heavy Blade"],"picked":"SKIP","floor":39.0},{"not_picked":["Metallicize","Thunderclap","Heavy Blade"],"picked":"SKIP","floor":39.0},{"not_picked":["Body Slam","Twin Strike","Perfected Strike"],"picked":"SKIP","floor":40.0},{"not_picked":["Inflame+1","Fire Breathing+1"],"picked":"Burning Pact","floor":42.0},{"not_picked":["Shrug It Off","Havoc"],"picked":"Entrench","floor":44.0},{"not_picked":["Battle Trance+1","Reckless Charge"],"picked":"Evolve","floor":45.0},{"not_picked":["Power Through","Dark Embrace"],"picked":"Impervious","floor":46.0},{"not_picked":["Shockwave","Spot Weakness","Anger+1"],"picked":"SKIP","floor":48.0},{"not_picked":["Clash","Inflame","Rupture"],"picked":"SKIP","floor":55.0}],"player_experience":1005909,"relics_obtained":[{"floor":2.0,"key":"Nunchaku"},{"floor":6.0,"key":"Orichalcum"},{"floor":8.0,"key":"Omamori"},{"floor":9.0,"key":"Blood Vial"},{"floor":26.0,"key":"Mummified Hand"},{"floor":29.0,"key":"Vajra"},{"floor":31.0,"key":"Sundial"},{"floor":40.0,"key":"Red Skull"},{"floor":42.0,"key":"Ginger"},{"floor":55.0,"key":"Art of War"}],"event_choices":[{"cards_removed":["Writhe"],"damage_healed":0.0,"max_hp_gain":0.0,"max_hp_loss":0.0,"gold_gain":0.0,"event_name":"Golden Wing","player_choice":"Card Removal","floor":3.0,"gold_loss":0.0,"damage_taken":7.0},{"damage_healed":0.0,"max_hp_gain":0.0,"max_hp_loss":0.0,"gold_gain":50.0,"event_name":"FaceTrader","player_choice":"Touch","floor":19.0,"gold_loss":0.0,"damage_taken":7.0},{"damage_healed":0.0,"max_hp_gain":0.0,"max_hp_loss":0.0,"gold_gain":0.0,"event_name":"Addict","player_choice":"Obtained Relic","floor":24.0,"gold_loss":85.0,"damage_taken":0.0,"relics_obtained":["Boot"]},{"damage_healed":0.0,"max_hp_gain":5.0,"max_hp_loss":0.0,"gold_gain":0.0,"event_name":"Forgotten Altar","player_choice":"Shed Blood","floor":25.0,"gold_loss":0.0,"damage_taken":26.0},{"damage_healed":0.0,"max_hp_gain":0.0,"max_hp_loss":0.0,"gold_gain":0.0,"event_name":"Winding Halls","player_choice":"Embrace Madness","floor":36.0,"gold_loss":0.0,"damage_taken":14.0,"cards_obtained":["Madness","Madness"]},{"damage_healed":0.0,"max_hp_gain":0.0,"max_hp_loss":0.0,"gold_gain":999.0,"event_name":"MindBloom","player_choice":"Gold","floor":37.0,"gold_loss":0.0,"damage_taken":0.0,"cards_obtained":["Normality","Normality"]}],"is_beta":false,"boss_relics":[{"not_picked":["Runic Pyramid","Fusion Hammer"],"picked":"Snecko Eye"},{"not_picked":["Black Blood","Empty Cage"],"picked":"Sozu"}],"items_purged_floors":[27,38],"is_endless":false,"potions_floor_spawned":[4,8,16,21,31,33,39,42,44,48,55],"killed_by":"The Heart","ascension_level":20}}