{"host":"xp27heuvanyklt0b","time":1613565449,"event":{"mods":["100% Spire Juice","BaseMod","CapriCore","Koishi","Lobotomy","Minty Spire (QoL Compilation)","StSLib","The Immortal"],"gold_per_floor":[114,114,133,133,133,165,165,175,175,31,65,43,76,28,28,124,124,135,135,135,151,171,199,249,262,262,275,275,292,292,292,292,388,388,403,423,434,55,55,55,89,89,115,143,143,143,186,215,215,215,215,215,215,74,109,109,109],"floor_reached":56,"language":"KOR","playtime":3785,"items_purged":["Koishi:BasicStrike"],"score":1073,"play_id":"8979dd8d-0907-4555-8bc8-1a021120bdd9","local_time":"20210217213729","is_ascension_mode":true,"campfire_choices":[{"data":"Koishi:SilentAndRestless","floor":7,"key":"SMITH"},{"data":"Koishi:EmbryosDream","floor":15,"key":"SMITH"},{"data":"Koishi:ReleaseOfTheId","floor":28,"key":"SMITH"},{"data":"Koishi:Untouchable","floor":32,"key":"SMITH"},{"data":"Koishi:RorschachInDanmaku","floor":40,"key":"SMITH"},{"floor":45,"key":"RECALL"},{"data":"Koishi:Heartbroken","floor":49,"key":"SMITH"},{"data":"Koishi:MentalBreakdown","floor":53,"key":"SMITH"}],"circlet_count":0,"master_deck":["Koishi:BasicStrike","Koishi:BasicDefend","Koishi:BasicDefend","Koishi:BasicDefend","Koishi:BasicDefend","Koishi:Provoke","Koishi:HauntingSlash","Koishi:FleetingPhantom","Koishi:Untouchable+1","Koishi:SilentAndRestless+1","Koishi:HeartfeltFancy","Flash of Steel","Koishi:UnansweredLove","Koishi:Untouchable","Koishi:EmbryosDream+1","Koishi:TraumaticStroke","Koishi:MindStellarRelief","Koishi:SpiritedAway","Koishi:PredatoryInstincts","Koishi:ReleaseOfTheId+1","Koishi:PhantomBarrier","Koishi:UnansweredLove","Koishi:Jaunt+1","Koishi:Prune","Koishi:Jaunt+1","Koishi:VengefulSpirit","Koishi:RorschachInDanmaku+1","Koishi:Heartbroken+1","Koishi:GhostParty+1","Koishi:FourthEye","Koishi:CatchAndRose","Koishi:PerfectMindControl","Koishi:YoukaiPolygraph","Transmutation","Koishi:FleetingPhantom+1","Koishi:Vanish+1","Koishi:MentalBreakdown+1","Koishi:DreadfulBlow"],"relics":["Koishi:ImaginaryFriend","NeowsBlessing","Mango","Pear","Mercury Hourglass","Du-Vu Doll","Bottled Flame","Black Star","Akabeko","Singing Bowl","CeramicFish","Happy Flower","Blood Vial","Art of War","Lizard Tail","Frozen Eye"],"acts_visited":["Exordium","TheCity","TheBeyond","TheEnding"],"potions_floor_usage":[11,16,27,33,44,50,50,50,50,56,56],"damage_taken":[{"damage":0,"enemies":"Small Slimes","floor":1,"turns":1},{"damage":0,"enemies":"Jaw Worm","floor":3,"turns":1},{"damage":0,"enemies":"3 Sentries","floor":6,"turns":1},{"damage":2,"enemies":"2 Louse","floor":8,"turns":2},{"damage":49,"enemies":"Gremlin Nob","floor":11,"turns":6},{"damage":4,"enemies":"Lagavulin","floor":13,"turns":8},{"damage":0,"enemies":"Slime Boss","floor":16,"turns":6},{"damage":8,"enemies":"Spheric Guardian","floor":18,"turns":7},{"damage":4,"enemies":"2 Thieves","floor":21,"turns":6},{"damage":9,"enemies":"Shelled Parasite and Fungi","floor":22,"turns":11},{"damage":30,"enemies":"Slavers","floor":23,"turns":5},{"damage":9,"enemies":"Cultist and Chosen","floor":25,"turns":5},{"damage":5,"enemies":"3 Cultists","floor":27,"turns":6},{"damage":15,"enemies":"Snake Plant","floor":29,"turns":4},{"damage":10,"enemies":"Automaton","floor":33,"turns":13},{"damage":22,"enemies":"3 Darklings","floor":35,"turns":8},{"damage":0,"enemies":"Orb Walker","floor":36,"turns":6},{"damage":11,"enemies":"4 Shapes","floor":37,"turns":7},{"damage":0,"enemies":"Reptomancer","floor":41,"turns":7},{"damage":0,"enemies":"Maw","floor":44,"turns":11},{"damage":0,"enemies":"Nemesis","floor":47,"turns":11},{"damage":14,"enemies":"3 Darklings","floor":48,"turns":7},{"damage":38,"enemies":"Awakened One","floor":50,"turns":21},{"damage":63,"enemies":"Shield and Spear","floor":55,"turns":7},{"damage":121,"enemies":"The Heart","floor":56,"turns":14}],"seed_played":"-6713212518259276725","potions_obtained":[{"floor":3,"key":"SteroidPotion"},{"floor":16,"key":"LiquidBronze"},{"floor":22,"key":"SteroidPotion"},{"floor":27,"key":"FearPotion"},{"floor":29,"key":"CultistPotion"},{"floor":44,"key":"Fruit Juice"},{"floor":48,"key":"EntropicBrew"},{"floor":55,"key":"Block Potion"}],"is_trial":false,"path_per_floor":["M","?","M","?","?","E","R","M","T","$","E","$","E","$","R","B",null,"M","?","?","M","M","E","?","M","T","M","R","M","?","?","R","B",null,"M","M","M","$","?","R","E","?","T","M","R","?","E","M","R","B",null,null,"R","$","E","B"],"character_chosen":"KOISHI","items_purchased":["Flash of Steel","Koishi:UnansweredLove","Koishi:EmbryosDream","SkillPotion","Koishi:CatchAndRose","Koishi:PerfectMindControl","AttackPotion","Koishi:SpiritedAway","Koishi:DreadfulBlow","GamblersBrew","SteroidPotion"],"campfire_rested":0,"item_purchase_floors":[10,10,12,14,38,38,38,38,54,54,54],"current_hp_per_floor":[60,60,60,60,65,79,79,78,88,88,42,42,41,41,41,41,89,81,81,81,82,80,63,63,63,63,67,67,52,52,52,52,50,89,76,77,67,67,67,67,83,83,83,93,93,93,94,93,93,77,77,94,94,94,34,0,0],"gold":109,"neow_bonus":"THREE_ENEMY_KILL","is_daily":false,"chose_seed":false,"campfire_upgraded":7,"win_rate":0.0,"timestamp":1613565449,"path_taken":["M","?","M","?","?","E","R","M","T","$","E","?","E","$","R","BOSS","M","?","?","M","M","E","?","M","T","?","R","M","?","?","R","BOSS","M","M","M","$","?","R","E","?","T","M","R","?","E","M","R","BOSS","R","$","E","BOSS"],"items_purchased_type":["Card","Card","Card","Potion","Card","Card","Potion","Card","Card","Potion","Potion"],"build_version":"2020-12-22","purchased_purges":1,"victory":false,"max_hp_per_floor":[60,60,60,60,65,79,79,79,89,89,89,89,89,89,89,89,89,89,89,89,89,89,89,89,89,89,89,89,89,89,89,89,89,89,89,89,89,89,89,89,89,89,89,94,94,94,94,94,94,94,94,94,94,94,96,96,96],"card_choices":[{"not_picked":["Koishi:JumpScare","Koishi:ParalyzingFear"],"picked":"Koishi:FleetingPhantom","floor":1},{"not_picked":["Koishi:VengefulSpirit","Koishi:EmbryosDream"],"picked":"Koishi:Untouchable","floor":3},{"not_picked":["Koishi:RollingInRichesHeart","Koishi:Prune"],"picked":"Koishi:SilentAndRestless","floor":6},{"not_picked":["Koishi:BloodcurdlingScream","Koishi:Prune"],"picked":"Koishi:HeartfeltFancy","floor":8},{"not_picked":["Koishi:MindNumbingTerror","Koishi:HeartfeltFancy"],"picked":"Koishi:Untouchable","floor":11},{"not_picked":["Koishi:RollingInRichesHeart","Koishi:StingingMind"],"picked":"Koishi:TraumaticStroke","floor":13},{"not_picked":["Koishi:SuperEgo","Koishi:RoseHell"],"picked":"Koishi:MindStellarRelief","floor":16},{"not_picked":["Koishi:UnansweredLove","Koishi:CatchAndRose"],"picked":"Koishi:SpiritedAway","floor":18},{"not_picked":["Koishi:FleetingPhantom","Koishi:BramblyRoseGarden"],"picked":"Koishi:UnansweredLove","floor":21},{"not_picked":["Koishi:RoseHell","Koishi:HeartfeltFancy"],"picked":"Koishi:Jaunt+1","floor":22},{"not_picked":["Koishi:UnconsciousUprising","Koishi:EmbryosDream"],"picked":"Koishi:Prune","floor":23},{"not_picked":["Koishi:HeartfeltFancy","Koishi:IdleWhim"],"picked":"Koishi:Jaunt+1","floor":25},{"not_picked":["Koishi:HeartfeltFancy","Koishi:FadingMemory"],"picked":"Koishi:VengefulSpirit","floor":27},{"not_picked":["Koishi:SubconsciousSweep+1","Koishi:DanmakuParanoia"],"picked":"Koishi:RorschachInDanmaku","floor":29},{"not_picked":["Koishi:ImGoingToCallYouNow","Koishi:ConditionedTeleport"],"picked":"Koishi:Heartbroken","floor":33},{"not_picked":["Koishi:FleetingPhantom","Koishi:UnconsciousUprising"],"picked":"Koishi:GhostParty+1","floor":35},{"not_picked":["Koishi:BloodcurdlingScream+1","Koishi:UnconsciousUprising"],"picked":"Koishi:FourthEye","floor":36},{"not_picked":["Koishi:RorschachInDanmaku+1","Koishi:UnansweredLove","Koishi:SubterraneanRose+1"],"picked":"SKIP","floor":37},{"not_picked":["Koishi:MassHysteria","Koishi:SubconsciousSweep+1"],"picked":"Koishi:YoukaiPolygraph","floor":41},{"not_picked":["Deep Breath","Forethought"],"picked":"Transmutation","floor":42},{"not_picked":["Koishi:Jaunt+1","Koishi:BloodcurdlingScream+1"],"picked":"Koishi:FleetingPhantom+1","floor":44},{"not_picked":["Koishi:PhantomBarrier","Koishi:FleetingPhantom"],"picked":"Koishi:Vanish+1","floor":47},{"not_picked":["Koishi:JumpScare+1","Koishi:HeartfeltFancy+1"],"picked":"Koishi:MentalBreakdown","floor":48},{"not_picked":["Koishi:VengefulSpirit+1","Koishi:SubconsciousSweep","Koishi:FleetingPhantom"],"picked":"Singing Bowl","floor":55}],"player_experience":315052,"relics_obtained":[{"floor":6,"key":"Mango"},{"floor":9,"key":"Pear"},{"floor":11,"key":"Mercury Hourglass"},{"floor":13,"key":"Du-Vu Doll"},{"floor":23,"key":"Bottled Flame"},{"floor":41,"key":"Akabeko"},{"floor":41,"key":"Singing Bowl"},{"floor":43,"key":"CeramicFish"},{"floor":47,"key":"Happy Flower"},{"floor":47,"key":"Blood Vial"},{"floor":55,"key":"Art of War"},{"floor":55,"key":"Lizard Tail"}],"event_choices":[{"damage_healed":0,"gold_gain":0,"player_choice":"Ignored","damage_taken":0,"max_hp_gain":0,"max_hp_loss":0,"event_name":"Liars Game","floor":2,"gold_loss":0},{"damage_healed":0,"gold_gain":0,"player_choice":"Leave","damage_taken":0,"max_hp_gain":0,"max_hp_loss":0,"event_name":"The Cleric","floor":4,"gold_loss":0},{"damage_healed":0,"gold_gain":0,"player_choice":"Donut","damage_taken":0,"max_hp_gain":5,"max_hp_loss":0,"event_name":"Big Fish","floor":5,"gold_loss":0},{"damage_healed":0,"gold_gain":0,"cards_transformed":["Koishi:BasicStrike","Koishi:BasicStrike"],"player_choice":"Became Test Subject","damage_taken":0,"max_hp_gain":0,"max_hp_loss":0,"event_name":"Drug Dealer","floor":19,"gold_loss":0,"cards_obtained":["Koishi:PredatoryInstincts","Koishi:ReleaseOfTheId"]},{"damage_healed":0,"gold_gain":0,"player_choice":"Read","damage_taken":0,"max_hp_gain":0,"max_hp_loss":0,"event_name":"The Library","floor":20,"gold_loss":0,"cards_obtained":["Koishi:PhantomBarrier"]},{"damage_healed":0,"gold_gain":100,"player_choice":"Bet on Murderer","damage_taken":0,"max_hp_gain":0,"max_hp_loss":0,"event_name":"The Joust","floor":24,"gold_loss":50},{"damage_healed":0,"gold_gain":0,"player_choice":"Ignored","damage_taken":0,"max_hp_gain":0,"max_hp_loss":0,"event_name":"Vampires","floor":30,"gold_loss":0},{"damage_healed":0,"gold_gain":0,"player_choice":"Ignored","damage_taken":0,"max_hp_gain":0,"max_hp_loss":0,"event_name":"Cursed Tome","floor":31,"gold_loss":0},{"damage_healed":0,"gold_gain":0,"player_choice":"Ignored","damage_taken":0,"max_hp_gain":0,"max_hp_loss":0,"event_name":"Mysterious Sphere","floor":39,"gold_loss":0},{"damage_healed":0,"gold_gain":0,"player_choice":"Memory 1","damage_taken":0,"max_hp_gain":0,"max_hp_loss":0,"event_name":"SensoryStone","floor":42,"gold_loss":0},{"cards_removed":["Koishi:SpiritedAway"],"damage_healed":0,"gold_gain":0,"player_choice":"Removed Attack","damage_taken":0,"max_hp_gain":0,"max_hp_loss":0,"event_name":"Falling","floor":46,"gold_loss":0}],"is_beta":false,"boss_relics":[{"not_picked":["Velvet Choker","Empty Cage","Busted Crown"]},{"not_picked":["Philosopher\u0027s Stone","Koishi:ColorfulDays"],"picked":"Black Star"}],"items_purged_floors":[38],"is_endless":false,"potions_floor_spawned":[3,16,22,27,29,41,44,48,55],"killed_by":"The Heart","ascension_level":3}}