{"host":"6z6y4ky8uzsz1dpj","time":1613567982,"event":{"mods":["AchievementEnabler","BaseMod","BetterRewards","Challenge The Spire","Colored Map","Hubris","Minty Spire (QoL Compilation)","Quick Restart","Relic Stats","Replay The Spire","StSLib"],"gold_per_floor":[117,156,166,14,26,61,61,61,61,13,48,48,59,92,92,187,187,207,207,122,122,22,22,57,57,57,92,113,62,62,96,96,202,257,278,278,298,66,86,121,121,161,161,161,161,161,192,212,212,212,212],"floor_reached":50,"language":"ENG","playtime":3056,"items_purged":["Strike_G","Parasite"],"score":1025,"play_id":"b5ef3bfa-943d-4dc6-91a2-2167bc60096f","local_time":"20210217081942","is_ascension_mode":true,"campfire_choices":[{"floor":12.0,"key":"REST"},{"data":"Cloak And Dagger","floor":23.0,"key":"SMITH"},{"floor":25,"key":"REST"},{"floor":32,"key":"REST"},{"floor":41,"key":"REST"},{"floor":44,"key":"REST"},{"floor":49,"key":"DIG"}],"circlet_count":0,"master_deck":["AscendersBane","Strike_G","Strike_G","Strike_G","Strike_G","Defend_G","Defend_G","Defend_G","Defend_G","Defend_G","Survivor","Neutralize","Footwork","Blade Dance+1","Dagger Spray","Cloak And Dagger+1","Dagger Spray+1","Cloak And Dagger","Draining Mist","hubris:Sniper","ReplayTheSpireMod:Speed Training","Leg Sweep","Hidden Blade+1","Finisher","ReplayTheSpireMod:Shiv Toss+1","Calculated Gamble","Dagger Throw","Envenom+1","Blade Dance","Die Die Die+1","hubris:Greed","Infinite Blades+1","Blade Dance+1","Noxious Fumes","ReplayTheSpireMod:From All Sides+1","PiercingWail","ReplayTheSpireMod:Scrap Shanks+1","ReplayTheSpireMod:Scrap Shanks","Prepared","hubris:Disease","Hallucinations","Leg Sweep+1"],"relics":["Ring of the Snake","Prayer Wheel","Letter Opener","Regal Pillow","Golden Egg","Pantograph","Pocketwatch","Mercury Hourglass","Cursed Key","ReplayTheSpireMod:Lightbulb","MutagenicStrength","Replay:Multitool","Replay:Bottled Steam","Ninja Scroll","Tiny Chest","Tiny House","Anchor","Snake Skull","Juzu Bracelet","Pen Nib","hubris:Towel","Onion Ring","HornCleat","Blue Doll"],"acts_visited":["Exordium","TheCity","TheBeyond"],"potions_floor_usage":[33,40],"damage_taken":[{"damage":6.0,"enemies":"2 Louse","floor":1.0,"turns":2.0},{"damage":2.0,"enemies":"Small Slimes","floor":3.0,"turns":4.0},{"damage":0.0,"enemies":"Jaw Worm","floor":5.0,"turns":3.0},{"damage":19.0,"enemies":"Gremlin Nob","floor":6.0,"turns":4.0},{"damage":12.0,"enemies":"Lagavulin","floor":11.0,"turns":11.0},{"damage":19.0,"enemies":"Exordium Thugs","floor":13.0,"turns":4.0},{"damage":13.0,"enemies":"3 Sentries","floor":14.0,"turns":3.0},{"damage":20.0,"enemies":"Hexaghost","floor":16.0,"turns":13.0},{"damage":2.0,"enemies":"3 Byrds","floor":18.0,"turns":4.0},{"damage":0.0,"enemies":"Gremlin Leader","floor":24.0,"turns":5.0},{"damage":24,"enemies":"Book of Stabbing","floor":27,"turns":6},{"damage":0,"enemies":"Chosen","floor":28,"turns":3},{"damage":12,"enemies":"Replay:Snechameleon","floor":31,"turns":4},{"damage":59,"enemies":"Automaton","floor":33,"turns":7},{"damage":3,"enemies":"3 Darklings","floor":35,"turns":3},{"damage":0,"enemies":"3 Shapes","floor":37,"turns":1},{"damage":8,"enemies":"Maw","floor":39,"turns":5},{"damage":8,"enemies":"R_Hoarder","floor":40,"turns":5},{"damage":50,"enemies":"Reptomancer","floor":42,"turns":6},{"damage":24,"enemies":"Giant Head","floor":47,"turns":6},{"damage":0,"enemies":"Sphere and 2 Shapes","floor":48,"turns":1},{"damage":59,"enemies":"Replay:Hell Engine","floor":50,"turns":6}],"seed_played":"8136202559801626462","potions_obtained":[{"floor":6.0,"key":"LifebloodPotion"},{"floor":11.0,"key":"ColorlessPotion"},{"floor":13.0,"key":"SkillPotion"},{"floor":18.0,"key":"Venom Potion"},{"floor":28,"key":"Block Potion"},{"floor":34,"key":"LiquidBronze"},{"floor":37,"key":"DistilledChaos"},{"floor":42,"key":"Doom Potion"}],"is_trial":false,"path_per_floor":["M","?","M","$","M","E","?","?","T","$","E","R","M","E","R_BF","B",null,"M","?","?","?","$","R","E","R","T","E","M","$","?","E","R","B",null,"M","?","M","$","M","E","R","E","T","R","?","T","E","M","R_BF","B"],"character_chosen":"THE_SILENT","items_purchased":["Prayer Wheel","Footwork","Blade Dance+1","Regal Pillow","Hidden Blade","Blade Dance","Snake Skull","ReplayTheSpireMod:Scrap Shanks"],"campfire_rested":5,"item_purchase_floors":[0,0,0,4,10,29,38,38],"current_hp_per_floor":[50,22,20,20,20,1,18,41,41,41,29,65,46,33,69,50,65,63,63,63,63,63,63,63,67,67,43,43,43,43,31,66,8,57,54,54,54,54,46,38,72,22,22,58,58,58,34,34,34,0,0],"gold":212,"neow_bonus":"","is_daily":false,"chose_seed":false,"campfire_upgraded":1,"win_rate":0.0,"timestamp":1613567982,"path_taken":["M","?","M","$","M","E","?","?","T","$","E","R","?","E","R_BF","BOSS","M","?","?","?","$","R","E","R","T","E","M","$","?","E","R","BOSS","M","?","?","$","M","E","R","E","T","R","?","?","E","M","R_BF","BOSS"],"items_purchased_type":["Relic","Card","Card","Relic","Card","Card","Relic","Card"],"build_version":"2020-12-22","purchased_purges":2,"victory":false,"max_hp_per_floor":[70,70,70,70,70,70,70,70,70,70,70,70,70,70,70,70,70,70,70,70,70,67,67,67,67,67,67,67,67,67,67,67,67,72,72,72,72,72,72,72,72,72,72,72,72,72,72,72,72,72,72],"relic_stats":{"Regal Pillow":73,"counters":[118,546],"Snake Skull":[102],"Pen Nib":[7],"Juzu Bracelet":0,"Letter Opener":[193],"Cursed Key":3,"Mercury Hourglass":[272],"Pantograph":27,"Prayer Wheel":11,"Tiny Chest":1,"obtain_stats":[{"Golden Egg":6,"Tiny House":17,"Calipers":0,"Gremlin Horn":23,"CeramicFish":23,"hubris:VirtuousBlindfold":17,"Boot":8,"HornCleat":38,"Replay:Bronze Core":17,"Prayer Wheel":0,"Iron Hammer":9,"Kunai":43,"Toxic Egg 2":28,"Byrd Skull":0,"Replay:Bottled Steam":26,"Girya":43,"Counterbalance":0,"Oddly Smooth Stone":25,"hubris:SphereOfDissonance":48,"Pen Nib":43,"Letter Opener":2,"Akabeko":24,"Du-Vu Doll":0,"SlaversCollar":34,"ReplayTheSpireMod:Shallot":26,"Shuriken":13,"Bronze Scales":9,"MutagenicStrength":21,"hubris:PeanutButter":28,"Pandora\u0027s Box":17,"Onion Ring":46,"ReplayTheSpireMod:TigerMarble":23,"Pocketwatch":11,"Lantern":28,"Regal Pillow":4,"StoneCalendar":0,"Blue Doll":49,"Snake Skull":9,"Bag of Preparation":25,"hubris:SlimyHat":25,"Replay:Multitool":24,"Juzu Bracelet":40,"Ancient Tea Set":10,"Cursed Key":17,"Pet Ghost":7,"Tough Bandages":41,"Nunchaku":34,"Replay:Bandana":7,"Mummified Hand":40,"Ninja Scroll":27,"Pantograph":9,"Tiny Chest":31,"WingedGreaves":0,"Red Mask":39,"Ring of the Snake":0,"hubris:GlazedTorus":47,"Gremlin Food":8,"hubris:DisguiseKit":34,"ReplayTheSpireMod:Ninjato":6,"Replay:Towering Pillar of Hats":0,"Golden Idol":3,"Quantum Egg":31,"Guide Book":36,"Basket Of Snakes":0,"Thread and Needle":0,"hubris:Towel":21,"Frozen Egg 2":28,"Orichalcum":29,"MawBank":26,"Mercury Hourglass":14,"Calling Bell":34,"CaptainsWheel":0,"Anchor":9,"Ectoplasm":17,"Turnip":0,"Membership Card":0,"ReplayTheSpireMod:Lightbulb":20,"hubris:Potato":14,"hubris:OldNail":10,"TungstenRod":14},{"Golden Egg":100,"Tiny House":8,"Calipers":16,"Gremlin Horn":12,"CeramicFish":83,"hubris:VirtuousBlindfold":25,"Boot":44,"HornCleat":37,"Replay:Bronze Core":79,"Prayer Wheel":96,"Iron Hammer":4,"Kunai":39,"Toxic Egg 2":58,"Byrd Skull":84,"Replay:Bottled Steam":56,"Girya":65,"Counterbalance":16,"Oddly Smooth Stone":13,"hubris:SphereOfDissonance":41,"Pen Nib":115,"Letter Opener":97,"Akabeko":29,"Du-Vu Doll":71,"SlaversCollar":35,"ReplayTheSpireMod:Shallot":13,"Shuriken":77,"Bronze Scales":89,"MutagenicStrength":105,"hubris:PeanutButter":31,"Pandora\u0027s Box":93,"Onion Ring":115,"ReplayTheSpireMod:TigerMarble":55,"Pocketwatch":101,"Lantern":14,"Regal Pillow":98,"StoneCalendar":71,"Blue Doll":117,"Snake Skull":76,"Bag of Preparation":30,"hubris:SlimyHat":56,"Replay:Multitool":106,"Juzu Bracelet":114,"Ancient Tea Set":90,"Cursed Key":104,"Pet Ghost":4,"Tough Bandages":39,"Nunchaku":60,"Replay:Bandana":76,"Mummified Hand":63,"Ninja Scroll":107,"Pantograph":100,"Tiny Chest":109,"WingedGreaves":96,"Red Mask":62,"Ring of the Snake":0,"hubris:GlazedTorus":69,"Gremlin Food":21,"hubris:DisguiseKit":60,"ReplayTheSpireMod:Ninjato":44,"Replay:Towering Pillar of Hats":96,"Golden Idol":73,"Quantum Egg":34,"Guide Book":36,"Basket Of Snakes":42,"Thread and Needle":71,"hubris:Towel":11,"Frozen Egg 2":31,"Orichalcum":32,"MawBank":30,"Mercury Hourglass":103,"Calling Bell":60,"CaptainsWheel":0,"Anchor":44,"Ectoplasm":50,"Turnip":96,"Membership Card":16,"ReplayTheSpireMod:Lightbulb":105,"hubris:Potato":7,"hubris:OldNail":22,"TungstenRod":49},{"Golden Egg":454,"Tiny House":42,"Calipers":85,"Gremlin Horn":65,"CeramicFish":384,"hubris:VirtuousBlindfold":140,"Boot":251,"HornCleat":211,"Replay:Bronze Core":370,"Prayer Wheel":441,"Iron Hammer":17,"Kunai":223,"Toxic Egg 2":299,"Byrd Skull":388,"Replay:Bottled Steam":294,"Girya":319,"Counterbalance":85,"Oddly Smooth Stone":70,"hubris:SphereOfDissonance":235,"Pen Nib":533,"Letter Opener":443,"Akabeko":162,"Du-Vu Doll":332,"SlaversCollar":201,"ReplayTheSpireMod:Shallot":70,"Shuriken":359,"Bronze Scales":409,"MutagenicStrength":488,"hubris:PeanutButter":173,"Pandora\u0027s Box":429,"Onion Ring":533,"ReplayTheSpireMod:TigerMarble":291,"Pocketwatch":465,"Lantern":76,"Regal Pillow":447,"StoneCalendar":332,"Blue Doll":540,"Snake Skull":355,"Bag of Preparation":168,"hubris:SlimyHat":294,"Replay:Multitool":493,"Juzu Bracelet":527,"Ancient Tea Set":415,"Cursed Key":485,"Pet Ghost":17,"Tough Bandages":223,"Nunchaku":305,"Replay:Bandana":355,"Mummified Hand":313,"Ninja Scroll":499,"Pantograph":454,"Tiny Chest":506,"WingedGreaves":441,"Red Mask":310,"Ring of the Snake":0,"hubris:GlazedTorus":327,"Gremlin Food":113,"hubris:DisguiseKit":305,"ReplayTheSpireMod:Ninjato":251,"Replay:Towering Pillar of Hats":441,"Golden Idol":338,"Quantum Egg":190,"Guide Book":206,"Basket Of Snakes":243,"Thread and Needle":332,"hubris:Towel":56,"Frozen Egg 2":173,"Orichalcum":179,"MawBank":168,"Mercury Hourglass":472,"Calling Bell":305,"CaptainsWheel":0,"Anchor":251,"Ectoplasm":271,"Turnip":441,"Membership Card":85,"ReplayTheSpireMod:Lightbulb":488,"hubris:Potato":31,"hubris:OldNail":121,"TungstenRod":265}],"Ring of the Snake":[236],"Pocketwatch":[36]},"card_choices":[{"not_picked":["hubris:SlightOfHand","PiercingWail"],"picked":"Dagger Spray","floor":1.0},{"not_picked":["Distraction","Poisoned Stab"],"picked":"Cloak And Dagger","floor":1.0},{"not_picked":["Replay:Poison Smokescreen","Masterful Stab"],"picked":"Dagger Spray","floor":2.0},{"not_picked":["Predator","Escape Plan"],"picked":"Cloak And Dagger","floor":3.0},{"not_picked":["Outmaneuver","Predator"],"picked":"Draining Mist","floor":3.0},{"not_picked":["Masterful Stab","hubris:Counter"],"picked":"hubris:Sniper","floor":5.0},{"not_picked":["Quick Slash","Slice"],"picked":"ReplayTheSpireMod:Speed Training","floor":5.0},{"not_picked":["Sucker Punch","Fluid Movement"],"picked":"Leg Sweep","floor":6.0},{"not_picked":["Escape Plan","Underhanded Strike"],"picked":"Finisher","floor":11.0},{"not_picked":["Bouncing Flask","Choke"],"picked":"ReplayTheSpireMod:Shiv Toss","floor":13.0},{"not_picked":["Deadly Poison","hubris:SlightOfHand"],"picked":"Calculated Gamble","floor":13.0},{"not_picked":["Outmaneuver","Dodge and Roll"],"picked":"Dagger Throw","floor":14.0},{"not_picked":["Grand Finale","Adrenaline"],"picked":"Envenom","floor":16.0},{"not_picked":["Expertise","Deflect"],"picked":"Blade Dance","floor":18.0},{"not_picked":["Outmaneuver","Eviscerate","Bane"],"picked":"SKIP","floor":18.0},{"not_picked":["Quick Slash","Replay:Bag of Tricks"],"picked":"Die Die Die","floor":24},{"not_picked":["Dagger Spray","Masterful Stab+1","Tactician"],"picked":"SKIP","floor":27},{"not_picked":["Underhanded Strike","Flying Knee"],"picked":"Infinite Blades+1","floor":28},{"not_picked":["Underhanded Strike","Dagger Throw","Dodge and Roll"],"picked":"SKIP","floor":28},{"not_picked":["Bane","Replay:Poison Smokescreen"],"picked":"Noxious Fumes","floor":31},{"not_picked":["Malaise","Doppelganger"],"picked":"ReplayTheSpireMod:From All Sides","floor":33},{"not_picked":["Skewer","Dagger Throw+1","Bane"],"picked":"SKIP","floor":35},{"not_picked":["Poisoned Stab","Deflect","Prepared"],"picked":"SKIP","floor":35},{"not_picked":["Unload","Deflect"],"picked":"PiercingWail","floor":37},{"not_picked":["Sucker Punch","Flying Knee","Prepared"],"picked":"SKIP","floor":37},{"not_picked":["Flying Knee","Deadly Poison"],"picked":"ReplayTheSpireMod:Scrap Shanks","floor":39},{"not_picked":["Replay:Poison Smokescreen","Distraction","ReplayTheSpireMod:Tripwire+1"],"picked":"SKIP","floor":39},{"not_picked":["Sucker Punch+1","Setup","Skewer"],"picked":"SKIP","floor":40},{"not_picked":["Flechettes","Underhanded Strike"],"picked":"Prepared","floor":42},{"not_picked":["Skewer","Toxin Wave"],"picked":"Leg Sweep+1","floor":47},{"not_picked":["Flying Knee","Poisoned Stab+1","Slice"],"picked":"SKIP","floor":48},{"not_picked":["Sucker Punch","Quick Slash","Prepared"],"picked":"SKIP","floor":48}],"player_experience":632380,"relics_obtained":[{"floor":2.0,"key":"Letter Opener"},{"floor":6.0,"key":"Golden Egg"},{"floor":9.0,"key":"Pantograph"},{"floor":11.0,"key":"Pocketwatch"},{"floor":14.0,"key":"Mercury Hourglass"},{"floor":24,"key":"Replay:Multitool"},{"floor":26,"key":"Replay:Bottled Steam"},{"floor":27,"key":"Ninja Scroll"},{"floor":31,"key":"Tiny Chest"},{"floor":36,"key":"Anchor"},{"floor":40,"key":"Juzu Bracelet"},{"floor":43,"key":"Pen Nib"},{"floor":46,"key":"Onion Ring"},{"floor":47,"key":"HornCleat"},{"floor":49,"key":"Blue Doll"}],"event_choices":[{"damage_healed":17.0,"max_hp_gain":0.0,"max_hp_loss":0.0,"gold_gain":0.0,"event_name":"Mushrooms","player_choice":"Healed and dodged fight","floor":7.0,"gold_loss":0.0,"damage_taken":0.0,"cards_obtained":["Parasite"]},{"damage_healed":23.0,"max_hp_gain":0.0,"max_hp_loss":0.0,"gold_gain":0.0,"event_name":"Big Fish","player_choice":"Banana","floor":8.0,"gold_loss":0.0,"damage_taken":0.0},{"damage_healed":0.0,"max_hp_gain":0.0,"max_hp_loss":0.0,"gold_gain":0.0,"event_name":"Addict","player_choice":"Obtained Relic","floor":20.0,"gold_loss":85.0,"damage_taken":0.0,"relics_obtained":["ReplayTheSpireMod:Lightbulb"]},{"damage_healed":0.0,"max_hp_gain":0.0,"max_hp_loss":0.0,"gold_gain":0.0,"event_name":"Drug Dealer","player_choice":"Inject Mutagens","floor":21.0,"gold_loss":0.0,"damage_taken":0.0,"relics_obtained":["MutagenicStrength"]},{"damage_healed":0,"gold_gain":0,"player_choice":"Ignored","damage_taken":0,"max_hp_gain":0,"max_hp_loss":0,"event_name":"Cursed Tome","floor":30,"gold_loss":0},{"damage_healed":0,"gold_gain":0,"player_choice":"Relic","damage_taken":0,"max_hp_gain":0,"max_hp_loss":0,"event_name":"Wheel of Change","floor":36,"gold_loss":0}],"is_beta":false,"boss_relics":[{"not_picked":["SacredBark","Runic Dome"],"picked":"Cursed Key"},{"not_picked":["Runic Pyramid","hubris:HollowSoul"],"picked":"Tiny House"}],"items_purged_floors":[0,22],"is_endless":false,"potions_floor_spawned":[6,11,13,18,28,37,42,48],"killed_by":"Replay:Hell Engine","ascension_level":12}}