{"host":"1hw3ks68c0zl1mxv","time":1613538299,"event":{"mods":["2.2 Compatiblity","Act Like it!","Aspiration","BaseMod","Beaked The Cultist","BetterRewards","Colored Map","Colored Powertips","Conspire","Downfall","Energized Spire","GungeonMod","Halation","Hallownest","Hubris","Infinite Spire","Marisa????????","Mimic Mod","Minty Spire (QoL Compilation)","Quick Restart","Replay The Spire","Shop Mod","StSLib","The Bug Knight","The Construct","The Elementalist","The Necromancer","The Saiyan","The Servant 0.9.4","TheHero"],"gold_per_floor":[110,110,10,26,26,26,56,56,80,130,162,181,195,195,195,297,297,312,362,37,49,49,49,60,76,112,123,140,140,140,157,157,257,257,270,287,287,287,303,303,319,319,319,338,338,338,338,356,356,356],"floor_reached":51,"language":"ENG","playtime":2181,"items_purged":["Strike_G","Strike_G","Strike_G"],"score":724,"play_id":"fd72f982-4fc9-4293-8eb5-d48225a1f724","local_time":"20210216220459","is_ascension_mode":false,"campfire_choices":[{"data":"Neutralize","floor":6.0,"key":"SMITH"},{"floor":15.0,"key":"REST"},{"data":"Dodge and Roll","floor":23.0,"key":"SMITH"},{"data":"Dodge and Roll","floor":29.0,"key":"SMITH"},{"data":"Dodge and Roll","floor":32.0,"key":"SMITH"},{"data":"Catalyst","floor":40,"key":"SMITH"},{"data":"Burst","floor":42,"key":"SMITH"},{"floor":46,"key":"REST"},{"floor":49,"key":"REST"}],"circlet_count":0,"master_deck":["Strike_G","Defend_G+1","Defend_G+1","Defend_G+1","Defend_G+1","Defend_G","Survivor+1","Neutralize+1","Noxious Fumes","Corpse Explosion","Corpse Explosion+1","Blur","Deadly Poison+1","Catalyst+1","Dodge and Roll+1","Dodge and Roll+1","Corpse Explosion","PiercingWail+1","Noxious Fumes","Dodge and Roll+1","infinitespire:Fortify","Deflect+1","hubris:Despair","Deadly Poison","Bouncing Flask","PiercingWail","Adrenaline","Burst+1","Hallucinations","ReplayTheSpireMod:Echoes of Time","Madness","Madness"],"relics":["Ring of the Snake","Art of War","DollysMirror","Gremlin Food","aspiration:DSix","Snack Pack","Replay:Baseball","infinitespire:PuzzleCube","hubris:CrystalStatue","DemoMod:GlassGuonStoneRelic","Cursed Key","HollowMod:StagPassRelic","hubris:Potato","hubris:RunicObelisk","hubris:Towel","War Paint"],"acts_visited":["Exordium","TheCity","TheBeyond"],"potions_floor_usage":[39,48,48,50],"damage_taken":[{"damage":1.0,"enemies":"Jaw Worm","floor":1.0,"turns":5.0},{"damage":0.0,"enemies":"2 Louse","floor":4.0,"turns":2.0},{"damage":15.0,"enemies":"Lagavulin","floor":7.0,"turns":6.0},{"damage":8.0,"enemies":"conspire:MimicChest","floor":11.0,"turns":4.0},{"damage":0.0,"enemies":"Small Slimes","floor":12.0,"turns":2.0},{"damage":0.0,"enemies":"3 Louse","floor":13.0,"turns":1.0},{"damage":2.0,"enemies":"Fading Forest","floor":16.0,"turns":11.0},{"damage":0.0,"enemies":"Shell Parasite","floor":18.0,"turns":4.0},{"damage":0.0,"enemies":"Spheric Guardian","floor":21.0,"turns":3.0},{"damage":0.0,"enemies":"Snake Plant","floor":24.0,"turns":4.0},{"damage":0.0,"enemies":"Centurion and Healer","floor":25.0,"turns":3.0},{"damage":0.0,"enemies":"Shelled Parasite and Fungi","floor":26.0,"turns":7.0},{"damage":0.0,"enemies":"Shelled Parasite and Fungi","floor":27.0,"turns":3.0},{"damage":0.0,"enemies":"Cultist and Chosen","floor":28.0,"turns":4.0},{"damage":0.0,"enemies":"Centurion and Healer","floor":31.0,"turns":4.0},{"damage":0.0,"enemies":"conspire:MysteriousRune","floor":33.0,"turns":8.0},{"damage":0.0,"enemies":"3 Darklings","floor":35.0,"turns":3.0},{"damage":0,"enemies":"3 Shapes","floor":36,"turns":2},{"damage":0,"enemies":"Spire Growth","floor":39,"turns":6},{"damage":0,"enemies":"Jaw Worm Horde","floor":41,"turns":2},{"damage":0,"enemies":"Sphere and 2 Shapes","floor":44,"turns":2},{"damage":0,"enemies":"Transient","floor":48,"turns":5},{"damage":0,"enemies":"Replay:Hell Engine","floor":50,"turns":6}],"seed_played":"-6387782187027417970","potions_obtained":[{"floor":1.0,"key":"Poison Potion"},{"floor":24.0,"key":"SkillPotion"},{"floor":28.0,"key":"Strength Potion"},{"floor":33.0,"key":"Toxic Potion"},{"floor":35.0,"key":"ColorlessPotion"},{"floor":36,"key":"DemoMod:BlankPotion"},{"floor":44,"key":"Swift Potion"}],"is_trial":false,"path_per_floor":["M","?","$","M","?","R","E","?","T","?","?","M","M","?","R","B",null,"M","?","$","M","AVR","R","M","M","MIM","M","M","R","?","M","R","B",null,"M","M","?","?","M","R","M","R","T","M","?","R","?","M","R","B",null],"character_chosen":"THE_SILENT","items_purchased":["Art of War","Noxious Fumes","Corpse Explosion","DollysMirror","Gremlin Food","aspiration:DSix","Blur","HollowMod:StagPassRelic","Noxious Fumes"],"campfire_rested":3,"item_purchase_floors":[0,0,0,0,0,0,0,20,20],"current_hp_per_floor":[69,62,62,62,62,62,47,33,33,33,25,25,25,25,46,54,70,70,70,70,70,70,70,70,70,70,70,70,70,70,70,70,70,70,70,70,70,70,70,70,70,70,70,70,54,70,61,61,70,70],"gold":356,"neow_bonus":"","is_daily":false,"chose_seed":false,"campfire_upgraded":6,"win_rate":0.0,"timestamp":1613538299,"path_taken":["M","?","$","M","?","R","E","?","T","?","?","M","M","?","R","BOSS","M","?","?","M","AVR","R","M","M","MIM","?","M","R","?","M","R","BOSS","M","M","?","?","M","R","M","R","T","M","?","R","?","M","R","BOSS"],"items_purchased_type":["Relic","Card","Card","Relic","Relic","Relic","Card","Relic","Card"],"build_version":"2020-12-22","purchased_purges":3,"victory":true,"max_hp_per_floor":[70,70,70,70,70,70,70,70,70,70,70,70,70,70,70,70,70,70,70,70,70,70,70,70,70,70,70,70,70,70,70,70,70,70,70,70,70,70,70,70,70,70,70,70,70,70,70,70,70,70],"card_choices":[{"not_picked":["Sucker Punch","Backflip"],"picked":"Deadly Poison","floor":1.0},{"not_picked":["Deflect","Distraction","Heel Hook"],"picked":"SKIP","floor":4.0},{"not_picked":["ReplayTheSpireMod:Tripwire","Acrobatics"],"picked":"Catalyst","floor":7.0},{"not_picked":["Poisoned Stab","Cloak And Dagger"],"picked":"Dodge and Roll","floor":12.0},{"not_picked":["Acrobatics","ReplayTheSpireMod:Shiv Toss"],"picked":"Dodge and Roll","floor":13.0},{"not_picked":["Glass Knife","Poison Darts"],"picked":"Corpse Explosion","floor":16.0},{"not_picked":["Bane","Quick Slash"],"picked":"PiercingWail","floor":18.0},{"not_picked":["Blade Dance","Underhanded Strike"],"picked":"Dodge and Roll","floor":21.0},{"not_picked":["Underhanded Strike","Distraction+1"],"picked":"Deflect+1","floor":24.0},{"not_picked":["Finisher","Cloak And Dagger","Masterful Stab"],"picked":"SKIP","floor":25.0},{"not_picked":["ReplayTheSpireMod:From All Sides","Backflip"],"picked":"Deadly Poison","floor":26.0},{"not_picked":["Tactician","Sucker Punch","Slice+1"],"picked":"SKIP","floor":27.0},{"not_picked":["Poisoned Stab","Outmaneuver+1"],"picked":"Bouncing Flask","floor":28.0},{"not_picked":["Deadly Poison+1","Poisoned Stab","hubris:SlightOfHand"],"picked":"SKIP","floor":31.0},{"not_picked":["ReplayTheSpireMod:From All Sides","Envenom"],"picked":"Adrenaline","floor":33.0},{"not_picked":["Underhanded Strike","Deadly Poison","Toxin Wave"],"picked":"SKIP","floor":35.0},{"not_picked":["Outmaneuver","Skewer","Underhanded Strike+1"],"picked":"SKIP","floor":36},{"not_picked":["Dagger Spray","Riddle With Holes","PiercingWail"],"picked":"SKIP","floor":39},{"not_picked":["Blur","Masterful Stab+1"],"picked":"Burst","floor":41},{"not_picked":["Hidden Blade","Poisoned Stab+1","ReplayTheSpireMod:Scrap Shanks+1"],"picked":"SKIP","floor":44},{"not_picked":["infinitespire:Gouge","infinitespire:Menacing"],"picked":"ReplayTheSpireMod:Echoes of Time","floor":45},{"not_picked":["Deflect+1","PiercingWail","Flying Knee+1"],"picked":"SKIP","floor":48}],"player_experience":1591714,"relics_obtained":[{"floor":5.0,"key":"Snack Pack"},{"floor":7.0,"key":"Replay:Baseball"},{"floor":9.0,"key":"infinitespire:PuzzleCube"},{"floor":11.0,"key":"hubris:CrystalStatue"},{"floor":26.0,"key":"hubris:Potato"},{"floor":43,"key":"War Paint"}],"event_choices":[{"cards_removed":["Strike_G"],"damage_healed":0.0,"max_hp_gain":0.0,"max_hp_loss":0.0,"gold_gain":0.0,"event_name":"Golden Wing","player_choice":"Card Removal","floor":2.0,"gold_loss":0.0,"damage_taken":7.0},{"damage_healed":0.0,"max_hp_gain":0.0,"max_hp_loss":0.0,"gold_gain":0.0,"event_name":"Shining Light","player_choice":"Entered Light","floor":8.0,"gold_loss":0.0,"damage_taken":14.0,"cards_upgraded":["Defend_G","Survivor"]},{"damage_healed":0.0,"max_hp_gain":0.0,"max_hp_loss":0.0,"gold_gain":100.0,"event_name":"The Joust","player_choice":"Bet on Murderer","floor":19.0,"gold_loss":50.0,"damage_taken":0.0},{"damage_healed":0.0,"max_hp_gain":0.0,"max_hp_loss":0.0,"gold_gain":0.0,"event_name":"The Library","player_choice":"Read","floor":30.0,"gold_loss":0.0,"damage_taken":0.0,"cards_obtained":["PiercingWail"]},{"damage_healed":0,"gold_gain":0,"player_choice":"Memory 1","damage_taken":0,"max_hp_gain":0,"max_hp_loss":0,"event_name":"SensoryStone","floor":38,"gold_loss":0},{"damage_healed":0,"gold_gain":0,"player_choice":"Embrace Madness","damage_taken":9,"max_hp_gain":0,"max_hp_loss":0,"event_name":"Winding Halls","floor":47,"gold_loss":0,"cards_obtained":["Madness","Madness"]}],"is_beta":false,"boss_relics":[{"not_picked":["hubris:VirtuousBlindfold","Pandora\u0027s Box"],"picked":"Cursed Key"},{"not_picked":["aspiration:SecretTechniqueScroll","conspire:SlowCooker"],"picked":"hubris:RunicObelisk"}],"items_purged_floors":[0,3,22],"is_endless":false,"potions_floor_spawned":[1,24,28,33,35,36,44],"ascension_level":0}}