{"host":"gl5rgsfncjl28cj1","time":1613525343,"event":{"mods":["BaseMod","Colored Map","Highlight Path","Minty Spire (QoL Compilation)","Permanent Neow","StSLib"],"gold_per_floor":[118,42,61,81,98,98,115,115,139,169,169,185,216,2,2,79,79,94,54,54],"floor_reached":19,"language":"KOR","playtime":795,"items_purged":["Strike_G"],"score":358,"play_id":"66486341-2d41-46d6-a1a8-7b079b2554ac","local_time":"20210217102903","is_ascension_mode":true,"campfire_choices":[{"data":"Deadly Poison","floor":6,"key":"SMITH"},{"data":"Dash","floor":8,"key":"SMITH"},{"floor":11,"key":"REST"},{"floor":15,"key":"REST"}],"circlet_count":0,"master_deck":["AscendersBane","Strike_G+1","Strike_G","Strike_G","Strike_G+1","Defend_G","Defend_G","Defend_G","Defend_G","Survivor","Neutralize","Deadly Poison+1","Reflex","Dash+1","Blur","All Out Attack","Dagger Throw","Backflip","Deadly Poison","Calculated Gamble","Acrobatics","A Thousand Cuts","Glass Knife","CurseOfTheBell","Calculated Gamble+1"],"relics":["Ring of the Snake","Whetstone","Orichalcum","Oddly Smooth Stone","Calling Bell","Smiling Mask","Pear","Ginger"],"acts_visited":["Exordium","TheCity"],"potions_floor_usage":[5,5,5,7,13,19],"damage_taken":[{"damage":1,"enemies":"Small Slimes","floor":1,"turns":4},{"damage":0,"enemies":"2 Louse","floor":3,"turns":3},{"damage":0,"enemies":"Cultist","floor":4,"turns":3},{"damage":11,"enemies":"Gremlin Gang","floor":5,"turns":6},{"damage":0,"enemies":"Looter","floor":7,"turns":3},{"damage":27,"enemies":"3 Sentries","floor":10,"turns":10},{"damage":0,"enemies":"Red Slaver","floor":12,"turns":4},{"damage":20,"enemies":"Gremlin Nob","floor":13,"turns":4},{"damage":32,"enemies":"The Guardian","floor":16,"turns":13},{"damage":38,"enemies":"Chosen","floor":18,"turns":6},{"damage":0,"enemies":"2 Thieves","floor":19,"turns":2}],"seed_played":"3739663939073115681","potions_obtained":[{"floor":3,"key":"Energy Potion"},{"floor":4,"key":"EntropicBrew"},{"floor":5,"key":"Energy Potion"},{"floor":16,"key":"PowerPotion"},{"floor":18,"key":"BlessingOfTheForge"}],"is_trial":false,"path_per_floor":["M","$","M","M","M","R","M","R","T","E","R","M","E","$","R","B",null,"M","M"],"character_chosen":"THE_SILENT","items_purchased":["Reflex","Acrobatics","A Thousand Cuts"],"campfire_rested":2,"item_purchase_floors":[2,14,14],"current_hp_per_floor":[58,58,58,58,47,47,47,47,47,20,39,39,19,19,38,6,61,23,23,23],"gold":54,"neow_bonus":"REMOVE_CARD","is_daily":false,"chose_seed":false,"campfire_upgraded":2,"win_rate":0.0,"timestamp":1613525343,"path_taken":["M","$","M","M","M","R","M","R","T","E","R","M","E","$","R","BOSS","M","M"],"items_purchased_type":["Card","Card","Card"],"build_version":"2020-12-22","purchased_purges":1,"victory":false,"max_hp_per_floor":[66,66,66,66,66,66,66,66,66,66,66,66,66,66,66,66,76,76,76,76],"card_choices":[{"not_picked":["Sucker Punch","Accuracy"],"picked":"Deadly Poison","floor":1},{"not_picked":["Flying Knee","Slice"],"picked":"Dash","floor":3},{"not_picked":["Prepared","Backflip"],"picked":"Blur","floor":4},{"not_picked":["Dodge and Roll","Finisher"],"picked":"All Out Attack","floor":5},{"not_picked":["Outmaneuver","Cloak And Dagger"],"picked":"Dagger Throw","floor":7},{"not_picked":["Escape Plan","Prepared"],"picked":"Backflip","floor":10},{"not_picked":["Expertise","Unload"],"picked":"Deadly Poison","floor":12},{"not_picked":["Cloak And Dagger","Crippling Poison"],"picked":"Calculated Gamble","floor":13},{"not_picked":["Unload","Phantasmal Killer"],"picked":"Glass Knife","floor":16},{"not_picked":["Tactician","Flechettes+1"],"picked":"Calculated Gamble+1","floor":18}],"player_experience":1043630,"relics_obtained":[{"floor":9,"key":"Whetstone"},{"floor":10,"key":"Orichalcum"},{"floor":13,"key":"Oddly Smooth Stone"},{"floor":17,"key":"Smiling Mask"},{"floor":17,"key":"Pear"},{"floor":17,"key":"Ginger"}],"event_choices":[],"is_beta":false,"boss_relics":[{"not_picked":["Runic Dome","Snecko Eye"],"picked":"Calling Bell"}],"items_purged_floors":[14],"is_endless":false,"potions_floor_spawned":[3,4,5,16,18],"killed_by":"2 Thieves","ascension_level":20}}