{"host":"v3uiz0f6o9fje2a8","time":1613596579,"event":{"mods":["AchievementEnabler","Act Like it!","BaseMod","Block Reminder","Colored Map","Colored Powertips","Downfall","Infinite Spire","Jorbs\u0027s Wanderer Trilogy","Minty Spire (QoL Compilation)","Rare Cards Sparkle","Robot Space Explorer","StSLib","The Hierophant","The Marked","The Runesmith"],"gold_per_floor":[117,117,117,117,135,470,470,645,645,20,20,37,66,66,66,168,168,181,199,249,263,277,277,277,552,552,572,593,593,593,605,605,715,715,738,127,141,141,61,1060,1076,1097,1097,1097,1117,1141,1141],"floor_reached":46,"language":"ENG","playtime":1713,"items_purged":["Doubt","Regret"],"score":505,"play_id":"01a0338b-d6b4-4a96-8181-89e88ac0b625","local_time":"20210217211618","is_ascension_mode":false,"campfire_choices":[{"data":"Loop","floor":7,"key":"SMITH"},{"data":"infinitespire:FutureSight","floor":11,"key":"SMITH"},{"floor":15,"key":"REST"},{"floor":23,"key":"REST"},{"data":"Defragment","floor":29,"key":"SMITH"},{"data":"Zap","floor":32,"key":"SMITH"},{"data":"Chaos","floor":44,"key":"SMITH"}],"circlet_count":0,"master_deck":["Strike_B+1","Strike_B+1","Strike_B+1","Strike_B+1","Defend_B+1","Defend_B+1","Defend_B+1","Defend_B+1","Zap+1","Dualcast","Defragment+1","infinitespire:FutureSight+1","Chaos+1","Loop+1","Loop","Ball Lightning","Lockon","Ball Lightning+1","Redo","Electrodynamics+1","Conserve Battery+1","Doom and Gloom","Chill","infinitespire:Starlight","Turbo+1","Conserve Battery","Defragment+1","Storm+1","Sweeping Beam","Echo Form+1","Redo+1","Storm+1","Heatsinks+1","Finesse","Loop+1","Normality","Normality","Conserve Battery+1","Self Repair+1","Defragment+1"],"relics":["Cracked Core","Old Coin","Gambling Chip","Centennial Puzzle","Frozen Egg 2","Oddly Smooth Stone","Nunchaku","Inserter","ClockworkSouvenir","Tiny House","infinitespire:Midas Blood","Unceasing Top","Runic Pyramid","FossilizedHelix","Akabeko","Gremlin Horn"],"acts_visited":["Exordium","TheCity","TheBeyond"],"potions_floor_usage":[6,6,6,16,33,33,41],"damage_taken":[{"damage":8,"enemies":"Jaw Worm","floor":1,"turns":3},{"damage":6,"enemies":"Small Slimes","floor":5,"turns":3},{"damage":2,"enemies":"Gremlin Nob","floor":6,"turns":3},{"damage":12,"enemies":"2 Louse","floor":12,"turns":2},{"damage":8,"enemies":"Lagavulin","floor":13,"turns":4},{"damage":46,"enemies":"Hexaghost","floor":16,"turns":6},{"damage":5,"enemies":"3 Byrds","floor":18,"turns":2},{"damage":22,"enemies":"Shell Parasite","floor":19,"turns":4},{"damage":20,"enemies":"Cultist and Chosen","floor":21,"turns":5},{"damage":20,"enemies":"Sentry and Sphere","floor":22,"turns":8},{"damage":16,"enemies":"3 Cultists","floor":27,"turns":4},{"damage":3,"enemies":"Cultist and Chosen","floor":28,"turns":5},{"damage":2,"enemies":"Chosen and Byrds","floor":31,"turns":4},{"damage":36,"enemies":"Champ","floor":33,"turns":9},{"damage":25,"enemies":"3 Shapes","floor":35,"turns":2},{"damage":0,"enemies":"Orb Walker","floor":37,"turns":2},{"damage":0,"enemies":"Transient","floor":41,"turns":5},{"damage":5,"enemies":"Spire Growth","floor":42,"turns":3},{"damage":0,"enemies":"3 Darklings","floor":45,"turns":2},{"damage":79,"enemies":"Nightmare","floor":46,"turns":4}],"seed_played":"-3718545438729780705","potions_obtained":[{"floor":4,"key":"Dexterity Potion"},{"floor":4,"key":"Fire Potion"},{"floor":4,"key":"champ:CounterPotion"},{"floor":12,"key":"SmokeBomb"},{"floor":13,"key":"Explosive Potion"},{"floor":20,"key":"Ancient Potion"},{"floor":21,"key":"BlessingOfTheForge"},{"floor":27,"key":"PowerPotion"},{"floor":33,"key":"LiquidMemories"},{"floor":37,"key":"DistilledChaos"},{"floor":41,"key":"Fire Potion"}],"is_trial":false,"path_per_floor":["M","?","?","?","M","E","R","?","T","$","R","M","E","T","R","B",null,"M","M","AVR","M","M","R","?","?","T","M","M","R","T","M","R","B",null,"M","$","M","?","$","?","M","M","T","R","M","NM"],"character_chosen":"DEFECT","items_purchased":["Loop","Ball Lightning","Lockon","Centennial Puzzle","Frozen Egg 2","Storm+1","FossilizedHelix","Akabeko","Loop+1"],"campfire_rested":2,"item_purchase_floors":[10,10,10,10,10,36,36,36,39],"current_hp_per_floor":[74,53,53,53,47,45,45,45,45,45,45,33,25,25,49,3,82,77,55,60,50,40,66,66,66,66,60,67,67,67,75,75,49,87,62,62,62,62,62,62,72,67,67,67,77,0,0],"gold":1141,"neow_bonus":"TEN_PERCENT_HP_BONUS","is_daily":false,"chose_seed":false,"campfire_upgraded":5,"win_rate":0.0,"timestamp":1613596578,"path_taken":["M","?","?","?","?","E","R","?","T","?","R","M","E","?","R","BOSS","M","M","AVR","M","M","R","?","?","T","?","M","R","?","M","R","BOSS","M","?","M","?","$","?","M","M","T","R","M","NM"],"items_purchased_type":["Card","Card","Card","Relic","Relic","Card","Relic","Relic","Card"],"build_version":"2020-12-22","purchased_purges":2,"victory":false,"max_hp_per_floor":[82,82,82,82,82,82,82,82,82,82,82,82,82,82,82,82,82,82,82,87,87,87,87,87,87,87,87,87,87,87,87,87,87,87,87,87,87,87,87,87,87,87,87,87,87,87,87],"card_choices":[{"not_picked":["Rip and Tear","Leap"],"picked":"Defragment","floor":1},{"not_picked":["infinitespire:FinalStrike","infinitespire:UltimateForm"],"picked":"infinitespire:FutureSight","floor":2},{"not_picked":["Steam","Self Repair"],"picked":"Chaos","floor":5},{"not_picked":["White Noise","Skim"],"picked":"Loop","floor":6},{"not_picked":["Compile Driver","Sunder"],"picked":"Ball Lightning","floor":12},{"not_picked":["Gash","Lockon"],"picked":"Redo","floor":13},{"not_picked":["Meteor Strike","Core Surge"],"picked":"Electrodynamics+1","floor":16},{"not_picked":["Hologram+1","Steam"],"picked":"Conserve Battery+1","floor":18},{"not_picked":["Aggregate+1","Beam Cell+1"],"picked":"Doom and Gloom","floor":19},{"not_picked":["Conserve Battery","Cold Snap+1"],"picked":"Chill","floor":20},{"not_picked":["Doom and Gloom","Steam+1"],"picked":"Turbo+1","floor":21},{"not_picked":["Core Surge","Cold Snap"],"picked":"Conserve Battery","floor":22},{"not_picked":["Rebound","Double Energy"],"picked":"Defragment+1","floor":27},{"not_picked":["Doom and Gloom","Rebound"],"picked":"Storm+1","floor":28},{"not_picked":["Seek","Glacier"],"picked":"Sweeping Beam","floor":31},{"not_picked":["All For One","Seek"],"picked":"Echo Form+1","floor":33},{"not_picked":["Darkness+1","Stack+1"],"picked":"Redo+1","floor":35},{"not_picked":["BootSequence","Coolheaded"],"picked":"Heatsinks+1","floor":37},{"not_picked":["Trip","Dark Shackles"],"picked":"Finesse","floor":38},{"not_picked":["Stack+1","Rebound+1"],"picked":"Conserve Battery+1","floor":41},{"not_picked":["Genetic Algorithm+1","Compile Driver"],"picked":"Self Repair+1","floor":42},{"not_picked":["Stack","Compile Driver+1"],"picked":"Defragment+1","floor":45}],"player_experience":75514,"relics_obtained":[{"floor":6,"key":"Old Coin"},{"floor":9,"key":"Gambling Chip"},{"floor":13,"key":"Oddly Smooth Stone"},{"floor":14,"key":"Nunchaku"},{"floor":26,"key":"infinitespire:Midas Blood"},{"floor":30,"key":"Unceasing Top"},{"floor":43,"key":"Gremlin Horn"}],"event_choices":[{"damage_healed":0,"gold_gain":0,"player_choice":"Got Potions","damage_taken":0,"max_hp_gain":0,"max_hp_loss":0,"event_name":"Lab","floor":4,"gold_loss":0},{"damage_healed":0,"gold_gain":175,"player_choice":"AGREE","damage_taken":0,"max_hp_gain":0,"max_hp_loss":0,"event_name":"Liars Game","floor":8,"gold_loss":0,"cards_obtained":["Doubt"]},{"damage_healed":0,"gold_gain":0,"player_choice":"Simplicity","damage_taken":0,"max_hp_gain":0,"max_hp_loss":0,"event_name":"Back to Basics","floor":24,"gold_loss":0,"cards_upgraded":["Strike_B","Strike_B","Strike_B","Strike_B","Defend_B","Defend_B","Defend_B","Defend_B"]},{"damage_healed":0,"gold_gain":275,"player_choice":"Desecrate","damage_taken":0,"max_hp_gain":0,"max_hp_loss":0,"event_name":"Golden Shrine","floor":25,"gold_loss":0,"cards_obtained":["Regret"]},{"damage_healed":0,"gold_gain":0,"player_choice":"Memory 1","damage_taken":0,"max_hp_gain":0,"max_hp_loss":0,"event_name":"SensoryStone","floor":38,"gold_loss":0},{"damage_healed":0,"gold_gain":999,"player_choice":"Gold","damage_taken":0,"max_hp_gain":0,"max_hp_loss":0,"event_name":"MindBloom","floor":40,"gold_loss":0,"cards_obtained":["Normality","Normality"]}],"is_beta":false,"boss_relics":[{"not_picked":["Snecko Eye","Astrolabe"],"picked":"Inserter"},{"not_picked":["Runic Dome","bronze:MakeshiftBattery"],"picked":"Runic Pyramid"}],"items_purged_floors":[10,36],"is_endless":false,"potions_floor_spawned":[12,13,21,27,28,31,33,37,41],"killed_by":"Nightmare","ascension_level":0}}