{"host":"c83fcgyuu74iknko","time":1613535867,"event":{"mods":["BaseMod","BetterRewards","Colored Map","Colored Powertips","Minty Spire (QoL Compilation)","Quick Restart","StSLib","The Animator","The Senshi"],"gold_per_floor":[131,131,163,48,59,91,91,91,91,91,101,130,85,117,117,213,213,247,247,178,201,215,250,265,289,335,335,343,343],"floor_reached":28,"language":"ENG","playtime":1827,"items_purged":["animator:Strike"],"score":300,"play_id":"bc09a170-1dc1-4a25-b7c6-adf5343af79e","local_time":"20210216202427","is_ascension_mode":false,"campfire_choices":[{"data":"animator:Hans","floor":7,"key":"SMITH"},{"data":"animator:Vanir","floor":10,"key":"SMITH"},{"floor":15,"key":"REST"},{"data":"animator:Megumin+5","floor":27,"key":"SMITH"}],"circlet_count":0,"master_deck":["animator:Defend_Konosuba","animator:Strike","animator:Strike","animator:Defend","animator:Defend","animator:Defend","animator:Kazuma","animator:Aqua","animator:DolaRiku+1","Strike_P","animator:Vanir+1","animator:Darkness","animator:Hans+1","animator:Verdia","animator:Mitsurugi+1","animator:YunYun+1","animator:Hans","animator:Megumin+7","animator:Chris","animator:Sloth","animator:Sora","animator:Wiz","animator:Sora"],"relics":["animator:LivingPicture","animator:TheMissingPiece","NeowsBlessing","animator:WornHelmet","animator:ShionDessert","Runic Dome","Nloth\u0027s Gift","Pocketwatch","MealTicket"],"acts_visited":["Exordium","TheCity"],"potions_floor_usage":[6,6,6,6,6,14,14,14,16,16,21,24,24,28],"damage_taken":[{"damage":0,"enemies":"Small Slimes","floor":1,"turns":1},{"damage":0,"enemies":"Cultist","floor":3,"turns":1},{"damage":0,"enemies":"2 Louse","floor":5,"turns":1},{"damage":15,"enemies":"Lagavulin","floor":6,"turns":8},{"damage":8,"enemies":"Red Slaver","floor":11,"turns":6},{"damage":14,"enemies":"3 Louse","floor":12,"turns":3},{"damage":14,"enemies":"3 Sentries","floor":14,"turns":10},{"damage":0,"enemies":"Hexaghost","floor":16,"turns":6},{"damage":9,"enemies":"Shell Parasite","floor":18,"turns":4},{"damage":0,"enemies":"3 Byrds","floor":21,"turns":2},{"damage":18,"enemies":"Snecko","floor":22,"turns":6},{"damage":29,"enemies":"Slavers","floor":23,"turns":4},{"damage":0,"enemies":"3 Cultists","floor":24,"turns":3},{"damage":0,"enemies":"Centurion and Healer","floor":25,"turns":5},{"damage":14,"enemies":"Colosseum Slavers","floor":28,"turns":2},{"damage":17,"enemies":"Colosseum Nobs","floor":28,"turns":2}],"seed_played":"-5521044173933655261","potions_obtained":[{"floor":3,"key":"EntropicBrew"},{"floor":5,"key":"SkillPotion"},{"floor":16,"key":"LiquidBronze"},{"floor":21,"key":"Regen Potion"},{"floor":22,"key":"LiquidBronze"},{"floor":23,"key":"DuplicationPotion"}],"is_trial":false,"path_per_floor":["M","?","M","$","M","E","R","?","T","R","M","M","$","E","R","B",null,"M","?","$","M","M","E","M","M","T","R","?"],"character_chosen":"THE_ANIMATOR","items_purchased":["animator:Darkness","animator:Mitsurugi+1","animator:Chris"],"campfire_rested":1,"item_purchase_floors":[4,13,20],"current_hp_per_floor":[66,66,66,66,66,52,52,52,52,52,46,34,34,23,43,45,68,61,61,61,63,47,21,25,27,27,27,0,0],"gold":343,"neow_bonus":"THREE_ENEMY_KILL","is_daily":false,"chose_seed":false,"campfire_upgraded":3,"win_rate":0.0,"timestamp":1613535867,"path_taken":["M","?","?","$","M","E","R","?","T","R","?","M","$","E","R","BOSS","M","?","$","M","M","E","M","?","T","R","?"],"items_purchased_type":["Card","Card","Card"],"build_version":"2020-12-22","purchased_purges":1,"victory":false,"max_hp_per_floor":[66,66,66,66,66,67,67,67,67,67,67,67,67,68,68,68,68,68,68,68,68,68,69,71,71,71,71,71,71],"card_choices":[{"not_picked":["animator:Cocytus","animator:Pride"],"picked":"animator:DolaRiku","floor":1},{"not_picked":["animator:Aqua","animator:Geryuganshoop"],"picked":"animator:Vanir","floor":3},{"not_picked":["animator:DolaSchwi","animator:Demiurge","animator:Vanir"],"picked":"SKIP","floor":5},{"not_picked":["animator:DolaSchwi","animator:Demiurge","animator:Vanir"],"picked":"SKIP","floor":5},{"not_picked":["animator:Vanir","animator:Mitsurugi"],"picked":"animator:Hans","floor":6},{"not_picked":["animator:Vanir+1","animator:AcuraTooru+1","animator:Kazuma"],"picked":"SKIP","floor":11},{"not_picked":["animator:ElricAlphonse","animator:Melzalgald+1"],"picked":"animator:Verdia","floor":12},{"not_picked":["animator:DolaStephanie","animator:Gluttony"],"picked":"animator:YunYun+1","floor":14},{"not_picked":["animator:Saitama","animator:AcuraShin+1"],"picked":"animator:Hans","floor":16},{"not_picked":["animator:Kazuma","animator:Verdia"],"picked":"animator:Megumin+1","floor":18},{"not_picked":["animator:Demiurge","animator:Hitei","animator:FielNirvalen+1"],"picked":"SKIP","floor":21},{"not_picked":["animator:ChaikaBohdan","animator:ChlammyZell+1"],"picked":"animator:Sloth","floor":22},{"not_picked":["animator:MumenRider","animator:Boros"],"picked":"animator:Sora","floor":23},{"not_picked":["animator:Vanir","animator:Megumin"],"picked":"animator:Wiz","floor":24},{"not_picked":["animator:AcuraAkari","animator:Hitei+1"],"picked":"animator:Sora","floor":25}],"player_experience":245863,"relics_obtained":[{"floor":6,"key":"animator:WornHelmet"},{"floor":9,"key":"Molten Egg 2"},{"floor":14,"key":"animator:ShionDessert"},{"floor":23,"key":"Pocketwatch"},{"floor":26,"key":"MealTicket"}],"event_choices":[{"cards_removed":["animator:Strike_Konosuba"],"damage_healed":0,"gold_gain":0,"player_choice":"Took Card","damage_taken":0,"max_hp_gain":0,"max_hp_loss":0,"event_name":"NoteForYourself","floor":2,"gold_loss":0,"cards_obtained":["Strike_P"]},{"damage_healed":0,"gold_gain":0,"player_choice":"Forge","damage_taken":0,"max_hp_gain":0,"max_hp_loss":0,"event_name":"Accursed Blacksmith","floor":8,"gold_loss":0,"cards_upgraded":["animator:DolaRiku"]},{"damage_healed":0,"gold_gain":0,"player_choice":"Traded Relic","damage_taken":0,"relics_obtained":["Nloth\u0027s Gift"],"max_hp_gain":0,"max_hp_loss":0,"event_name":"N\u0027loth","floor":19,"relics_lost":["Molten Egg 2"],"gold_loss":0},{"damage_healed":0,"gold_gain":0,"player_choice":"Fight","damage_taken":0,"max_hp_gain":0,"max_hp_loss":0,"event_name":"Colosseum","floor":28,"gold_loss":0},{"damage_healed":0,"gold_gain":0,"player_choice":"Fought Nobs","damage_taken":0,"max_hp_gain":0,"max_hp_loss":0,"event_name":"Colosseum","floor":28,"gold_loss":0}],"is_beta":false,"boss_relics":[{"not_picked":["animator:CrumblingOrb","Astrolabe"],"picked":"Runic Dome"}],"items_purged_floors":[4],"is_endless":false,"potions_floor_spawned":[3,5,16,21,22,23,28],"killed_by":"Colosseum Nobs","ascension_level":0}}