{"host":"syfsfjmzue8y1a6l","time":1613573839,"event":{"mods":["AchievementEnabler","BaseMod","Colored Map","DeckTracker","Minty Spire (QoL Compilation)","Permanent Neow","SuperFastMode"],"gold_per_floor":[18,34,47,58,8,8,8,8],"floor_reached":7,"language":"KOR","playtime":380,"items_purged":[],"score":43,"play_id":"bdb0dc87-42c2-4fa4-a5e4-aad500e788fa","local_time":"20210217235719","is_ascension_mode":false,"campfire_choices":[{"data":"Bash","floor":6,"key":"SMITH"}],"circlet_count":0,"master_deck":["Strike_R","Strike_R","Strike_R","Strike_R","Strike_R","Defend_R","Defend_R","Defend_R","Bash+1","Combust","Warcry","True Grit"],"relics":["Burning Blood","Prayer Wheel"],"acts_visited":["Exordium"],"potions_floor_usage":[],"damage_taken":[{"damage":13.0,"enemies":"2 Louse","floor":1.0,"turns":3.0},{"damage":7.0,"enemies":"Jaw Worm","floor":2.0,"turns":4.0},{"damage":0.0,"enemies":"Small Slimes","floor":3.0,"turns":3.0},{"damage":33,"enemies":"Exordium Thugs","floor":4,"turns":5},{"damage":51,"enemies":"Lagavulin","floor":7,"turns":6}],"seed_played":"4164060752483798211","potions_obtained":[{"floor":1.0,"key":"DistilledChaos"},{"floor":3.0,"key":"AttackPotion"}],"is_trial":false,"path_per_floor":["M","M","M","M","?","R","E"],"character_chosen":"IRONCLAD","items_purchased":[],"campfire_rested":0,"item_purchase_floors":[],"current_hp_per_floor":[73,72,78,51,51,51,0,0],"gold":8,"neow_bonus":"ONE_RARE_RELIC","is_daily":false,"chose_seed":false,"campfire_upgraded":1,"win_rate":0.0,"timestamp":1613573839,"path_taken":["M","M","M","M","?","R","E"],"items_purchased_type":[],"build_version":"2020-12-22","purchased_purges":0,"victory":false,"max_hp_per_floor":[80,80,80,80,80,80,80,80],"card_choices":[{"not_picked":["Armaments","Sever Soul"],"picked":"Combust","floor":1.0},{"not_picked":["Shockwave","Perfected Strike","Intimidate"],"picked":"SKIP","floor":1.0},{"not_picked":["Spot Weakness","Searing Blow"],"picked":"Warcry","floor":2.0},{"not_picked":["Pommel Strike","Sword Boomerang"],"picked":"True Grit","floor":2.0},{"not_picked":["Armaments","Flex","Warcry"],"picked":"SKIP","floor":3.0},{"not_picked":["Evolve","Disarm","Twin Strike"],"picked":"SKIP","floor":3.0},{"not_picked":["Clash","Wild Strike","Rage"],"picked":"SKIP","floor":4},{"not_picked":["Clothesline","Headbutt","Pommel Strike"],"picked":"SKIP","floor":4}],"player_experience":124860,"relics_obtained":[],"event_choices":[{"cards_removed":["Defend_R"],"damage_healed":0,"gold_gain":0,"player_choice":"Card Removal","damage_taken":0,"max_hp_gain":0,"max_hp_loss":0,"event_name":"The Cleric","floor":5,"gold_loss":50}],"is_beta":false,"boss_relics":[],"items_purged_floors":[],"is_endless":false,"potions_floor_spawned":[1,3],"killed_by":"Lagavulin","ascension_level":0}}