{"host":"w5thk1acqacem6ba","time":1613552159,"event":{"mods":["AchievementEnabler","BaseMod","Colored Map","KOR Keyword Fix","Minty Spire (QoL Compilation)","SuperFastMode"],"gold_per_floor":[116,66,66,80,156,156,170,188,263,263,278,290,290,290,290,418,418,432,357,378,378,378],"floor_reached":21,"language":"KOR","playtime":632,"items_purged":["Strike_P"],"score":214,"play_id":"af01a985-12d2-4153-acfb-00ae0f518e95","local_time":"20210217175559","is_ascension_mode":true,"campfire_choices":[{"data":"Eruption","floor":6,"key":"SMITH"},{"data":"SignatureMove","floor":10,"key":"SMITH"},{"data":"MentalFortress","floor":13,"key":"SMITH"},{"floor":15,"key":"REST"}],"circlet_count":0,"master_deck":["Strike_P","Strike_P","Strike_P","Defend_P","Defend_P","Defend_P","Eruption+1","Vigilance","MentalFortress+1","SignatureMove+1","Judgement"],"relics":["PureWater","Bird Faced Urn","InkBottle","Yang","Golden Idol","SlaversCollar"],"acts_visited":["Exordium","TheCity"],"potions_floor_usage":[4,20,21],"damage_taken":[{"damage":2,"enemies":"Jaw Worm","floor":1,"turns":3},{"damage":5,"enemies":"2 Louse","floor":4,"turns":2},{"damage":10,"enemies":"Small Slimes","floor":7,"turns":2},{"damage":3,"enemies":"Blue Slaver","floor":8,"turns":2},{"damage":0,"enemies":"Large Slime","floor":11,"turns":3},{"damage":8,"enemies":"3 Louse","floor":12,"turns":2},{"damage":31,"enemies":"The Guardian","floor":16,"turns":11},{"damage":30,"enemies":"Shell Parasite","floor":18,"turns":5},{"damage":12,"enemies":"3 Byrds","floor":20,"turns":3},{"damage":19,"enemies":"Snake Plant","floor":21,"turns":1}],"seed_played":"6962311522186520542","potions_obtained":[{"floor":4,"key":"EntropicBrew"},{"floor":11,"key":"PowerPotion"}],"is_trial":false,"path_per_floor":["M","?","?","M","T","R","M","M","T","R","M","M","R","?","R","B",null,"M","$","M","M"],"character_chosen":"WATCHER","items_purchased":[],"campfire_rested":1,"item_purchase_floors":[],"current_hp_per_floor":[63,63,63,58,58,58,48,45,45,45,45,39,39,39,57,28,52,24,24,14,0,0],"gold":378,"neow_bonus":"ONE_RARE_RELIC","is_daily":false,"chose_seed":false,"campfire_upgraded":3,"win_rate":0.0,"timestamp":1613552159,"path_taken":["M","?","?","M","?","R","M","M","T","R","M","M","R","?","R","BOSS","M","$","M","M"],"items_purchased_type":[],"build_version":"2020-12-22","purchased_purges":1,"victory":false,"max_hp_per_floor":[65,65,65,65,65,65,65,65,65,65,65,65,65,60,60,60,60,60,60,60,60,60],"card_choices":[{"not_picked":["CutThroughFate","Crescendo"],"picked":"MentalFortress","floor":1},{"not_picked":["Evaluate","BattleHymn","Prostrate"],"picked":"SKIP","floor":4},{"not_picked":["CrushJoints","Study"],"picked":"SignatureMove","floor":7},{"not_picked":["FlyingSleeves","SignatureMove","ReachHeaven"],"picked":"SKIP","floor":8},{"not_picked":["EmptyBody","PathToVictory","LikeWater"],"picked":"SKIP","floor":11},{"not_picked":["SashWhip","TalkToTheHand","Prostrate"],"picked":"SKIP","floor":12},{"not_picked":["DevaForm","Establishment"],"picked":"Judgement","floor":16},{"not_picked":["Evaluate+1","CrushJoints","EmptyMind"],"picked":"SKIP","floor":18},{"not_picked":["CrushJoints","WaveOfTheHand+1","Perseverance"],"picked":"SKIP","floor":20}],"player_experience":414212,"relics_obtained":[{"floor":5,"key":"InkBottle"},{"floor":9,"key":"Yang"}],"event_choices":[{"cards_removed":["Defend_P"],"damage_healed":0,"gold_gain":0,"player_choice":"Card Removal","damage_taken":0,"max_hp_gain":0,"max_hp_loss":0,"event_name":"The Cleric","floor":2,"gold_loss":50},{"damage_healed":0,"gold_gain":0,"player_choice":"Fled","damage_taken":0,"max_hp_gain":0,"max_hp_loss":0,"event_name":"Scrap Ooze","floor":3,"gold_loss":0},{"damage_healed":0,"gold_gain":0,"player_choice":"Lose Max HP","damage_taken":0,"relics_obtained":["Golden Idol"],"max_hp_gain":0,"max_hp_loss":5,"event_name":"Golden Idol","floor":14,"gold_loss":0}],"is_beta":false,"boss_relics":[{"not_picked":["Black Star","Cursed Key"],"picked":"SlaversCollar"}],"items_purged_floors":[19],"is_endless":false,"potions_floor_spawned":[4,7,11,18],"killed_by":"Snake Plant","ascension_level":5}}