{"host":"vhifjdba66khcqwn","time":1613605771,"event":{"mods":["AchievementEnabler","BaseMod","Bestiary","Energized Spire","Minty Spire (QoL Compilation)","Practice Mode","Relic Stats","Spicy Shops","StSLib","slay the spire mod where everything is the same but ironclad has a cowboy hat"],"gold_per_floor":[110,110,124,274,104,104,130,130,161,171,253,280,280,297,312,312,312,312,387,387,402,412,412,412,412,445,445,480,480,480,480,494,506,285,299,299,377,377,389,43,58,0,0,11,11,40,66,78,90,127,35,35,45,95,95,95],"floor_reached":57,"language":"ENG","playtime":1642,"items_purged":["Doubt"],"score":1487,"play_id":"48a7bcd6-1cf7-494d-9b4f-6c9f949bf7b7","local_time":"20210217154931","is_ascension_mode":true,"campfire_choices":[{"data":"Wild Strike","floor":8,"key":"SMITH"},{"floor":16,"key":"REST"},{"data":"Twin Strike","floor":18,"key":"SMITH"},{"floor":27,"key":"REST"},{"floor":31,"key":"REST"},{"data":"True Grit","floor":36,"key":"SMITH"},{"data":"Barricade","floor":45,"key":"SMITH"},{"floor":55,"key":"REST"}],"circlet_count":0,"master_deck":["AscendersBane","Strike_R+1","Strike_R+1","Defend_R+1","Defend_R+1","Defend_R+1","Defend_R+1","Bash+1","Heavy Blade","Cleave","Twin Strike+1","Sword Boomerang+1","Wild Strike+1","Intimidate","Seeing Red","Power Through","Headbutt","Double Tap","Metallicize","Spot Weakness+1","Necronomicurse","Searing Blow+1","Juggernaut","True Grit+1","Whirlwind+1","Shrug It Off","Corruption","Inflame","Barricade+1","True Grit+1","Shrug It Off+1","Shockwave","Battle Trance+1","True Grit","Secret Technique"],"relics":["Burning Blood","NeowsBlessing","Lizard Tail","Bag of Marbles","Bottled Flame","Regal Pillow","Letter Opener","Runic Pyramid","Necronomicon","Eternal Feather","Tiny Chest","Happy Flower","Self Forming Clay","Medical Kit","Philosopher\u0027s Stone","Mummified Hand","Red Mask","MawBank","Centennial Puzzle","Red Skull","Whetstone","Nunchaku","War Paint"],"acts_visited":["Exordium","TheCity","TheBeyond"],"potions_floor_usage":[19,26,37,44,47],"damage_taken":[{"damage":0,"enemies":"2 Louse","floor":1,"turns":1},{"damage":0,"enemies":"Jaw Worm","floor":3,"turns":1},{"damage":0,"enemies":"3 Sentries","floor":7,"turns":2},{"damage":52,"enemies":"Lagavulin","floor":9,"turns":6},{"damage":0,"enemies":"Cultist","floor":10,"turns":2},{"damage":0,"enemies":"2 Fungi Beasts","floor":14,"turns":1},{"damage":1,"enemies":"Blue Slaver","floor":15,"turns":2},{"damage":21,"enemies":"Slime Boss","floor":19,"turns":5},{"damage":28,"enemies":"3 Byrds","floor":21,"turns":6},{"damage":12,"enemies":"Shell Parasite","floor":22,"turns":2},{"damage":35,"enemies":"Book of Stabbing","floor":26,"turns":4},{"damage":46,"enemies":"Slavers","floor":28,"turns":6},{"damage":16,"enemies":"Cultist and Chosen","floor":32,"turns":4},{"damage":0,"enemies":"Snecko","floor":33,"turns":2},{"damage":13,"enemies":"Centurion and Healer","floor":35,"turns":3},{"damage":48,"enemies":"Automaton","floor":37,"turns":10},{"damage":0,"enemies":"Orb Walker","floor":39,"turns":1},{"damage":34,"enemies":"3 Darklings","floor":41,"turns":4},{"damage":0,"enemies":"Jaw Worm Horde","floor":44,"turns":1},{"damage":61,"enemies":"Giant Head","floor":46,"turns":7},{"damage":0,"enemies":"4 Shapes","floor":47,"turns":5},{"damage":13,"enemies":"Sphere and 2 Shapes","floor":53,"turns":4},{"damage":37,"enemies":"Awakened One","floor":56,"turns":8}],"seed_played":"5915725653014690368","potions_obtained":[{"floor":3,"key":"GamblersBrew"},{"floor":14,"key":"SteroidPotion"},{"floor":19,"key":"BloodPotion"},{"floor":32,"key":"SteroidPotion"},{"floor":37,"key":"ColorlessPotion"},{"floor":47,"key":"Energy Potion"}],"is_trial":false,"path_per_floor":["M","?","M","?","$","?","E","R","E","M","T","T","?","M","M","R","T","R","B",null,"M","M","?","?","?","E","R","E","T","T","R","M","M","$","M","R","B",null,"M","$","M","?","?","M","R","E","M","T","T","T","$","?","M","T","R","B",null],"character_chosen":"IRONCLAD","items_purchased":["Twin Strike","Sword Boomerang","Medical Kit","Shrug It Off","Barricade","Mummified Hand","Nunchaku","True Grit"],"campfire_rested":4,"item_purchase_floors":[5,5,34,34,40,40,51,51],"current_hp_per_floor":[74,51,57,57,57,57,63,63,17,23,23,23,23,29,34,71,71,71,56,70,48,42,21,21,21,7,56,16,16,16,65,55,61,61,54,69,27,63,69,69,41,41,41,47,65,10,16,16,16,16,16,16,9,9,67,36],"gold":95,"neow_bonus":"THREE_ENEMY_KILL","is_daily":false,"chose_seed":false,"campfire_upgraded":4,"win_rate":0.0,"timestamp":1613605771,"path_taken":["M","?","M","?","$","?","E","R","E","?","T","T","?","M","M","R","?","R","BOSS","M","M","?","?","?","E","R","E","T","T","R","?","M","$","M","R","BOSS","M","$","M","?","?","M","R","E","M","T","T","?","?","?","?","?","R","BOSS"],"items_purchased_type":["Card","Card","Relic","Card","Card","Relic","Relic","Card"],"build_version":"2020-12-22","purchased_purges":1,"victory":true,"max_hp_per_floor":[75,75,75,75,75,75,75,75,75,75,75,75,75,75,75,75,75,75,75,75,75,75,75,75,75,75,75,75,75,75,75,75,75,75,75,75,75,75,75,75,75,75,75,75,75,75,75,75,75,75,75,75,75,75,75,75],"relic_stats":{"Regal Pillow":60,"Happy Flower":[16],"counters":[23,87],"Self Forming Clay":[72],"Eternal Feather":78,"Letter Opener":[105],"Whetstone":["Whirlwind","Searing Blow"],"War Paint":["Shrug It Off","Spot Weakness"],"Medical Kit":[28],"MawBank":60,"Burning Blood":138,"Lizard Tail":0,"Centennial Puzzle":[6],"Nunchaku":[2],"Mummified Hand":[21],"Tiny Chest":2,"Necronomicon":[23],"obtain_stats":[{"Regal Pillow":12,"NeowsBlessing":0,"Happy Flower":29,"Self Forming Clay":30,"Eternal Feather":26,"Letter Opener":17,"Whetstone":50,"War Paint":54,"Medical Kit":34,"MawBank":46,"Burning Blood":0,"Lizard Tail":7,"Bottled Flame":11,"Centennial Puzzle":48,"Nunchaku":51,"Mummified Hand":40,"Tiny Chest":28,"Philosopher\u0027s Stone":38,"Bag of Marbles":9,"Necronomicon":23,"Red Mask":42,"Red Skull":49,"Runic Pyramid":20},{"Regal Pillow":5,"NeowsBlessing":0,"Happy Flower":12,"Self Forming Clay":12,"Eternal Feather":11,"Letter Opener":7,"Whetstone":21,"War Paint":22,"Medical Kit":14,"MawBank":20,"Burning Blood":0,"Lizard Tail":3,"Bottled Flame":5,"Centennial Puzzle":21,"Nunchaku":21,"Mummified Hand":17,"Tiny Chest":12,"Philosopher\u0027s Stone":16,"Bag of Marbles":4,"Necronomicon":10,"Red Mask":18,"Red Skull":21,"Runic Pyramid":8},{"Regal Pillow":12,"NeowsBlessing":0,"Happy Flower":38,"Self Forming Clay":38,"Eternal Feather":32,"Letter Opener":15,"Whetstone":75,"War Paint":79,"Medical Kit":44,"MawBank":70,"Burning Blood":0,"Lizard Tail":4,"Bottled Flame":12,"Centennial Puzzle":75,"Nunchaku":75,"Mummified Hand":58,"Tiny Chest":38,"Philosopher\u0027s Stone":57,"Bag of Marbles":10,"Necronomicon":28,"Red Mask":62,"Red Skull":75,"Runic Pyramid":20}]},"card_choices":[{"not_picked":["Thunderclap","Hemokinesis"],"picked":"Heavy Blade","floor":1},{"not_picked":["Blood for Blood","True Grit"],"picked":"Cleave","floor":3},{"not_picked":["Rupture","Headbutt"],"picked":"Wild Strike","floor":7},{"not_picked":["Anger","Perfected Strike"],"picked":"Intimidate","floor":9},{"not_picked":["Armaments","Pommel Strike"],"picked":"Seeing Red","floor":10},{"not_picked":["Havoc","Body Slam"],"picked":"Power Through","floor":14},{"not_picked":["Thunderclap","Flex"],"picked":"Headbutt","floor":15},{"not_picked":["Juggernaut","Brutality"],"picked":"Double Tap","floor":19},{"not_picked":["Heavy Blade+1","Armaments"],"picked":"Metallicize","floor":21},{"not_picked":["Sentinel","Power Through"],"picked":"Spot Weakness","floor":22},{"not_picked":["Armaments","Pommel Strike+1"],"picked":"True Grit","floor":26},{"not_picked":["Entrench","Clash","Twin Strike"],"picked":"SKIP","floor":28},{"not_picked":["Heavy Blade","Intimidate+1"],"picked":"Whirlwind","floor":32},{"not_picked":["Clothesline","Iron Wave+1","Double Tap"],"picked":"SKIP","floor":33},{"not_picked":["Searing Blow","Body Slam","Uppercut"],"picked":"SKIP","floor":35},{"not_picked":["Exhume","Berserk"],"picked":"Corruption","floor":37},{"not_picked":["Dual Wield","Wild Strike"],"picked":"Inflame","floor":39},{"not_picked":["Body Slam","Power Through"],"picked":"True Grit+1","floor":41},{"not_picked":["Iron Wave+1","Bloodletting"],"picked":"Shrug It Off","floor":44},{"not_picked":["Havoc","Warcry+1"],"picked":"Shockwave","floor":46},{"not_picked":["Evolve","Havoc"],"picked":"Battle Trance+1","floor":47},{"not_picked":["Forethought","Impatience"],"picked":"Secret Technique","floor":52},{"not_picked":["Havoc","Dual Wield","Battle Trance"],"picked":"SKIP","floor":53}],"player_experience":1204261,"relics_obtained":[{"floor":7,"key":"Lizard Tail"},{"floor":9,"key":"Bag of Marbles"},{"floor":11,"key":"Bottled Flame"},{"floor":12,"key":"Regal Pillow"},{"floor":17,"key":"Letter Opener"},{"floor":23,"key":"Necronomicon"},{"floor":26,"key":"Eternal Feather"},{"floor":28,"key":"Tiny Chest"},{"floor":29,"key":"Happy Flower"},{"floor":30,"key":"Self Forming Clay"},{"floor":46,"key":"MawBank"},{"floor":48,"key":"Centennial Puzzle"},{"floor":49,"key":"Red Skull"},{"floor":50,"key":"Whetstone"},{"floor":54,"key":"War Paint"}],"event_choices":[{"damage_healed":0,"gold_gain":0,"player_choice":"Entered Light","damage_taken":23,"max_hp_gain":0,"max_hp_loss":0,"event_name":"Shining Light","floor":2,"gold_loss":0,"cards_upgraded":["Bash","Strike_R"]},{"damage_healed":0,"gold_gain":150,"player_choice":"AGREE","damage_taken":0,"max_hp_gain":0,"max_hp_loss":0,"event_name":"Liars Game","floor":4,"gold_loss":0,"cards_obtained":["Doubt"]},{"cards_removed":["Strike_R"],"damage_healed":0,"gold_gain":0,"player_choice":"Purged","damage_taken":0,"max_hp_gain":0,"max_hp_loss":0,"event_name":"Purifier","floor":6,"gold_loss":0},{"damage_healed":0,"gold_gain":0,"player_choice":"Grow","damage_taken":0,"max_hp_gain":0,"max_hp_loss":0,"event_name":"Living Wall","floor":13,"gold_loss":0,"cards_upgraded":["Sword Boomerang"]},{"damage_healed":0,"gold_gain":0,"player_choice":"Obtained Book","damage_taken":21,"max_hp_gain":0,"max_hp_loss":0,"event_name":"Cursed Tome","floor":23,"gold_loss":0},{"damage_healed":0,"gold_gain":0,"player_choice":"Simplicity","damage_taken":0,"max_hp_gain":0,"max_hp_loss":0,"event_name":"Back to Basics","floor":24,"gold_loss":0,"cards_upgraded":["Strike_R","Strike_R","Strike_R","Defend_R","Defend_R","Defend_R","Defend_R"]},{"damage_healed":0,"gold_gain":0,"cards_transformed":["Strike_R","Strike_R"],"player_choice":"Became Test Subject","damage_taken":0,"max_hp_gain":0,"max_hp_loss":0,"event_name":"Drug Dealer","floor":25,"gold_loss":0,"cards_obtained":["Searing Blow","Juggernaut"]},{"damage_healed":0,"gold_gain":0,"player_choice":"Paid","damage_taken":0,"relics_obtained":["Red Mask"],"max_hp_gain":0,"max_hp_loss":0,"event_name":"Tomb of Lord Red Mask","floor":42,"gold_loss":58},{"damage_healed":0,"gold_gain":0,"player_choice":"Got Potions","damage_taken":0,"max_hp_gain":0,"max_hp_loss":0,"event_name":"Lab","floor":43,"gold_loss":0},{"damage_healed":0,"gold_gain":0,"player_choice":"Memory 1","damage_taken":0,"max_hp_gain":0,"max_hp_loss":0,"event_name":"SensoryStone","floor":52,"gold_loss":0}],"is_beta":false,"boss_relics":[{"not_picked":["SacredBark","Coffee Dripper"],"picked":"Runic Pyramid"},{"not_picked":["Velvet Choker","energizedSpire:MagnifyingGlass"],"picked":"Philosopher\u0027s Stone"}],"items_purged_floors":[5],"is_endless":false,"potions_floor_spawned":[3,14,19,22,32,35,37,41,47],"ascension_level":18}}