{"host":"ul3z8ex5o8l5j7mh","time":1613576371,"event":{"mods":["AchievementEnabler","BaseMod","Bestiary","Colored Map","Colored Powertips","DeckTracker","Keyboard Shortcuts","Minty Spire (QoL Compilation)","Relic Sorter","Relic Stats","SuperFastMode"],"gold_per_floor":[111,111,123,123,198,198,211,222,294,294,311,338,107,119,119,218,218,231,241,34,50,67,67,67,67,114,130,130,130,143,163,163,163,163],"floor_reached":33,"language":"ENG","playtime":1452,"items_purged":["Defend_R","Defend_R"],"score":314,"play_id":"1a13004c-f5c8-48b2-bff7-f028056e6e77","local_time":"20210217163931","is_ascension_mode":true,"campfire_choices":[{"data":"Rage","floor":6.0,"key":"SMITH"},{"floor":10.0,"key":"REST"},{"floor":15.0,"key":"REST"},{"floor":23.0,"key":"REST"},{"data":"Rupture","floor":25.0,"key":"SMITH"},{"data":"Hemokinesis","floor":28.0,"key":"SMITH"},{"floor":32.0,"key":"REST"}],"circlet_count":0,"master_deck":["Strike_R","Strike_R","Strike_R","Defend_R","Bash","Rage+1","Bludgeon","Flame Barrier","Hemokinesis+1","Rupture+1","Flame Barrier","Metallicize","Heavy Blade","Shrug It Off+1","Seeing Red"],"relics":["Runic Pyramid","Potion Belt","Self Forming Clay","Art of War","Red Skull","Mark of Pain","Centennial Puzzle"],"acts_visited":["Exordium","TheCity"],"potions_floor_usage":[],"damage_taken":[{"damage":1.0,"enemies":"Cultist","floor":1.0,"turns":3.0},{"damage":11.0,"enemies":"Jaw Worm","floor":3.0,"turns":4.0},{"damage":8.0,"enemies":"2 Louse","floor":7.0,"turns":3.0},{"damage":1.0,"enemies":"Exordium Wildlife","floor":8.0,"turns":3.0},{"damage":1.0,"enemies":"2 Fungi Beasts","floor":11.0,"turns":4.0},{"damage":27.0,"enemies":"Gremlin Nob","floor":12.0,"turns":5.0},{"damage":4.0,"enemies":"Lots of Slimes","floor":14.0,"turns":5.0},{"damage":19.0,"enemies":"The Guardian","floor":16.0,"turns":17.0},{"damage":31.0,"enemies":"2 Thieves","floor":18.0,"turns":5.0},{"damage":10.0,"enemies":"Shell Parasite","floor":19.0,"turns":4.0},{"damage":17.0,"enemies":"Centurion and Healer","floor":21.0,"turns":5.0},{"damage":16.0,"enemies":"Shelled Parasite and Fungi","floor":22.0,"turns":6.0},{"damage":4.0,"enemies":"Cultist and Chosen","floor":27.0,"turns":5.0},{"damage":18.0,"enemies":"Centurion and Healer","floor":30.0,"turns":4.0},{"damage":13.0,"enemies":"Snake Plant","floor":31.0,"turns":2.0},{"damage":49,"enemies":"Collector","floor":33,"turns":7}],"seed_played":"-3100758316455290556","potions_obtained":[{"floor":8.0,"key":"SneckoOil"},{"floor":11.0,"key":"FearPotion"},{"floor":12.0,"key":"SteroidPotion"},{"floor":14.0,"key":"BloodPotion"},{"floor":18.0,"key":"Strength Potion"},{"floor":22.0,"key":"FearPotion"}],"is_trial":false,"path_per_floor":["M","?","M","?","?","R","M","M","T","R","M","E","$","M","R","B",null,"M","M","$","M","M","R","?","R","T","M","R","?","M","M","R","B"],"character_chosen":"IRONCLAD","items_purchased":["Red Skull","Hemokinesis","Rupture"],"campfire_rested":4,"item_purchase_floors":[13,20,20],"current_hp_per_floor":[79,76,65,70,59,59,51,50,50,75,74,47,47,43,68,49,76,62,52,52,35,19,44,44,44,44,40,40,40,22,9,34,0,0],"gold":163,"neow_bonus":"BOSS_RELIC","is_daily":false,"chose_seed":false,"campfire_upgraded":3,"win_rate":0.0,"timestamp":1613576371,"path_taken":["M","?","M","?","?","R","M","?","T","R","M","E","$","M","R","BOSS","M","M","$","M","M","R","?","R","T","?","R","?","M","M","R","BOSS"],"items_purchased_type":["Relic","Card","Card"],"build_version":"2020-12-22","purchased_purges":2,"victory":false,"max_hp_per_floor":[80,80,80,85,85,85,85,85,85,85,85,85,85,85,85,85,85,85,85,85,85,85,85,85,85,85,85,85,85,85,85,85,85,85],"relic_stats":{"Centennial Puzzle":[12],"counters":[16,82],"Self Forming Clay":[111],"Art of War":[9],"obtain_stats":[{"Potion Belt":2,"Centennial Puzzle":26,"Self Forming Clay":9,"Mark of Pain":17,"Art of War":12,"Burning Blood":0,"Red Skull":13,"Runic Pyramid":0},{"Potion Belt":1,"Centennial Puzzle":12,"Self Forming Clay":4,"Mark of Pain":8,"Art of War":6,"Burning Blood":0,"Red Skull":6,"Runic Pyramid":0},{"Potion Belt":3,"Centennial Puzzle":64,"Self Forming Clay":13,"Mark of Pain":44,"Art of War":22,"Burning Blood":0,"Red Skull":22,"Runic Pyramid":0}]},"card_choices":[{"not_picked":["Twin Strike","Clothesline","Heavy Blade"],"picked":"SKIP","floor":1.0},{"not_picked":["Warcry","Rupture"],"picked":"Rage","floor":3.0},{"not_picked":["Heavy Blade","Entrench","Infernal Blade"],"picked":"SKIP","floor":7.0},{"not_picked":["Metallicize","Havoc","Thunderclap"],"picked":"SKIP","floor":8.0},{"not_picked":["Pommel Strike","Hemokinesis","Cleave"],"picked":"SKIP","floor":11.0},{"not_picked":["Fire Breathing","Perfected Strike","Sword Boomerang"],"picked":"SKIP","floor":12.0},{"not_picked":["Metallicize","Shockwave","Warcry"],"picked":"SKIP","floor":14.0},{"not_picked":["Limit Break","Corruption"],"picked":"Bludgeon","floor":16.0},{"not_picked":["Evolve+1","Headbutt+1","Sword Boomerang"],"picked":"SKIP","floor":18.0},{"not_picked":["Havoc","Cleave+1"],"picked":"Flame Barrier","floor":19.0},{"not_picked":["Heavy Blade","Anger+1"],"picked":"Flame Barrier","floor":21.0},{"not_picked":["Sword Boomerang","Flex","Heavy Blade"],"picked":"SKIP","floor":22.0},{"not_picked":["Headbutt","Perfected Strike+1","Ghostly Armor+1"],"picked":"SKIP","floor":27.0},{"not_picked":["Headbutt","Perfected Strike+1","Ghostly Armor+1"],"picked":"SKIP","floor":27.0},{"not_picked":["Feed","Bloodletting+1"],"picked":"Shrug It Off+1","floor":30.0},{"not_picked":["True Grit","Sword Boomerang+1"],"picked":"Seeing Red","floor":31.0}],"player_experience":389614,"relics_obtained":[{"floor":9.0,"key":"Self Forming Clay"},{"floor":12.0,"key":"Art of War"},{"floor":26.0,"key":"Centennial Puzzle"}],"event_choices":[{"damage_healed":0.0,"max_hp_gain":0.0,"max_hp_loss":0.0,"gold_gain":0.0,"event_name":"Scrap Ooze","player_choice":"Success","floor":2.0,"gold_loss":0.0,"damage_taken":3.0,"relics_obtained":["Potion Belt"]},{"damage_healed":0.0,"max_hp_gain":5.0,"max_hp_loss":0.0,"gold_gain":0.0,"event_name":"Big Fish","player_choice":"Donut","floor":4.0,"gold_loss":0.0,"damage_taken":0.0},{"damage_healed":0.0,"max_hp_gain":0.0,"max_hp_loss":0.0,"gold_gain":75.0,"event_name":"World of Goop","player_choice":"Gather Gold","floor":5.0,"gold_loss":0.0,"damage_taken":11.0},{"cards_removed":["Defend_R"],"damage_healed":0.0,"max_hp_gain":0.0,"max_hp_loss":0.0,"gold_gain":0.0,"event_name":"Wheel of Change","player_choice":"Card Removal","floor":24.0,"gold_loss":0.0,"damage_taken":0.0},{"damage_healed":0.0,"max_hp_gain":0.0,"max_hp_loss":0.0,"gold_gain":0.0,"cards_transformed":["Strike_R","Strike_R"],"event_name":"Drug Dealer","player_choice":"Became Test Subject","floor":29.0,"gold_loss":0.0,"damage_taken":0.0,"cards_obtained":["Metallicize","Heavy Blade"]}],"is_beta":false,"boss_relics":[{"not_picked":["Snecko Eye","Fusion Hammer"],"picked":"Mark of Pain"}],"items_purged_floors":[13,20],"is_endless":false,"potions_floor_spawned":[8,11,12,14,18,22],"killed_by":"Collector","ascension_level":5}}