{"host":"uiabnm26t0ss3jkq","time":1613600707,"event":{"mods":["BaseMod","Better Note","Better Skull","Better Third Choice","Bossed Relics","Colored Powertips","Curses Come First","Minty Spire (QoL Compilation)","Relic Stats","Reliquary","StSLib","SuperFastMode","Waifu the Spire"],"gold_per_floor":[117,67,67,84,102,136,136,171,195,195,195,195,43,70,70,70,70],"floor_reached":16,"language":"ENG","playtime":4746,"items_purged":[],"score":168,"play_id":"8cffa2b5-4a7f-4eb2-8792-86ab2a109e1b","local_time":"20210218012507","is_ascension_mode":true,"campfire_choices":[{"data":"Adrenaline","floor":7,"key":"SMITH"},{"data":"Leg Sweep","floor":10,"key":"SMITH"},{"data":"Backflip","floor":15,"key":"SMITH"}],"circlet_count":0,"master_deck":["Strike_G","Strike_G","Strike_G","Defend_G","Defend_G","Defend_G","Defend_G","Defend_G","Survivor","Neutralize+1","Dagger Spray","Quick Slash","Deflect","Adrenaline+1","Leg Sweep+1","Backflip+1"],"relics":["Ring of the Snake","reliquary:Spinner","reliquary:ExpiredCoupon","reliquary:RosewoodLute","Centennial Puzzle","HandDrill","reliquary:WeakTea"],"acts_visited":["Exordium"],"potions_floor_usage":[8,14,16],"damage_taken":[{"damage":0,"enemies":"2 Louse","floor":1,"turns":4},{"damage":0,"enemies":"Cultist","floor":4,"turns":4},{"damage":0,"enemies":"Small Slimes","floor":5,"turns":2},{"damage":19,"enemies":"3 Sentries","floor":6,"turns":8},{"damage":24,"enemies":"Gremlin Nob","floor":8,"turns":4},{"damage":2,"enemies":"Lagavulin","floor":14,"turns":10},{"damage":19,"enemies":"Slime Boss","floor":16,"turns":7}],"seed_played":"302897987534006301","potions_obtained":[{"floor":5,"key":"CultistPotion"},{"floor":6,"key":"Fire Potion"},{"floor":14,"key":"SkillPotion"}],"is_trial":false,"path_per_floor":["M","?","?","M","M","E","R","E","T","R","$","?","$","E","R","B"],"character_chosen":"THE_SILENT","items_purchased":["HandDrill"],"campfire_rested":0,"item_purchase_floors":[13],"current_hp_per_floor":[63,63,63,63,63,44,44,20,20,20,20,20,20,18,18,0,0],"gold":70,"neow_bonus":"RANDOM_COMMON_RELIC","is_daily":false,"chose_seed":false,"campfire_upgraded":3,"win_rate":0.0,"timestamp":1613600707,"path_taken":["M","?","?","M","?","E","R","E","T","R","$","?","$","E","R","BOSS"],"items_purchased_type":["Relic"],"build_version":"2020-12-22","purchased_purges":0,"victory":false,"max_hp_per_floor":[70,70,70,70,70,70,70,70,70,70,70,70,70,70,70,70,70],"relic_stats":{"Centennial Puzzle":[6],"counters":[7,39],"HandDrill":[2],"obtain_stats":[{"reliquary:ExpiredCoupon":6,"Centennial Puzzle":9,"HandDrill":13,"reliquary:Spinner":0,"reliquary:WeakTea":14,"reliquary:RosewoodLute":8,"Ring of the Snake":0},{"reliquary:ExpiredCoupon":4,"Centennial Puzzle":5,"HandDrill":5,"reliquary:Spinner":0,"reliquary:WeakTea":6,"reliquary:RosewoodLute":5,"Ring of the Snake":0},{"reliquary:ExpiredCoupon":18,"Centennial Puzzle":22,"HandDrill":22,"reliquary:Spinner":0,"reliquary:WeakTea":32,"reliquary:RosewoodLute":22,"Ring of the Snake":0}],"Ring of the Snake":[14]},"card_choices":[{"not_picked":["Slice","Infinite Blades"],"picked":"Dagger Spray","floor":1},{"not_picked":["Bane","Well Laid Plans"],"picked":"Quick Slash","floor":4},{"not_picked":["Terror","Flying Knee"],"picked":"Deflect","floor":5},{"not_picked":["PiercingWail","Flying Knee"],"picked":"Adrenaline","floor":6},{"not_picked":["Finisher","Dagger Throw"],"picked":"Leg Sweep","floor":8},{"not_picked":["Deadly Poison","Slice"],"picked":"Backflip","floor":14}],"player_experience":421365,"relics_obtained":[{"floor":6,"key":"reliquary:ExpiredCoupon"},{"floor":8,"key":"reliquary:RosewoodLute"},{"floor":9,"key":"Centennial Puzzle"},{"floor":14,"key":"reliquary:WeakTea"}],"event_choices":[{"cards_removed":["Strike_G"],"damage_healed":0,"gold_gain":0,"player_choice":"Card Removal","damage_taken":0,"max_hp_gain":0,"max_hp_loss":0,"event_name":"The Cleric","floor":2,"gold_loss":50},{"damage_healed":0,"gold_gain":0,"player_choice":"Upgraded","damage_taken":0,"max_hp_gain":0,"max_hp_loss":0,"event_name":"Upgrade Shrine","floor":3,"gold_loss":0,"cards_upgraded":["Neutralize"]},{"cards_removed":["Strike_G"],"damage_healed":0,"gold_gain":0,"player_choice":"Forget","damage_taken":0,"max_hp_gain":0,"max_hp_loss":0,"event_name":"Living Wall","floor":12,"gold_loss":0}],"is_beta":false,"boss_relics":[],"items_purged_floors":[],"is_endless":false,"potions_floor_spawned":[5,6,14],"killed_by":"Slime Boss","ascension_level":9}}