{"host":"mjz23ua65frb32d6","time":1613591313,"event":{"mods":["Abigail Mod","AchievementEnabler","Act Like it!","Aspiration","BaseMod","CCEM2","CapriCore","Clockwork Mod","Conspire","Downfall","Energized Spire","Fireblade Mod","Friendly Minions","GifTheSpireLib","GungeonMod","Halation","Hallownest","Hubris","Infinite Spire","Ironclad Rager","Jedi Mod","Jorbs\u0027s Wanderer Trilogy","Koishi","KomeijiMod","Lobotomy","LobotomyExtend","Magitek Elite","Mari Mod (Legacy)","Mari\u0027s V1 Patch","Melee Mod","Minty Spire (QoL Compilation)","MostiFishMod","Pale of the Ancients","Prisma Mod","Quarter Circle Forward PUNCH!","RRrroohrrRGHHhhh!!","Railgun Mod","Random Character Button","Rare Cards Sparkle","Replay The Spire","Retaliation","Ruin Mod","RumiaBox-????????","SCP261 Mod","Slumbering Mod","Spikes Relics","Spire Birthday Party","StSLib","Stuff the Spire","The Animator","The Cursed","The Forsaken","The Immortal","The Juggle","The Jungle","The Kombatant","The Poker Player","The Runesmith","The Sage","The Saiyan","The Spell Scribe","The Vixen","The Wild Card","TheHero","Trackpad","Virulent Crown","Wandering Minibosses"],"gold_per_floor":[118,56,56,2,2,31,41,66,66,66,66,66],"floor_reached":11,"language":"ENG","playtime":245,"items_purged":[],"score":91,"play_id":"f87416fd-8d2c-4a36-8475-efc87bb78ba8","local_time":"20210217144833","is_ascension_mode":true,"campfire_choices":[{"floor":10,"key":"REST"}],"circlet_count":0,"master_deck":["Strike_B","Strike_B","Strike_B","Strike_B","Defend_B","Defend_B","Defend_B","Defend_B","Zap","Dualcast","White Noise","Crystallizer","Regret","Turbo","Turbo","Consume"],"relics":["Cracked Core","DaveBox","aspiration:DSix","The Courier","AddBug","SecretRecord"],"acts_visited":["Exordium"],"potions_floor_usage":[8],"damage_taken":[{"damage":8,"enemies":"2 Louse","floor":1,"turns":2},{"damage":28,"enemies":"Lagavulin","floor":6,"turns":5},{"damage":7,"enemies":"Jaw Worm","floor":7,"turns":2},{"damage":31,"enemies":"Gremlin Nob","floor":8,"turns":4},{"damage":23,"enemies":"Lagavulin","floor":11,"turns":2}],"seed_played":"3653593769670281750","potions_obtained":[{"floor":7,"key":"DemoMod:LeadSkinPotion"}],"is_trial":false,"path_per_floor":["M","$","?","?","$","E","M","E","T","R","E"],"character_chosen":"DEFECT","items_purchased":["Crystallizer"],"campfire_rested":1,"item_purchase_floors":[2],"current_hp_per_floor":[67,67,67,67,67,39,32,1,1,23,0,0],"gold":66,"neow_bonus":"DSIX","is_daily":false,"chose_seed":false,"campfire_upgraded":0,"win_rate":0.0,"timestamp":1613591313,"path_taken":["M","$","?","?","$","E","M","E","T","R","E"],"items_purchased_type":["Card"],"build_version":"2020-12-22","purchased_purges":0,"victory":false,"max_hp_per_floor":[75,75,75,75,75,75,75,75,75,75,75,75],"card_choices":[{"not_picked":["Stack","Ball Lightning"],"picked":"White Noise","floor":1},{"not_picked":["rorgmod:SQL Injection","rorgmod:Refrigerate"],"picked":"Turbo","floor":6},{"not_picked":["Coolheaded","Rebound"],"picked":"Turbo","floor":7},{"not_picked":["MostiFishMod:FluxCapactior","rorgmod:Steady Aim"],"picked":"Consume","floor":8}],"player_experience":200144,"relics_obtained":[{"floor":1,"key":"AddBug"},{"floor":1,"key":"SynthV:TestCard"},{"floor":1,"key":"LetterFromLob"},{"floor":6,"key":"CCEMRelics:TeddyBear"},{"floor":6,"key":"LetterFromLob"},{"floor":7,"key":"LetterFromLob"},{"floor":8,"key":"jedi:superconductor"},{"floor":8,"key":"LetterFromLob"}],"event_choices":[{"damage_healed":0,"gold_gain":0,"player_choice":"Paid Gold","damage_taken":0,"relics_obtained":["Geode"],"max_hp_gain":0,"max_hp_loss":0,"event_name":"WeMeetAgain","floor":4,"gold_loss":54}],"is_beta":false,"boss_relics":[],"items_purged_floors":[],"is_endless":false,"potions_floor_spawned":[7],"killed_by":"Lagavulin","ascension_level":3}}