{"host":"ppqll9nf92xyjrj9","time":1613554707,"event":{"mods":["BaseMod","Bestiary","Better Third Choice","Bossed Relics","Curses Come First","Evolution","Hermit","Jorbs\u0027s Wanderer Trilogy","Keyboard Shortcuts","Marked Mod","Minty Spire (QoL Compilation)","Relic Stats","Shapeshifter Mod","StS++","StSLib","The Marked","The Runesmith"],"gold_per_floor":[17,17,35,52,70,96,96,124,124,151,163,163,214,214,214,309,309,326,426,445,63,81,81,96,122,149,3,3,3],"floor_reached":28,"language":"ENG","playtime":1235,"items_purged":["StSShapeShifter:ShapeShifter_Strike"],"score":283,"play_id":"b1422ff6-fb01-4abd-88e3-fe8044dca3fd","local_time":"20210217013827","is_ascension_mode":false,"campfire_choices":[{"data":"StSShapeShifter:MagicMushrooms","floor":7,"key":"SMITH"},{"data":"StSShapeShifter:ReplenishingNectar","floor":12,"key":"SMITH"},{"data":"StSShapeShifter:DiverseSpirit","floor":15,"key":"SMITH"},{"floor":23,"key":"REST"}],"circlet_count":0,"master_deck":["StSShapeShifter:ShapeShifter_Strike","StSShapeShifter:ShapeShifter_Strike+1","StSShapeShifter:ShapeShifter_Defend","StSShapeShifter:ShapeShifter_Defend","StSShapeShifter:ShapeShifter_Defend","StSShapeShifter:ShapeShifter_Defend","StSShapeShifter:ShapeShifter_Defend","StSShapeShifter:Tortoise_Form+1","StSShapeShifter:Lynx_Form","StSShapeShifter:PoisonIvy","StSShapeShifter:Pounce","StSShapeShifter:DeerForm","StSShapeShifter:EmbraceTheCycle","StSShapeShifter:MagicMushrooms+1","StSShapeShifter:HippoForm","StSShapeShifter:BurstingSpore","StSShapeShifter:ForestFire","StSShapeShifter:ReplenishingNectar+1","StSShapeShifter:DiverseSpirit+1","StSShapeShifter:Earthquake","StSShapeShifter:FesteringBite","StSShapeShifter:Sapling","Thinking Ahead","StSShapeShifter:Consume","StSShapeShifter:BaskInBloom+1"],"relics":["StSShapeShifter:AnimalHeart","StSShapeShifter:TheShapeShiftersMagnolia","EVO:Axolotl","Nunchaku","StSShapeShifter:DruidicMedallion","Smiling Mask","Mercury Hourglass","Anchor","StSpp:PileOfSugar","Regal Pillow","StSpp:BrokenTotem","Lantern","Membership Card"],"acts_visited":["Exordium","TheCity"],"potions_floor_usage":[6,20,20,28],"damage_taken":[{"damage":0,"enemies":"2 Louse","floor":1,"turns":2},{"damage":1,"enemies":"Jaw Worm","floor":3,"turns":3},{"damage":0,"enemies":"Small Slimes","floor":4,"turns":5},{"damage":9,"enemies":"Blue Slaver","floor":5,"turns":4},{"damage":0,"enemies":"Gremlin Nob","floor":6,"turns":2},{"damage":16,"enemies":"3 Sentries","floor":8,"turns":6},{"damage":13,"enemies":"Gremlin Nob","floor":10,"turns":4},{"damage":3,"enemies":"Red Slaver","floor":11,"turns":2},{"damage":37,"enemies":"The Guardian","floor":16,"turns":9},{"damage":60,"enemies":"Chosen","floor":18,"turns":3},{"damage":0,"enemies":"2 Thieves","floor":20,"turns":3},{"damage":0,"enemies":"Snecko","floor":22,"turns":2},{"damage":0,"enemies":"Sentry and Sphere","floor":24,"turns":3},{"damage":15,"enemies":"Book of Stabbing","floor":25,"turns":5},{"damage":90,"enemies":"Chosen and Byrds","floor":28,"turns":3}],"seed_played":"-1798920081583835425","potions_obtained":[{"floor":3,"key":"SneckoOil"},{"floor":4,"key":"Weak Potion"},{"floor":8,"key":"SmokeBomb"},{"floor":16,"key":"Energy Potion"},{"floor":18,"key":"Fire Potion"},{"floor":20,"key":"StSpp:SecondWindPotion"},{"floor":22,"key":"Block Potion"}],"is_trial":false,"path_per_floor":["M","?","M","M","M","E","R","E","T","E","M","R","T","?","R","B",null,"M","?","M","$","M","R","M","E","T","$","M"],"character_chosen":"SHAPESHIFTER","items_purchased":["Regal Pillow","Thinking Ahead","Membership Card"],"campfire_rested":1,"item_purchase_floors":[21,21,27],"current_hp_per_floor":[78,62,61,61,52,52,52,36,36,23,21,21,21,47,47,16,78,22,22,28,28,28,66,74,63,63,63,0,0],"gold":3,"neow_bonus":"TRANSFORM_TWO_CARDS","is_daily":false,"chose_seed":false,"campfire_upgraded":3,"win_rate":0.0,"timestamp":1613554707,"path_taken":["M","?","M","M","M","E","R","E","T","E","M","R","?","?","R","BOSS","M","?","M","$","?","R","M","E","T","$","M"],"items_purchased_type":["Relic","Card","Relic"],"build_version":"2020-12-22","purchased_purges":1,"victory":false,"max_hp_per_floor":[78,78,78,78,78,78,78,78,78,78,78,78,78,78,78,78,78,78,78,78,78,78,78,78,78,78,78,78,78],"relic_stats":{"Nunchaku":[4],"Regal Pillow":15,"counters":[15,56],"Smiling Mask":25,"obtain_stats":[{"StSShapeShifter:TheShapeShiftersMagnolia":0,"Regal Pillow":21,"Lantern":26,"StSShapeShifter:AnimalHeart":0,"EVO:Axolotl":0,"Smiling Mask":9,"Mercury Hourglass":10,"Nunchaku":6,"Anchor":13,"StSpp:BrokenTotem":25,"StSShapeShifter:DruidicMedallion":8,"Membership Card":27,"StSpp:PileOfSugar":17},{"StSShapeShifter:TheShapeShiftersMagnolia":0,"Regal Pillow":11,"Lantern":14,"StSShapeShifter:AnimalHeart":0,"EVO:Axolotl":0,"Smiling Mask":6,"Mercury Hourglass":7,"Nunchaku":5,"Anchor":8,"StSpp:BrokenTotem":14,"StSShapeShifter:DruidicMedallion":6,"Membership Card":14,"StSpp:PileOfSugar":9},{"StSShapeShifter:TheShapeShiftersMagnolia":0,"Regal Pillow":43,"Lantern":53,"StSShapeShifter:AnimalHeart":0,"EVO:Axolotl":0,"Smiling Mask":22,"Mercury Hourglass":26,"Nunchaku":16,"Anchor":28,"StSpp:BrokenTotem":53,"StSShapeShifter:DruidicMedallion":22,"Membership Card":53,"StSpp:PileOfSugar":37}],"Mercury Hourglass":[93]},"card_choices":[{"not_picked":["StSShapeShifter:FallingLeaves","StSShapeShifter:MonkeyForm"],"picked":"StSShapeShifter:DeerForm","floor":1},{"not_picked":["StSShapeShifter:SunflowerShuriken","StSShapeShifter:MagicMushrooms"],"picked":"StSShapeShifter:EmbraceTheCycle","floor":3},{"not_picked":["StSShapeShifter:ThornToss","StSShapeShifter:Roar"],"picked":"StSShapeShifter:MagicMushrooms","floor":4},{"not_picked":["StSShapeShifter:RatForm","StSShapeShifter:FallingLeaves"],"picked":"StSShapeShifter:HippoForm","floor":5},{"not_picked":["StSShapeShifter:Blossom2","StSShapeShifter:BladeOfGrass"],"picked":"StSShapeShifter:BurstingSpore","floor":6},{"not_picked":["StSShapeShifter:PoisonIvy","StSShapeShifter:ThornToss"],"picked":"StSShapeShifter:ForestFire","floor":8},{"not_picked":["StSShapeShifter:Sapling","StSShapeShifter:DragonForm"],"picked":"StSShapeShifter:ReplenishingNectar","floor":10},{"not_picked":["StSShapeShifter:SunflowerShuriken","StSShapeShifter:PoisonIvy"],"picked":"StSShapeShifter:DiverseSpirit","floor":11},{"not_picked":["StSShapeShifter:RhinoCalfForm","StSShapeShifter:Sap_Burst"],"picked":"StSShapeShifter:Earthquake","floor":16},{"not_picked":["StSShapeShifter:BulwarkOfDiscovery","StSShapeShifter:DeerForm"],"picked":"StSShapeShifter:FesteringBite","floor":18},{"not_picked":["StSShapeShifter:OpportuneSwoop+1","StSShapeShifter:Roar"],"picked":"StSShapeShifter:Sapling","floor":20},{"not_picked":["StSShapeShifter:FlowerShield","StSShapeShifter:HippoForm"],"picked":"StSShapeShifter:Consume","floor":22},{"not_picked":["StSShapeShifter:FoxForm","StSShapeShifter:FallingLeaves","StSShapeShifter:Roar"],"picked":"SKIP","floor":24},{"not_picked":["StSShapeShifter:EagleForm","StSShapeShifter:Rabid"],"picked":"StSShapeShifter:BaskInBloom+1","floor":25}],"player_experience":86212,"relics_obtained":[{"floor":6,"key":"Nunchaku"},{"floor":8,"key":"StSShapeShifter:DruidicMedallion"},{"floor":9,"key":"Smiling Mask"},{"floor":10,"key":"Mercury Hourglass"},{"floor":13,"key":"Anchor"},{"floor":25,"key":"StSpp:BrokenTotem"},{"floor":26,"key":"Lantern"}],"event_choices":[{"damage_healed":78,"gold_gain":0,"player_choice":"Upgrade","damage_taken":16,"max_hp_gain":0,"max_hp_loss":78,"event_name":"betterThird:BetterShining","floor":2,"gold_loss":0,"cards_upgraded":["StSShapeShifter:Tortoise_Form","StSShapeShifter:ShapeShifter_Strike"]},{"damage_healed":26,"gold_gain":0,"player_choice":"Banana","damage_taken":0,"max_hp_gain":0,"max_hp_loss":0,"event_name":"Big Fish","floor":14,"gold_loss":0},{"damage_healed":0,"gold_gain":100,"player_choice":"Pray","damage_taken":0,"max_hp_gain":0,"max_hp_loss":0,"event_name":"Golden Shrine","floor":19,"gold_loss":0}],"is_beta":false,"boss_relics":[{"not_picked":["Velvet Choker","Fusion Hammer"],"picked":"StSpp:PileOfSugar"}],"items_purged_floors":[21],"is_endless":false,"potions_floor_spawned":[3,4,8,16,18,20,22],"killed_by":"Chosen and Byrds","ascension_level":0}}