{"host":"c6u7e77myxvw4d0m","time":1613558798,"event":{"mods":["AchievementEnabler","BaseMod","Bestiary","Colored Map","Colored Powertips","Minty Spire (QoL Compilation)","Rare Cards Sparkle","Relic Stats","everything is the same but u backflip on backflip"],"gold_per_floor":[111,129,144,11,11,38,54,54,54,54,54],"floor_reached":10,"language":"ENG","playtime":471,"items_purged":[],"score":136,"play_id":"56edf6d2-1856-49b4-8370-75c7b4a5e725","local_time":"20210217124638","is_ascension_mode":true,"campfire_choices":[{"data":"Dagger Spray","floor":8,"key":"SMITH"}],"circlet_count":0,"master_deck":["AscendersBane","Strike_G","Strike_G","Strike_G","Strike_G","Strike_G","Defend_G","Defend_G","Defend_G","Defend_G","Defend_G","Survivor","Neutralize","Blade Dance","Cloak And Dagger","Dagger Throw","Blade Dance","Die Die Die","Dagger Spray+1","Acrobatics"],"relics":["Ring of the Snake","Darkstone Periapt","Question Card","Letter Opener"],"acts_visited":["Exordium"],"potions_floor_usage":[6,10],"damage_taken":[{"damage":3,"enemies":"2 Louse","floor":1,"turns":2},{"damage":4,"enemies":"Cultist","floor":2,"turns":4},{"damage":2,"enemies":"Jaw Worm","floor":3,"turns":4},{"damage":19,"enemies":"Lagavulin","floor":6,"turns":5},{"damage":3,"enemies":"Looter","floor":7,"turns":3},{"damage":37,"enemies":"Gremlin Nob","floor":10,"turns":3}],"seed_played":"-8090933655176922357","potions_obtained":[{"floor":1,"key":"SteroidPotion"},{"floor":3,"key":"Energy Potion"}],"is_trial":false,"path_per_floor":["M","M","M","$","?","E","M","R","T","E"],"character_chosen":"THE_SILENT","items_purchased":["Die Die Die","Dagger Spray"],"campfire_rested":0,"item_purchase_floors":[4,4],"current_hp_per_floor":[56,52,50,50,50,31,28,28,28,0,0],"gold":54,"neow_bonus":"THREE_CARDS","is_daily":false,"chose_seed":false,"campfire_upgraded":1,"win_rate":0.0,"timestamp":1613558798,"path_taken":["M","M","M","$","?","E","M","R","T","E"],"items_purchased_type":["Card","Card"],"build_version":"2020-12-22","purchased_purges":0,"victory":false,"max_hp_per_floor":[66,66,66,66,66,66,66,66,66,66,66],"relic_stats":{"Darkstone Periapt":0,"counters":[6,21],"Letter Opener":[5],"Question Card":1,"obtain_stats":[{"Darkstone Periapt":5,"Letter Opener":9,"Question Card":6,"Ring of the Snake":0},{"Darkstone Periapt":3,"Letter Opener":5,"Question Card":4,"Ring of the Snake":0},{"Darkstone Periapt":10,"Letter Opener":18,"Question Card":15,"Ring of the Snake":0}],"Ring of the Snake":[12]},"card_choices":[{"not_picked":["Choke","PiercingWail"],"picked":"Blade Dance","floor":0},{"not_picked":["Distraction","Sucker Punch"],"picked":"Cloak And Dagger","floor":1},{"not_picked":["PiercingWail","Acrobatics"],"picked":"Dagger Throw","floor":2},{"not_picked":["Concentrate","Backstab"],"picked":"Blade Dance","floor":3},{"not_picked":["Setup","Sucker Punch","Catalyst"],"picked":"SKIP","floor":6},{"not_picked":["Catalyst","Backflip","Riddle With Holes"],"picked":"Acrobatics","floor":7}],"player_experience":830603,"relics_obtained":[{"floor":5,"key":"Darkstone Periapt"},{"floor":6,"key":"Question Card"},{"floor":9,"key":"Letter Opener"}],"event_choices":[{"damage_healed":0,"gold_gain":0,"player_choice":"Relic","damage_taken":0,"max_hp_gain":0,"max_hp_loss":0,"event_name":"Wheel of Change","floor":5,"gold_loss":0}],"is_beta":false,"boss_relics":[],"items_purged_floors":[],"is_endless":false,"potions_floor_spawned":[1,3],"killed_by":"Gremlin Nob","ascension_level":20}}