{"host":"k5yjj86hwv5qv2gx","time":1613602735,"event":{"mods":["BaseMod","BetterRewards","Minty Spire (QoL Compilation)","StSLib"],"gold_per_floor":[111,71,84,7,7,34,54,71,98,127,157,232,232,260,260,260,260],"floor_reached":16,"language":"ENG","playtime":375,"items_purged":[],"score":286,"play_id":"7511386f-bfb8-42c1-8d2b-02193efcb4f0","local_time":"20210217145855","is_ascension_mode":true,"campfire_choices":[{"data":"Feed","floor":13,"key":"SMITH"},{"data":"Defend_R","floor":15,"key":"PURGE"}],"circlet_count":0,"master_deck":["AscendersBane","Strike_R","Strike_R","Strike_R","Strike_R","Strike_R","Defend_R","Defend_R","Defend_R","Bash","Clothesline","Feel No Pain","Feed+1","Clothesline","Evolve","Perfected Strike+1","Dark Embrace"],"relics":["Burning Blood","NeowsBlessing","Bag of Marbles","Tiny Chest","Molten Egg 2","Red Skull","Peace Pipe"],"acts_visited":["Exordium"],"potions_floor_usage":[10,14,14,16],"damage_taken":[{"damage":0,"enemies":"2 Louse","floor":1,"turns":1},{"damage":0,"enemies":"Cultist","floor":3,"turns":1},{"damage":0,"enemies":"3 Sentries","floor":6,"turns":2},{"damage":19,"enemies":"Small Slimes","floor":7,"turns":6},{"damage":9,"enemies":"Blue Slaver","floor":8,"turns":6},{"damage":21,"enemies":"Gremlin Nob","floor":10,"turns":6},{"damage":9,"enemies":"3 Sentries","floor":14,"turns":5},{"damage":23,"enemies":"Hexaghost","floor":16,"turns":8}],"seed_played":"-4395757726916855553","potions_obtained":[{"floor":2,"key":"HeartOfIron"},{"floor":2,"key":"LiquidBronze"},{"floor":7,"key":"PowerPotion"},{"floor":10,"key":"ElixirPotion"},{"floor":14,"key":"Energy Potion"}],"is_trial":false,"path_per_floor":["M","?","M","$","?","E","M","M","T","E","?","?","R","E","R","B"],"character_chosen":"IRONCLAD","items_purchased":["Feed"],"campfire_rested":0,"item_purchase_floors":[4],"current_hp_per_floor":[74,74,75,75,49,58,48,48,48,33,33,22,22,23,23,0,0],"gold":260,"neow_bonus":"THREE_ENEMY_KILL","is_daily":false,"chose_seed":false,"campfire_upgraded":1,"win_rate":0.0,"timestamp":1613602735,"path_taken":["M","?","M","?","?","E","M","M","T","E","?","?","R","E","R","BOSS"],"items_purchased_type":["Card"],"build_version":"2020-12-22","purchased_purges":0,"victory":false,"max_hp_per_floor":[75,75,75,75,75,78,81,84,84,84,84,84,84,88,88,88,88],"card_choices":[{"not_picked":["Twin Strike","Anger"],"picked":"Clothesline","floor":1},{"not_picked":["Anger","Combust"],"picked":"Feel No Pain","floor":3},{"not_picked":["Headbutt","Perfected Strike"],"picked":"Clothesline","floor":6},{"not_picked":["Hemokinesis","Wild Strike","Seeing Red"],"picked":"SKIP","floor":7},{"not_picked":["Warcry","Sentinel"],"picked":"Evolve","floor":8},{"not_picked":["Flex","Immolate+1"],"picked":"Perfected Strike+1","floor":10},{"not_picked":["Seeing Red","Twin Strike+1"],"picked":"Dark Embrace","floor":14}],"player_experience":1176838,"relics_obtained":[{"floor":6,"key":"Tiny Chest"},{"floor":10,"key":"Molten Egg 2"},{"floor":14,"key":"Peace Pipe"}],"event_choices":[{"damage_healed":0,"gold_gain":0,"player_choice":"Bought 3 Potions","damage_taken":0,"max_hp_gain":0,"max_hp_loss":0,"event_name":"The Woman in Blue","floor":2,"gold_loss":0},{"damage_healed":0,"gold_gain":0,"player_choice":"Success","damage_taken":26,"relics_obtained":["Bag of Marbles"],"max_hp_gain":0,"max_hp_loss":0,"event_name":"Scrap Ooze","floor":5,"gold_loss":0},{"damage_healed":0,"gold_gain":30,"player_choice":"Searched \u00273\u0027 times","damage_taken":0,"relics_obtained":["Red Skull"],"max_hp_gain":0,"max_hp_loss":0,"event_name":"Dead Adventurer","floor":11,"gold_loss":0},{"damage_healed":0,"gold_gain":75,"player_choice":"Gather Gold","damage_taken":11,"max_hp_gain":0,"max_hp_loss":0,"event_name":"World of Goop","floor":12,"gold_loss":0}],"is_beta":false,"boss_relics":[],"items_purged_floors":[],"is_endless":false,"potions_floor_spawned":[7,10,14],"killed_by":"Hexaghost","ascension_level":20}}