{"host":"5wwct7e0z3l0f094","time":1613533262,"event":{"mods":["AchievementEnabler","BaseMod","Downfall","Highlight Path","Minty Spire (QoL Compilation)","StSLib","SuperFastMode"],"gold_per_floor":[116,41,216,216,233,265,275,290,342,342,342,342],"floor_reached":11,"language":"ENG","playtime":361,"items_purged":["Strike_G"],"score":152,"play_id":"0eb77a64-7e3e-4e32-b993-57383f0d295b","local_time":"20210216224102","is_ascension_mode":true,"campfire_choices":[{"data":"Prepared","floor":10,"key":"SMITH"}],"circlet_count":0,"master_deck":["AscendersBane","Strike_G","Strike_G","Strike_G","Strike_G","Defend_G","Defend_G","Defend_G","Defend_G","Defend_G","Survivor","Neutralize","Doubt","Regret","Blade Dance","Prepared+1"],"relics":["Ring of the Snake","NeowsBlessing","Gremlin Horn","Strawberry","Happy Flower"],"acts_visited":["Exordium"],"potions_floor_usage":[11],"damage_taken":[{"damage":0,"enemies":"Jaw Worm","floor":1,"turns":1},{"damage":0,"enemies":"Small Slimes","floor":5,"turns":1},{"damage":0,"enemies":"Gremlin Nob","floor":6,"turns":1},{"damage":0,"enemies":"2 Louse","floor":7,"turns":3},{"damage":28,"enemies":"Large Slime","floor":8,"turns":9},{"damage":54,"enemies":"Lagavulin","floor":11,"turns":9}],"seed_played":"-5371576533512042463","potions_obtained":[{"floor":6,"key":"Ancient Potion"}],"is_trial":false,"path_per_floor":["M","$","?","?","M","E","M","M","T","R","E"],"character_chosen":"THE_SILENT","items_purchased":[],"campfire_rested":0,"item_purchase_floors":[],"current_hp_per_floor":[63,63,63,63,63,70,70,42,42,42,0,0],"gold":342,"neow_bonus":"THREE_ENEMY_KILL","is_daily":false,"chose_seed":false,"campfire_upgraded":1,"win_rate":0.0,"timestamp":1613533262,"path_taken":["M","$","?","?","M","E","M","M","T","R","E"],"items_purchased_type":[],"build_version":"2020-12-22","purchased_purges":1,"victory":false,"max_hp_per_floor":[70,70,70,70,70,77,77,77,77,77,77,77],"card_choices":[{"not_picked":["Deflect","Sucker Punch","Outmaneuver"],"picked":"SKIP","floor":1},{"not_picked":["Acrobatics","Slice"],"picked":"Blade Dance","floor":5},{"not_picked":["Footwork","Flying Knee","All Out Attack"],"picked":"SKIP","floor":6},{"not_picked":["Slice","Unload"],"picked":"Prepared","floor":7},{"not_picked":["Flechettes","Dagger Throw","Underhanded Strike"],"picked":"SKIP","floor":8}],"player_experience":336979,"relics_obtained":[{"floor":6,"key":"Strawberry"},{"floor":9,"key":"Happy Flower"}],"event_choices":[{"damage_healed":0,"gold_gain":175,"player_choice":"AGREE","damage_taken":0,"max_hp_gain":0,"max_hp_loss":0,"event_name":"Liars Game","floor":3,"gold_loss":0,"cards_obtained":["Doubt"]},{"damage_healed":0,"gold_gain":0,"player_choice":"Box","damage_taken":0,"relics_obtained":["Gremlin Horn"],"max_hp_gain":0,"max_hp_loss":0,"event_name":"Big Fish","floor":4,"gold_loss":0,"cards_obtained":["Regret"]}],"is_beta":false,"boss_relics":[],"items_purged_floors":[2],"is_endless":false,"potions_floor_spawned":[6],"killed_by":"Lagavulin","ascension_level":11}}