{"host":"nxma0dbhh74lxenq","time":1613529571,"event":{"mods":["Astrologer","BaseMod","Beaked The Cultist","CapriCore","Colored Map","DeckTracker","Gremlin Mod","Highlight Path","Koishi","Mad Scientist","Minty Spire (QoL Compilation)","StSLib","SuperFastMode","The Bladedancer","The Cursed","The Immortal","The Mystic","YoumuÅiç∞ÈÆódöÎÅj"],"gold_per_floor":[16,16,36,49,64,64,92,92,117,117,155,155,180,211,211,211,211],"floor_reached":16,"language":"JPN","playtime":416,"items_purged":[],"score":215,"play_id":"b66956cc-a409-4bc7-bad6-33fe5a7374a1","local_time":"20210217113931","is_ascension_mode":true,"campfire_choices":[{"data":"Koishi:JumpScare","floor":6,"key":"SMITH"},{"data":"Koishi:HauntingSlash","floor":8,"key":"SMITH"},{"data":"Koishi:RacingHeart","floor":12,"key":"SMITH"},{"data":"Koishi:Catatonia","floor":15,"key":"SMITH"}],"circlet_count":0,"master_deck":["AscendersBane","Koishi:BasicStrike","Koishi:BasicStrike","Koishi:BasicStrike","Koishi:BasicDefend","Koishi:BasicDefend","Koishi:BasicDefend","Koishi:BasicDefend","Koishi:Provoke","Koishi:HauntingSlash+1","Koishi:YoukaiPolygraph","Koishi:JumpScare+1","Koishi:SubconsciousSweep","Koishi:RacingHeart+1","Koishi:ApparitionsStalkTheNight","Koishi:PhantomBarrier","Koishi:Catatonia+1"],"relics":["Koishi:ImaginaryFriend","Du-Vu Doll","Smiling Mask","Oddly Smooth Stone","Golden Idol","Odd Mushroom","Lantern"],"acts_visited":["Exordium"],"potions_floor_usage":[14,16],"damage_taken":[{"damage":1,"enemies":"Small Slimes","floor":1,"turns":3},{"damage":3,"enemies":"Cultist","floor":3,"turns":4},{"damage":9,"enemies":"2 Louse","floor":4,"turns":2},{"damage":4,"enemies":"Looter","floor":5,"turns":3},{"damage":32,"enemies":"3 Sentries","floor":7,"turns":9},{"damage":3,"enemies":"The Mushroom Lair","floor":11,"turns":4},{"damage":0,"enemies":"Exordium Wildlife","floor":13,"turns":2},{"damage":20,"enemies":"Lagavulin","floor":14,"turns":7},{"damage":21,"enemies":"Hexaghost","floor":16,"turns":7}],"seed_played":"-8449361709332464639","potions_obtained":[{"floor":1,"key":"EssenceOfSteel"},{"floor":3,"key":"FearPotion"},{"floor":5,"key":"SkillPotion"}],"is_trial":false,"path_per_floor":["M","?","M","M","M","R","E","R","T","?","?","R","M","E","R","B"],"character_chosen":"KOISHI","items_purchased":[],"campfire_rested":0,"item_purchase_floors":[],"current_hp_per_floor":[52,52,51,44,44,44,15,15,15,15,20,20,26,17,17,0,0],"gold":211,"neow_bonus":"ONE_RARE_RELIC","is_daily":false,"chose_seed":false,"campfire_upgraded":4,"win_rate":0.0,"timestamp":1613529571,"path_taken":["M","?","?","M","M","R","E","R","T","?","?","R","M","E","R","BOSS"],"items_purchased_type":[],"build_version":"2020-12-22","purchased_purges":0,"victory":false,"max_hp_per_floor":[57,57,57,57,57,57,57,57,57,52,52,52,52,52,52,52,52],"card_choices":[{"not_picked":["Koishi:Prune","Koishi:SubconsciousSweep"],"picked":"Koishi:YoukaiPolygraph","floor":1},{"not_picked":["Koishi:PhantomStrike","Koishi:FleetingPhantom"],"picked":"Koishi:JumpScare","floor":3},{"not_picked":["Koishi:JumpScare","Koishi:UnconsciousUprising","Koishi:DreadfulBlow"],"picked":"SKIP","floor":4},{"not_picked":["Koishi:UnansweredLove","Koishi:MassHysteria"],"picked":"Koishi:SubconsciousSweep","floor":5},{"not_picked":["Koishi:TerrifyingSpectre","Koishi:HeartfeltFancy"],"picked":"Koishi:RacingHeart","floor":7},{"not_picked":["Koishi:HeartAttack","Koishi:ReleaseOfTheId"],"picked":"Koishi:ApparitionsStalkTheNight","floor":11},{"not_picked":["Koishi:SpiritedAway","Koishi:StrangeCloudFist"],"picked":"Koishi:PhantomBarrier","floor":13},{"not_picked":["Koishi:SpiritedAway","Koishi:ParalyzingFear"],"picked":"Koishi:Catatonia","floor":14}],"player_experience":469407,"relics_obtained":[{"floor":7,"key":"Smiling Mask"},{"floor":9,"key":"Oddly Smooth Stone"},{"floor":11,"key":"Odd Mushroom"},{"floor":14,"key":"Lantern"}],"event_choices":[{"cards_removed":["Koishi:BasicStrike"],"damage_healed":0,"gold_gain":0,"player_choice":"Purged","damage_taken":0,"max_hp_gain":0,"max_hp_loss":0,"event_name":"Purifier","floor":2,"gold_loss":0},{"damage_healed":0,"gold_gain":0,"player_choice":"Lose Max HP","damage_taken":0,"relics_obtained":["Golden Idol"],"max_hp_gain":0,"max_hp_loss":5,"event_name":"Golden Idol","floor":10,"gold_loss":0},{"damage_healed":0,"gold_gain":0,"player_choice":"Fought Mushrooms","damage_taken":0,"max_hp_gain":0,"max_hp_loss":0,"event_name":"Mushrooms","floor":11,"gold_loss":0}],"is_beta":false,"boss_relics":[],"items_purged_floors":[],"is_endless":false,"potions_floor_spawned":[1,3,5,13],"killed_by":"Hexaghost","ascension_level":19}}