{"host":"vxgtqwpb0ulpisda","time":1613532860,"event":{"mods":["BaseMod","Bestiary","Minty Spire (QoL Compilation)","Relic Stats","ojb\u0027s Info Mod"],"gold_per_floor":[115,21,35,55,155,187,187,187,187],"floor_reached":8,"language":"ENG","playtime":414,"items_purged":[],"score":73,"play_id":"2a8a5c77-0ef9-4aa5-b4ea-333134984a27","local_time":"20210216223420","is_ascension_mode":true,"campfire_choices":[{"data":"Armaments","floor":7,"key":"SMITH"}],"circlet_count":0,"master_deck":["Strike_R","Strike_R","Strike_R","Strike_R","Strike_R","Defend_R","Defend_R","Defend_R","Defend_R","Bash","Body Slam","Armaments+1","Juggernaut","Spot Weakness"],"relics":["Burning Blood","Gambling Chip","Ginger"],"acts_visited":["Exordium"],"potions_floor_usage":[3],"damage_taken":[{"damage":9,"enemies":"2 Louse","floor":1,"turns":4},{"damage":1,"enemies":"Cultist","floor":3,"turns":5},{"damage":3,"enemies":"Small Slimes","floor":4,"turns":3},{"damage":48,"enemies":"Lagavulin","floor":6,"turns":9},{"damage":68,"enemies":"Gremlin Nob","floor":8,"turns":4}],"seed_played":"257639631836295194","potions_obtained":[{"floor":1,"key":"EssenceOfSteel"}],"is_trial":false,"path_per_floor":["M","?","M","M","?","E","R","E"],"character_chosen":"IRONCLAD","items_purchased":[],"campfire_rested":0,"item_purchase_floors":[],"current_hp_per_floor":[77,77,82,85,85,43,43,0,0],"gold":187,"neow_bonus":"TEN_PERCENT_HP_BONUS","is_daily":false,"chose_seed":false,"campfire_upgraded":1,"win_rate":0.0,"timestamp":1613532860,"path_taken":["M","?","?","M","?","E","R","E"],"items_purchased_type":[],"build_version":"2020-12-22","purchased_purges":0,"victory":false,"max_hp_per_floor":[88,88,88,88,88,88,88,88,88],"relic_stats":{"counters":[5,25],"Gambling Chip":[8],"Ginger":[0],"obtain_stats":[{"Gambling Chip":2,"Ginger":6,"Burning Blood":0},{"Gambling Chip":1,"Ginger":4,"Burning Blood":0},{"Gambling Chip":4,"Ginger":21,"Burning Blood":0}],"Burning Blood":24},"card_choices":[{"not_picked":["Power Through","Carnage"],"picked":"Body Slam","floor":1},{"not_picked":["Flex","Clash"],"picked":"Armaments","floor":3},{"not_picked":["Shockwave","Twin Strike"],"picked":"Juggernaut","floor":4},{"not_picked":["Body Slam","Wild Strike"],"picked":"Spot Weakness","floor":6}],"player_experience":413313,"relics_obtained":[{"floor":6,"key":"Ginger"}],"event_choices":[{"damage_healed":0,"gold_gain":0,"player_choice":"Paid Gold","damage_taken":0,"relics_obtained":["Gambling Chip"],"max_hp_gain":0,"max_hp_loss":0,"event_name":"WeMeetAgain","floor":2,"gold_loss":94},{"damage_healed":0,"gold_gain":100,"player_choice":"Pray","damage_taken":0,"max_hp_gain":0,"max_hp_loss":0,"event_name":"Golden Shrine","floor":5,"gold_loss":0}],"is_beta":false,"boss_relics":[],"items_purged_floors":[],"is_endless":false,"potions_floor_spawned":[1],"killed_by":"Gremlin Nob","ascension_level":6}}