{"host":"tzwikg9s6mkzv6w0","time":1613558852,"event":{"mods":["BaseMod","Good Game Mod","Minty Spire (QoL Compilation)","Spicy Shops","StSLib"],"gold_per_floor":[112,62,62,73,88,88,105,105,105,105,105,45,45,58,58,58,58],"floor_reached":16,"language":"ZHS","playtime":368,"items_purged":["Strike_G"],"score":144,"play_id":"1c45abe2-2215-4f81-a65a-58c486474917","local_time":"20210217184732","is_ascension_mode":true,"campfire_choices":[{"data":"Neutralize","floor":6.0,"key":"SMITH"},{"data":"Dagger Throw","floor":8.0,"key":"SMITH"},{"floor":10.0,"key":"RECALL"},{"data":"Survivor","floor":15,"key":"SMITH"}],"circlet_count":0,"master_deck":["AscendersBane","Strike_G","Strike_G","Defend_G","Defend_G","Defend_G","Defend_G","Survivor+1","Neutralize+1","Panache+1","Dagger Throw+1"],"relics":["Ring of the Snake","REME:ComplimentaryCards","NeowsBlessing","The Courier"],"acts_visited":["Exordium"],"potions_floor_usage":[14,14],"damage_taken":[{"damage":0.0,"enemies":"Jaw Worm","floor":1.0,"turns":1.0},{"damage":0.0,"enemies":"Cultist","floor":4.0,"turns":1.0},{"damage":0.0,"enemies":"2 Louse","floor":5.0,"turns":1.0},{"damage":2.0,"enemies":"2 Fungi Beasts","floor":7.0,"turns":7.0},{"damage":6,"enemies":"Gremlin Gang","floor":14,"turns":5},{"damage":57,"enemies":"Hexaghost","floor":16,"turns":16}],"seed_played":"3685199253512965520","potions_obtained":[{"floor":1.0,"key":"EssenceOfSteel"},{"floor":4.0,"key":"DuplicationPotion"}],"is_trial":false,"path_per_floor":["M","?","?","M","M","R","M","R","T","R","?","$","?","M","R","B"],"character_chosen":"THE_SILENT","items_purchased":[],"campfire_rested":0,"item_purchase_floors":[],"current_hp_per_floor":[63,63,63,63,63,63,61,61,61,61,61,61,61,55,55,0,0],"gold":58,"neow_bonus":"THREE_ENEMY_KILL","is_daily":false,"chose_seed":false,"campfire_upgraded":3,"win_rate":0.0,"timestamp":1613558852,"path_taken":["M","?","?","?","M","R","M","R","T","R","?","$","?","M","R","BOSS"],"items_purchased_type":[],"build_version":"2020-12-22","purchased_purges":1,"victory":false,"max_hp_per_floor":[70,70,70,70,70,70,70,70,70,70,70,70,70,70,70,70,70],"card_choices":[{"not_picked":["Bane","Dagger Throw","Blur"],"picked":"SKIP","floor":1.0},{"not_picked":["Bane","Heel Hook","Flying Knee"],"picked":"SKIP","floor":4.0},{"not_picked":["Dodge and Roll","Finisher","Sucker Punch"],"picked":"SKIP","floor":5.0},{"not_picked":["Outmaneuver","Flying Knee"],"picked":"Dagger Throw","floor":7.0},{"not_picked":["Bane","Deflect","Leg Sweep"],"picked":"SKIP","floor":14}],"player_experience":116973,"relics_obtained":[{"floor":9.0,"key":"The Courier"}],"event_choices":[{"cards_removed":["Strike_G"],"damage_healed":0.0,"max_hp_gain":0.0,"max_hp_loss":0.0,"gold_gain":0.0,"event_name":"The Cleric","player_choice":"Card Removal","floor":2.0,"gold_loss":50.0,"damage_taken":0.0},{"damage_healed":0.0,"max_hp_gain":0.0,"max_hp_loss":0.0,"gold_gain":0.0,"event_name":"Upgrade Shrine","player_choice":"Upgraded","floor":3.0,"gold_loss":0.0,"damage_taken":0.0,"cards_upgraded":["Panache"]},{"cards_removed":["Strike_G"],"damage_healed":0.0,"max_hp_gain":0.0,"max_hp_loss":0.0,"gold_gain":0.0,"event_name":"Living Wall","player_choice":"Forget","floor":11.0,"gold_loss":0.0,"damage_taken":0.0},{"cards_removed":["Defend_G"],"damage_healed":0,"gold_gain":0,"player_choice":"Purged","damage_taken":0,"max_hp_gain":0,"max_hp_loss":0,"event_name":"Purifier","floor":13,"gold_loss":0}],"is_beta":false,"boss_relics":[],"items_purged_floors":[12],"is_endless":false,"potions_floor_spawned":[1,4,5],"killed_by":"Hexaghost","ascension_level":12}}