{"host":"vk2xyavtylxbvrfq","time":1613575880,"event":{"mods":["Bard","BaseMod","Bestiary","Better Altar","Better Match","Better Note","Better Sensory Stone","Better Skull","Better Vampires","Block Reminder","Bossed Relics","Colored Map","Curses Come First","Displayed Cursed Tome","Downfall","Fox Events","Hermit","Ironclad Rager","Marked Mod","Minty Spire (QoL Compilation)","Quick Restart","Rare Cards Sparkle","Relic Sorter","Reliquary","Robot Space Explorer","StSLib","The Hayseed","The Runesmith","TheSurvivalist","Unceasing Turn Reminder"],"gold_per_floor":[113,113,129,229,248,248,28,47,95,137,149,195,207,294,306,418,430,462,6,6,6,26,26,54,54,54,89,89,101,131,145,145,241,241,254,254,274,342,342,342,354,367,367,5,23,6,6,6,6,6,6,6,6,38,38],"floor_reached":56,"language":"ENG","playtime":2350,"items_purged":["TheSimpletonMod:Frostbite","downfall:Haunted","downfall:Haunted"],"score":1577,"play_id":"d9841e88-899a-4299-840f-a3868dddd768","local_time":"20210217103120","is_ascension_mode":true,"campfire_choices":[{"data":"hermit:Manifest","floor":6.0,"key":"SMITH"},{"floor":11.0,"key":"REST"},{"floor":13.0,"key":"REST"},{"data":"hermit:Manifest","floor":15.0,"key":"SMITH"},{"floor":23.0,"key":"REST"},{"floor":25.0,"key":"REST"},{"floor":28.0,"key":"REST"},{"floor":32.0,"key":"REST"},{"floor":40.0,"key":"RECALL"},{"data":"hermit:Determination","floor":47.0,"key":"SMITH"},{"floor":49.0,"key":"REST"},{"floor":52,"key":"REST"}],"circlet_count":0,"master_deck":["hermit:Strike_Hermit","hermit:Strike_Hermit","hermit:Strike_Hermit","hermit:Defend_Hermit","hermit:Defend_Hermit","hermit:Defend_Hermit","hermit:Defend_Hermit","hermit:Snapshot","hermit:Covet","hermit:Desperado","hermit:Desperado","hermit:FromBeyond","Pain","Doubt","hermit:Manifest+1","hermit:Manifest+1","hermit:FromBeyond","hermit:Glare","hermit:Brawl","hermit:FatalDesire+1","CurseOfTheBell","hermit:Desperado+1","hermit:Determination+1","hermit:Quickdraw+1","hermit:Ricochet","hermit:Vantage+1","hermit:Spite","hermit:Quickdraw","hermit:Spite+1","hermit:Manifest+1","hermit:Quickdraw","hermit:Coalescence+1","hermit:Glare+1","hermit:FlashPowder+1","hermit:RoundhouseKick","hermit:Feint+1","hermit:LowProfile+1","hermit:Virtue+1","hermit:FlashPowder+1","hermit:LuckOfTheDraw+1","hermit:LowProfile+1","hermit:Manifest+1"],"relics":["hermit:Momento","Incense Burner","reliquary:PartyBalloon","Darkstone Periapt","Sling","MawBank","Dream Catcher","Runesmith:Nanobots","Calling Bell","reliquary:Aerogel","Toxic Egg 2","Torii","Membership Card","reliquary:Buckler","Darkstone Periapt","Singing Bowl","reliquary:SilkGlove","reliquary:BoilingFlask","reliquary:ExpiredCoupon","Busted Crown","Vajra","reliquary:NewFriend","reliquary:HotPoker","Runesmith:AutoHammer"],"acts_visited":["Exordium","TheCity","TheBeyond","TheEnding"],"potions_floor_usage":[50,50,55],"damage_taken":[{"damage":3.0,"enemies":"Jaw Worm","floor":1.0,"turns":4.0},{"damage":0.0,"enemies":"Small Slimes","floor":3.0,"turns":4.0},{"damage":0.0,"enemies":"2 Louse","floor":5.0,"turns":1.0},{"damage":13.0,"enemies":"Large Slime","floor":8.0,"turns":4.0},{"damage":27.0,"enemies":"3 Sentries","floor":10.0,"turns":8.0},{"damage":22.0,"enemies":"Lagavulin","floor":12.0,"turns":7.0},{"damage":42.0,"enemies":"Slime Boss","floor":16.0,"turns":9.0},{"damage":38.0,"enemies":"Shell Parasite","floor":18.0,"turns":5.0},{"damage":20.0,"enemies":"Spheric Guardian","floor":22.0,"turns":4.0},{"damage":46.0,"enemies":"Book of Stabbing","floor":24.0,"turns":7.0},{"damage":27.0,"enemies":"Gremlin Leader","floor":27.0,"turns":6.0},{"damage":7.0,"enemies":"Snecko","floor":29.0,"turns":5.0},{"damage":18.0,"enemies":"Slavers","floor":30.0,"turns":4.0},{"damage":38.0,"enemies":"Centurion and Healer","floor":31.0,"turns":4.0},{"damage":12.0,"enemies":"Automaton","floor":33.0,"turns":10.0},{"damage":8.0,"enemies":"Orb Walker","floor":35.0,"turns":2.0},{"damage":8.0,"enemies":"3 Darklings","floor":37.0,"turns":5.0},{"damage":19.0,"enemies":"Jaw Worm Horde","floor":41.0,"turns":4.0},{"damage":12.0,"enemies":"Sphere and 2 Shapes","floor":42.0,"turns":3.0},{"damage":1.0,"enemies":"Maw","floor":45.0,"turns":8.0},{"damage":67,"enemies":"Awakened One","floor":50,"turns":14},{"damage":36,"enemies":"Shield and Spear","floor":54,"turns":8},{"damage":90,"enemies":"The Heart","floor":55,"turns":13}],"seed_played":"5510711594183740701","potions_obtained":[{"floor":1.0,"key":"Block Potion"},{"floor":5.0,"key":"Explosive Potion"},{"floor":12.0,"key":"Energy Potion"},{"floor":22.0,"key":"EntropicBrew"},{"floor":27.0,"key":"DistilledChaos"},{"floor":29.0,"key":"hexamod:SoulburnPotion"},{"floor":31.0,"key":"Dexterity Potion"},{"floor":33.0,"key":"BlessingOfTheForge"},{"floor":35.0,"key":"GamblersBrew"},{"floor":37.0,"key":"Explosive Potion"},{"floor":39.0,"key":"FairyPotion"},{"floor":39.0,"key":"Energy Potion"},{"floor":42.0,"key":"Regen Potion"},{"floor":45.0,"key":"Explosive Potion"},{"floor":54,"key":"DistilledChaos"}],"is_trial":false,"path_per_floor":["M","?","M","?","M","R","$","M","T","E","R","E","R","?","R","B",null,"M","$","?","$","M","R","E","R","T","E","R","M","E","M","R","B",null,"M","?","M","T","?","R","M","M","T","$","M","$","R","$","R","B",null,"R","$","E","B",null],"character_chosen":"HERMIT","items_purchased":["Sling","Membership Card","reliquary:Buckler","reliquary:SculptingSteel","hermit:Determination","hermit:Quickdraw","reliquary:NewFriend","reliquary:HotPoker","hermit:Virtue+1","hermit:FlashPowder+1","hermit:LuckOfTheDraw+1"],"campfire_rested":8,"item_purchase_floors":[7,19,19,19,19,19,44,44,44,44,46],"current_hp_per_floor":[47,44,44,79,79,79,79,66,66,39,72,50,83,72,72,30,96,58,58,58,58,38,72,26,62,62,35,70,63,45,7,42,30,96,88,88,82,82,82,82,65,53,53,53,82,82,82,82,119,52,106,126,126,90,37],"gold":38,"neow_bonus":"ONE_RARE_RELIC","is_daily":false,"chose_seed":false,"campfire_upgraded":3,"win_rate":0.0,"timestamp":1613575880,"path_taken":["M","?","M","?","M","R","$","M","T","E","R","E","R","?","R","BOSS","M","$","?","?","?","R","E","R","T","E","R","M","E","?","R","BOSS","M","?","M","?","?","R","?","M","T","$","M","$","R","?","R","BOSS","R","$","E","BOSS"],"items_purchased_type":["Relic","Relic","Relic","Relic","Card","Card","Relic","Relic","Card","Card","Card"],"build_version":"2020-12-22","purchased_purges":3,"victory":true,"max_hp_per_floor":[75,75,75,110,110,110,110,110,110,110,110,110,110,110,110,110,116,116,116,116,116,116,116,116,118,118,118,118,118,118,118,118,118,118,118,118,120,120,120,120,122,122,122,122,124,124,124,124,124,124,124,126,126,126,126],"card_choices":[{"not_picked":["hermit:Midnight","hermit:Snipe"],"picked":"hermit:Desperado","floor":1.0},{"not_picked":["hermit:WideOpen","hermit:Virtue"],"picked":"hermit:Desperado","floor":3.0},{"not_picked":["hermit:LoneWolf","hermit:Vantage"],"picked":"hermit:Manifest","floor":5.0},{"not_picked":["hermit:LoneWolf","hermit:SprayPray"],"picked":"hermit:Manifest","floor":8.0},{"not_picked":["hermit:Dive","hermit:Vantage"],"picked":"hermit:FromBeyond","floor":10.0},{"not_picked":["hermit:Coalescence","hermit:Roughhouse"],"picked":"hermit:Glare","floor":12.0},{"not_picked":["hermit:Snipe","hermit:Scavenge"],"picked":"hermit:Brawl","floor":13.0},{"not_picked":["hermit:Roughhouse","hermit:Purgatory"],"picked":"hermit:FatalDesire","floor":16.0},{"not_picked":["hermit:HighCaliber","hermit:TrackingShot"],"picked":"hermit:Desperado+1","floor":18.0},{"not_picked":["hermit:ItchyTrigger","hermit:Roulette+1"],"picked":"hermit:Vantage+1","floor":22.0},{"not_picked":["hermit:Snipe+1","hermit:PistolWhip"],"picked":"hermit:Spite","floor":23.0},{"not_picked":["hermit:Scavenge+1","hermit:Magnum"],"picked":"hermit:Quickdraw","floor":24.0},{"not_picked":["hermit:Ricochet+1","hermit:CalledShot","hermit:TrackingShot"],"picked":"Singing Bowl","floor":25.0},{"not_picked":["hermit:SprayPray","hermit:DeadOrAlive"],"picked":"hermit:Spite+1","floor":27.0},{"not_picked":["hermit:PistolWhip","hermit:LowProfile+1"],"picked":"hermit:Manifest+1","floor":28.0},{"not_picked":["hermit:TrackingShot+1","hermit:Showdown"],"picked":"hermit:Quickdraw","floor":29.0},{"not_picked":["hermit:CalledShot","hermit:PistolWhip"],"picked":"hermit:Coalescence+1","floor":30.0},{"not_picked":["hermit:Maintenance+1","hermit:Headshot+1"],"picked":"hermit:Glare+1","floor":31.0},{"not_picked":["hermit:TrackingShot","hermit:Manifest+1"],"picked":"hermit:FlashPowder+1","floor":32.0},{"not_picked":["hermit:Purgatory","hermit:HighNoon"],"picked":"hermit:RoundhouseKick","floor":33.0},{"not_picked":[],"picked":"hermit:Feint+1","floor":35.0},{"not_picked":["hermit:CalledShot+1"],"picked":"Singing Bowl","floor":37.0},{"not_picked":["hermit:Enervate"],"picked":"Singing Bowl","floor":41.0},{"not_picked":[],"picked":"hermit:LowProfile+1","floor":42.0},{"not_picked":["hermit:Misfire+1"],"picked":"Singing Bowl","floor":45.0},{"not_picked":[],"picked":"hermit:LowProfile+1","floor":49.0},{"not_picked":["hermit:ItchyTrigger"],"picked":"Singing Bowl","floor":52},{"not_picked":[],"picked":"hermit:Manifest+1","floor":54}],"player_experience":1404106,"relics_obtained":[{"floor":9.0,"key":"MawBank"},{"floor":10.0,"key":"Dream Catcher"},{"floor":12.0,"key":"Runesmith:Nanobots"},{"floor":17.0,"key":"reliquary:Aerogel"},{"floor":17.0,"key":"Toxic Egg 2"},{"floor":17.0,"key":"Torii"},{"floor":24.0,"key":"Singing Bowl"},{"floor":26.0,"key":"reliquary:SilkGlove"},{"floor":27.0,"key":"reliquary:BoilingFlask"},{"floor":30.0,"key":"reliquary:ExpiredCoupon"},{"floor":43.0,"key":"Vajra"},{"floor":54,"key":"Runesmith:AutoHammer"}],"event_choices":[{"damage_healed":0.0,"max_hp_gain":0.0,"max_hp_loss":0.0,"gold_gain":0.0,"event_name":"Scrap Ooze","player_choice":"Success","floor":2.0,"gold_loss":0.0,"damage_taken":3.0,"relics_obtained":["reliquary:PartyBalloon"]},{"damage_healed":0.0,"max_hp_gain":0.0,"max_hp_loss":0.0,"gold_gain":75.0,"event_name":"World of Goop","player_choice":"Gather Gold","floor":14.0,"gold_loss":0.0,"damage_taken":11.0},{"damage_healed":0.0,"max_hp_gain":0.0,"max_hp_loss":0.0,"gold_gain":0.0,"cards_transformed":["hermit:Strike_Hermit"],"event_name":"Transmorgrifier","player_choice":"Transformed","floor":20.0,"gold_loss":0.0,"damage_taken":0.0,"cards_obtained":["hermit:Ricochet"]},{"damage_healed":0.0,"max_hp_gain":0.0,"max_hp_loss":0.0,"gold_gain":0.0,"event_name":"Tomb of Lord Red Mask","player_choice":"Ignored","floor":36.0,"gold_loss":0.0,"damage_taken":0.0},{"damage_healed":0.0,"max_hp_gain":0.0,"max_hp_loss":0.0,"gold_gain":0.0,"event_name":"Lab","player_choice":"Got Potions","floor":39.0,"gold_loss":0.0,"damage_taken":0.0}],"is_beta":false,"boss_relics":[{"not_picked":["Black Star","SacredBark"],"picked":"Calling Bell"},{"not_picked":["reliquary:RedCape","Snecko Eye"],"picked":"Busted Crown"}],"items_purged_floors":[7,19,44],"is_endless":false,"potions_floor_spawned":[1,5,12,22,27,29,31,33,35,37,42,45,54],"ascension_level":6}}