{"host":"lgow17wc5wawziz1","time":1613573995,"event":{"mods":["AchievementEnabler","Act Like it!","Aspiration","BaseMod","Better Third Choice","Colored Map","Colored Powertips","Gensokyo","Hubris","Minty Spire (QoL Compilation)","MostiFishMod","Permanent Neow","Quick Restart","Replay The Spire","StSLib","SuperFastMode","¡¼?Úª?ø«¡½REMEMod"],"gold_per_floor":[113,113,124,35,35,35,369,229,254,254,587,587,899,899,899,899,899],"floor_reached":16,"language":"KOR","playtime":482,"items_purged":[],"score":195,"play_id":"34e90120-57fd-4e2b-a7bf-056ce753a8a7","local_time":"20210217235955","is_ascension_mode":true,"campfire_choices":[{"data":"MostiFishMod:PoisonShield","floor":6.0,"key":"SMITH"},{"data":"Zap","floor":10.0,"key":"SMITH"},{"floor":15,"key":"DIG"}],"circlet_count":0,"master_deck":["Strike_B","Strike_B","Defend_B","Defend_B","Defend_B","Zap+1","Dualcast","Alpha","Sweeping Beam","MostiFishMod:PoisonShield+1","aspiration:Lunge","Tactician","Conserve Battery","Conserve Battery","Genetic Algorithm","Leap","Turbo","Conserve Battery"],"relics":["Cracked Core","REME_ComplimentaryCards","DaveBox","Gensokyo:OccultBall","Dodecahedron","Juzu Bracelet","SynthV:TestCard","hubris:Icosahedron","Meat on the Bone","hubris:Teleporter","ReplayTheSpireMod:Lightbulb","Oddly Smooth Stone","aspiration:DSix","Pear","Mango"],"acts_visited":["Gensokyo:Gensokyo"],"potions_floor_usage":[],"damage_taken":[{"damage":7.0,"enemies":"Gensokyo:2_Kodama","floor":1.0,"turns":3.0},{"damage":1.0,"enemies":"Gensokyo:3_Fairies","floor":3.0,"turns":4.0},{"damage":37.0,"enemies":"Gensokyo:Mamizou","floor":7.0,"turns":5.0},{"damage":7.0,"enemies":"Gensokyo:Cirno","floor":11.0,"turns":6.0},{"damage":5,"enemies":"Gensokyo:Python","floor":13,"turns":5},{"damage":57,"enemies":"Gensokyo:Yukari","floor":16,"turns":5}],"seed_played":"7955683342734178566","potions_obtained":[{"floor":3.0,"key":"Adrenaline Potion"},{"floor":13,"key":"Elixir"}],"is_trial":false,"path_per_floor":["M","?","M","COS","?","R","E","?","T","R","E","?","M","?","R_BF","B"],"character_chosen":"DEFECT","items_purchased":[],"campfire_rested":0,"item_purchase_floors":[],"current_hp_per_floor":[61,61,60,60,60,60,23,23,23,23,28,23,30,30,44,0,0],"gold":899,"neow_bonus":"TRANSFORM_CARD","is_daily":false,"chose_seed":false,"campfire_upgraded":2,"win_rate":0.0,"timestamp":1613573995,"path_taken":["M","?","M","COS","?","R","E","?","T","R","E","?","M","?","R_BF","BOSS"],"items_purchased_type":[],"build_version":"2020-12-22","purchased_purges":0,"victory":false,"max_hp_per_floor":[75,75,75,75,75,75,75,75,75,75,75,85,85,85,99,99,99],"card_choices":[{"not_picked":["Redo","ReplayGash"],"picked":"Sweeping Beam","floor":1.0},{"not_picked":["Streamline","Barrage","Gash","Go for the Eyes"],"picked":"Conserve Battery","floor":3.0},{"not_picked":["Streamline","Redo","White Noise","Skim"],"picked":"Conserve Battery","floor":7.0},{"not_picked":["Loop","Streamline","MostiFishMod:ReprogramOld","Conserve Battery"],"picked":"Genetic Algorithm","floor":11.0},{"not_picked":["Gash","Barrage","Loop","MostiFishMod:PushDownKick"],"picked":"Leap","floor":13},{"not_picked":["Aggregate","hubris:Prefetch","Gash","Ball Lightning"],"picked":"Turbo","floor":14},{"not_picked":["Tempest","Consume","Gash","Leap"],"picked":"Conserve Battery","floor":14}],"player_experience":323969,"relics_obtained":[{"floor":1.0,"key":"SynthV:TestCard"},{"floor":7.0,"key":"Meat on the Bone"},{"floor":9.0,"key":"ReplayTheSpireMod:Lightbulb"},{"floor":11.0,"key":"aspiration:DSix"},{"floor":15,"key":"Mango"}],"event_choices":[],"is_beta":false,"boss_relics":[],"items_purged_floors":[],"is_endless":false,"potions_floor_spawned":[3,13],"killed_by":"Gensokyo:Yukari","ascension_level":9}}