{"host":"og21o26alpnbwmz8","time":1613600958,"event":{"mods":["2.2 Compatiblity","A Magickal Journey","Act Like it!","Aspiration","BaseMod","Conspire","Downfall","Gensokyo","GungeonMod","Halation","Hubris","Jedi Mod","Mimic Mod","Minty Spire (QoL Compilation)","Pale of the Ancients","Reliquary","Replay The Spire","Shop Mod","Spikes Relics","StSLib","The Alterego","The Animator","The Blue Laboratory","The Exalted","The Florist","The Poker Player","Waifu the Spire","Yuri Mod"],"gold_per_floor":[117,117,136,159,159,192,220,220,220,220,241,1,1,1,1,1,1,1,1,1,1,1,1,1,1,1,1,1,1,1,1,1,1,1,1,1,3,80,115,164,164,210,210,254,289,289,311,337,337,355,355,355,603,603,603],"floor_reached":54,"language":"ENG","playtime":2325,"items_purged":["animator:Strike"],"score":1015,"play_id":"b7c8e7fc-2408-40c8-b0e5-aa366fe1b0d1","local_time":"20210217172918","is_ascension_mode":false,"campfire_choices":[{"data":"animator:Kazuma","floor":8,"key":"SMITH"},{"data":"animator:Aqua","floor":10,"key":"SMITH"},{"data":"animator:Hans","floor":15,"key":"SMITH"},{"data":"animator:Strike","floor":15,"key":"SMITH"},{"data":"animator:AcuraShin","floor":23,"key":"SMITH"},{"data":"animator:Strike","floor":23,"key":"SMITH"},{"data":"animator:Megumin+7","floor":25,"key":"SMITH"},{"floor":30,"key":"RECALL"},{"data":"animator:Megumin+11","floor":32,"key":"SMITH"},{"data":"animator:AcuraShin","floor":41,"key":"SMITH"},{"data":"animator:Megumin+16","floor":41,"key":"SMITH"},{"data":"animator:Megumin+21","floor":49,"key":"SMITH"},{"data":"animator:Megumin+22","floor":52,"key":"SMITH"}],"circlet_count":0,"master_deck":["animator:Strike_Konosuba","animator:Defend_Konosuba","animator:Strike","animator:Strike","animator:Defend","animator:Defend","animator:Defend","animator:Kazuma","animator:Aqua","animator:Megumin+1","animator:Hans","animator:AcuraShin","animator:AcuraShin"],"relics":["animator:TheWolleyCore","animator:LivingPicture","animator:TheMissingPiece"],"acts_visited":["Exordium","TheCity","TheBeyond","TheEnding","EYB:TheUnnamedReign"],"potions_floor_usage":[6,16,16],"damage_taken":[{"damage":2,"enemies":"2 Louse","floor":1,"turns":3},{"damage":0,"enemies":"Small Slimes","floor":3,"turns":4},{"damage":0,"enemies":"Cultist","floor":4,"turns":5},{"damage":23,"enemies":"Gremlin Nob","floor":6,"turns":5},{"damage":7,"enemies":"3 Louse","floor":7,"turns":5},{"damage":0,"enemies":"2 Fungi Beasts","floor":11,"turns":4},{"damage":6,"enemies":"The Guardian","floor":16,"turns":12},{"damage":4,"enemies":"Chosen","floor":18,"turns":5},{"damage":6,"enemies":"Shell Parasite","floor":21,"turns":5},{"damage":34,"enemies":"Snake Plant","floor":22,"turns":6},{"damage":0,"enemies":"animator:HornedBat","floor":28,"turns":5},{"damage":0,"enemies":"Snecko","floor":29,"turns":5},{"damage":0,"enemies":"Gremlin Leader","floor":31,"turns":4},{"damage":0,"enemies":"Collector","floor":33,"turns":7},{"damage":0,"enemies":"3 Darklings","floor":35,"turns":2},{"damage":0,"enemies":"3 Shapes","floor":37,"turns":3},{"damage":0,"enemies":"Transient","floor":39,"turns":5},{"damage":0,"enemies":"R_Hoarder","floor":40,"turns":7},{"damage":0,"enemies":"Nemesis","floor":42,"turns":7},{"damage":0,"enemies":"R_Hoarder","floor":44,"turns":7},{"damage":0,"enemies":"Spire Growth","floor":45,"turns":4},{"damage":0,"enemies":"Sphere and 2 Shapes","floor":47,"turns":1},{"damage":0,"enemies":"Maw","floor":48,"turns":6},{"damage":0,"enemies":"Awakened One","floor":50,"turns":11},{"damage":89,"enemies":"animator:UNNAMED_CULTIST_1","floor":54,"turns":10}],"seed_played":"-7792998292899424251","potions_obtained":[{"floor":3,"key":"blueLaboratory:HorrorPotion"},{"floor":7,"key":"LifebloodPotion"},{"floor":11,"key":"Block Potion"},{"floor":16,"key":"jedi:hoardpotion"},{"floor":21,"key":"blueLaboratory:AbyssPotion"},{"floor":22,"key":"blueLaboratory:BottledHope"},{"floor":31,"key":"Guardian:BlockOnCardUsePotion"},{"floor":38,"key":"Strength Potion"}],"is_trial":false,"path_per_floor":["M","?","M","M","?","E","M","R","T","R","M","$","?","?","R","B",null,"M","?","$","M","M","R","?","R","T","$","E","M","R","E","R","B",null,"M","?","M","?","M","E","R","E","T","E","M","?","M","M","R","B",null,"R","??","M"],"character_chosen":"THE_ANIMATOR","items_purchased":["jedi:ominousloannote","Replay:Arrowhead","animator:Megumin","animator:Hans"],"campfire_rested":0,"item_purchase_floors":[12,12,12,12],"current_hp_per_floor":[64,64,66,66,66,45,40,40,40,40,43,43,30,30,30,27,56,55,55,55,52,21,21,1,1,1,1,1,1,1,1,1,1,1,1,1,1,1,1,1,1,1,1,1,1,1,1,1,1,1,1,1,86,0,0],"gold":603,"neow_bonus":"RANDOM_COMMON_RELIC","is_daily":false,"chose_seed":false,"campfire_upgraded":12,"win_rate":0.0,"timestamp":1613600958,"path_taken":["M","?","M","M","?","E","?","R","T","R","M","$","?","?","R","BOSS","M","?","$","M","M","R","?","R","T","$","E","M","R","E","R","BOSS","M","?","?","?","?","E","R","E","T","E","?","?","M","M","R","BOSS","R","??","M"],"items_purchased_type":["Relic","Relic","Card","Card"],"build_version":"2020-12-22","purchased_purges":1,"victory":false,"max_hp_per_floor":[66,66,66,66,66,66,66,66,66,66,66,66,66,66,66,66,66,66,66,66,66,66,66,1,1,1,1,1,1,1,1,1,1,1,1,1,1,1,1,1,1,1,1,1,1,1,1,1,1,1,1,1,86,86,86],"card_choices":[{"not_picked":["animator:Guy","animator:RinTohsaka","animator:Illya"],"picked":"SKIP","floor":1},{"not_picked":["animator:Genos","animator:Geryuganshoop","animator:Evileye"],"picked":"SKIP","floor":3},{"not_picked":["animator:Alexander","animator:Nanami"],"picked":"animator:Megumin","floor":4},{"not_picked":["animator:Caster","animator:Vanir","animator:ShinjiMatou"],"picked":"SKIP","floor":6},{"not_picked":["animator:Rider","animator:Assassin","animator:Archer"],"picked":"SKIP","floor":7},{"not_picked":["animator:Konayuki","animator:Viivi","animator:AcuraTooru"],"picked":"SKIP","floor":11},{"not_picked":["animator:Kyubey","animator:Saber"],"picked":"animator:AcuraShin","floor":16},{"not_picked":["animator:Lancer","animator:Cocytus+1","animator:Viivi"],"picked":"SKIP","floor":18},{"not_picked":["animator:Fredrika","animator:Illya+1","animator:RinTohsaka"],"picked":"SKIP","floor":21},{"not_picked":["animator:Guy","animator:TsurugaMeisai","animator:MamiTomoe"],"picked":"SKIP","floor":22},{"not_picked":["animator:Evileye","animator:MetalKnight","animator:KyokoSakura+1"],"picked":"SKIP","floor":28},{"not_picked":["animator:Geryuganshoop","animator:Berserker","animator:Rider+1"],"picked":"SKIP","floor":29},{"not_picked":["animator:Kyubey","animator:YachiyoNanami+1","animator:Alexander"],"picked":"SKIP","floor":31},{"not_picked":["animator:Boros","animator:ChaikaTrabant"],"picked":"animator:AcuraShin","floor":33},{"not_picked":["animator:Guy","animator:NarberalGamma","animator:KyokoSakura"],"picked":"SKIP","floor":35},{"not_picked":["animator:Gillette","animator:NagisaMomoe+1","animator:Shalltear+1"],"picked":"SKIP","floor":37},{"not_picked":["animator:Gilgamesh","animator:Mitsurugi","animator:SilverFang+1"],"picked":"SKIP","floor":39},{"not_picked":["animator:SayakaMiki","animator:Kyubey","animator:ChaikaTrabant"],"picked":"SKIP","floor":40},{"not_picked":["animator:MadokaKaname","animator:Genos+1","animator:Hitei+1"],"picked":"SKIP","floor":42},{"not_picked":["animator:Kyubey","animator:Berserker+1","animator:Aqua"],"picked":"SKIP","floor":44},{"not_picked":["animator:Illya+1","animator:ShinjiMatou+1","animator:YachiyoNanami"],"picked":"SKIP","floor":45},{"not_picked":["animator:SuzuneAmano","animator:Alexander+1","animator:NarberalGamma"],"picked":"SKIP","floor":47},{"not_picked":["animator:EmiyaShirou+1","animator:Vanir+1","animator:MamiTomoe+1"],"picked":"SKIP","floor":48}],"player_experience":353463,"relics_obtained":[{"floor":6,"key":"Replay:Bandana"},{"floor":9,"key":"Bromod:ArcaneTempo"},{"floor":26,"key":"conspire:BottledYoYo"},{"floor":28,"key":"Thread and Needle"},{"floor":31,"key":"DemoMod:ClearGuonStone"},{"floor":38,"key":"DemoMod:PoisonVial"},{"floor":40,"key":"Incense Burner"},{"floor":42,"key":"Rawhide"},{"floor":44,"key":"DemoMod:OrangeGuonStone"},{"floor":53,"key":"animator:TheWolleyCore"}],"event_choices":[{"damage_healed":0,"gold_gain":0,"player_choice":"Ignored","damage_taken":0,"max_hp_gain":0,"max_hp_loss":0,"event_name":"NoteForYourself","floor":5,"gold_loss":0},{"damage_healed":0,"gold_gain":0,"player_choice":"Entered Light","damage_taken":13,"max_hp_gain":0,"max_hp_loss":0,"event_name":"Shining Light","floor":13,"gold_loss":0,"cards_upgraded":["animator:Megumin","animator:Strike_Konosuba"]},{"damage_healed":0,"gold_gain":0,"player_choice":"Ignored","damage_taken":0,"max_hp_gain":0,"max_hp_loss":0,"event_name":"SecretPortal","floor":36,"gold_loss":0}],"is_beta":false,"boss_relics":[{"not_picked":["Calling Bell","conspire:RunicOctahedron"],"picked":"hubris:TerracottaHorce"},{"not_picked":["aspiration:DefectSkillbook","jedi:paperlyon"],"picked":"Runic Dome"}],"items_purged_floors":[12],"is_endless":false,"potions_floor_spawned":[3,7,11,16,21,22,29,31,33,35,42,44],"killed_by":"animator:UNNAMED_CULTIST_1","ascension_level":0}}