{"host":"88gqw5ki7llrf2bp","time":1613529326,"event":{"mods":["BaseMod","Downfall","Duelist Mod","Friendly Minions","Hubris","Jorbs\u0027s Wanderer Trilogy","Minty Spire (QoL Compilation)","Quick Restart","Railgun Mod","Rare Cards Sparkle","StSLib","The Animator","The Construct","The Cursed","The Gatherer","slay the spire mod where everything is the same but ironclad has a cowboy hat"],"gold_per_floor":[113,125,25,200,214,214,214,214,241,23,37,70,70,110,110,236,236,255,275,2,2,20,20,20,61,61,74,105,105,124,162,162,282,282,302,365,365,186,92,92,223,259,259,259,259],"floor_reached":44,"language":"ENG","playtime":2472,"items_purged":["Doubt","Strike_B"],"score":659,"play_id":"5c79ba69-bb79-4da0-8901-2131f316bf95","local_time":"20210216203526","is_ascension_mode":true,"campfire_choices":[{"data":"Streamline","floor":6.0,"key":"SMITH"},{"data":"Zap","floor":15.0,"key":"SMITH"},{"data":"Coolheaded","floor":23.0,"key":"SMITH"},{"floor":29.0,"key":"REST"},{"floor":32.0,"key":"REST"},{"data":"Sunder","floor":40.0,"key":"SMITH"}],"circlet_count":0,"master_deck":["Strike_B","Defend_B","Defend_B","Defend_B","Defend_B","Zap+1","Dualcast","Defragment+1","Skim","Streamline+1","Steam Power","White Noise","Buffer+1","Defragment","Capacitor","Apotheosis","Coolheaded+1","Turbo+1","Amplify","Defragment+1","Sunder+1","Biased Cognition","Heatsinks","Meteor Strike","Defragment","Coolheaded+1","hubris:DuctTapeCard"],"relics":["Cracked Core","hubris:ToyBattleship","Anchor","Lee\u0027s Waffle","hubris:BottledRain","Golden Idol","Happy Flower","Snecko Eye","Membership Card","Tiny Chest","hubris:SoftwareUpdate","hubris:GlazedTorus","Torii","hubris:TerracottaHorce","WingedGreaves","hubris:Icosahedron","hubris:DuctTape","PreservedInsect","hubris:Zylophone"],"acts_visited":["Exordium","TheCity","TheBeyond"],"potions_floor_usage":[44,44],"damage_taken":[{"damage":1.0,"enemies":"Cultist","floor":1.0,"turns":3.0},{"damage":11.0,"enemies":"Jaw Worm","floor":2.0,"turns":3.0},{"damage":0.0,"enemies":"Small Slimes","floor":5.0,"turns":3.0},{"damage":1.0,"enemies":"Looter","floor":11.0,"turns":3.0},{"damage":34.0,"enemies":"Gremlin Nob","floor":12.0,"turns":4.0},{"damage":3.0,"enemies":"3 Sentries","floor":14.0,"turns":6.0},{"damage":9.0,"enemies":"Hexaghost","floor":16.0,"turns":9.0},{"damage":42.0,"enemies":"3 Byrds","floor":18.0,"turns":6.0},{"damage":0.0,"enemies":"Chosen","floor":19.0,"turns":5.0},{"damage":18.0,"enemies":"Sentry and Sphere","floor":22.0,"turns":6.0},{"damage":0.0,"enemies":"theDuelist:KaibaA2","floor":25.0,"turns":6.0},{"damage":0.0,"enemies":"Snecko","floor":27.0,"turns":4.0},{"damage":39.0,"enemies":"Slavers","floor":28.0,"turns":5.0},{"damage":0.0,"enemies":"Snake Plant","floor":30.0,"turns":4.0},{"damage":5.0,"enemies":"Book of Stabbing","floor":31.0,"turns":9.0},{"damage":26.0,"enemies":"Automaton","floor":33.0,"turns":11.0},{"damage":2.0,"enemies":"3 Shapes","floor":35.0,"turns":6.0},{"damage":0.0,"enemies":"Mind Bloom Boss Battle","floor":36.0,"turns":6.0},{"damage":9.0,"enemies":"Reptomancer","floor":41.0,"turns":4.0},{"damage":31.0,"enemies":"Nemesis","floor":42.0,"turns":6.0},{"damage":21,"enemies":"3 Darklings","floor":44,"turns":2}],"seed_played":"-7155869473083914800","potions_obtained":[{"floor":1.0,"key":"FocusPotion"},{"floor":2.0,"key":"FocusPotion"},{"floor":14.0,"key":"PowerPotion"},{"floor":25.0,"key":"Dexterity Potion"},{"floor":27.0,"key":"champ:CounterPotion"},{"floor":28.0,"key":"DistilledChaos"},{"floor":30.0,"key":"SkillPotion"},{"floor":31.0,"key":"construct:ShiftPotion"},{"floor":33.0,"key":"ColorlessPotion"},{"floor":36.0,"key":"hexamod:SoulburnPotion"},{"floor":42.0,"key":"CultistPotion"}],"is_trial":false,"path_per_floor":["M","M","$","?","M","R","?","?","T","$","M","E","?","E","R","B",null,"M","M","$","?","M","R","?","E","T","M","E","R","M","E","R","B",null,"M","?","?","$","$","R","E","E","T","M"],"character_chosen":"DEFECT","items_purchased":["Coolheaded","Streamline","Lee\u0027s Waffle","Membership Card","Capacitor","Apotheosis","PowerPotion","hubris:DuctTape","Meteor Strike","Defragment"],"campfire_rested":2,"item_purchase_floors":[3,3,10,20,20,20,20,38,39,39],"current_hp_per_floor":[67,56,56,56,56,56,56,31,31,75,74,40,22,19,19,10,75,33,33,33,58,40,40,40,40,40,40,1,23,23,18,40,14,60,58,58,58,58,58,58,49,18,18,0,0],"gold":259,"neow_bonus":"REMOVE_TWO","is_daily":false,"chose_seed":false,"campfire_upgraded":4,"win_rate":0.0,"timestamp":1613529326,"path_taken":["M","M","$","?","M","R","?","?","T","$","M","E","?","E","R","BOSS","M","M","$","?","M","R","?","E","T","?","E","R","M","E","R","BOSS","M","?","?","$","$","R","E","E","T","M"],"items_purchased_type":["Card","Card","Relic","Relic","Card","Card","Potion","Relic","Card","Card"],"build_version":"2020-12-22","purchased_purges":2,"victory":false,"max_hp_per_floor":[68,68,68,68,68,68,68,68,68,75,75,75,75,75,75,75,75,75,75,75,75,75,75,75,75,75,75,75,75,75,75,75,75,75,75,75,75,75,75,75,75,75,75,75,75],"card_choices":[{"not_picked":["Hologram","Steam"],"picked":"Defragment","floor":1.0},{"not_picked":["Leap","Stack"],"picked":"Skim","floor":2.0},{"not_picked":["Stack","Reprogram","Fusion"],"picked":"SKIP","floor":5.0},{"not_picked":["Stack","Lockon"],"picked":"Steam Power","floor":11.0},{"not_picked":["Darkness","Conserve Battery","Hello World"],"picked":"SKIP","floor":12.0},{"not_picked":["All For One","hubris:PowerSurge"],"picked":"White Noise","floor":14.0},{"not_picked":["Reboot","Rainbow"],"picked":"Buffer","floor":16.0},{"not_picked":["Gash","Barrage"],"picked":"Defragment","floor":18.0},{"not_picked":["Conserve Battery+1","Hologram","Steam"],"picked":"SKIP","floor":19.0},{"not_picked":["Go for the Eyes","Ball Lightning+1"],"picked":"Chaos+1","floor":22.0},{"not_picked":["Sweeping Beam","Aggregate"],"picked":"Coolheaded+1","floor":25.0},{"not_picked":["Beam Cell","Sweeping Beam+1"],"picked":"Turbo+1","floor":27.0},{"not_picked":["Steam+1","Aggregate+1"],"picked":"Amplify","floor":28.0},{"not_picked":["Undo+1","Hologram"],"picked":"Defragment+1","floor":30.0},{"not_picked":["Doom and Gloom","Amplify"],"picked":"Sunder","floor":31.0},{"not_picked":["Electrodynamics","Core Surge"],"picked":"Biased Cognition","floor":33.0},{"not_picked":["Beam Cell+1","Cold Snap","Skim+1"],"picked":"SKIP","floor":35.0},{"not_picked":["Gash","Reprogram"],"picked":"Heatsinks","floor":36.0},{"not_picked":["Conserve Battery+1","Turbo+1"],"picked":"Coolheaded+1","floor":41.0},{"not_picked":["Melter","Conserve Battery","Aggregate"],"picked":"SKIP","floor":42.0}],"player_experience":1878786,"relics_obtained":[{"floor":9.0,"key":"Anchor"},{"floor":12.0,"key":"hubris:BottledRain"},{"floor":14.0,"key":"Happy Flower"},{"floor":25.0,"key":"Tiny Chest"},{"floor":26.0,"key":"hubris:SoftwareUpdate"},{"floor":28.0,"key":"hubris:GlazedTorus"},{"floor":31.0,"key":"Torii"},{"floor":36.0,"key":"WingedGreaves"},{"floor":41.0,"key":"PreservedInsect"},{"floor":42.0,"key":"hubris:Zylophone"}],"event_choices":[{"damage_healed":0.0,"max_hp_gain":0.0,"max_hp_loss":0.0,"gold_gain":175.0,"event_name":"Liars Game","player_choice":"AGREE","floor":4.0,"gold_loss":0.0,"damage_taken":0.0,"cards_obtained":["Doubt"]},{"damage_healed":0.0,"max_hp_gain":0.0,"max_hp_loss":0.0,"gold_gain":0.0,"event_name":"Scrap Ooze","player_choice":"Success","floor":8.0,"gold_loss":0.0,"damage_taken":25.0,"relics_obtained":["hubris:ToyBattleship"]},{"damage_healed":0.0,"max_hp_gain":0.0,"max_hp_loss":0.0,"gold_gain":0.0,"event_name":"Golden Idol","player_choice":"Take Damage","floor":13.0,"gold_loss":0.0,"damage_taken":18.0,"relics_obtained":["Golden Idol"]},{"damage_healed":25.0,"max_hp_gain":0.0,"max_hp_loss":0.0,"gold_gain":0.0,"event_name":"The Library","player_choice":"Heal","floor":21.0,"gold_loss":0.0,"damage_taken":0.0},{"damage_healed":0.0,"max_hp_gain":0.0,"max_hp_loss":0.0,"gold_gain":0.0,"event_name":"Accursed Blacksmith","player_choice":"Forge","floor":24.0,"gold_loss":0.0,"damage_taken":0.0,"cards_upgraded":["Buffer"]},{"damage_healed":0.0,"max_hp_gain":0.0,"max_hp_loss":0.0,"gold_gain":0.0,"event_name":"MindBloom","player_choice":"Fight","floor":36.0,"gold_loss":0.0,"damage_taken":0.0}],"is_beta":false,"boss_relics":[{"not_picked":["Pandora\u0027s Box","Cursed Key"],"picked":"Snecko Eye"},{"not_picked":["construct:ClawGrip","Empty Cage"],"picked":"hubris:TerracottaHorce"}],"items_purged_floors":[10,38],"is_endless":false,"potions_floor_spawned":[1,2,14,25,27,28,30,31,33,36,42],"killed_by":"3 Darklings","ascension_level":1}}