{"host":"rjfefv2ruvigm2gb","time":1613520519,"event":{"mods":["Act Like it!","AlwaysNeverKeys","BaseMod","Better Note","Better Third Choice","BetterRewards","Block Reminder","Bossed Relics","Colored Map","Colored Powertips","Curses Come First","Displayed Cursed Tome","Fox Events","Gold Saver","Googly Eyes","Highlight Path","Minty Spire (QoL Compilation)","Permanent Neow","Quick Restart","Relic Stats","Reliquary","Ruina","Shapeshifter Mod","Shop Mod","Small Relic Pack","StSLib","SuperFastMode","Transform Curses","Uncapped","Virulent Crown"],"gold_per_floor":[913,926,937,696,719,751,751,502,554,654,667,698,698,726,726,827,827,842,511,511,523,80,115,115,149,149,149,159,159,177,206,206,302,302,319,319,330,330,36,36,4,18,68,68,85,85,10,41,41,41,41,41,41,74,74],"floor_reached":56,"language":"ENG","playtime":4875,"items_purged":["Strike_R","Strike_R","Strike_R","Decay"],"score":1296,"play_id":"b394fe00-24dd-4683-9c7a-ced51409ef78","local_time":"20210216180839","is_ascension_mode":true,"campfire_choices":[{"data":"Body Slam","floor":7.0,"key":"SMITH"},{"data":"Power Through","floor":15.0,"key":"SMITH"},{"data":"True Grit","floor":24.0,"key":"SMITH"},{"data":"Armaments","floor":29.0,"key":"SMITH"},{"data":"Brutality","floor":32.0,"key":"SMITH"},{"data":"StSShapeShifter:StormGryphonForm","floor":40.0,"key":"SMITH"},{"data":"Entrench","floor":44.0,"key":"SMITH"},{"data":"Rupture","floor":49.0,"key":"SMITH"},{"data":"Metallicize","floor":52.0,"key":"SMITH"}],"circlet_count":0,"master_deck":["Strike_R","Defend_R","Defend_R","Defend_R","Defend_R+1","Bash","Seeing Red","Sentinel+1","Body Slam+1","Searing Blow","Metallicize+1","Power Through+1","Brutality+1","Feel No Pain","Armaments+1","Havoc+1","Burning Pact","Shrug It Off","True Grit+1","Rupture","Metallicize+1","StSShapeShifter:StormGryphonForm+1","Iron Wave","Feel No Pain","Burning Pact","Rupture+1","Entrench+1","Feel No Pain","Metallicize+1","Hemokinesis","Spot Weakness+1"],"relics":["Burning Blood","Orichalcum","reliquary:Crutches","reliquary:Buckler","Oddly Smooth Stone","Kunai","InkBottle","reliquary:RedCape","PreservedInsect","TungstenRod","Potion Belt","reliquary:TatteredRug","Bronze Scales","Lizard Tail","Runic Pyramid","Nunchaku","Ancient Tea Set","reliquary:PartyBalloon"],"acts_visited":["Exordium","Exordium","TheBeyond","TheEnding"],"potions_floor_usage":[55],"damage_taken":[{"damage":1.0,"enemies":"Cultist","floor":1.0,"turns":3.0},{"damage":7.0,"enemies":"Small Slimes","floor":2.0,"turns":4.0},{"damage":4.0,"enemies":"Jaw Worm","floor":3.0,"turns":5.0},{"damage":8.0,"enemies":"Gremlin Nob","floor":6.0,"turns":4.0},{"damage":9.0,"enemies":"Exordium Thugs","floor":11.0,"turns":6.0},{"damage":10.0,"enemies":"Lagavulin","floor":12.0,"turns":9.0},{"damage":26.0,"enemies":"Gremlin Nob","floor":14.0,"turns":7.0},{"damage":9.0,"enemies":"Hexaghost","floor":16.0,"turns":18.0},{"damage":10.0,"enemies":"ruina:BadWolf","floor":18.0,"turns":3.0},{"damage":9.0,"enemies":"ruina:Nosferatu","floor":21.0,"turns":6.0},{"damage":25.0,"enemies":"ruina:Mountain","floor":23.0,"turns":17.0},{"damage":3.0,"enemies":"ruina:RoadHome","floor":25.0,"turns":10.0},{"damage":0.0,"enemies":"ruina:3_Scarecrows","floor":28.0,"turns":8.0},{"damage":0.0,"enemies":"ruina:KnightOfDespair","floor":30.0,"turns":4.0},{"damage":0.0,"enemies":"ruina:ServantOfWrath","floor":31.0,"turns":7.0},{"damage":24.0,"enemies":"ruina:Red_and_Wolf","floor":33.0,"turns":15.0},{"damage":5.0,"enemies":"3 Shapes","floor":35.0,"turns":6.0},{"damage":1.0,"enemies":"Orb Walker","floor":37.0,"turns":5.0},{"damage":3.0,"enemies":"3 Darklings","floor":42.0,"turns":6.0},{"damage":0.0,"enemies":"Maw","floor":45.0,"turns":9.0},{"damage":0.0,"enemies":"Giant Head","floor":48.0,"turns":8.0},{"damage":22.0,"enemies":"Time Eater","floor":50.0,"turns":14.0},{"damage":29,"enemies":"Shield and Spear","floor":54,"turns":8},{"damage":86,"enemies":"The Heart","floor":55,"turns":14}],"seed_played":"-1924441154910095025","potions_obtained":[{"floor":1.0,"key":"PowerPotion"},{"floor":2.0,"key":"Fire Potion"},{"floor":11.0,"key":"DistilledChaos"},{"floor":12.0,"key":"HeartOfIron"},{"floor":21.0,"key":"EssenceOfSteel"},{"floor":25.0,"key":"ColorlessPotion"},{"floor":30.0,"key":"Weak Potion"},{"floor":35.0,"key":"SkillPotion"},{"floor":37.0,"key":"SmokeBomb"},{"floor":54,"key":"SkillPotion"}],"is_trial":false,"path_per_floor":["M","M","M","$","T","E","R","$","T","?","M","E","?","E","R","B",null,"M","$","?","M","$","E","R","E","T","?","M","R","M","E","R","B",null,"M","?","M","?","$","R","$","M","T","R","M","?","$","E","R","B",null,"R","$","E","B",null],"character_chosen":"IRONCLAD","items_purchased":["FairyPotion","Searing Blow","reliquary:Buckler","PreservedInsect","Armaments","TungstenRod","Burning Pact","Shrug It Off","Feel No Pain","Burning Pact","Rupture","Metallicize"],"campfire_rested":0,"item_purchase_floors":[4,4,8,19,19,22,22,22,39,39,41,47],"current_hp_per_floor":[80,79,80,80,80,78,78,78,78,78,75,71,71,51,51,48,80,76,76,80,77,77,58,58,61,61,61,67,67,73,79,79,61,80,80,73,78,78,78,78,78,80,80,80,80,80,80,80,80,64,80,80,80,57,46],"gold":74,"neow_bonus":"HUNDRED_GOLD","is_daily":false,"chose_seed":false,"campfire_upgraded":9,"win_rate":0.0,"timestamp":1613520519,"path_taken":["M","?","M","$","?","E","R","$","T","?","?","E","?","E","R","BOSS","M","$","?","?","$","E","R","E","T","?","?","R","M","E","R","BOSS","M","?","M","?","$","R","$","?","T","R","M","?","?","E","R","BOSS","R","$","E","BOSS"],"items_purchased_type":["Potion","Card","Relic","Relic","Card","Relic","Card","Card","Card","Card","Card","Card"],"build_version":"2020-12-22","purchased_purges":4,"victory":true,"max_hp_per_floor":[80,80,80,80,80,80,80,80,80,80,80,80,80,80,80,80,80,80,80,80,80,80,80,80,80,80,80,80,80,80,80,80,80,80,80,80,80,80,80,80,80,80,80,80,80,80,80,80,80,80,80,80,80,80,80],"relic_stats":{"Lizard Tail":40,"Nunchaku":[4],"counters":[24,196],"Bronze Scales":[480],"PreservedInsect":391,"Kunai":[11],"Orichalcum":[162],"obtain_stats":[{"Potion Belt":23,"reliquary:PartyBalloon":54,"Oddly Smooth Stone":9,"PreservedInsect":19,"reliquary:TatteredRug":25,"Orichalcum":5,"reliquary:RedCape":17,"Ancient Tea Set":48,"Burning Blood":0,"reliquary:Crutches":6,"Frozen Eye":28,"Lizard Tail":31,"Nunchaku":43,"Bronze Scales":26,"reliquary:Buckler":8,"Kunai":12,"InkBottle":14,"TungstenRod":22,"Runic Pyramid":34},{"Potion Belt":11,"reliquary:PartyBalloon":23,"Oddly Smooth Stone":4,"PreservedInsect":9,"reliquary:TatteredRug":12,"Orichalcum":3,"reliquary:RedCape":8,"Ancient Tea Set":21,"Burning Blood":0,"reliquary:Crutches":4,"Frozen Eye":12,"Lizard Tail":15,"Nunchaku":19,"Bronze Scales":12,"reliquary:Buckler":4,"Kunai":6,"InkBottle":7,"TungstenRod":10,"Runic Pyramid":16},{"Potion Belt":82,"reliquary:PartyBalloon":182,"Oddly Smooth Stone":16,"PreservedInsect":59,"reliquary:TatteredRug":92,"Orichalcum":12,"reliquary:RedCape":56,"Ancient Tea Set":160,"Burning Blood":0,"reliquary:Crutches":16,"Frozen Eye":92,"Lizard Tail":111,"Nunchaku":143,"Bronze Scales":92,"reliquary:Buckler":16,"Kunai":31,"InkBottle":38,"TungstenRod":65,"Runic Pyramid":126}],"Burning Blood":124,"InkBottle":[61],"TungstenRod":167},"card_choices":[{"not_picked":["Power Through","Wild Strike"],"picked":"Seeing Red","floor":1.0},{"not_picked":["Dual Wield","Headbutt"],"picked":"Sentinel","floor":2.0},{"not_picked":["Metallicize","Wild Strike"],"picked":"Body Slam","floor":3.0},{"not_picked":["Twin Strike","Brutality","Sword Boomerang"],"picked":"SKIP","floor":6.0},{"not_picked":["Wild Strike","Spot Weakness","Headbutt"],"picked":"SKIP","floor":11.0},{"not_picked":["Dropkick","Rage"],"picked":"Metallicize","floor":12.0},{"not_picked":["Whirlwind","True Grit"],"picked":"Power Through","floor":14.0},{"not_picked":["Exhume","Reaper"],"picked":"Brutality","floor":16.0},{"not_picked":["Intimidate","Rage"],"picked":"Feel No Pain","floor":18.0},{"not_picked":["Sword Boomerang+1","Thunderclap"],"picked":"Havoc+1","floor":21.0},{"not_picked":["Warcry+1","Searing Blow"],"picked":"True Grit","floor":23.0},{"not_picked":["Heavy Blade+1","Cleave"],"picked":"Rupture","floor":25.0},{"not_picked":["Pommel Strike","Immolate"],"picked":"Metallicize+1","floor":28.0},{"not_picked":["Shrug It Off","Whirlwind+1","Twin Strike"],"picked":"SKIP","floor":30.0},{"not_picked":["Second Wind+1","Battle Trance","Iron Wave"],"picked":"SKIP","floor":31.0},{"not_picked":["Flex+1","Headbutt","Clash+1"],"picked":"SKIP","floor":35.0},{"not_picked":["Disarm+1","Cleave+1"],"picked":"Iron Wave","floor":37.0},{"not_picked":["Heavy Blade","Flex"],"picked":"Entrench","floor":42.0},{"not_picked":["Dark Embrace+1","Clash+1"],"picked":"Feel No Pain","floor":45.0},{"not_picked":["Pommel Strike+1","Seeing Red"],"picked":"Hemokinesis","floor":48.0},{"not_picked":["Sword Boomerang","Heavy Blade"],"picked":"Spot Weakness+1","floor":54}],"player_experience":1032399,"relics_obtained":[{"floor":5.0,"key":"Orichalcum"},{"floor":6.0,"key":"reliquary:Crutches"},{"floor":9.0,"key":"Oddly Smooth Stone"},{"floor":12.0,"key":"Kunai"},{"floor":14.0,"key":"InkBottle"},{"floor":23.0,"key":"Potion Belt"},{"floor":25.0,"key":"reliquary:TatteredRug"},{"floor":26.0,"key":"Bronze Scales"},{"floor":31.0,"key":"Lizard Tail"},{"floor":43.0,"key":"Nunchaku"},{"floor":48.0,"key":"Ancient Tea Set"},{"floor":54,"key":"reliquary:PartyBalloon"}],"event_choices":[{"damage_healed":0.0,"max_hp_gain":0.0,"max_hp_loss":0.0,"gold_gain":100.0,"event_name":"Golden Shrine","player_choice":"Pray","floor":10.0,"gold_loss":0.0,"damage_taken":0.0},{"damage_healed":0.0,"max_hp_gain":0.0,"max_hp_loss":0.0,"gold_gain":0.0,"event_name":"Accursed Blacksmith","player_choice":"Forge","floor":13.0,"gold_loss":0.0,"damage_taken":0.0,"cards_upgraded":["Metallicize"]},{"damage_healed":0.0,"max_hp_gain":0.0,"max_hp_loss":0.0,"gold_gain":0.0,"event_name":"Wheel of Change","player_choice":"Cursed","floor":38.0,"gold_loss":0.0,"damage_taken":0.0,"cards_obtained":["Decay"]},{"cards_removed":["Strike_R"],"damage_healed":0.0,"max_hp_gain":0.0,"max_hp_loss":0.0,"gold_gain":0.0,"event_name":"Purifier","player_choice":"Purged","floor":46.0,"gold_loss":0.0,"damage_taken":0.0}],"is_beta":false,"boss_relics":[{"not_picked":["Runic Dome","relicPack:KazumaCape"],"picked":"reliquary:RedCape"},{"not_picked":["Black Blood","Busted Crown"],"picked":"Runic Pyramid"}],"items_purged_floors":[4,8,19,39],"is_endless":false,"potions_floor_spawned":[1,2,11,12,21,25,30,35,37,54],"ascension_level":1}}