{"host":"rwomhe7k24zy6c7l","time":1613554667,"event":{"mods":["Act Like it!","BaseMod","Colored Powertips","Conspire","Gensokyo","Minty Spire (QoL Compilation)","RumiaBox-露米娅的神秘盒子","StSLib","The Bug Knight","WarShipGirlsR/战舰少女R mod"],"gold_per_floor":[109,41,56,56,56,73,73,85,85,105,105,34,34,54,54,158,158,158,158],"floor_reached":18,"language":"ZHS","playtime":892,"items_purged":[],"score":152,"play_id":"46403d78-9823-4960-8e8e-28c9865fcf27","local_time":"20210217173747","is_ascension_mode":false,"campfire_choices":[{"data":"rmod:wife","floor":7,"key":"SMITH"},{"data":"rmod:chargemoney","floor":11,"key":"SMITH"},{"data":"rmod:expedition","floor":13,"key":"SMITH"},{"data":"rmod:expedition+1","floor":15,"key":"SMITH"}],"circlet_count":0,"master_deck":["rmod:strick","rmod:strick","rmod:strick","rmod:strick","rmod:defend","rmod:defend","rmod:defend","rmod:defend","rmod:basicallowance","rmod:goodsister","rmod:chargemoney+1","rmod:wife+1","rmod:fletcherpendant","rmod:expedition+2","rmod:stealaluminum"],"relics":["rmod:firstchargereward","NeowsBlessing","Happy Flower"],"acts_visited":["Exordium","Exordium"],"potions_floor_usage":[8,8,16],"damage_taken":[{"damage":0,"enemies":"Cultist","floor":1,"turns":1},{"damage":0,"enemies":"Small Slimes","floor":3,"turns":1},{"damage":0,"enemies":"2 Louse","floor":6,"turns":2},{"damage":10,"enemies":"Large Slime","floor":8,"turns":7},{"damage":18,"enemies":"2 Fungi Beasts","floor":10,"turns":4},{"damage":6,"enemies":"3 Louse","floor":14,"turns":5},{"damage":14,"enemies":"Slime Boss","floor":16,"turns":15},{"damage":21,"enemies":"Gensokyo:AngelMirror","floor":18,"turns":2}],"seed_played":"1121337701492020052","potions_obtained":[{"floor":1,"key":"SkillPotion"},{"floor":6,"key":"Strength Potion"},{"floor":10,"key":"DuplicationPotion"}],"is_trial":false,"path_per_floor":["M","$","M","?","?","M","R","M","T","M","R","$","R","M","R","B",null,"M"],"character_chosen":"PRAEFECT","items_purchased":["rmod:chargemoney","rmod:expedition"],"campfire_rested":0,"item_purchase_floors":[2,12],"current_hp_per_floor":[75,75,75,80,80,80,80,70,70,52,52,52,52,46,46,32,80,59,59],"gold":158,"neow_bonus":"THREE_ENEMY_KILL","is_daily":false,"chose_seed":false,"campfire_upgraded":4,"win_rate":0.0,"timestamp":1613554667,"path_taken":["M","?","M","?","?","M","R","?","T","M","R","$","R","M","R","BOSS","M"],"items_purchased_type":["Card","Card"],"build_version":"2020-12-22","purchased_purges":0,"victory":false,"max_hp_per_floor":[75,75,75,80,80,80,80,80,80,80,80,80,80,80,80,80,80,80,80],"card_choices":[{"not_picked":["rmod:spoils","rmod:smokecover"],"picked":"rmod:goodsister","floor":1},{"not_picked":["rmod:ammunitionsupply","rmod:victimresponsibility"],"picked":"rmod:wife","floor":3},{"not_picked":["rmod:intelligenceanalysis","rmod:shuttlebombing","rmod:combined"],"picked":"SKIP","floor":6},{"not_picked":["rmod:firesupport","rmod:lonelyqueen"],"picked":"rmod:fletcherpendant","floor":8},{"not_picked":["rmod:supportescort","rmod:unsinkable","rmod:combined"],"picked":"SKIP","floor":10},{"not_picked":["rmod:secretscript","rmod:supportescort","rmod:wasp"],"picked":"SKIP","floor":14},{"not_picked":["rmod:lastglory","rmod:secretscript"],"picked":"rmod:stealaluminum","floor":16}],"player_experience":141808,"relics_obtained":[{"floor":9,"key":"Happy Flower"}],"event_choices":[{"damage_healed":0,"gold_gain":0,"player_choice":"Donut","damage_taken":0,"max_hp_gain":5,"max_hp_loss":0,"event_name":"Big Fish","floor":4,"gold_loss":0},{"cards_removed":["rmod:maingunfire"],"damage_healed":0,"gold_gain":0,"player_choice":"Offered Basic","damage_taken":0,"max_hp_gain":0,"max_hp_loss":0,"event_name":"Bonfire Elementals","floor":5,"gold_loss":0}],"is_beta":false,"boss_relics":[{"not_picked":["AddBug","Runic Dome","conspire:RoyalGoblet"]}],"items_purged_floors":[],"is_endless":false,"potions_floor_spawned":[1,6,10],"killed_by":"Gensokyo:AngelMirror","ascension_level":0}}