{"host":"y36bp6mnm73x3iob","time":1613582355,"event":{"mods":["2.2 Compatiblity","BaseMod","Bossed Relics","GifTheSpireLib","Hermit","Minty Spire (QoL Compilation)","Reliquary","StSLib"],"gold_per_floor":[112,387,407,298,315,340,360,360,413,428,98,68,81,94,94,195,195,206,51,51,17,44,44,79,92,92,92,92],"floor_reached":27,"language":"ENG","playtime":1312,"items_purged":["Regret","Strike_G"],"score":280,"play_id":"44907d52-6ce9-40f6-8410-934ca45f230c","local_time":"20210217191915","is_ascension_mode":true,"campfire_choices":[{"data":"Well Laid Plans","floor":8,"key":"SMITH"},{"data":"Footwork","floor":15,"key":"SMITH"},{"floor":23,"key":"REST"}],"circlet_count":0,"master_deck":["Strike_G","Strike_G","Strike_G","Strike_G","Defend_G","Defend_G","Defend_G","Defend_G","Defend_G","Survivor","Neutralize","Calculated Gamble","Well Laid Plans+1","Skewer","Dodge and Roll","Dagger Spray","Caltrops","Predator","Storm of Steel","Well Laid Plans","Deadly Poison","Footwork+1","Tools of the Trade","CurseOfTheBell","Outmaneuver+1","Die Die Die","Bouncing Flask","Deflect+1","After Image","Underhanded Strike"],"relics":["Ring of the Snake","NeowsBlessing","reliquary:PrincelyHelmet","Orichalcum","Calling Bell","reliquary:ExpiredCoupon","Eternal Feather","Ice Cream","Lee\u0027s Waffle","Red Mask","Happy Flower","Pantograph"],"acts_visited":["Exordium","TheCity"],"potions_floor_usage":[6,13,13,13,13,16,16,25],"damage_taken":[{"damage":0,"enemies":"Jaw Worm","floor":1,"turns":1},{"damage":0,"enemies":"Cultist","floor":3,"turns":1},{"damage":0,"enemies":"Small Slimes","floor":5,"turns":1},{"damage":20,"enemies":"Gremlin Nob","floor":6,"turns":4},{"damage":1,"enemies":"3 Louse","floor":7,"turns":3},{"damage":1,"enemies":"Large Slime","floor":10,"turns":6},{"damage":0,"enemies":"Blue Slaver","floor":13,"turns":3},{"damage":0,"enemies":"3 Louse","floor":14,"turns":3},{"damage":37,"enemies":"The Guardian","floor":16,"turns":9},{"damage":48,"enemies":"Chosen","floor":18,"turns":9},{"damage":69,"enemies":"Masked Bandits","floor":22,"turns":7},{"damage":39,"enemies":"Gremlin Leader","floor":24,"turns":10},{"damage":3,"enemies":"Shell Parasite","floor":25,"turns":8},{"damage":16,"enemies":"Snecko","floor":27,"turns":5}],"seed_played":"-1851871349606678687","potions_obtained":[{"floor":3,"key":"Strength Potion"},{"floor":10,"key":"BlessingOfTheForge"},{"floor":12,"key":"LiquidBronze"},{"floor":12,"key":"EntropicBrew"},{"floor":13,"key":"Energy Potion"},{"floor":14,"key":"Ancient Potion"},{"floor":24,"key":"Energy Potion"}],"is_trial":false,"path_per_floor":["M","?","M","$","M","E","M","R","T","M","$","?","M","M","R","B",null,"M","$","?","$","?","R","E","M","T","M"],"character_chosen":"THE_SILENT","items_purchased":["Skewer","Storm of Steel","Well Laid Plans","Lee\u0027s Waffle","Bouncing Flask"],"campfire_rested":1,"item_purchase_floors":[4,11,11,19,21],"current_hp_per_floor":[70,70,70,70,70,50,49,49,49,48,48,48,48,48,48,11,70,22,77,77,77,8,46,7,4,4,0,0],"gold":92,"neow_bonus":"THREE_ENEMY_KILL","is_daily":false,"chose_seed":false,"campfire_upgraded":2,"win_rate":0.0,"timestamp":1613582355,"path_taken":["M","?","M","$","M","E","M","R","T","?","$","?","?","M","R","BOSS","M","$","?","$","?","R","E","M","T","M"],"items_purchased_type":["Card","Card","Card","Relic","Card"],"build_version":"2020-12-22","purchased_purges":2,"victory":false,"max_hp_per_floor":[70,70,70,70,70,70,70,70,70,70,70,70,70,70,70,70,70,70,77,77,77,77,77,77,77,77,77,77],"card_choices":[{"not_picked":["PiercingWail","Quick Slash"],"picked":"Calculated Gamble","floor":1},{"not_picked":["Masterful Stab","Deflect"],"picked":"Well Laid Plans","floor":3},{"not_picked":["PiercingWail","Outmaneuver"],"picked":"Dodge and Roll","floor":5},{"not_picked":["Slice","Poisoned Stab"],"picked":"Dagger Spray","floor":6},{"not_picked":["Heel Hook","Slice"],"picked":"Caltrops","floor":7},{"not_picked":["Backstab","Quick Slash"],"picked":"Predator","floor":10},{"not_picked":["Crippling Poison","Cloak And Dagger"],"picked":"Deadly Poison","floor":13},{"not_picked":["Deflect","Grand Finale"],"picked":"Footwork","floor":14},{"not_picked":["Die Die Die","Doppelganger"],"picked":"Tools of the Trade","floor":16},{"not_picked":["Cloak And Dagger+1","Escape Plan"],"picked":"Outmaneuver+1","floor":18},{"not_picked":["Infinite Blades+1","Bouncing Flask"],"picked":"Deflect+1","floor":22},{"not_picked":["Infinite Blades","Deflect"],"picked":"After Image","floor":24},{"not_picked":["PiercingWail","Dagger Throw"],"picked":"Underhanded Strike","floor":25}],"player_experience":559415,"relics_obtained":[{"floor":6,"key":"reliquary:PrincelyHelmet"},{"floor":9,"key":"Orichalcum"},{"floor":17,"key":"reliquary:ExpiredCoupon"},{"floor":17,"key":"Eternal Feather"},{"floor":17,"key":"Ice Cream"},{"floor":22,"key":"Red Mask"},{"floor":24,"key":"Happy Flower"},{"floor":26,"key":"Pantograph"}],"event_choices":[{"damage_healed":0,"gold_gain":275,"player_choice":"Desecrate","damage_taken":0,"max_hp_gain":0,"max_hp_loss":0,"event_name":"Golden Shrine","floor":2,"gold_loss":0,"cards_obtained":["Regret"]},{"damage_healed":0,"gold_gain":0,"player_choice":"Bought 2 Potions","damage_taken":0,"max_hp_gain":0,"max_hp_loss":0,"event_name":"The Woman in Blue","floor":12,"gold_loss":0},{"damage_healed":0,"gold_gain":0,"player_choice":"Read","damage_taken":0,"max_hp_gain":0,"max_hp_loss":0,"event_name":"The Library","floor":20,"gold_loss":0,"cards_obtained":["Die Die Die"]},{"damage_healed":0,"gold_gain":0,"player_choice":"Fought Bandits","damage_taken":0,"max_hp_gain":0,"max_hp_loss":0,"event_name":"Masked Bandits","floor":22,"gold_loss":0}],"is_beta":false,"boss_relics":[{"not_picked":["Astrolabe","Tiny House"],"picked":"Calling Bell"}],"items_purged_floors":[4,11],"is_endless":false,"potions_floor_spawned":[3,10,13,14,24],"killed_by":"Snecko","ascension_level":4}}