{"host":"wx4fbt0i1pdm7dsn","time":1613539388,"event":{"mods":["Act Like it!","BaseMod","Downfall","Gensokyo","Koishi","Marisa£®ÏF”Í°°ƒß¿Ì…≥£©","Minty Spire (QoL Compilation)","Pale of the Ancients","Reimu£®≤©¿ˆ¡È√Œ£©","Remilia£®¿Ÿ√◊¿Ú—«£©","Shop Mod","StSLib","The Servant 0.9.4","Yakumo Yukari mod","Youmu£®ªÍ∆«—˝√Œ£©","Yuyuko"],"gold_per_floor":[111,111,129,54,71,71,71,71],"floor_reached":7,"language":"ZHS","playtime":293,"items_purged":["Koishi:BasicStrike"],"score":41,"play_id":"564d83dd-4c37-4b4a-b5eb-cc21d160d6e1","local_time":"20210217132308","is_ascension_mode":false,"campfire_choices":[{"data":"Koishi:StingingMind","floor":6,"key":"SMITH"}],"circlet_count":0,"master_deck":["Koishi:BasicStrike","Koishi:BasicStrike","Koishi:BasicDefend","Koishi:BasicDefend","Koishi:BasicDefend","Koishi:BasicDefend","Koishi:Provoke","Koishi:HauntingSlash","Koishi:StingingMind+1","Koishi:PhantomStrike"],"relics":["Koishi:ImaginaryFriend","Mango"],"acts_visited":["Exordium"],"potions_floor_usage":[],"damage_taken":[{"damage":0,"enemies":"2 Louse","floor":1,"turns":3},{"damage":3,"enemies":"Jaw Worm","floor":3,"turns":4},{"damage":10,"enemies":"Small Slimes","floor":5,"turns":4},{"damage":0,"enemies":"3 Sentries","floor":7,"turns":1}],"seed_played":"5360626807153016528","potions_obtained":[],"is_trial":false,"path_per_floor":["M","?","M","$","M","R","E"],"character_chosen":"KOISHI","items_purchased":[],"campfire_rested":0,"item_purchase_floors":[],"current_hp_per_floor":[57,50,52,52,44,44,44,44],"gold":71,"neow_bonus":"ONE_RARE_RELIC","is_daily":false,"chose_seed":false,"campfire_upgraded":1,"win_rate":0.0,"timestamp":1613539388,"path_taken":["M","?","M","$","M","R","E"],"items_purchased_type":[],"build_version":"2020-12-22","purchased_purges":1,"victory":false,"max_hp_per_floor":[74,74,74,74,74,74,74,74],"card_choices":[{"not_picked":["Koishi:JumpScare","Koishi:BloodcurdlingScream"],"picked":"Koishi:StingingMind","floor":1},{"not_picked":["Koishi:Jaunt","Koishi:EmbersOfLove"],"picked":"Koishi:PhantomStrike","floor":3},{"not_picked":["Koishi:Whimsy","Koishi:UnconsciousUprising","Koishi:Prune"],"picked":"SKIP","floor":5}],"player_experience":424082,"relics_obtained":[],"event_choices":[{"cards_removed":["Koishi:BasicStrike"],"damage_healed":0,"gold_gain":0,"player_choice":"Card Removal","damage_taken":7,"max_hp_gain":0,"max_hp_loss":0,"event_name":"Golden Wing","floor":2,"gold_loss":0}],"is_beta":false,"boss_relics":[],"items_purged_floors":[4],"is_endless":false,"potions_floor_spawned":[],"killed_by":"3 Sentries","ascension_level":0}}