{"host":"ayh4nqhr0ddw4ozv","time":1613532006,"event":{"mods":["BaseMod","Minty Spire (QoL Compilation)","Relic Stats","Replay The Spire","Robot Space Explorer","StSLib"],"gold_per_floor":[368,379,449,51,65,65,99,99,99,99,133,133,151,169,169,246,246,265,265,281,297,297,297,327,327,376,376,387,418,418,436,436,507,607,618,618,665,690,703,737,737,750,750,768,796,796,599,654,654,654,654,654,540,573,573],"floor_reached":56,"language":"ENG","playtime":3720,"items_purged":["Strike_R"],"score":2181,"play_id":"527b1e22-5280-4bf9-86b9-f3b6aa84a932","local_time":"20210216192006","is_ascension_mode":true,"campfire_choices":[{"data":"Apotheosis","floor":6.0,"key":"SMITH"},{"floor":12.0,"key":"REST"},{"floor":15,"key":"REST"},{"floor":23,"key":"REST"},{"data":"1","floor":25,"key":"LIFT"},{"floor":27,"key":"REST"},{"data":"2","floor":32,"key":"LIFT"},{"floor":41,"key":"RECALL"},{"floor":46,"key":"REST"},{"data":"Strike_R","floor":49,"key":"PURGE"},{"data":"3","floor":52,"key":"LIFT"}],"circlet_count":0,"master_deck":["AscendersBane","Strike_R","Strike_R","Defend_R+1","Defend_R","Defend_R","Defend_R","Bash","Pommel Strike+1","Clothesline","ReplayTheSpireMod:Stacked","Apotheosis+1","ReplayTheSpireMod:Limb From Limb","Feed","Demon Form+1","Feel No Pain+1","Dark Embrace+1","True Grit","Offering","Brutality+1","Barricade+1","Offering","Body Slam+1","Shrug It Off+1","Entrench","Pommel Strike+1","Seeing Red+1","Fiend Fire+1","Twin Strike+1","Reaper+1"],"relics":["Burning Blood","Toolbox","Vajra","Frozen Egg 2","Darkstone Periapt","SlaversCollar","Nloth\u0027s Gift","Girya","Bronze Scales","Molten Egg 2","Replay:Wanted Poster","Matryoshka","Meat on the Bone","Replay:Kaleidoscope","ReplayTheSpireMod:Lightbulb","Replay:Rubber Ducky","Toy Ornithopter","Counterbalance","Orichalcum"],"acts_visited":["Exordium","TheCity","TheBeyond","TheEnding"],"potions_floor_usage":[14,18,21,28,31,33,48,55,55],"damage_taken":[{"damage":6.0,"enemies":"Cultist","floor":1.0,"turns":3.0},{"damage":6.0,"enemies":"Jaw Worm","floor":2.0,"turns":5.0},{"damage":16.0,"enemies":"Small Slimes","floor":5.0,"turns":3.0},{"damage":17.0,"enemies":"Replay:BlueRogue","floor":7.0,"turns":5.0},{"damage":18.0,"enemies":"Lagavulin","floor":11.0,"turns":6.0},{"damage":19.0,"enemies":"2 Fungi Beasts","floor":13.0,"turns":7.0},{"damage":3,"enemies":"Blue Slaver","floor":14,"turns":8},{"damage":14,"enemies":"Slime Boss","floor":16,"turns":11},{"damage":24,"enemies":"2 Thieves","floor":18,"turns":5},{"damage":30,"enemies":"Shell Parasite","floor":20,"turns":8},{"damage":31,"enemies":"Snake Plant","floor":21,"turns":8},{"damage":15,"enemies":"Replay:Snechameleon","floor":24,"turns":6},{"damage":31,"enemies":"Snecko","floor":28,"turns":8},{"damage":10,"enemies":"Gremlin Leader","floor":29,"turns":5},{"damage":32,"enemies":"Chosen and Byrds","floor":31,"turns":4},{"damage":15,"enemies":"Automaton","floor":33,"turns":8},{"damage":13,"enemies":"Orb Walker","floor":35,"turns":2},{"damage":12,"enemies":"3 Shapes","floor":39,"turns":7},{"damage":20,"enemies":"Nemesis","floor":40,"turns":9},{"damage":16,"enemies":"Sphere and 2 Shapes","floor":42,"turns":7},{"damage":33,"enemies":"Writhing Mass","floor":44,"turns":6},{"damage":25,"enemies":"R_Hoarder","floor":45,"turns":8},{"damage":17,"enemies":"2 Orb Walkers","floor":48,"turns":5},{"damage":33,"enemies":"Donu and Deca","floor":50,"turns":5},{"damage":40,"enemies":"Shield and Spear","floor":54,"turns":5},{"damage":74,"enemies":"The Heart","floor":55,"turns":8}],"seed_played":"8341540450237166013","potions_obtained":[{"floor":1.0,"key":"ElixirPotion"},{"floor":11.0,"key":"Block Potion"},{"floor":16,"key":"ColorlessPotion"},{"floor":20,"key":"Strength Potion"},{"floor":24,"key":"Block Potion"},{"floor":28,"key":"Energy Potion"},{"floor":31,"key":"CultistPotion"},{"floor":35,"key":"Weak Potion"},{"floor":37,"key":"Energy Potion"},{"floor":39,"key":"DuplicationPotion"}],"is_trial":false,"path_per_floor":["M","M","T","$","M","R","E","?","T","?","E","R","M","M","R","B",null,"M","?","M","M","?","R","E","R","T","R","M","E","?","M","R","B",null,"M","?","?","T","M","E","R","M","T","M","E","R","$","?","R","B",null,"R","$","E","B",null],"character_chosen":"IRONCLAD","items_purchased":["ReplayTheSpireMod:Stacked","Toolbox","Apotheosis","Fiend Fire+1","Flashbang"],"campfire_rested":5,"item_purchase_floors":[4,4,4,47,53],"current_hp_per_floor":[68,68,68,68,58,58,47,27,27,27,15,35,26,33,55,51,73,59,59,35,10,10,35,30,30,30,56,35,35,96,74,74,65,91,84,84,44,44,53,55,55,61,61,50,47,82,82,76,76,65,109,109,109,79,33],"gold":573,"neow_bonus":"TWO_FIFTY_GOLD","is_daily":false,"chose_seed":false,"campfire_upgraded":1,"win_rate":0.0,"timestamp":1613532006,"path_taken":["M","M","?","$","M","R","E","?","T","?","E","R","M","M","R","BOSS","M","?","M","?","?","R","E","R","T","R","M","E","?","M","R","BOSS","M","?","?","?","?","E","R","M","T","M","E","R","$","?","R","BOSS","R","$","E","BOSS"],"items_purchased_type":["Card","Relic","Card","Card","Potion"],"build_version":"2020-12-22","purchased_purges":1,"victory":true,"max_hp_per_floor":[68,68,68,68,68,68,68,68,68,68,68,68,72,76,76,80,80,84,84,84,84,84,84,88,88,88,88,92,96,96,100,100,100,100,100,100,100,100,103,107,107,111,111,115,119,119,119,119,119,123,123,123,123,127,127],"relic_stats":{"Darkstone Periapt":0,"counters":[26,162],"Bronze Scales":[322],"Nloth\u0027s Gift":7,"Orichalcum":[6],"obtain_stats":[{"Darkstone Periapt":11,"Girya":24,"Counterbalance":48,"Vajra":7,"Replay:Kaleidoscope":40,"Frozen Egg 2":9,"Orichalcum":54,"Burning Blood":0,"Replay:Rubber Ducky":43,"Replay:Wanted Poster":34,"SlaversCollar":17,"Matryoshka":37,"Bronze Scales":26,"Toolbox":4,"Molten Egg 2":29,"Nloth\u0027s Gift":19,"ReplayTheSpireMod:Lightbulb":43,"InkBottle":3,"Toy Ornithopter":45,"Meat on the Bone":38},{"Darkstone Periapt":5,"Girya":12,"Counterbalance":23,"Vajra":4,"Replay:Kaleidoscope":19,"Frozen Egg 2":4,"Orichalcum":25,"Burning Blood":0,"Replay:Rubber Ducky":20,"Replay:Wanted Poster":16,"SlaversCollar":8,"Matryoshka":17,"Bronze Scales":12,"Toolbox":2,"Molten Egg 2":14,"Nloth\u0027s Gift":9,"ReplayTheSpireMod:Lightbulb":20,"InkBottle":2,"Toy Ornithopter":22,"Meat on the Bone":17},{"Darkstone Periapt":22,"Girya":75,"Counterbalance":144,"Vajra":16,"Replay:Kaleidoscope":118,"Frozen Egg 2":16,"Orichalcum":154,"Burning Blood":0,"Replay:Rubber Ducky":125,"Replay:Wanted Poster":100,"SlaversCollar":48,"Matryoshka":102,"Bronze Scales":75,"Toolbox":8,"Molten Egg 2":88,"Nloth\u0027s Gift":53,"ReplayTheSpireMod:Lightbulb":125,"InkBottle":8,"Toy Ornithopter":139,"Meat on the Bone":102}],"Burning Blood":156,"Toy Ornithopter":15,"Meat on the Bone":84},"card_choices":[{"not_picked":["Defy Death","Metallicize"],"picked":"Pommel Strike","floor":1.0},{"not_picked":["Seeing Red","Twin Strike"],"picked":"Clothesline","floor":2.0},{"not_picked":["Sword Boomerang","Run Through","Iron Wave"],"picked":"SKIP","floor":5.0},{"not_picked":["Heavy Blade","Flex"],"picked":"ReplayTheSpireMod:Limb From Limb","floor":7.0},{"not_picked":["Flex","Clothesline"],"picked":"Feed","floor":11.0},{"not_picked":["Twin Strike","Thunderclap"],"picked":"Battle Trance","floor":13.0},{"not_picked":["Carnage","Havoc","Body Slam"],"picked":"SKIP","floor":14},{"not_picked":["Reaper","Corruption+1"],"picked":"Demon Form+1","floor":16},{"not_picked":["Anger","Twin Strike"],"picked":"Feel No Pain+1","floor":18},{"not_picked":["Perfected Strike","Power Through"],"picked":"Dark Embrace+1","floor":20},{"not_picked":["Warcry","Replay:Undeath\u0027s Touch"],"picked":"True Grit","floor":21},{"not_picked":["Twin Strike","Demonic Infusion"],"picked":"Offering","floor":24},{"not_picked":["Iron Wave","Thunderclap+1","Headbutt+1"],"picked":"SKIP","floor":28},{"not_picked":["ReplayTheSpireMod:Muscle Training","Shrug It Off"],"picked":"Brutality+1","floor":29},{"not_picked":["Clothesline+1","Sword Boomerang+1"],"picked":"Barricade+1","floor":31},{"not_picked":["Replay:Many Hands","Brutality+1"],"picked":"Offering","floor":33},{"not_picked":["Dropkick+1","Twin Strike+1","Clash+1"],"picked":"SKIP","floor":35},{"not_picked":["Iron Wave+1","Rampage+1"],"picked":"Body Slam+1","floor":37},{"not_picked":["Brutality+1","Iron Wave+1"],"picked":"Shrug It Off+1","floor":39},{"not_picked":["Flex+1","Limit Break"],"picked":"Entrench","floor":40},{"not_picked":["Warcry","ReplayReversal"],"picked":"Pommel Strike+1","floor":42},{"not_picked":["Shrug It Off","Cleave+1","Searing Blow+1"],"picked":"SKIP","floor":44},{"not_picked":["Dropkick+1","Combust+1"],"picked":"Seeing Red+1","floor":45},{"not_picked":["Armaments","Perfected Strike+1"],"picked":"Twin Strike+1","floor":48},{"not_picked":["Feel No Pain+1","Armaments"],"picked":"Reaper+1","floor":54}],"player_experience":440108,"relics_obtained":[{"floor":3.0,"key":"InkBottle"},{"floor":7.0,"key":"Vajra"},{"floor":9.0,"key":"Frozen Egg 2"},{"floor":11.0,"key":"Darkstone Periapt"},{"floor":24,"key":"Girya"},{"floor":26,"key":"Bronze Scales"},{"floor":29,"key":"Molten Egg 2"},{"floor":37,"key":"Matryoshka"},{"floor":38,"key":"Meat on the Bone"},{"floor":40,"key":"Replay:Kaleidoscope"},{"floor":43,"key":"ReplayTheSpireMod:Lightbulb"},{"floor":43,"key":"Replay:Rubber Ducky"},{"floor":45,"key":"Toy Ornithopter"},{"floor":48,"key":"Counterbalance"},{"floor":54,"key":"Orichalcum"}],"event_choices":[{"damage_healed":0.0,"max_hp_gain":0.0,"max_hp_loss":0.0,"gold_gain":0.0,"event_name":"Shining Light","player_choice":"Entered Light","floor":8.0,"gold_loss":0.0,"damage_taken":20.0,"cards_upgraded":["Pommel Strike","Defend_R"]},{"cards_removed":["Strike_R"],"damage_healed":0.0,"max_hp_gain":0.0,"max_hp_loss":0.0,"gold_gain":0.0,"event_name":"Purifier","player_choice":"Purged","floor":10.0,"gold_loss":0.0,"damage_taken":0.0},{"damage_healed":0,"gold_gain":0,"player_choice":"Traded Relic","damage_taken":0,"relics_obtained":["Nloth\u0027s Gift"],"max_hp_gain":0,"max_hp_loss":0,"event_name":"N\u0027loth","floor":19,"relics_lost":["InkBottle"],"gold_loss":0},{"damage_healed":0,"gold_gain":0,"player_choice":"Ignored","damage_taken":0,"max_hp_gain":0,"max_hp_loss":0,"event_name":"Cursed Tome","floor":22,"gold_loss":0},{"cards_removed":["Battle Trance"],"damage_healed":61,"gold_gain":0,"player_choice":"Offered Uncommon","damage_taken":0,"max_hp_gain":0,"max_hp_loss":0,"event_name":"Bonfire Elementals","floor":30,"gold_loss":0},{"damage_healed":0,"gold_gain":0,"player_choice":"Ignored","damage_taken":0,"max_hp_gain":0,"max_hp_loss":0,"event_name":"Tomb of Lord Red Mask","floor":36,"gold_loss":0},{"damage_healed":0,"gold_gain":0,"player_choice":"Fight","damage_taken":0,"max_hp_gain":0,"max_hp_loss":0,"event_name":"Mysterious Sphere","floor":48,"gold_loss":0}],"is_beta":false,"boss_relics":[{"not_picked":["Black Blood","Runic Dome"],"picked":"SlaversCollar"},{"not_picked":["Mark of Pain","Ooze Armor"],"picked":"Replay:Wanted Poster"}],"items_purged_floors":[47],"is_endless":false,"potions_floor_spawned":[1,11,16,20,24,28,31,35,39,40,45],"ascension_level":17}}