{"host":"72n3jwtrlpjobydj","time":1613543258,"event":{"mods":["AchievementEnabler","BaseMod","CapriCore","DeckTracker","Hermit","Koishi","KomeijiMod","Lobotomy","Marisa£¨Ùöéë¡¡Øª×âÞÞ£©","Minty Spire (QoL Compilation)","Permanent Neow","StSLib","SuperFastMode","The Cursed","The Hierophant","The Immortal"],"gold_per_floor":[119,139,42,53,71,71,71,106,132,132,132,151,164,164,164,260,260,277,39,39,59,59,158,176,176,176],"floor_reached":25,"language":"KOR","playtime":545,"items_purged":["Defend_R"],"score":203,"play_id":"b510dc16-d3ee-4ebf-abc7-c31e27a63d6d","local_time":"20210217152738","is_ascension_mode":false,"campfire_choices":[{"floor":7,"key":"REST"},{"floor":11,"key":"REST"},{"data":"Twin Strike","floor":15,"key":"SMITH"}],"circlet_count":0,"master_deck":["Strike_R","Strike_R","Strike_R","Strike_R","Strike_R","Defend_R","Defend_R+1","Defend_R","Twin Strike+1","Wild Strike","Perfected Strike+1","Twin Strike+1","Twin Strike","Whirlwind"],"relics":["Burning Blood","PreservedInsect","Whetstone","Velvet Choker","Ornamental Fan","Nilry\u0027s Codex"],"acts_visited":["Exordium","TheCity"],"potions_floor_usage":[16,16,18],"damage_taken":[{"damage":1,"enemies":"Cultist","floor":1,"turns":3},{"damage":1,"enemies":"Jaw Worm","floor":2,"turns":3},{"damage":2,"enemies":"2 Louse","floor":4,"turns":2},{"damage":18,"enemies":"Lots of Slimes","floor":5,"turns":4},{"damage":23,"enemies":"Lagavulin","floor":8,"turns":4},{"damage":11,"enemies":"Exordium Wildlife","floor":12,"turns":3},{"damage":8,"enemies":"3 Louse","floor":13,"turns":3},{"damage":61,"enemies":"Hexaghost","floor":16,"turns":8},{"damage":10,"enemies":"3 Byrds","floor":18,"turns":3},{"damage":0,"enemies":"Chosen","floor":21,"turns":3},{"damage":23,"enemies":"Snecko","floor":24,"turns":5},{"damage":56,"enemies":"Gremlin Leader","floor":25,"turns":4}],"seed_played":"8298700756315673410","potions_obtained":[{"floor":4,"key":"EssenceOfSteel"},{"floor":8,"key":"Fire Potion"},{"floor":13,"key":"Dexterity Potion"}],"is_trial":false,"path_per_floor":["M","M","$","M","M","?","R","E","T","?","R","M","M","?","R","B",null,"M","$","?","M","?","?","M","E"],"character_chosen":"IRONCLAD","items_purchased":["Perfected Strike","Ornamental Fan"],"campfire_rested":2,"item_purchase_floors":[3,19],"current_hp_per_floor":[80,80,80,80,68,52,76,59,59,59,80,75,73,73,73,18,80,76,76,76,80,64,64,47,0,0],"gold":176,"neow_bonus":"THREE_CARDS","is_daily":false,"chose_seed":false,"campfire_upgraded":1,"win_rate":0.0,"timestamp":1613543258,"path_taken":["M","?","$","M","M","?","R","E","T","?","R","M","M","?","R","BOSS","M","?","?","M","?","?","M","E"],"items_purchased_type":["Card","Relic"],"build_version":"2020-12-22","purchased_purges":1,"victory":false,"max_hp_per_floor":[80,80,80,80,80,80,80,80,80,80,80,80,80,80,80,80,80,80,80,80,80,80,80,80,80,80],"card_choices":[{"not_picked":["Sword Boomerang","Clash"],"picked":"Twin Strike","floor":0},{"not_picked":["Havoc","Reckless Charge","Ghostly Armor"],"picked":"SKIP","floor":1},{"not_picked":["Power Through","Searing Blow"],"picked":"Wild Strike","floor":2},{"not_picked":["Armaments","Sword Boomerang"],"picked":"Twin Strike","floor":4},{"not_picked":["Clash","Disarm"],"picked":"Twin Strike","floor":5},{"not_picked":["Iron Wave","Shrug It Off","Sentinel"],"picked":"SKIP","floor":8},{"not_picked":["Clothesline","Sentinel","Shrug It Off"],"picked":"SKIP","floor":12},{"not_picked":["Intimidate","Flex","Whirlwind"],"picked":"SKIP","floor":13},{"not_picked":["Cleave+1","Whirlwind","Warcry"],"picked":"SKIP","floor":18},{"not_picked":["Uppercut","Thunderclap","Rupture"],"picked":"SKIP","floor":21},{"not_picked":["Cleave","Shockwave+1","Dropkick+1"],"picked":"SKIP","floor":24}],"player_experience":63932,"relics_obtained":[{"floor":8,"key":"PreservedInsect"},{"floor":9,"key":"Whetstone"},{"floor":22,"key":"Nilry\u0027s Codex"}],"event_choices":[{"damage_healed":0,"gold_gain":0,"player_choice":"Entered Light","damage_taken":16,"max_hp_gain":0,"max_hp_loss":0,"event_name":"Shining Light","floor":6,"gold_loss":0,"cards_upgraded":["Defend_R","Bash"]},{"damage_healed":0,"gold_gain":0,"cards_transformed":["Bash"],"player_choice":"Transformed","damage_taken":0,"max_hp_gain":0,"max_hp_loss":0,"event_name":"Transmorgrifier","floor":14,"gold_loss":0,"cards_obtained":["Whirlwind"]},{"damage_healed":0,"gold_gain":0,"player_choice":"Ignored","damage_taken":0,"max_hp_gain":0,"max_hp_loss":0,"event_name":"The Mausoleum","floor":20,"gold_loss":0},{"damage_healed":0,"gold_gain":0,"player_choice":"Obtained Book","damage_taken":16,"max_hp_gain":0,"max_hp_loss":0,"event_name":"Cursed Tome","floor":22,"gold_loss":0},{"damage_healed":0,"gold_gain":99,"player_choice":"Stole From Cult","damage_taken":0,"max_hp_gain":0,"max_hp_loss":0,"event_name":"Nest","floor":23,"gold_loss":0}],"is_beta":false,"boss_relics":[{"not_picked":["Mark of Pain","Tiny House"],"picked":"Velvet Choker"}],"items_purged_floors":[3],"is_endless":false,"potions_floor_spawned":[4,8,13],"killed_by":"Gremlin Leader","ascension_level":0}}