{"host":"o7j6aatxjwpw1421","time":1613586096,"event":{"mods":["2.2 Compatiblity","AchievementEnabler","BaseMod","Colored Map","DeckTracker","Highlight Path","Keyboard Shortcuts","Minty Spire (QoL Compilation)","Permanent Neow","Quick Restart","StSLib","SuperFastMode","everything is the same but u backflip on backflip"],"gold_per_floor":[12,27,27,37,37,55,55,71,94,94,104,54,54,85,85,187,187,199,210,17,17,35,50,50,69,69,69,81,18,38,54,54,156,156,173,173,191,80,430,430,367,382,382,34,47,65,65,76,76,76,76],"floor_reached":50,"language":"KOR","playtime":1212,"items_purged":["Strike_P","Defend_P"],"score":500,"play_id":"4f2832bd-ef29-4cdc-ba69-1dc745f4a5ec","local_time":"20210218032136","is_ascension_mode":false,"campfire_choices":[{"data":"Eruption","floor":7.0,"key":"SMITH"},{"data":"Consecrate","floor":10.0,"key":"SMITH"},{"data":"Consecrate","floor":13.0,"key":"SMITH"},{"data":"CrushJoints","floor":15.0,"key":"SMITH"},{"data":"ConjureBlade","floor":24.0,"key":"SMITH"},{"data":"Vigilance","floor":32.0,"key":"SMITH"},{"data":"Vault","floor":40.0,"key":"SMITH"},{"data":"Fasting2","floor":47.0,"key":"SMITH"},{"data":"Ragnarok","floor":49,"key":"SMITH"}],"circlet_count":0,"master_deck":["Eruption+1","Vigilance+1","Consecrate+1","Consecrate+1","CrushJoints+1","ConjureBlade+1","EmptyBody+1","Study+1","Ragnarok+1","Consecrate+1","Vault+1","Vault+1","Fasting2+1"],"relics":["PureWater","Pen Nib","Akabeko","Philosopher\u0027s Stone","Membership Card","The Courier","Lee\u0027s Waffle","Runic Pyramid","Lantern","Old Coin","DollysMirror","HornCleat","Yang","Potion Belt","Art of War","Turnip"],"acts_visited":["Exordium","TheCity","TheBeyond"],"potions_floor_usage":[],"damage_taken":[{"damage":0.0,"enemies":"Jaw Worm","floor":1.0,"turns":3.0},{"damage":1.0,"enemies":"2 Louse","floor":2.0,"turns":2.0},{"damage":0.0,"enemies":"Cultist","floor":4.0,"turns":3.0},{"damage":2.0,"enemies":"Looter","floor":6.0,"turns":2.0},{"damage":1.0,"enemies":"3 Louse","floor":8.0,"turns":2.0},{"damage":0.0,"enemies":"2 Fungi Beasts","floor":11.0,"turns":2.0},{"damage":5.0,"enemies":"Lagavulin","floor":14.0,"turns":3.0},{"damage":50.0,"enemies":"The Guardian","floor":16.0,"turns":10.0},{"damage":9.0,"enemies":"3 Byrds","floor":18.0,"turns":4.0},{"damage":15.0,"enemies":"2 Thieves","floor":19.0,"turns":3.0},{"damage":4.0,"enemies":"Cultist and Chosen","floor":22.0,"turns":2.0},{"damage":19.0,"enemies":"Snake Plant","floor":23.0,"turns":2.0},{"damage":5.0,"enemies":"Shelled Parasite and Fungi","floor":25.0,"turns":3.0},{"damage":7.0,"enemies":"Centurion and Healer","floor":28.0,"turns":3.0},{"damage":0.0,"enemies":"Cultist and Chosen","floor":30.0,"turns":3.0},{"damage":5.0,"enemies":"Shelled Parasite and Fungi","floor":31.0,"turns":3.0},{"damage":0.0,"enemies":"Champ","floor":33.0,"turns":4.0},{"damage":0.0,"enemies":"3 Darklings","floor":35.0,"turns":3.0},{"damage":6.0,"enemies":"Orb Walker","floor":37.0,"turns":2.0},{"damage":1.0,"enemies":"Mind Bloom Boss Battle","floor":39.0,"turns":5.0},{"damage":14.0,"enemies":"Writhing Mass","floor":42.0,"turns":4.0},{"damage":0.0,"enemies":"Sphere and 2 Shapes","floor":45.0,"turns":4.0},{"damage":3.0,"enemies":"Spire Growth","floor":46.0,"turns":3.0},{"damage":6,"enemies":"Writhing Mass","floor":48,"turns":4},{"damage":49,"enemies":"Awakened One","floor":50,"turns":3}],"seed_played":"7486241886177759063","potions_obtained":[{"floor":1.0,"key":"Ambrosia"},{"floor":4.0,"key":"Explosive Potion"},{"floor":6.0,"key":"CultistPotion"},{"floor":23.0,"key":"EntropicBrew"},{"floor":28.0,"key":"Block Potion"},{"floor":35.0,"key":"Explosive Potion"},{"floor":39.0,"key":"SpeedPotion"}],"is_trial":false,"path_per_floor":["M","M","?","M","?","M","R","M","T","R","M","?","R","E","R","B",null,"M","M","$","?","M","M","R","M","T","?","M","$","M","M","R","B",null,"M","?","M","$","?","R","$","M","T","$","M","M","R","M","R","B"],"character_chosen":"WATCHER","items_purchased":["Membership Card","Lee\u0027s Waffle","Lantern","DollysMirror","Yang","Potion Belt","Art of War","Turnip"],"campfire_rested":0,"item_purchase_floors":[20,29,38,41,44,44,44,44],"current_hp_per_floor":[72,71,71,71,71,69,69,68,68,68,68,68,68,63,63,13,72,63,48,48,48,44,25,25,20,20,20,13,79,79,74,74,74,79,79,79,73,73,72,72,72,58,58,58,58,55,55,49,49,0,0],"gold":76,"neow_bonus":"REMOVE_TWO","is_daily":false,"chose_seed":false,"campfire_upgraded":9,"win_rate":0.0,"timestamp":1613586096,"path_taken":["M","M","?","M","?","M","R","M","T","R","?","?","R","E","R","BOSS","M","M","$","?","M","M","R","M","T","?","?","?","M","M","R","BOSS","M","?","M","$","?","R","?","M","T","$","?","M","R","M","R","BOSS"],"items_purchased_type":["Relic","Relic","Relic","Relic","Relic","Relic","Relic","Relic"],"build_version":"2020-12-22","purchased_purges":2,"victory":false,"max_hp_per_floor":[72,72,72,72,72,72,72,72,72,72,72,72,72,72,72,72,72,72,72,72,72,72,72,72,72,72,72,72,79,79,79,79,79,79,79,79,79,79,79,79,79,79,79,79,79,79,79,79,79,79,79],"card_choices":[{"not_picked":["CarveReality","WindmillStrike","FollowUp"],"picked":"SKIP","floor":1.0},{"not_picked":["Evaluate","FlyingSleeves"],"picked":"Consecrate","floor":2.0},{"not_picked":["Prostrate","CutThroughFate","FlyingSleeves"],"picked":"SKIP","floor":4.0},{"not_picked":["PathToVictory","CutThroughFate","Halt"],"picked":"SKIP","floor":6.0},{"not_picked":["Protect","CrushJoints"],"picked":"Consecrate","floor":8.0},{"not_picked":["EmptyFist","SashWhip"],"picked":"CrushJoints","floor":11.0},{"not_picked":["SashWhip","JustLucky","Perseverance"],"picked":"SKIP","floor":14.0},{"not_picked":["LessonLearned","Alpha"],"picked":"ConjureBlade","floor":16.0},{"not_picked":["TalkToTheHand","LikeWater","BowlingBash"],"picked":"SKIP","floor":18.0},{"not_picked":["SashWhip","Conclude","ThirdEye"],"picked":"SKIP","floor":19.0},{"not_picked":["ForeignInfluence","FlurryOfBlows","Wireheading"],"picked":"SKIP","floor":22.0},{"not_picked":["Weave","Conclude"],"picked":"EmptyBody+1","floor":23.0},{"not_picked":["Prostrate","BowlingBash","Devotion"],"picked":"SKIP","floor":25.0},{"not_picked":["BowlingBash","Crescendo"],"picked":"Study+1","floor":28.0},{"not_picked":["ClearTheMind+1","BowlingBash","Meditate"],"picked":"SKIP","floor":30.0},{"not_picked":["CutThroughFate","CrushJoints","Nirvana"],"picked":"SKIP","floor":31.0},{"not_picked":["Judgement","SpiritShield"],"picked":"Ragnarok","floor":33.0},{"not_picked":["Vengeance","SignatureMove+1"],"picked":"Consecrate+1","floor":35.0},{"not_picked":["ThirdEye+1","BowlingBash","WaveOfTheHand+1"],"picked":"SKIP","floor":37.0},{"not_picked":["ReachHeaven","Worship"],"picked":"Vault","floor":39.0},{"not_picked":["ThirdEye","Sanctity+1","Crescendo"],"picked":"SKIP","floor":42.0},{"not_picked":["ClearTheMind+1","Fasting2","ThirdEye+1"],"picked":"SKIP","floor":45.0},{"not_picked":["ClearTheMind+1","ThirdEye+1"],"picked":"Fasting2","floor":45.0},{"not_picked":["Prostrate+1","JustLucky+1","Nirvana"],"picked":"SKIP","floor":46.0},{"not_picked":["Meditate+1","WheelKick","Vengeance+1"],"picked":"SKIP","floor":48}],"player_experience":622511,"relics_obtained":[{"floor":9.0,"key":"Pen Nib"},{"floor":14.0,"key":"Akabeko"},{"floor":26.0,"key":"The Courier"},{"floor":39.0,"key":"Old Coin"},{"floor":43.0,"key":"HornCleat"}],"event_choices":[{"cards_removed":["Strike_P"],"damage_healed":0.0,"max_hp_gain":0.0,"max_hp_loss":0.0,"gold_gain":0.0,"event_name":"Living Wall","player_choice":"Forget","floor":3.0,"gold_loss":0.0,"damage_taken":0.0},{"cards_removed":["Defend_P"],"damage_healed":0.0,"max_hp_gain":0.0,"max_hp_loss":0.0,"gold_gain":0.0,"event_name":"Bonfire Elementals","player_choice":"Offered Basic","floor":5.0,"gold_loss":0.0,"damage_taken":0.0},{"cards_removed":["Strike_P"],"damage_healed":0.0,"max_hp_gain":0.0,"max_hp_loss":0.0,"gold_gain":0.0,"event_name":"The Cleric","player_choice":"Card Removal","floor":12.0,"gold_loss":50.0,"damage_taken":0.0},{"cards_removed":["Defend_P"],"damage_healed":0.0,"max_hp_gain":0.0,"max_hp_loss":0.0,"gold_gain":0.0,"event_name":"Back to Basics","player_choice":"Elegance","floor":21.0,"gold_loss":0.0,"damage_taken":0.0},{"damage_healed":0.0,"max_hp_gain":0.0,"max_hp_loss":0.0,"gold_gain":0.0,"event_name":"Cursed Tome","player_choice":"Ignored","floor":27.0,"gold_loss":0.0,"damage_taken":0.0},{"damage_healed":0.0,"max_hp_gain":0.0,"max_hp_loss":0.0,"gold_gain":0.0,"event_name":"Mysterious Sphere","player_choice":"Ignored","floor":36.0,"gold_loss":0.0,"damage_taken":0.0},{"damage_healed":0.0,"max_hp_gain":0.0,"max_hp_loss":0.0,"gold_gain":0.0,"event_name":"MindBloom","player_choice":"Fight","floor":39.0,"gold_loss":0.0,"damage_taken":0.0}],"is_beta":false,"boss_relics":[{"not_picked":["Runic Dome","Tiny House"],"picked":"Philosopher\u0027s Stone"},{"not_picked":["Velvet Choker","SacredBark"],"picked":"Runic Pyramid"}],"items_purged_floors":[20,38],"is_endless":false,"potions_floor_spawned":[1,4,6,16,23,28,30,31,35,39,42],"killed_by":"Awakened One","ascension_level":0}}