{"host":"4lqqtboa3hvdze4c","time":1613571072,"event":{"mods":["AchievementEnabler","BaseMod","BetterRewards","Colored Map","DeckTracker","Minty Spire (QoL Compilation)","Permanent Neow","SuperFastMode"],"gold_per_floor":[113,126,301,376,22,52,52,85,134,162,189,208,236,265,265,367,367,379,379,379,392,72,99,142,176,245,286,286,286,286,313,345,345,446,446,481,25,34,62,17,51,84,110,134,175,175,201,233,274,274,380,380,392,420,442,471,499,543,543,571,571,614,137,137,25,54,54,153,153,180,189,75,102,131,157,157,157,198,198,239,239,252,269,269,364,364,380,410,428,89,451,451,451,476,520,520,253,253,253,253,283,283,393,393,393],"floor_reached":104,"language":"KOR","playtime":7648,"items_purged":["Doubt","Shame","Bane","Sucker Punch","Concentrate+1","Noxious Fumes","Cloak And Dagger","Prepared"],"score":3730,"play_id":"206a7624-1b66-44bb-99d0-43a16f47b11e","local_time":"20210217231112","daily_mods":["Draft","Heirloom","Flight","DeadlyEvents","Elite Swarm"],"is_ascension_mode":true,"campfire_choices":[{"data":"Concentrate","floor":7.0,"key":"SMITH"},{"data":"Tactician","floor":15.0,"key":"SMITH"},{"data":"Adrenaline","floor":29.0,"key":"SMITH"},{"data":"Concentrate","floor":30.0,"key":"SMITH"},{"data":"Venomology","floor":33.0,"key":"SMITH"},{"data":"A Thousand Cuts","floor":50.0,"key":"SMITH"},{"data":"Apotheosis","floor":59.0,"key":"SMITH"},{"data":"Adrenaline","floor":64.0,"key":"SMITH"},{"data":"Accuracy","floor":67.0,"key":"SMITH"},{"data":"RitualDagger","floor":76,"key":"SMITH"},{"data":"Accuracy","floor":77,"key":"SMITH"},{"data":"Underhanded Strike","floor":79,"key":"SMITH"},{"data":"Underhanded Strike","floor":81,"key":"SMITH"},{"data":"Die Die Die","floor":84,"key":"SMITH"},{"data":"Blade Dance","floor":92,"key":"SMITH"},{"data":"Backflip","floor":93,"key":"SMITH"},{"data":"Blade Dance","floor":96,"key":"SMITH"},{"data":"Grand Finale","floor":98,"key":"SMITH"},{"data":"Dagger Throw","floor":100,"key":"SMITH"},{"data":"Grand Finale","floor":102,"key":"SMITH"}],"circlet_count":0,"master_deck":["Acrobatics","Backstab+1","Dagger Throw","Escape Plan","Underhanded Strike+1","Backflip+1","Tactician+1","Quick Slash","Masterful Stab","Grand Finale+1","Venomology+1","Dagger Throw","A Thousand Cuts+1","Adrenaline+1","Distraction+1","Quick Slash","Blade Dance+1","Die Die Die+1","Grand Finale+1","Acrobatics","Dagger Throw+1","Apotheosis+1","Adrenaline+1","Blade Dance+1","Adrenaline+1","Adrenaline+1","Burst+1","Backflip+1","Escape Plan+1","Venomology+1","Venomology+1","Blade Dance+1","Blur+1","Accuracy+1","Underhanded Strike+1","Backflip+1","Blade Dance+1","RitualDagger+1","Accuracy+1","Adrenaline+1","Venomology+1","Underhanded Strike+1","Adrenaline+1","RitualDagger+1","Adrenaline+1"],"relics":["Ring of the Serpent","Torii","Lantern","Regal Pillow","Prayer Wheel","Whetstone","HornCleat","Dream Catcher","Darkstone Periapt","Mercury Hourglass","Philosopher\u0027s Stone","Pen Nib","MutagenicStrength","Tiny Chest","CeramicFish","Question Card","Thread and Needle","Mummified Hand","StoneCalendar","Oddly Smooth Stone","Unceasing Top","Nunchaku","Bag of Preparation","Bag of Marbles","Blood Vial","Singing Bowl","Strawberry","Omamori","Paper Crane","Toxic Egg 2","Pear","Smiling Mask","HoveringKite","Bottled Tornado","Orrery","Akabeko","Toy Ornithopter","SlaversCollar","WristBlade","Potion Belt","Membership Card","Old Coin","Anchor","DollysMirror","Centennial Puzzle","Empty Cage"],"acts_visited":["Exordium","TheCity","TheBeyond","Exordium","TheCity","TheBeyond","Exordium"],"potions_floor_usage":[68,70,73,73,74,75,75,78,80,80,83,83,85,85,85,87,87,88,89,91,94,94,95,103,103,103,103,103,103,103,103,103,103,103,103],"damage_taken":[{"damage":0.0,"enemies":"Cultist","floor":1.0,"turns":1.0},{"damage":0.0,"enemies":"2 Louse","floor":2.0,"turns":1.0},{"damage":13.0,"enemies":"Lagavulin","floor":6.0,"turns":3.0},{"damage":0.0,"enemies":"Gremlin Nob","floor":8.0,"turns":3.0},{"damage":0.0,"enemies":"Lagavulin","floor":10.0,"turns":3.0},{"damage":0.0,"enemies":"3 Sentries","floor":11.0,"turns":4.0},{"damage":0.0,"enemies":"Small Slimes","floor":12.0,"turns":1.0},{"damage":0.0,"enemies":"Lagavulin","floor":13.0,"turns":2.0},{"damage":0.0,"enemies":"Gremlin Nob","floor":14.0,"turns":3.0},{"damage":0.0,"enemies":"Slime Boss","floor":16.0,"turns":6.0},{"damage":0.0,"enemies":"3 Byrds","floor":18.0,"turns":2.0},{"damage":0.0,"enemies":"Spheric Guardian","floor":21.0,"turns":1.0},{"damage":0.0,"enemies":"Book of Stabbing","floor":23.0,"turns":2.0},{"damage":1.0,"enemies":"Slavers","floor":24.0,"turns":2.0},{"damage":0.0,"enemies":"Gremlin Leader","floor":25.0,"turns":2.0},{"damage":13.0,"enemies":"Book of Stabbing","floor":27.0,"turns":3.0},{"damage":0.0,"enemies":"Book of Stabbing","floor":31.0,"turns":2.0},{"damage":1.0,"enemies":"Gremlin Leader","floor":32.0,"turns":2.0},{"damage":54.0,"enemies":"Champ","floor":34.0,"turns":6.0},{"damage":0.0,"enemies":"Orb Walker","floor":36.0,"turns":1.0},{"damage":0.0,"enemies":"Giant Head","floor":39.0,"turns":2.0},{"damage":0.0,"enemies":"Nemesis","floor":41.0,"turns":1.0},{"damage":0.0,"enemies":"Reptomancer","floor":42.0,"turns":2.0},{"damage":0.0,"enemies":"Nemesis","floor":43.0,"turns":1.0},{"damage":0.0,"enemies":"Giant Head","floor":45.0,"turns":1.0},{"damage":0.0,"enemies":"Reptomancer","floor":47.0,"turns":1.0},{"damage":0.0,"enemies":"Giant Head","floor":48.0,"turns":1.0},{"damage":0.0,"enemies":"Nemesis","floor":49.0,"turns":1.0},{"damage":63.0,"enemies":"Time Eater","floor":51.0,"turns":7.0},{"damage":0.0,"enemies":"Jaw Worm","floor":53.0,"turns":1.0},{"damage":0.0,"enemies":"2 Louse","floor":54.0,"turns":1.0},{"damage":0.0,"enemies":"Cultist","floor":55.0,"turns":1.0},{"damage":0.0,"enemies":"Gremlin Nob","floor":56.0,"turns":1.0},{"damage":0.0,"enemies":"3 Sentries","floor":57.0,"turns":1.0},{"damage":0.0,"enemies":"Gremlin Nob","floor":58.0,"turns":1.0},{"damage":0.0,"enemies":"Lagavulin","floor":60.0,"turns":1.0},{"damage":0.0,"enemies":"3 Sentries","floor":62.0,"turns":1.0},{"damage":0.0,"enemies":"Gremlin Gang","floor":66.0,"turns":1.0},{"damage":0,"enemies":"Slime Boss","floor":68,"turns":1},{"damage":0,"enemies":"Chosen","floor":70,"turns":1},{"damage":0,"enemies":"Slavers","floor":73,"turns":1},{"damage":0,"enemies":"Book of Stabbing","floor":74,"turns":1},{"damage":0,"enemies":"Gremlin Leader","floor":75,"turns":1},{"damage":0,"enemies":"Slavers","floor":78,"turns":1},{"damage":0,"enemies":"Book of Stabbing","floor":80,"turns":1},{"damage":0,"enemies":"3 Byrds","floor":82,"turns":1},{"damage":0,"enemies":"Snake Plant","floor":83,"turns":1},{"damage":0,"enemies":"Champ","floor":85,"turns":1},{"damage":0,"enemies":"3 Shapes","floor":87,"turns":1},{"damage":0,"enemies":"Reptomancer","floor":88,"turns":1},{"damage":0,"enemies":"3 Darklings","floor":89,"turns":1},{"damage":0,"enemies":"2 Orb Walkers","floor":91,"turns":1},{"damage":0,"enemies":"Nemesis","floor":94,"turns":1},{"damage":0,"enemies":"Giant Head","floor":95,"turns":1},{"damage":0,"enemies":"Nemesis","floor":101,"turns":1},{"damage":113,"enemies":"Time Eater","floor":103,"turns":7}],"seed_played":"-3165831811178338106","potions_obtained":[{"floor":6.0,"key":"Block Potion"},{"floor":10.0,"key":"SneckoOil"},{"floor":11.0,"key":"PowerPotion"},{"floor":14.0,"key":"Regen Potion"},{"floor":18.0,"key":"EssenceOfSteel"},{"floor":21.0,"key":"Block Potion"},{"floor":25.0,"key":"EntropicBrew"},{"floor":31.0,"key":"ColorlessPotion"},{"floor":39.0,"key":"SteroidPotion"},{"floor":45.0,"key":"PowerPotion"},{"floor":51.0,"key":"DistilledChaos"},{"floor":55.0,"key":"Explosive Potion"},{"floor":56.0,"key":"PowerPotion"},{"floor":60.0,"key":"AttackPotion"},{"floor":66.0,"key":"SkillPotion"},{"floor":68,"key":"FearPotion"},{"floor":73,"key":"Strength Potion"},{"floor":75,"key":"CunningPotion"},{"floor":78,"key":"ColorlessPotion"},{"floor":82,"key":"BlessingOfTheForge"},{"floor":87,"key":"PowerPotion"},{"floor":88,"key":"GhostInAJar"},{"floor":101,"key":"Dexterity Potion"}],"is_trial":true,"path_per_floor":["M","M","?","?","$","E","R","E","T","E","E","M","E","E","R","B",null,"M","?","?","M","$","E","E","E","T","E","E","R","R","E","E","R","B",null,"M","$","?","E","$","E","E","E","T","E","T","E","E","E","R","B",null,"M","M","M","E","E","E","R","E","T","E","$","R","$","M","R","B",null,"M","?","$","E","E","E","R","R","E","R","E","R","M","M","R","B",null,"M","E","M","$","?","R","R","E","E","R","$","R","R","R","E","R","B",null],"character_chosen":"THE_SILENT","items_purchased":["Grand Finale","Lantern","Tiny Chest","Concentrate","Apotheosis","Nunchaku","Blade Dance","Orrery","Akabeko","Toy Ornithopter","Accuracy","Accuracy","Potion Belt","Membership Card","Anchor","DollysMirror","Centennial Puzzle"],"campfire_rested":0,"item_purchase_floors":[5,5,22,22,37,37,40,63,63,63,65,72,90,90,97,97,97],"current_hp_per_floor":[70,70,70,59,59,46,46,46,46,46,46,46,46,46,46,61,70,70,76,76,76,76,76,75,75,75,67,67,67,67,67,66,66,12,76,76,76,76,76,76,76,76,78,85,85,85,87,99,99,99,36,99,103,105,107,109,111,111,111,113,113,113,119,119,119,119,119,121,121,123,117,117,125,127,129,129,129,129,129,129,129,133,137,137,139,139,143,145,149,149,149,149,149,151,151,151,151,151,151,151,153,153,47,153,153],"gold":393,"neow_bonus":"","is_daily":false,"chose_seed":false,"campfire_upgraded":20,"win_rate":0.0,"timestamp":1613571072,"path_taken":["M","?","?","?","$","E","R","E","T","E","E","?","E","E","R","BOSS","M","?","?","?","?","E","E","E","T","E","E","R","R","E","E","R","BOSS","M","$","?","?","?","E","E","E","T","E","?","E","E","E","R","BOSS","M","?","?","?","?","E","R","E","T","E","$","R","?","M","R","BOSS","M","?","?","?","?","E","R","R","E","R","E","R","?","?","R","BOSS","M","?","?","$","?","R","R","?","E","R","$","R","R","R","?","R","BOSS"],"items_purchased_type":["Card","Relic","Relic","Card","Card","Relic","Card","Relic","Relic","Relic","Card","Card","Relic","Relic","Relic","Relic","Relic"],"build_version":"2020-12-22","purchased_purges":8,"victory":false,"max_hp_per_floor":[70,70,70,70,70,70,70,70,70,70,70,70,70,70,70,70,70,70,76,76,76,76,76,76,76,76,76,76,76,76,76,76,76,76,76,76,76,76,76,76,76,76,78,85,85,85,87,99,99,99,99,99,103,105,107,109,111,111,111,113,113,113,119,119,119,119,119,121,121,123,123,123,125,127,129,129,129,129,129,129,129,133,137,137,139,139,143,145,149,149,149,149,149,151,151,151,151,151,151,151,153,153,153,153,153],"card_choices":[{"not_picked":["Poisoned Stab","Choke"],"picked":"Cloak And Dagger","floor":0.0},{"not_picked":["Eviscerate","Cloak And Dagger"],"picked":"Sucker Punch","floor":0.0},{"not_picked":["Cloak And Dagger","Setup"],"picked":"Acrobatics","floor":0.0},{"not_picked":["Caltrops","Distraction"],"picked":"Underhanded Strike","floor":0.0},{"not_picked":["Slice","Bane"],"picked":"Prepared","floor":0.0},{"not_picked":["Flying Knee","Flechettes"],"picked":"Backstab","floor":0.0},{"not_picked":["Eviscerate","Backflip"],"picked":"Concentrate","floor":0.0},{"not_picked":["Finisher","Slice"],"picked":"Dagger Throw","floor":0.0},{"not_picked":["Backstab","Sucker Punch"],"picked":"Escape Plan","floor":0.0},{"not_picked":["Flying Knee","Dash"],"picked":"Underhanded Strike","floor":0.0},{"not_picked":["Prepared","Quick Slash"],"picked":"Backflip","floor":0.0},{"not_picked":["Blade Dance","Underhanded Strike"],"picked":"Tactician","floor":0.0},{"not_picked":["Deadly Poison","Footwork"],"picked":"Bane","floor":0.0},{"not_picked":["Footwork","Skewer"],"picked":"Noxious Fumes","floor":0.0},{"not_picked":["Deflect","Calculated Gamble"],"picked":"Quick Slash","floor":0.0},{"not_picked":["Dagger Spray","Well Laid Plans","Cloak And Dagger"],"picked":"SKIP","floor":1.0},{"not_picked":["Bane","PiercingWail"],"picked":"Masterful Stab","floor":2.0},{"not_picked":["Bullet Time","Tools of the Trade"],"picked":"Venomology","floor":6.0},{"not_picked":["Night Terror","Envenom","Wraith Form v2"],"picked":"SKIP","floor":8.0},{"not_picked":["Unload","Glass Knife","Wraith Form v2"],"picked":"SKIP","floor":10.0},{"not_picked":["Malaise","Unload","Corpse Explosion"],"picked":"SKIP","floor":11.0},{"not_picked":["Dodge and Roll","Dagger Spray"],"picked":"Dagger Throw","floor":12.0},{"not_picked":["Dash","Terror","Predator"],"picked":"SKIP","floor":12.0},{"not_picked":["After Image","Corpse Explosion"],"picked":"A Thousand Cuts","floor":13.0},{"not_picked":["Tools of the Trade","Envenom","Malaise"],"picked":"SKIP","floor":14.0},{"not_picked":["After Image","Doppelganger"],"picked":"Adrenaline","floor":16.0},{"not_picked":["Sucker Punch","Poisoned Stab+1"],"picked":"Distraction+1","floor":18.0},{"not_picked":["Cloak And Dagger","Skewer"],"picked":"Quick Slash","floor":18.0},{"not_picked":["A Thousand Cuts","Deflect"],"picked":"Blade Dance","floor":21.0},{"not_picked":["Slice","Deflect","Deadly Poison"],"picked":"SKIP","floor":21.0},{"not_picked":["Bullet Time","Envenom","Storm of Steel"],"picked":"SKIP","floor":23.0},{"not_picked":["Tools of the Trade","Burst"],"picked":"Die Die Die","floor":24.0},{"not_picked":["Storm of Steel","Envenom","Tools of the Trade","Corpse Explosion"],"picked":"SKIP","floor":25.0},{"not_picked":["Corpse Explosion","A Thousand Cuts","Storm of Steel"],"picked":"Grand Finale","floor":27.0},{"not_picked":["Storm of Steel","Tools of the Trade","Grand Finale","Night Terror"],"picked":"SKIP","floor":31.0},{"not_picked":["Malaise","Night Terror","Wraith Form v2","Die Die Die"],"picked":"SKIP","floor":32.0},{"not_picked":["Eviscerate+1","Leg Sweep","Bane"],"picked":"Acrobatics","floor":36.0},{"not_picked":["Quick Slash","Poisoned Stab+1","Deadly Poison+1"],"picked":"Dagger Throw","floor":36.0},{"not_picked":["Glass Knife","Night Terror","Corpse Explosion","Storm of Steel"],"picked":"SKIP","floor":39.0},{"not_picked":["Wraith Form v2","Tools of the Trade","Die Die Die","A Thousand Cuts"],"picked":"SKIP","floor":41.0},{"not_picked":["Corpse Explosion","Storm of Steel","Grand Finale","Die Die Die"],"picked":"SKIP","floor":42.0},{"not_picked":["Malaise","After Image","Envenom","Night Terror"],"picked":"Singing Bowl","floor":43.0},{"not_picked":["Glass Knife","Malaise","Corpse Explosion"],"picked":"Adrenaline","floor":45.0},{"not_picked":["Grand Finale","Phantasmal Killer+1","Bullet Time+1","Malaise+1"],"picked":"Singing Bowl","floor":47.0},{"not_picked":["Envenom","Glass Knife","Corpse Explosion+1","Tools of the Trade"],"picked":"Singing Bowl","floor":48.0},{"not_picked":["Wraith Form v2","A Thousand Cuts","Storm of Steel+1"],"picked":"Adrenaline+1","floor":49.0},{"not_picked":["Bullet Time+1","Corpse Explosion+1","Storm of Steel+1"],"picked":"Burst+1","floor":51.0},{"not_picked":["Terror+1","Choke","Acrobatics+1","Bane"],"picked":"Singing Bowl","floor":53.0},{"not_picked":["Flechettes","Dodge and Roll+1","Cloak And Dagger+1","Expertise+1"],"picked":"Singing Bowl","floor":53.0},{"not_picked":["Endless Agony","Catalyst+1","Riddle With Holes"],"picked":"Backflip+1","floor":54.0},{"not_picked":["Prepared+1","Quick Slash","Sucker Punch","Deflect+1"],"picked":"Singing Bowl","floor":54.0},{"not_picked":["Quick Slash","Dodge and Roll+1","Caltrops"],"picked":"Escape Plan+1","floor":55.0},{"not_picked":["Sucker Punch","PiercingWail+1","Cloak And Dagger+1","Deadly Poison+1"],"picked":"Singing Bowl","floor":55.0},{"not_picked":["After Image","Unload","Envenom","Malaise+1"],"picked":"Singing Bowl","floor":56.0},{"not_picked":["Envenom","Doppelganger+1","Grand Finale","A Thousand Cuts"],"picked":"Singing Bowl","floor":57.0},{"not_picked":["Night Terror+1","Tools of the Trade","Corpse Explosion+1"],"picked":"Venomology+1","floor":58.0},{"not_picked":["Doppelganger+1","Grand Finale","Malaise+1","Unload"],"picked":"Singing Bowl","floor":60.0},{"not_picked":["Grand Finale","Storm of Steel+1","Bullet Time+1"],"picked":"Venomology+1","floor":62.0},{"not_picked":["Infinite Blades","Backstab","Reflex+1","Dagger Spray"],"picked":"Singing Bowl","floor":63.0},{"not_picked":["Slice","Bane","Deflect+1"],"picked":"Blade Dance+1","floor":63.0},{"not_picked":["Accuracy","Deadly Poison+1","Infinite Blades","Poisoned Stab"],"picked":"Singing Bowl","floor":63.0},{"not_picked":["Dagger Throw","Sucker Punch","Dash","Bullet Time+1"],"picked":"Singing Bowl","floor":63.0},{"not_picked":["Endless Agony","Escape Plan+1","Blade Dance+1"],"picked":"Blur+1","floor":63.0},{"not_picked":["Quick Slash","Flechettes","Backstab"],"picked":"Underhanded Strike","floor":66.0},{"not_picked":["Skewer","PiercingWail+1","Deadly Poison+1"],"picked":"Backflip+1","floor":66.0},{"not_picked":["Unload","After Image","Doppelganger+1","Night Terror+1"],"picked":"Singing Bowl","floor":68},{"not_picked":["Caltrops","Dagger Throw","Flying Knee","Dash"],"picked":"Singing Bowl","floor":70},{"not_picked":["Cloak And Dagger+1","PiercingWail+1","Predator"],"picked":"Blade Dance+1","floor":70},{"not_picked":["Envenom","Tools of the Trade","A Thousand Cuts","Bullet Time+1"],"picked":"Singing Bowl","floor":73},{"not_picked":["Bullet Time+1","Tools of the Trade","Storm of Steel+1","After Image"],"picked":"Singing Bowl","floor":74},{"not_picked":["Night Terror+1","Phantasmal Killer+1","Doppelganger+1","Die Die Die"],"picked":"Singing Bowl","floor":75},{"not_picked":["Phantasmal Killer+1","Unload","Corpse Explosion+1"],"picked":"Adrenaline+1","floor":78},{"not_picked":["Glass Knife","Malaise+1","A Thousand Cuts"],"picked":"Venomology+1","floor":80},{"not_picked":["Blade Dance+1","Backstab","Prepared+1","Dodge and Roll+1"],"picked":"Singing Bowl","floor":82},{"not_picked":["Bane","Escape Plan+1","Terror+1","Blade Dance+1"],"picked":"Singing Bowl","floor":82},{"not_picked":["Bane","Predator","Dodge and Roll+1","Tools of the Trade"],"picked":"Singing Bowl","floor":83},{"not_picked":["Deflect+1","Bouncing Flask+1","Deadly Poison+1","Poisoned Stab+1"],"picked":"Singing Bowl","floor":83},{"not_picked":["Die Die Die","Night Terror+1","Envenom","After Image"],"picked":"Singing Bowl","floor":85},{"not_picked":["Cloak And Dagger+1","Poisoned Stab+1","Quick Slash","Footwork+1"],"picked":"Singing Bowl","floor":87},{"not_picked":["Dodge and Roll+1","Poisoned Stab+1","Flying Knee+1","Outmaneuver+1"],"picked":"Singing Bowl","floor":87},{"not_picked":["Night Terror+1","Doppelganger+1","Wraith Form v2","Burst+1"],"picked":"Singing Bowl","floor":88},{"not_picked":["Prepared+1","Skewer+1","Cloak And Dagger+1","Heel Hook+1"],"picked":"Singing Bowl","floor":89},{"not_picked":["Flying Knee","Dagger Spray+1","Slice+1","Deadly Poison+1"],"picked":"Singing Bowl","floor":89},{"not_picked":["Noxious Fumes+1","Flying Knee","Blade Dance+1"],"picked":"Underhanded Strike+1","floor":91},{"not_picked":["Unload","Die Die Die","Phantasmal Killer+1","Night Terror+1"],"picked":"Singing Bowl","floor":94},{"not_picked":["Unload","Corpse Explosion+1","Storm of Steel+1"],"picked":"Adrenaline+1","floor":95},{"not_picked":["Venomology+1","Night Terror+1","Malaise+1","Grand Finale"],"picked":"Singing Bowl","floor":101},{"not_picked":["Envenom","Glass Knife","Die Die Die"],"picked":"Adrenaline+1","floor":103}],"player_experience":46305,"relics_obtained":[{"floor":6.0,"key":"Regal Pillow"},{"floor":8.0,"key":"Prayer Wheel"},{"floor":9.0,"key":"Whetstone"},{"floor":10.0,"key":"HornCleat"},{"floor":11.0,"key":"Dream Catcher"},{"floor":13.0,"key":"Darkstone Periapt"},{"floor":14.0,"key":"Mercury Hourglass"},{"floor":23.0,"key":"CeramicFish"},{"floor":24.0,"key":"Question Card"},{"floor":25.0,"key":"Thread and Needle"},{"floor":26.0,"key":"Mummified Hand"},{"floor":27.0,"key":"StoneCalendar"},{"floor":31.0,"key":"Oddly Smooth Stone"},{"floor":32.0,"key":"Unceasing Top"},{"floor":39.0,"key":"Bag of Preparation"},{"floor":41.0,"key":"Bag of Marbles"},{"floor":42.0,"key":"Blood Vial"},{"floor":43.0,"key":"Singing Bowl"},{"floor":44.0,"key":"Strawberry"},{"floor":45.0,"key":"Omamori"},{"floor":46.0,"key":"Paper Crane"},{"floor":47.0,"key":"Toxic Egg 2"},{"floor":48.0,"key":"Pear"},{"floor":49.0,"key":"Smiling Mask"},{"floor":61.0,"key":"Bottled Tornado"},{"floor":91,"key":"Old Coin"}],"event_choices":[{"damage_healed":0.0,"max_hp_gain":0.0,"max_hp_loss":0.0,"gold_gain":175.0,"event_name":"Liars Game","player_choice":"AGREE","floor":3.0,"gold_loss":0.0,"damage_taken":0.0,"cards_obtained":["Doubt"]},{"damage_healed":0.0,"max_hp_gain":0.0,"max_hp_loss":0.0,"gold_gain":75.0,"event_name":"World of Goop","player_choice":"Gather Gold","floor":4.0,"gold_loss":0.0,"damage_taken":11.0},{"damage_healed":0.0,"max_hp_gain":0.0,"max_hp_loss":0.0,"gold_gain":0.0,"event_name":"Addict","player_choice":"Stole Relic","floor":19.0,"gold_loss":0.0,"damage_taken":0.0,"relics_obtained":["Pen Nib"],"cards_obtained":["Shame"]},{"damage_healed":0.0,"max_hp_gain":0.0,"max_hp_loss":0.0,"gold_gain":0.0,"event_name":"Drug Dealer","player_choice":"Inject Mutagens","floor":20.0,"gold_loss":0.0,"damage_taken":0.0,"relics_obtained":["MutagenicStrength"]},{"damage_healed":0.0,"max_hp_gain":0.0,"max_hp_loss":0.0,"gold_gain":0.0,"event_name":"Duplicator","player_choice":"Copied","floor":38.0,"gold_loss":0.0,"damage_taken":0.0,"cards_obtained":["Adrenaline"]},{"damage_healed":0,"gold_gain":0,"player_choice":"Joined the Cult","damage_taken":6,"max_hp_gain":0,"max_hp_loss":0,"event_name":"Nest","floor":71,"gold_loss":0,"cards_obtained":["RitualDagger"]},{"damage_healed":0,"gold_gain":0,"player_choice":"Fight","damage_taken":0,"max_hp_gain":0,"max_hp_loss":0,"event_name":"Mysterious Sphere","floor":91,"gold_loss":0}],"is_beta":false,"boss_relics":[{"not_picked":["SacredBark","SlaversCollar"],"picked":"Philosopher\u0027s Stone"},{"not_picked":["Runic Dome","Runic Pyramid"],"picked":"Ring of the Serpent"},{"not_picked":["Busted Crown","Fusion Hammer"],"picked":"HoveringKite"},{"not_picked":["Fusion Hammer","Tiny House"],"picked":"SlaversCollar"},{"not_picked":["Calling Bell","Runic Pyramid"],"picked":"WristBlade"},{"not_picked":["Velvet Choker","Runic Dome"],"picked":"Empty Cage"}],"items_purged_floors":[5,22,37,63,65,72,90,97],"is_endless":true,"potions_floor_spawned":[6,10,11,14,18,21,25,31,39,42,45,48,51,55,56,60,66,68,73,75,78,82,83,87,88,101],"ascension_level":1}}