{"host":"67z713vnjolu4670","time":1613551016,"event":{"mods":["Act Like it!","BaseMod","BetterRewards","Colored Map","Colored Powertips","Downfall","Gensokyo","Lobotomy","Marisa£®ÏF”Í°°ƒß¿Ì…≥£©","Minty Spire (QoL Compilation)","Quick Restart","Rare Cards Sparkle","Remilia£®¿Ÿ√◊¿Ú—«£©","Replay The Spire","StSLib","The Jungle","The Servant 0.9.4","[IsaacMod]“‘»ˆº‚À˛"],"gold_per_floor":[115,115,136,133,211,211,236,172,244,173,138,143,140,144,144,202,202,220,220,133,142,142,173,173,150,150,164,137,137,137,137,137,261,261,277,296,659,659,678,719,719,49,49,49,49,89,89,114,114,114],"floor_reached":51,"language":"ZHS","playtime":12374,"items_purged":["Wraith"],"score":986,"play_id":"41c22661-b7ed-4c03-9236-df7f1b1d0f93","local_time":"20210217163656","is_ascension_mode":false,"campfire_choices":[{"data":"Foresight","floor":6.0,"key":"SMITH"},{"floor":15.0,"key":"DIG"},{"floor":24.0,"key":"REST"},{"data":"FlawlessForm","floor":30,"key":"SMITH"},{"data":"DoubleEdge","floor":32,"key":"SMITH"},{"data":"Embodiment","floor":44,"key":"SMITH"},{"data":"MoonPhase","floor":47,"key":"SMITH"},{"floor":49,"key":"DIG"}],"circlet_count":0,"master_deck":["Defend_S","KidneyShot","Exchange","Bloodbath","Foresight+1","Freischutz","SurpressingFire","ShyLook","Shuttle","BottledTime","Potential","QueenOfHatred","MurderousAura","LightFlow","Defy+1","FlawlessForm+1","Misdirection","DoubleEdge+1","PunishingBird","Slimebound:Tackle+1","Slimebound:Tackle+1","Slimebound:Tackle+1","BottledTime","Dilation","PendulumOfEternity","MoonPhase+1","SpecialFormula+1","TimeWarp+1","Pot Of Greed","Pot Of Greed","Pot Of Greed","BottledTime","Embodiment+1","Iron Wave"],"relics":["SplendidAttire","HushsDoor","GuppysTail","CogitoBucket","Golden Idol","Blue Doll","Darkstone Periapt","Pantograph","EdensBlessing","Replay:Bottled Steam","Bronze Scales","DoctorsRemote","InkBottle","Red Mask","Centennial Puzzle","Pet Ghost","FossilizedHelix","AtMidnight","LuminousBracelet","Enchiridion","D6","Black Star","BookOfRevelations","Grinning Jar","Void","Bag of Preparation","Replay:Towering Pillar of Hats","TheBean"],"acts_visited":["Exordium","TheCity","TheBeyond"],"potions_floor_usage":[28,28,50,50,50],"damage_taken":[{"damage":0.0,"enemies":"Jaw Worm","floor":1.0,"turns":3.0},{"damage":2.0,"enemies":"2 Louse","floor":3.0,"turns":3.0},{"damage":0.0,"enemies":"Hiden Room Battle","floor":4.0,"turns":1.0},{"damage":7.0,"enemies":"Cultist","floor":7.0,"turns":6.0},{"damage":22.0,"enemies":"Replay:BlueRogue","floor":8.0,"turns":4.0},{"damage":8.0,"enemies":"Lagavulin","floor":10.0,"turns":3.0},{"damage":17.0,"enemies":"Blue Slaver","floor":12.0,"turns":5.0},{"damage":1.0,"enemies":"3 Sentries","floor":13.0,"turns":5.0},{"damage":14.0,"enemies":"Large Slime","floor":14.0,"turns":3.0},{"damage":11.0,"enemies":"Fading Forest","floor":16.0,"turns":11.0},{"damage":0.0,"enemies":"3 Byrds","floor":18.0,"turns":6.0},{"damage":37.0,"enemies":"Chosen","floor":20.0,"turns":4.0},{"damage":5.0,"enemies":"Masked Bandits","floor":21.0,"turns":3.0},{"damage":42.0,"enemies":"Book of Stabbing","floor":23.0,"turns":4.0},{"damage":10.0,"enemies":"Gremlin Leader","floor":25.0,"turns":3.0},{"damage":7,"enemies":"Centurion and Healer","floor":27,"turns":3},{"damage":53,"enemies":"Cultist and Chosen","floor":28,"turns":24},{"damage":4,"enemies":"Pondfish","floor":33,"turns":8},{"damage":10,"enemies":"3 Darklings","floor":35,"turns":3},{"damage":0,"enemies":"Orb Walker","floor":36,"turns":3},{"damage":6,"enemies":"Mind Bloom Boss Battle","floor":37,"turns":6},{"damage":30,"enemies":"Maw","floor":39,"turns":7},{"damage":12,"enemies":"R_Hoarder","floor":40,"turns":7},{"damage":6,"enemies":"Giant Head","floor":46,"turns":8},{"damage":37,"enemies":"4 Shapes","floor":48,"turns":3},{"damage":24,"enemies":"Replay:Hell Engine","floor":50,"turns":27}],"seed_played":"-99662857215668453","potions_obtained":[{"floor":1.0,"key":"GamblersBrew"},{"floor":3.0,"key":"Adrenaline Potion"},{"floor":10.0,"key":"EssenceOfSteel"},{"floor":13.0,"key":"AttackPotion"},{"floor":16.0,"key":"Dexterity Potion"},{"floor":25.0,"key":"Strength Potion"},{"floor":35,"key":"Energy Potion"},{"floor":36,"key":"GamblersBrew"},{"floor":37,"key":"EssenceOfSteel"}],"is_trial":false,"path_per_floor":["M","?","M","?","T","R","M","E","T","E","?","M","E","M","R_BF","B",null,"M","?","M","?","?","E","R","E","T","M","M","?","R","T","R","B",null,"M","M","?","?","M","E","?","$","T","R","?","E","R","M","R_BF","B",null],"character_chosen":"THE_SERVANT","items_purchased":["Void","Bag of Preparation","Embodiment"],"campfire_rested":1,"item_purchase_floors":[42,42,42],"current_hp_per_floor":[65,49,48,48,48,48,43,23,23,16,32,16,26,19,19,65,65,65,65,35,36,36,3,22,19,19,19,71,55,55,55,55,80,80,80,80,80,80,61,69,75,75,75,75,75,71,71,67,67,46],"gold":114,"neow_bonus":"","is_daily":false,"chose_seed":false,"campfire_upgraded":5,"win_rate":0.0,"timestamp":1613551016,"path_taken":["M","?","M","?","?","R","M","E","T","E","?","M","E","M","R_BF","BOSS","M","?","M","?","?","E","R","E","T","M","?","?","R","?","R","BOSS","M","M","?","?","M","E","?","$","T","R","?","E","R","M","R_BF","BOSS"],"items_purchased_type":["Card","Relic","Card"],"build_version":"2020-12-22","purchased_purges":1,"victory":true,"max_hp_per_floor":[65,65,65,65,65,65,65,65,65,65,65,65,65,65,65,65,65,65,65,65,65,65,65,65,65,65,65,80,80,80,80,80,80,80,80,80,80,80,80,80,86,86,86,86,86,76,76,76,76,46],"card_choices":[{"not_picked":[],"picked":"Bomb","floor":0.0},{"not_picked":["Funeral","OldLady"],"picked":"Bloodbath","floor":1.0},{"not_picked":["Defy","Manipulate"],"picked":"Foresight","floor":1.0},{"not_picked":["PunishingBird","SpiderBud"],"picked":"Freischutz","floor":3.0},{"not_picked":["Spin","ReturningBlade"],"picked":"SurpressingFire","floor":3.0},{"not_picked":["SpiderBud","CherryBlossoms"],"picked":"ShyLook","floor":4.0},{"not_picked":["Unruled","Rewind"],"picked":"Shuttle","floor":4.0},{"not_picked":["Barrier","TimeWarp"],"picked":"BottledTime","floor":7.0},{"not_picked":["Defy","DualDimension","Gouge"],"picked":"SKIP","floor":8.0},{"not_picked":["FanOfKnives","RealityMarble"],"picked":"Potential","floor":10.0},{"not_picked":["MHz","WallGazer"],"picked":"QueenOfHatred","floor":12.0},{"not_picked":["Starlight","DualDimension","Revamp"],"picked":"SKIP","floor":12.0},{"not_picked":["Replace","Ricochet"],"picked":"MurderousAura","floor":13.0},{"not_picked":["ReturningBlade","Unruled","Manipulate"],"picked":"SKIP","floor":14.0},{"not_picked":["Initiator","Duplication"],"picked":"LightFlow","floor":16.0},{"not_picked":["Luminosity","Revamp"],"picked":"Defy+1","floor":18.0},{"not_picked":["Read","Snipe"],"picked":"DoubleEdge","floor":20.0},{"not_picked":["OSAHOGD","Porccubus"],"picked":"PunishingBird","floor":21.0},{"not_picked":["Alleviate","Shuttle","Potential"],"picked":"SKIP","floor":23.0},{"not_picked":["Ricochet","FastForward+1"],"picked":"BottledTime","floor":25.0},{"not_picked":["GearUp+1","Hightail","FlawlessForm"],"picked":"SKIP","floor":27},{"not_picked":["RealityMarble","DoubleEdge"],"picked":"Dilation","floor":28},{"not_picked":["FlawlessForm","Sunlight"],"picked":"PendulumOfEternity","floor":33},{"not_picked":["Starlight+1","Rewind"],"picked":"MoonPhase","floor":35},{"not_picked":["Ricochet+1","StarChef"],"picked":"SpecialFormula+1","floor":36},{"not_picked":["ShatteredReality","Potential"],"picked":"TimeWarp+1","floor":37},{"not_picked":["Contraction","Rearm","Starlight+1"],"picked":"SKIP","floor":39},{"not_picked":["Advance+1","Alleviate"],"picked":"BottledTime","floor":40},{"not_picked":["ShatteredReality","MoonPhase+1","Shuttle+1"],"picked":"SKIP","floor":46},{"not_picked":["TimeWarp","Potential","BottledTime"],"picked":"SKIP","floor":48}],"player_experience":25647,"relics_obtained":[{"floor":4.0,"key":"Blue Doll"},{"floor":4.0,"key":"Darkstone Periapt"},{"floor":5.0,"key":"Pantograph"},{"floor":8.0,"key":"EdensBlessing"},{"floor":9.0,"key":"Replay:Bottled Steam"},{"floor":10.0,"key":"Bronze Scales"},{"floor":13.0,"key":"DoctorsRemote"},{"floor":15.0,"key":"InkBottle"},{"floor":21.0,"key":"Red Mask"},{"floor":23.0,"key":"Centennial Puzzle"},{"floor":25.0,"key":"Pet Ghost"},{"floor":26.0,"key":"FossilizedHelix"},{"floor":28,"key":"AtMidnight"},{"floor":29,"key":"Enchiridion"},{"floor":31,"key":"D6"},{"floor":37,"key":"Old Coin"},{"floor":40,"key":"BookOfRevelations"},{"floor":40,"key":"Grinning Jar"},{"floor":43,"key":"DeathBook"},{"floor":46,"key":"Replay:Towering Pillar of Hats"},{"floor":46,"key":"Replay:Baseball"},{"floor":49,"key":"TheBean"}],"event_choices":[{"damage_healed":0.0,"max_hp_gain":0.0,"max_hp_loss":0.0,"gold_gain":0.0,"event_name":"Golden Idol","player_choice":"Take Damage","floor":2.0,"gold_loss":0.0,"damage_taken":16.0,"relics_obtained":["Golden Idol"]},{"damage_healed":0.0,"max_hp_gain":0.0,"max_hp_loss":0.0,"gold_gain":0.0,"event_name":"HidenRoomEvent","player_choice":"Fight","floor":4.0,"gold_loss":0.0,"damage_taken":0.0},{"damage_healed":16.0,"max_hp_gain":0.0,"max_hp_loss":0.0,"gold_gain":0.0,"event_name":"The Cleric","player_choice":"Healed","floor":11.0,"gold_loss":35.0,"damage_taken":0.0},{"damage_healed":0.0,"max_hp_gain":0.0,"max_hp_loss":0.0,"gold_gain":0.0,"cards_transformed":["Defend_S","Defend_S"],"event_name":"Drug Dealer","player_choice":"Became Test Subject","floor":19.0,"gold_loss":0.0,"damage_taken":0.0,"cards_obtained":["FlawlessForm","Misdirection"]},{"damage_healed":0.0,"max_hp_gain":0.0,"max_hp_loss":0.0,"gold_gain":0.0,"event_name":"Masked Bandits","player_choice":"Fought Bandits","floor":21.0,"gold_loss":0.0,"damage_taken":0.0},{"damage_healed":0,"gold_gain":0,"player_choice":"Obtained Book","damage_taken":16,"max_hp_gain":0,"max_hp_loss":0,"event_name":"Cursed Tome","floor":29,"gold_loss":0},{"damage_healed":0,"gold_gain":0,"player_choice":"Fight","damage_taken":0,"max_hp_gain":0,"max_hp_loss":0,"event_name":"MindBloom","floor":37,"gold_loss":0},{"damage_healed":0,"gold_gain":0,"player_choice":"Ignored","damage_taken":0,"max_hp_gain":0,"max_hp_loss":0,"event_name":"OrinTheCat","floor":41,"gold_loss":0},{"cards_removed":["Defend_S"],"damage_healed":0,"gold_gain":0,"player_choice":"Took Card","damage_taken":0,"max_hp_gain":0,"max_hp_loss":0,"event_name":"NoteForYourself","floor":45,"gold_loss":0,"cards_obtained":["Iron Wave"]}],"is_beta":false,"boss_relics":[{"not_picked":["Tiny House","Replay:Fungal Core"],"picked":"SplendidAttire"},{"not_picked":[]},{"not_picked":["Empty Cage","Fusion Hammer"],"picked":"Black Star"},{"not_picked":[]}],"items_purged_floors":[42],"is_endless":false,"potions_floor_spawned":[1,3,10,13,16,25,35,36,37,40],"ascension_level":0}}