{"host":"vlqej45p0v31lhdi","time":1613543539,"event":{"mods":["AchievementEnabler","BaseMod","Bestiary","Colored Powertips","Minty Spire (QoL Compilation)","Relic Stats"],"gold_per_floor":[119,137,137,148,211,211,244,244,244,279,279,377,390,440,440,511,511,522,541,591,604,654,654,654,352,375,375,444,478,5,55,55,55,55],"floor_reached":33,"language":"ENG","playtime":7193,"items_purged":[],"score":523,"play_id":"fdf07b7d-7111-4080-87dc-2379d73e56cb","local_time":"20210217003219","is_ascension_mode":true,"campfire_choices":[{"data":"Apotheosis","floor":6.0,"key":"SMITH"},{"data":"Bash","floor":8.0,"key":"SMITH"},{"floor":11.0,"key":"REST"},{"data":"Pommel Strike","floor":15.0,"key":"SMITH"},{"floor":23.0,"key":"REST"},{"data":"Immolate","floor":27.0,"key":"SMITH"},{"floor":32,"key":"REST"}],"circlet_count":0,"master_deck":["AscendersBane","Strike_R","Strike_R","Strike_R","Defend_R","Defend_R","Defend_R","Defend_R","Bash+1","Apotheosis+1","Pommel Strike+1","Clothesline","Twin Strike","Shrug It Off","Iron Wave","Immolate+1","Sever Soul+1","Offering+1","Wild Strike+1","Second Wind","Ghostly","Ghostly","Ghostly","Intimidate","Metallicize","Spot Weakness","Dark Embrace","Shrug It Off","Dual Wield"],"relics":["Burning Blood","SsserpentHead","Darkstone Periapt","Pear","Mummified Hand","Ancient Tea Set","Astrolabe","Matryoshka","Regal Pillow","Akabeko","Question Card","TungstenRod"],"acts_visited":["Exordium","TheCity"],"potions_floor_usage":[29,29,33],"damage_taken":[{"damage":6.0,"enemies":"Jaw Worm","floor":1.0,"turns":4.0},{"damage":11.0,"enemies":"Cultist","floor":2.0,"turns":4.0},{"damage":5.0,"enemies":"Small Slimes","floor":4.0,"turns":4.0},{"damage":16.0,"enemies":"3 Louse","floor":5.0,"turns":3.0},{"damage":20.0,"enemies":"3 Sentries","floor":7.0,"turns":8.0},{"damage":22.0,"enemies":"Lagavulin","floor":10.0,"turns":5.0},{"damage":9.0,"enemies":"Exordium Wildlife","floor":13.0,"turns":4.0},{"damage":39.0,"enemies":"Hexaghost","floor":16.0,"turns":10.0},{"damage":6.0,"enemies":"Spheric Guardian","floor":18.0,"turns":3.0},{"damage":27.0,"enemies":"Shell Parasite","floor":19.0,"turns":10.0},{"damage":15.0,"enemies":"Centurion and Healer","floor":21.0,"turns":5.0},{"damage":0.0,"enemies":"Snake Plant","floor":24.0,"turns":1.0},{"damage":21.0,"enemies":"Cultist and Chosen","floor":28.0,"turns":8.0},{"damage":16,"enemies":"Book of Stabbing","floor":29,"turns":6},{"damage":70,"enemies":"Automaton","floor":33,"turns":12}],"seed_played":"-5922611278893190165","potions_obtained":[{"floor":1.0,"key":"EssenceOfSteel"},{"floor":2.0,"key":"FearPotion"},{"floor":10.0,"key":"SmokeBomb"},{"floor":13.0,"key":"Explosive Potion"},{"floor":18.0,"key":"EntropicBrew"}],"is_trial":false,"path_per_floor":["M","M","?","M","M","R","E","R","T","E","R","T","M","?","R","B",null,"M","M","?","M","?","R","M","$","T","R","M","E","$","?","R","B"],"character_chosen":"IRONCLAD","items_purchased":["Matryoshka","Metallicize","TungstenRod","Shrug It Off","Dual Wield"],"campfire_rested":3,"item_purchase_floors":[25,25,30,30,30],"current_hp_per_floor":[68,63,63,64,54,54,40,40,50,34,57,57,54,59,59,26,69,69,48,41,32,32,41,41,41,41,41,26,16,16,6,33,0,0],"gold":55,"neow_bonus":"RANDOM_COLORLESS_2","is_daily":false,"chose_seed":false,"campfire_upgraded":4,"win_rate":0.0,"timestamp":1613543539,"path_taken":["M","M","?","M","?","R","E","R","T","E","R","?","M","?","R","BOSS","M","M","?","M","?","R","M","?","T","R","?","E","$","?","R","BOSS"],"items_purchased_type":["Relic","Card","Relic","Card","Card"],"build_version":"2020-12-22","purchased_purges":0,"victory":false,"max_hp_per_floor":[68,68,68,68,68,68,68,68,78,78,78,78,78,83,83,83,83,83,83,41,41,41,41,41,41,41,41,41,41,41,41,41,41,41],"relic_stats":{"Darkstone Periapt":0,"SsserpentHead":400,"Regal Pillow":15,"counters":[15,87],"Mummified Hand":[5],"Astrolabe":["Sever Soul","Offering","Wild Strike"],"Question Card":0,"obtain_stats":[{"Darkstone Periapt":7,"SsserpentHead":3,"Regal Pillow":26,"Pear":9,"Matryoshka":25,"Mummified Hand":10,"Astrolabe":17,"Ancient Tea Set":12,"Question Card":29,"Burning Blood":0,"Akabeko":26,"TungstenRod":30},{"Darkstone Periapt":5,"SsserpentHead":2,"Regal Pillow":12,"Pear":5,"Matryoshka":12,"Mummified Hand":6,"Astrolabe":8,"Ancient Tea Set":6,"Question Card":14,"Burning Blood":0,"Akabeko":12,"TungstenRod":14},{"Darkstone Periapt":23,"SsserpentHead":8,"Regal Pillow":61,"Pear":23,"Matryoshka":61,"Mummified Hand":28,"Astrolabe":42,"Ancient Tea Set":28,"Question Card":75,"Burning Blood":0,"Akabeko":61,"TungstenRod":75}],"Burning Blood":78,"TungstenRod":8},"card_choices":[{"not_picked":["HandOfGreed","Mayhem"],"picked":"Apotheosis","floor":0.0},{"not_picked":["Bloodletting","Heavy Blade"],"picked":"Pommel Strike","floor":1.0},{"not_picked":["Battle Trance","Sentinel"],"picked":"Clothesline","floor":2.0},{"not_picked":["Clothesline","Twin Strike"],"picked":"Anger","floor":4.0},{"not_picked":["Havoc","Second Wind"],"picked":"Twin Strike","floor":5.0},{"not_picked":["Searing Blow","Anger","Clash"],"picked":"SKIP","floor":7.0},{"not_picked":["Sword Boomerang","Searing Blow"],"picked":"Shrug It Off","floor":10.0},{"not_picked":["Sentinel","Anger"],"picked":"Iron Wave","floor":13.0},{"not_picked":["Juggernaut","Fiend Fire"],"picked":"Immolate","floor":16.0},{"not_picked":["Wild Strike","Warcry","Armaments"],"picked":"SKIP","floor":18.0},{"not_picked":["Sever Soul","Hemokinesis+1"],"picked":"Second Wind","floor":19.0},{"not_picked":["Clash","Armaments"],"picked":"Intimidate","floor":21.0},{"not_picked":["Twin Strike","Sever Soul"],"picked":"Spot Weakness","floor":28.0},{"not_picked":["Berserk","Pommel Strike"],"picked":"Dark Embrace","floor":29}],"player_experience":2972356,"relics_obtained":[{"floor":7.0,"key":"Darkstone Periapt"},{"floor":9.0,"key":"Pear"},{"floor":10.0,"key":"Mummified Hand"},{"floor":12.0,"key":"Ancient Tea Set"},{"floor":26.0,"key":"Regal Pillow"},{"floor":26.0,"key":"Akabeko"},{"floor":29,"key":"Question Card"}],"event_choices":[{"damage_healed":0.0,"max_hp_gain":0.0,"max_hp_loss":0.0,"gold_gain":0.0,"event_name":"FaceTrader","player_choice":"Trade","floor":3.0,"gold_loss":0.0,"damage_taken":0.0,"relics_obtained":["SsserpentHead"]},{"damage_healed":0.0,"max_hp_gain":5.0,"max_hp_loss":0.0,"gold_gain":0.0,"event_name":"Big Fish","player_choice":"Donut","floor":14.0,"gold_loss":0.0,"damage_taken":0.0},{"damage_healed":0.0,"max_hp_gain":0.0,"max_hp_loss":42.0,"gold_gain":0.0,"event_name":"Ghosts","player_choice":"Became a Ghost","floor":20.0,"gold_loss":0.0,"damage_taken":0.0,"cards_obtained":["Ghostly","Ghostly","Ghostly"]},{"damage_healed":0.0,"max_hp_gain":0.0,"max_hp_loss":0.0,"gold_gain":0.0,"event_name":"Vampires","player_choice":"Ignored","floor":22.0,"gold_loss":0.0,"damage_taken":0.0},{"damage_healed":0,"gold_gain":0,"player_choice":"POTION ","damage_taken":12,"max_hp_gain":0,"max_hp_loss":0,"event_name":"Knowing Skull","floor":31,"potions_obtained":["BloodPotion"],"gold_loss":0,"cards_obtained":[]}],"is_beta":false,"boss_relics":[{"not_picked":["Runic Pyramid","Black Star"],"picked":"Astrolabe"}],"items_purged_floors":[],"is_endless":false,"potions_floor_spawned":[1,2,10,13,18,21,24],"killed_by":"Automaton","ascension_level":18}}