{"host":"27c1zwn2rxlukojz","time":1613592101,"event":{"mods":["BaseMod","Filter the Spire","Minty Spire (QoL Compilation)","Relic Stats","StSLib"],"gold_per_floor":[109,127,127,141,216,216,226,226,226,226,239,259,259,276,276,372,372,389,389,389,389,389,389,314,332,332,332,345,359,359,374,374,475,475,485,505,505,521,534,534,534,80,80,80,80,80],"floor_reached":45,"language":"DEU","playtime":2643,"items_purged":["Bite"],"score":509,"play_id":"4d3a2a41-d5a7-465b-bdf2-f39060a6b62d","local_time":"20210217210141","is_ascension_mode":false,"campfire_choices":[{"data":"Disarm","floor":6.0,"key":"SMITH"},{"data":"Clothesline","floor":8.0,"key":"SMITH"},{"data":"True Grit","floor":13.0,"key":"SMITH"},{"data":"Barricade","floor":15.0,"key":"SMITH"},{"data":"Feed","floor":23.0,"key":"SMITH"},{"floor":27.0,"key":"REST"},{"data":"Flame Barrier","floor":32,"key":"SMITH"},{"floor":44,"key":"REST"}],"circlet_count":0,"master_deck":["Defend_R","Defend_R","Defend_R+1","Defend_R+1","Bash","Twin Strike","Disarm+1","Headbutt","Clothesline+1","True Grit+1","Sentinel+1","Barricade+1","Feed+1","Pommel Strike","Bite","Bite","Bite","Rage+1","Flex+1","Body Slam+1","Flame Barrier+1","Iron Wave+1","Intimidate+1","Immolate","Infernal Blade+1","Apotheosis","True Grit","Sentinel","Feel No Pain"],"relics":["Cursed Key"],"acts_visited":["Exordium","TheCity","TheBeyond"],"potions_floor_usage":[31,33,39,41,41,45],"damage_taken":[{"damage":0.0,"enemies":"2 Louse","floor":1.0,"turns":3.0},{"damage":0.0,"enemies":"Small Slimes","floor":2.0,"turns":2.0},{"damage":4.0,"enemies":"Jaw Worm","floor":4.0,"turns":3.0},{"damage":4.0,"enemies":"Blue Slaver","floor":7.0,"turns":3.0},{"damage":2.0,"enemies":"Large Slime","floor":11.0,"turns":4.0},{"damage":0.0,"enemies":"2 Fungi Beasts","floor":12.0,"turns":3.0},{"damage":1.0,"enemies":"3 Louse","floor":14.0,"turns":4.0},{"damage":0.0,"enemies":"Hexaghost","floor":16.0,"turns":15.0},{"damage":10.0,"enemies":"Shell Parasite","floor":18.0,"turns":29.0},{"damage":43.0,"enemies":"Spheric Guardian","floor":25.0,"turns":9.0},{"damage":6.0,"enemies":"Snecko","floor":28.0,"turns":9.0},{"damage":27.0,"enemies":"3 Cultists","floor":29.0,"turns":8.0},{"damage":6,"enemies":"Chosen and Byrds","floor":31,"turns":6},{"damage":15,"enemies":"Champ","floor":33,"turns":23},{"damage":16,"enemies":"3 Shapes","floor":35,"turns":8},{"damage":34,"enemies":"3 Darklings","floor":36,"turns":11},{"damage":43,"enemies":"Writhing Mass","floor":38,"turns":25},{"damage":56,"enemies":"Spire Growth","floor":39,"turns":8},{"damage":0,"enemies":"Sphere and 2 Shapes","floor":41,"turns":3},{"damage":63,"enemies":"Transient","floor":45,"turns":5}],"seed_played":"3991717677027770716","potions_obtained":[{"floor":2.0,"key":"PowerPotion"},{"floor":11.0,"key":"LiquidBronze"},{"floor":12.0,"key":"SteroidPotion"},{"floor":18.0,"key":"ElixirPotion"},{"floor":25.0,"key":"HeartOfIron"},{"floor":31,"key":"AttackPotion"},{"floor":36,"key":"Explosive Potion"},{"floor":40,"key":"GamblersBrew"},{"floor":40,"key":"SmokeBomb"},{"floor":40,"key":"Ancient Potion"}],"is_trial":false,"path_per_floor":["M","M","?","M","?","R","M","R","T","?","M","M","R","M","R","B",null,"M","?","?","T","?","R","?","M","T","R","M","M","?","M","R","B",null,"M","M","?","M","M","?","M","$","T","R","M"],"character_chosen":"IRONCLAD","items_purchased":["Apotheosis","True Grit","Sentinel","Feel No Pain"],"campfire_rested":2,"item_purchase_floors":[42,42,42,42],"current_hp_per_floor":[80,80,80,76,65,65,61,61,61,45,43,43,43,42,42,42,80,73,58,58,58,58,58,58,27,27,45,51,44,44,54,54,75,78,74,60,60,55,9,9,9,9,9,36,0,0],"gold":80,"neow_bonus":"BOSS_RELIC","is_daily":false,"chose_seed":false,"campfire_upgraded":6,"win_rate":0.0,"timestamp":1613592101,"path_taken":["M","M","?","M","?","R","M","R","T","?","?","M","R","M","R","BOSS","M","?","?","?","?","R","?","M","T","R","M","M","?","?","R","BOSS","M","M","?","?","M","?","M","$","T","R","?"],"items_purchased_type":["Card","Card","Card","Card"],"build_version":"2020-12-22","purchased_purges":1,"victory":false,"max_hp_per_floor":[80,80,80,80,80,80,80,80,80,80,80,80,80,80,80,80,80,83,58,58,58,58,58,58,62,62,62,66,70,70,74,74,78,78,82,86,86,90,90,90,90,90,90,90,90,90],"relic_stats":{"counters":[20,181],"Cursed Key":0,"obtain_stats":[{"Cursed Key":0,"Burning Blood":0},{"Cursed Key":0,"Burning Blood":0},{"Cursed Key":0,"Burning Blood":0}]},"card_choices":[{"not_picked":["True Grit","Battle Trance"],"picked":"Twin Strike","floor":1.0},{"not_picked":["Anger","Shrug It Off"],"picked":"Disarm","floor":2.0},{"not_picked":["Intimidate","Havoc"],"picked":"Headbutt","floor":4.0},{"not_picked":["Headbutt","Cleave"],"picked":"Clothesline","floor":7.0},{"not_picked":["Sever Soul","Ghostly Armor"],"picked":"True Grit","floor":11.0},{"not_picked":["True Grit","Havoc"],"picked":"Sentinel","floor":12.0},{"not_picked":["Power Through","Wild Strike"],"picked":"Barricade","floor":14.0},{"not_picked":["Berserk","Immolate"],"picked":"Feed","floor":16.0},{"not_picked":["Iron Wave","Havoc"],"picked":"Pommel Strike","floor":18.0},{"not_picked":["True Grit","Blood for Blood"],"picked":"Rage+1","floor":25.0},{"not_picked":["Cleave","Heavy Blade"],"picked":"Flex+1","floor":28.0},{"not_picked":["Ghostly Armor","Perfected Strike"],"picked":"Body Slam+1","floor":29},{"not_picked":["Clothesline","Dual Wield"],"picked":"Flame Barrier","floor":31},{"not_picked":["Perfected Strike+1","Headbutt"],"picked":"Iron Wave+1","floor":35},{"not_picked":["Wild Strike","Anger+1"],"picked":"Intimidate+1","floor":36},{"not_picked":["Sword Boomerang+1","Twin Strike+1"],"picked":"Immolate","floor":38},{"not_picked":["Headbutt","Clash+1"],"picked":"Infernal Blade+1","floor":39}],"player_experience":4008841,"relics_obtained":[],"event_choices":[{"damage_healed":0.0,"max_hp_gain":0.0,"max_hp_loss":0.0,"gold_gain":0.0,"event_name":"Golden Idol","player_choice":"Ignored","floor":3.0,"gold_loss":0.0,"damage_taken":0.0},{"damage_healed":0.0,"max_hp_gain":0.0,"max_hp_loss":0.0,"gold_gain":75.0,"event_name":"World of Goop","player_choice":"Gather Gold","floor":5.0,"gold_loss":0.0,"damage_taken":11.0},{"damage_healed":0.0,"max_hp_gain":0.0,"max_hp_loss":0.0,"gold_gain":0.0,"event_name":"Shining Light","player_choice":"Entered Light","floor":10.0,"gold_loss":0.0,"damage_taken":16.0,"cards_upgraded":["Defend_R","Defend_R"]},{"damage_healed":0.0,"max_hp_gain":0.0,"max_hp_loss":25.0,"gold_gain":0.0,"event_name":"Vampires","player_choice":"Became a vampire","floor":19.0,"gold_loss":0.0,"damage_taken":0.0,"cards_obtained":["Bite","Bite","Bite","Bite","Bite"]},{"damage_healed":0.0,"max_hp_gain":0.0,"max_hp_loss":0.0,"gold_gain":0.0,"event_name":"The Mausoleum","player_choice":"Ignored","floor":20.0,"gold_loss":0.0,"damage_taken":0.0},{"damage_healed":0.0,"max_hp_gain":0.0,"max_hp_loss":0.0,"gold_gain":0.0,"event_name":"Ghosts","player_choice":"Ignored","floor":22.0,"gold_loss":0.0,"damage_taken":0.0},{"cards_removed":["Bite"],"damage_healed":0.0,"max_hp_gain":0.0,"max_hp_loss":0.0,"gold_gain":0.0,"event_name":"Beggar","player_choice":"Gave Gold","floor":24.0,"gold_loss":75.0,"damage_taken":0.0},{"damage_healed":0,"gold_gain":0,"player_choice":"Ignored","damage_taken":0,"max_hp_gain":0,"max_hp_loss":0,"event_name":"WeMeetAgain","floor":30,"gold_loss":0},{"damage_healed":0,"gold_gain":0,"player_choice":"Forge","damage_taken":0,"max_hp_gain":0,"max_hp_loss":0,"event_name":"Accursed Blacksmith","floor":37,"gold_loss":0,"cards_upgraded":["Sentinel"]},{"damage_healed":0,"gold_gain":0,"player_choice":"Got Potions","damage_taken":0,"max_hp_gain":0,"max_hp_loss":0,"event_name":"Lab","floor":40,"gold_loss":0}],"is_beta":false,"boss_relics":[{"not_picked":[]},{"not_picked":[]}],"items_purged_floors":[42],"is_endless":false,"potions_floor_spawned":[2,11,12,18,25,31,36,41],"killed_by":"Transient","ascension_level":0}}