{"host":"vdohis8gfezcjpr9","time":1613571753,"event":{"mods":["2.2 Compatiblity","Abigail Mod","Act Like it!","BaseMod","BetterRewards","Colored Powertips","Custom Start","Friendly Minions","Gensokyo","Kiyohime£¨?ýï£©","Koishi","Marisa£¨Ùöéë¡¡Øª×âÞÞ£©","Minty Spire (QoL Compilation)","Permanent Neow","Prisma Mod","Rare Cards Sparkle","Reimu£¨ÚÏ???£©","Shop Mod","StSLib","Swap Starting Deck Mod","The Animator"],"gold_per_floor":[109,109,39,119,134,134,134,134,134,134,150,179,192,221,221,326,326,343,198,198,208,208,236,336,348,371,50,50,50,50,75,75,177,177,189,189,189,201,44,44,72,72,98,126,126,36,36,49,49,49],"floor_reached":51,"language":"KOR","playtime":3302,"items_purged":[],"score":1075,"play_id":"2a7050e5-4efd-4b21-b99c-b0e07e9299aa","local_time":"20210217232233","is_ascension_mode":true,"campfire_choices":[{"floor":6,"key":"RECALL"},{"data":"MikOfLucky:ReiMu","floor":15,"key":"SMITH"},{"floor":28,"key":"REST"},{"data":"DependentForm:ReiMu","floor":30,"key":"SMITH"},{"data":"Gathering:ReiMu","floor":32,"key":"SMITH"},{"data":"DependentForm:ReiMu","floor":40,"key":"SMITH"},{"data":"KamiRite:ReiMu","floor":42,"key":"SMITH"},{"data":"SubAcupoint:ReiMu","floor":47,"key":"SMITH"},{"data":"FantasyMoon:ReiMu","floor":49,"key":"SMITH"}],"circlet_count":0,"master_deck":["Amulet:ReiMu","WonderfulDomain:ReiMu+1","Intuition:ReiMu","CareerPray:ReiMu+1","SpringWay:ReiMu","SubAcupoint:ReiMu+1","Enchanting:ReiMu","Conquer:ReiMu+1","Amulet:ReiMu","Meditation:ReiMu","Amulet:ReiMu","TightArray:ReiMu+1","Meditation:ReiMu+1","MikOfLucky:ReiMu+1","DependentForm:ReiMu+1","SubAcupoint:ReiMu+1","Amulet:ReiMu","Meditation:ReiMu","AirStrike:ReiMu+1","KamiRite:ReiMu+1","Amulet:ReiMu+1","DependentForm:ReiMu+1","FantasyMoon:ReiMu+1","Dreaming2:ReiMu+1","PhosphorusFlame:ReiMu+1","Gensokyo:CustomPotion","AirStrike:ReiMu+1"],"relics":["FlyPower:ReiMu","Gensokyo:Justice","Gensokyo:PortableGap","Molten Egg 2","Bow_fan:ReiMu","Bag of Preparation","DonationBox:ReiMu","CheatingSign:ReiMu","Gensokyo:SongOfSouls","War Paint","FossilizedHelix","Torii","MealTicket","Strange Spoon","Chemical X","RuthlessExorcism:ReiMu","Busted Crown","Gensokyo:DualWield","Vajra","Tea:ReiMu","Happy Flower","Darkstone Periapt"],"acts_visited":["Gensokyo:Gensokyo","Gensokyo:Gensokyoer","Gensokyo:Gensokyoest"],"potions_floor_usage":[23,24,25,25,33],"damage_taken":[{"damage":0,"enemies":"Gensokyo:Python","floor":1,"turns":3},{"damage":1,"enemies":"Gensokyo:3_Fairies","floor":5,"turns":3},{"damage":0,"enemies":"Gensokyo:2_Kodama","floor":11,"turns":1},{"damage":0,"enemies":"Gensokyo:Mamizou","floor":12,"turns":6},{"damage":0,"enemies":"Gensokyo:2_Rabbits","floor":13,"turns":3},{"damage":0,"enemies":"Gensokyo:Aya","floor":14,"turns":3},{"damage":3,"enemies":"Gensokyo:Kokoro","floor":16,"turns":9},{"damage":10,"enemies":"Gensokyo:AngelMirror","floor":18,"turns":3},{"damage":0,"enemies":"Gensokyo:CosmicMonolith","floor":21,"turns":4},{"damage":7,"enemies":"Gensokyo:Koishi","floor":23,"turns":8},{"damage":8,"enemies":"Gensokyo:Koishi","floor":24,"turns":7},{"damage":1,"enemies":"Gensokyo:Slime_Group","floor":25,"turns":6},{"damage":0,"enemies":"Gensokyo:Reisen","floor":31,"turns":4},{"damage":0,"enemies":"Gensokyo:Eiki","floor":33,"turns":6},{"damage":0,"enemies":"Gensokyo:3_Boulders","floor":35,"turns":4},{"damage":3,"enemies":"Gensokyo:AncientGuardian","floor":38,"turns":7},{"damage":5,"enemies":"Gensokyo:Marisa","floor":41,"turns":7},{"damage":0,"enemies":"Gensokyo:Doremy","floor":44,"turns":6},{"damage":0,"enemies":"Gensokyo:4_Bats","floor":48,"turns":1},{"damage":10,"enemies":"Gensokyo:Shinki","floor":50,"turns":10}],"seed_played":"-6854271813641247243","potions_obtained":[{"floor":1,"key":"SpeedPotion"},{"floor":12,"key":"Energy Potion"},{"floor":13,"key":"GamblersBrew"},{"floor":21,"key":"LiquidBronze"},{"floor":24,"key":"Block Potion"},{"floor":25,"key":"DistilledChaos"},{"floor":38,"key":"PinkPotion"},{"floor":48,"key":"SmokeBomb"}],"is_trial":false,"path_per_floor":["M","?","?","?","M","R","?","?","T","$","M","E","M","E","R","B",null,"M","$","$","M","?","E","?","M","T","COS","R","$","R","E","R","B",null,"M","?","?","M","$","R","E","R","T","E","?","?","R","M","R","B",null],"character_chosen":"REIMU","items_purchased":["CheatingSign:ReiMu","Vajra"],"campfire_rested":1,"item_purchase_floors":[19,39],"current_hp_per_floor":[49,49,49,49,48,48,45,50,50,50,50,50,50,50,50,47,50,40,40,40,40,40,33,25,24,24,24,38,47,47,47,47,47,47,47,47,47,44,44,44,39,39,39,39,39,39,44,44,44,34],"gold":49,"neow_bonus":"","is_daily":false,"chose_seed":false,"campfire_upgraded":7,"win_rate":0.0,"timestamp":1613571753,"path_taken":["M","?","?","?","M","R","?","?","T","$","M","E","?","E","R","BOSS","M","?","$","M","?","E","?","?","T","COS","R","?","R","E","R","BOSS","M","?","?","?","?","R","E","R","T","E","?","?","R","?","R","BOSS"],"items_purchased_type":["Relic","Relic"],"build_version":"2020-12-22","purchased_purges":0,"victory":true,"max_hp_per_floor":[49,49,49,49,49,49,45,50,50,50,50,50,50,50,50,50,50,50,50,47,47,47,47,47,47,47,47,47,47,47,47,47,47,47,47,47,47,44,44,44,44,44,44,44,44,44,44,44,44,44],"card_choices":[{"not_picked":["BarrageOfMoneybags:ReiMu","SafetyPray:ReiMu"],"picked":"Meditation:ReiMu","floor":1},{"not_picked":["Intuition:ReiMu","AlertArray:ReiMu"],"picked":"Amulet:ReiMu","floor":5},{"not_picked":["CareerPray:ReiMu","SpringWay:ReiMu"],"picked":"TightArray:ReiMu+1","floor":11},{"not_picked":["SpringWay:ReiMu","CareerPray:ReiMu"],"picked":"Gathering:ReiMu","floor":12},{"not_picked":["AlertArray:ReiMu","CareerPray:ReiMu"],"picked":"Meditation:ReiMu","floor":13},{"not_picked":["WonderfulDomain:ReiMu","Meditation:ReiMu"],"picked":"MikOfLucky:ReiMu","floor":14},{"not_picked":["KamiRite:ReiMu","HakureiPhantom:ReiMu"],"picked":"DependentForm:ReiMu","floor":16},{"not_picked":["SafetyPray:ReiMu","Enchanting:ReiMu+1"],"picked":"SubAcupoint:ReiMu+1","floor":18},{"not_picked":["SpringWay:ReiMu","CollectionFlower2:ReiMu+1"],"picked":"Amulet:ReiMu","floor":21},{"not_picked":["Intuition:ReiMu","WonderfulDomain:ReiMu"],"picked":"Meditation:ReiMu","floor":23},{"not_picked":["AirManeuver:ReiMu","SubAcupoint:ReiMu+1"],"picked":"AirStrike:ReiMu+1","floor":24},{"not_picked":["TightArray:ReiMu+1","AirStrike:ReiMu+1"],"picked":"KamiRite:ReiMu","floor":25},{"not_picked":["SafetyPray:ReiMu","AlertArray:ReiMu+1"],"picked":"Amulet:ReiMu+1","floor":31},{"not_picked":["CeremonyResonance:ReiMu","Free:ReiMu"],"picked":"DependentForm:ReiMu","floor":33},{"not_picked":[],"picked":"FantasyMoon:ReiMu","floor":35},{"not_picked":[],"picked":"Dreaming2:ReiMu+1","floor":38},{"not_picked":["Amulet:ReiMu"],"picked":"SKIP","floor":41},{"not_picked":[],"picked":"PhosphorusFlame:ReiMu+1","floor":44},{"not_picked":[],"picked":"AirStrike:ReiMu+1","floor":48}],"player_experience":141661,"relics_obtained":[{"floor":9,"key":"Molten Egg 2"},{"floor":12,"key":"Bow_fan:ReiMu"},{"floor":14,"key":"Bag of Preparation"},{"floor":23,"key":"War Paint"},{"floor":24,"key":"FossilizedHelix"},{"floor":24,"key":"Torii"},{"floor":26,"key":"MealTicket"},{"floor":31,"key":"RuthlessExorcism:ReiMu"},{"floor":41,"key":"Tea:ReiMu"},{"floor":43,"key":"Happy Flower"},{"floor":44,"key":"Darkstone Periapt"}],"event_choices":[],"is_beta":false,"boss_relics":[{"not_picked":["RedLine:ReiMu","Runic Dome"],"picked":"DonationBox:ReiMu"},{"not_picked":["Runic Pyramid","Sozu"],"picked":"Busted Crown"}],"items_purged_floors":[],"is_endless":false,"potions_floor_spawned":[1,12,13,21,24,25,38,48],"ascension_level":2}}