{"host":"o9lehcdjc4u6j9un","time":1613588771,"event":{"mods":["Aspiration","BaseMod","Better-Laid Plans","Bossed Relics","Colored Map","Downfall","Gremlin Mod","Hermit","Marisa£®ÏF”Í°°ƒß¿Ì…≥£©","Minty Spire (QoL Compilation)","Reimu£®≤©¿ˆ¡È√Œ£©","Remilia£®¿Ÿ√◊¿Ú—«£©","StSLib","The Alterego","The Hierophant","The Jungle","The Marked","The Runesmith","The Senshi","The Servant 0.9.4","Yakumo Yukari mod","Youmu£®ªÍ∆«—˝√Œ£©","≤–¡Ù÷ÆŒÔ"],"gold_per_floor":[361,137,153,167,167,167,194,207,207,241,259,119,119,137,137,239,239,220,95,107,127,147,3,3,30,30,40,40,40,40,68,68,68,68],"floor_reached":33,"language":"ZHS","playtime":2602,"items_purged":["theSenshi:SailorKick","theSenshi:SailorKick","theSenshi:SailorKick"],"score":322,"play_id":"421b43c6-f6b2-4350-84fb-1c5ed755a535","local_time":"20210218030611","is_ascension_mode":false,"campfire_choices":[{"floor":6.0,"key":"REST"},{"floor":13.0,"key":"REST"},{"data":"theSenshi:SailorStarMakerAssists","floor":15.0,"key":"SMITH"},{"floor":24.0,"key":"REST"},{"floor":28,"key":"REST"},{"floor":30,"key":"REST"},{"data":"theSenshi:MoonPrismPowerMakeUp","floor":32,"key":"SMITH"}],"circlet_count":0,"master_deck":["theSenshi:SailorKick","theSenshi:SailorBlock","theSenshi:SailorBlock","theSenshi:SailorBlock","theSenshi:SailorBlock","theSenshi:RoseThrow","theSenshi:MoonPrismPowerMakeUp+1","theSenshi:GatheringStrength","theSenshi:MoonKick","theSenshi:GatheringStrength","theSenshi:MoonPunch","theSenshi:SailorNeptuneAssists","theSenshi:MercurysCunning","theSenshi:SailorNeptuneAssists","theSenshi:TuxedoSmokingBomber","theSenshi:SailorStarMakerAssists+1","theSenshi:SailorVenusAssists","theSenshi:JupitersPower","theSenshi:SteeledNerves","theSenshi:LateForSchool","theSenshi:VenusGlamour","theSenshi:LunasBite","theSenshi:LateForSchool","theSenshi:MoonPunch+1","theSenshi:StudyParty"],"relics":["theSenshi:TransformationBroochRelic","Centennial Puzzle","Bag of Marbles","PreservedInsect","Darkstone Periapt","Philosopher\u0027s Stone","theSenshi:ChokerRelic","Bottled Flame","aspiration:RitualStick","theSenshi:EternalTiareRelic"],"acts_visited":["Exordium","TheCity"],"potions_floor_usage":[33],"damage_taken":[{"damage":1.0,"enemies":"2 Louse","floor":1.0,"turns":4.0},{"damage":0.0,"enemies":"Cultist","floor":3.0,"turns":4.0},{"damage":5.0,"enemies":"Jaw Worm","floor":4.0,"turns":3.0},{"damage":18.0,"enemies":"Lagavulin","floor":7.0,"turns":8.0},{"damage":0.0,"enemies":"Large Slime","floor":8.0,"turns":8.0},{"damage":3.0,"enemies":"3 Sentries","floor":10.0,"turns":10.0},{"damage":0.0,"enemies":"Exordium Wildlife","floor":11.0,"turns":5.0},{"damage":1.0,"enemies":"Looter","floor":14.0,"turns":3.0},{"damage":2.0,"enemies":"Slime Boss","floor":16.0,"turns":13.0},{"damage":0.0,"enemies":"2 Thieves","floor":18.0,"turns":4.0},{"damage":14.0,"enemies":"Shell Parasite","floor":20.0,"turns":4.0},{"damage":0.0,"enemies":"Snecko","floor":21.0,"turns":5.0},{"damage":18.0,"enemies":"Shelled Parasite and Fungi","floor":22.0,"turns":6.0},{"damage":22,"enemies":"Slavers","floor":25,"turns":6},{"damage":7,"enemies":"Chosen and Byrds","floor":27,"turns":6},{"damage":0,"enemies":"Gremlin Leader","floor":31,"turns":6},{"damage":37,"enemies":"Automaton","floor":33,"turns":7}],"seed_played":"-9026167040378585644","potions_obtained":[{"floor":7.0,"key":"Swift Potion"},{"floor":8.0,"key":"Swift Potion"},{"floor":10.0,"key":"GamblersBrew"},{"floor":11.0,"key":"LiquidMemories"},{"floor":21.0,"key":"GrandPatriotsElixir:ReiMu"},{"floor":22.0,"key":"Guardian:BlockOnCardUsePotion"},{"floor":31,"key":"Slimebound:ThreeZeroPotion"}],"is_trial":false,"path_per_floor":["M","$","M","M","?","R","E","M","T","E","M","$","R","M","R","B",null,"M","$","M","M","M","$","R","E","T","M","R","?","R","E","R","B"],"character_chosen":"THE_SENSHI","items_purchased":["Centennial Puzzle","theSenshi:SailorStarMakerAssists","theSenshi:ChokerRelic"],"campfire_rested":5,"item_purchase_floors":[2,12,23],"current_hp_per_floor":[53,53,53,48,48,70,52,52,52,49,49,49,71,70,70,68,75,75,75,61,61,43,43,65,43,43,36,58,43,65,65,65,28,28],"gold":68,"neow_bonus":"TWO_FIFTY_GOLD","is_daily":false,"chose_seed":false,"campfire_upgraded":2,"win_rate":0.0,"timestamp":1613588771,"path_taken":["M","$","M","M","?","R","E","M","T","E","?","$","R","M","R","BOSS","M","$","M","M","M","$","R","E","T","M","R","?","R","E","R","BOSS"],"items_purchased_type":["Relic","Card","Relic"],"build_version":"2020-12-22","purchased_purges":3,"victory":false,"max_hp_per_floor":[75,75,75,75,75,75,75,75,75,75,75,75,75,75,75,75,75,75,75,75,75,75,75,75,75,75,75,75,75,75,75,75,75,75],"card_choices":[{"not_picked":["theSenshi:MoonPrincessHalation","theSenshi:InTheNickOfTime"],"picked":"theSenshi:GatheringStrength","floor":1.0},{"not_picked":["theSenshi:SailorUranusAssists","theSenshi:SteeledNerves"],"picked":"theSenshi:MoonKick","floor":3.0},{"not_picked":["theSenshi:KlutzyLuck","theSenshi:SchoolBag","theSenshi:MoonSpiralHeartAttack"],"picked":"SKIP","floor":4.0},{"not_picked":["theSenshi:SailorCosmosAssists","theSenshi:EncouragingSpeech"],"picked":"theSenshi:SailorNeptuneAssists","floor":7.0},{"not_picked":["theSenshi:SaturnsMystery","theSenshi:MoonsReflection"],"picked":"theSenshi:MercurysCunning","floor":8.0},{"not_picked":["theSenshi:SchoolBag","theSenshi:OdangoHead"],"picked":"theSenshi:SailorNeptuneAssists","floor":10.0},{"not_picked":["theSenshi:CrisisMakeUp","theSenshi:LateForSchool"],"picked":"theSenshi:TuxedoSmokingBomber","floor":11.0},{"not_picked":["theSenshi:SailorMarsAssists","theSenshi:MoonPunch"],"picked":"theSenshi:SailorVenusAssists","floor":14.0},{"not_picked":["theSenshi:MoonGorgeousMeditation","theSenshi:FatedKiss"],"picked":"theSenshi:JupitersPower","floor":16.0},{"not_picked":["theSenshi:MoonsReflection+1","theSenshi:YouCanTalk"],"picked":"theSenshi:SteeledNerves","floor":18.0},{"not_picked":["theSenshi:SchoolBag","theSenshi:YouCanTalk+1"],"picked":"theSenshi:LateForSchool","floor":20.0},{"not_picked":["theSenshi:PlutosSolemnity","theSenshi:CrisisMakeUp"],"picked":"theSenshi:VenusGlamour","floor":21.0},{"not_picked":["theSenshi:OdangoHead","theSenshi:LunaWiseMentor"],"picked":"theSenshi:LunasBite","floor":22.0},{"not_picked":["theSenshi:SaturnsMystery","theSenshi:OdangoHead"],"picked":"theSenshi:LateForSchool","floor":25},{"not_picked":["theSenshi:SailorMarsAssists+1","theSenshi:SailorMercuryAssists+1"],"picked":"theSenshi:MoonPunch+1","floor":27},{"not_picked":["theSenshi:FatedKiss","theSenshi:SilverMoonCrystalPowerKiss"],"picked":"theSenshi:StudyParty","floor":31}],"player_experience":324509,"relics_obtained":[{"floor":7.0,"key":"Bag of Marbles"},{"floor":9.0,"key":"PreservedInsect"},{"floor":10.0,"key":"Darkstone Periapt"},{"floor":25,"key":"Bottled Flame"},{"floor":31,"key":"theSenshi:EternalTiareRelic"}],"event_choices":[{"damage_healed":0.0,"max_hp_gain":0.0,"max_hp_loss":0.0,"gold_gain":0.0,"event_name":"Match and Keep!","player_choice":"2 cards matched","floor":5.0,"gold_loss":0.0,"damage_taken":0.0,"cards_obtained":["theSenshi:GatheringStrength","theSenshi:MoonPunch"]}],"is_beta":false,"boss_relics":[{"not_picked":["Velvet Choker","RedLine:ReiMu"],"picked":"Philosopher\u0027s Stone"}],"items_purged_floors":[2,12,19],"is_endless":false,"potions_floor_spawned":[7,8,10,11,21,22,27,31],"killed_by":"Automaton","ascension_level":0}}