{"host":"mj8akmyfd5lo602f","time":1613586376,"event":{"mods":["2.2 Compatiblity","Act Like it!","BaseMod","Bestiary","BshForSts","Colored Map","Colored Powertips","Downfall","Highlight Path","Minty Spire (QoL Compilation)","Permanent Neow","Relic Stats","StSLib"],"gold_per_floor":[99,99,114,127,147,55,104,104,104,154,167,177,177,206,224,326,326,326,342,356,266,278,328,375,389,439,268,282,310,322,372,388,488,488,188,204,214,264,277,327,327,327,340,340,390,407,407,351,365,365,365,365],"floor_reached":50,"language":"ENG","playtime":3781,"items_purged":["Slimebound:Split+1","Pain"],"score":518,"play_id":"c46b4900-81e6-4963-bcbe-e18d301c2014","local_time":"20210217182616","is_ascension_mode":false,"campfire_choices":[{"data":"Slimebound:Split","floor":1.0,"key":"SMITH"},{"data":"Slimebound:SplitSpecialist","floor":8.0,"key":"SMITH"},{"data":"Slimebound:Darklings","floor":13.0,"key":"SMITH"},{"floor":18.0,"key":"RECALL"},{"data":"Slimebound:DuplicatedForm","floor":35.0,"key":"SMITH"},{"data":"Slimebound:LevelUp","floor":42.0,"key":"SMITH"},{"data":"Slimebound:SpikyOuterGoop","floor":44.0,"key":"SMITH"},{"data":"Slimebound:OozeBath","floor":47,"key":"SMITH"}],"circlet_count":0,"master_deck":["Slimebound:Strike_Slimebound+1","Slimebound:Strike_Slimebound","Slimebound:Strike_Slimebound","Slimebound:Tackle","Slimebound:Defend_Slimebound","Slimebound:Defend_Slimebound+1","Slimebound:Defend_Slimebound","Slimebound:Defend_Slimebound","Slimebound:CorrosiveSpit+1","Slimebound:PressTheAttack","Slimebound:LivingWall","Slimebound:SplitSpecialist+1","Slimebound:LevelUp+1","Slimebound:LivingWall","Slimebound:Darklings+1","Slimebound:SpikyOuterGoop+1","Slimebound:GoopSpray","Slimebound:OozeBath+1","Slimebound:LivingWall","Slimebound:SlimeSpikes+1","Slimebound:LeechLife","Slimebound:DuplicatedForm+1","Slimebound:GoopSpray","Slimebound:Gluttony+1","Slimebound:SpikyOuterGoop+1","Slimebound:GoopSpray+1"],"relics":["Slimebound:AbsorbEndCombat","Omamori","Juzu Bracelet","SsserpentHead","Pear","Cursed Key","Guardian:PocketSentry","Question Card","sneckomod:SneckoTalon","downfall:HeartBlessingGreen","downfall:HeartBlessingBlue","downfall:HeartBlessingRed","WarpedTongs","Strange Spoon","Oddly Smooth Stone"],"acts_visited":["Exordium","TheCity","TheBeyond"],"potions_floor_usage":[50],"damage_taken":[{"damage":0.0,"enemies":"2 Louse","floor":3.0,"turns":2.0},{"damage":1.0,"enemies":"Jaw Worm","floor":4.0,"turns":4.0},{"damage":0.0,"enemies":"Cultist","floor":5.0,"turns":3.0},{"damage":10.0,"enemies":"downfall:FleeingMerchant","floor":6.0,"turns":4.0},{"damage":11.0,"enemies":"Exordium Wildlife","floor":11.0,"turns":5.0},{"damage":0.0,"enemies":"Red Slaver","floor":12.0,"turns":4.0},{"damage":26.0,"enemies":"3 Sentries","floor":14.0,"turns":8.0},{"damage":20.0,"enemies":"Lots of Slimes","floor":15.0,"turns":4.0},{"damage":26.0,"enemies":"DF_ARCHETYPE_STREAMLINE","floor":16.0,"turns":8.0},{"damage":4.0,"enemies":"Shell Parasite","floor":19.0,"turns":5.0},{"damage":27.0,"enemies":"downfall:LooterAlt2","floor":20.0,"turns":5.0},{"damage":3.0,"enemies":"downfall:FleeingMerchant","floor":21.0,"turns":4.0},{"damage":5.0,"enemies":"Centurion and Healer","floor":22.0,"turns":6.0},{"damage":6.0,"enemies":"Snake Plant","floor":25.0,"turns":4.0},{"damage":8.0,"enemies":"downfall:FleeingMerchant","floor":27.0,"turns":4.0},{"damage":4.0,"enemies":"Cultist and Chosen","floor":28.0,"turns":5.0},{"damage":3.0,"enemies":"Book of Stabbing","floor":29.0,"turns":7.0},{"damage":21.0,"enemies":"Centurion and Healer","floor":30.0,"turns":5.0},{"damage":3.0,"enemies":"Snecko","floor":32.0,"turns":5.0},{"damage":13.0,"enemies":"WA_ARCHETYPE_CALM","floor":33.0,"turns":13.0},{"damage":0.0,"enemies":"3 Shapes","floor":36.0,"turns":5.0},{"damage":6.0,"enemies":"Orb Walker","floor":37.0,"turns":5.0},{"damage":30.0,"enemies":"Writhing Mass","floor":39.0,"turns":5.0},{"damage":9.0,"enemies":"Transient","floor":43.0,"turns":5.0},{"damage":21,"enemies":"Maw","floor":46,"turns":6},{"damage":25,"enemies":"downfall:FleeingMerchant","floor":48,"turns":4},{"damage":53,"enemies":"Jaw Worm Horde","floor":49,"turns":6},{"damage":85,"enemies":"IC_BLOCK_ARCHETYPE","floor":50,"turns":4}],"seed_played":"-4855795548559117139","potions_obtained":[{"floor":4.0,"key":"EntropicBrew"},{"floor":14.0,"key":"LiquidBronze"},{"floor":20.0,"key":"Dexterity Potion"},{"floor":23.0,"key":"CultistPotion"},{"floor":28.0,"key":"Dexterity Potion"},{"floor":29.0,"key":"Slimebound:SlimyTonguePotion"}],"is_trial":false,"path_per_floor":["R","?","M","M","M","$","T","R","?","?","M","M","R","E","M","B",null,"R","M","M","$","M","?","T","M","?","$","M","E","M","?","M","B",null,"R","M","M","?","M","?","T","R","M","R","T","M","R","$","M","B"],"character_chosen":"SLIMEBOUND","items_purchased":["Slimebound:LevelUp","Guardian:PocketSentry","Strange Spoon","Oddly Smooth Stone"],"campfire_rested":0,"item_purchase_floors":[6,27,48,48],"current_hp_per_floor":[65,65,65,65,65,59,59,59,59,59,54,58,58,46,32,12,75,75,73,50,49,50,50,50,48,48,44,46,49,32,32,31,66,75,85,85,79,79,85,85,85,85,78,78,78,85,85,83,53,0,0,0],"gold":365,"neow_bonus":"RANDOM_COMMON_RELIC","is_daily":false,"chose_seed":false,"campfire_upgraded":7,"win_rate":0.0,"timestamp":1613586376,"path_taken":["R","?","M","M","M","$","T","R","?","?","M","M","R","E","M","BOSS","R","M","M","$","M","?","T","M","?","$","M","E","M","?","M","BOSS","R","M","M","?","M","?","T","R","M","R","?","M","R","$","M","BOSS"],"items_purchased_type":["Card","Relic","Relic","Relic"],"build_version":"2020-12-22","purchased_purges":2,"victory":false,"max_hp_per_floor":[65,65,65,65,65,65,65,65,65,65,65,65,65,75,75,75,75,75,75,75,75,75,75,75,75,75,75,75,75,75,75,75,75,75,85,85,85,85,85,85,85,85,85,85,85,85,85,85,85,85,85,85],"relic_stats":{"SsserpentHead":350,"Strange Spoon":[6],"counters":[28,139],"Juzu Bracelet":2,"Cursed Key":1,"Question Card":10,"obtain_stats":[{"Pear":14,"downfall:HeartBlessingRed":35,"Oddly Smooth Stone":48,"downfall:HeartBlessingGreen":35,"Omamori":0,"Juzu Bracelet":7,"Guardian:PocketSentry":27,"Cursed Key":17,"Question Card":29,"sneckomod:SneckoTalon":34,"WarpedTongs":38,"SsserpentHead":9,"Strange Spoon":48,"downfall:HeartBlessingBlue":35,"Slimebound:AbsorbEndCombat":0},{"Pear":7,"downfall:HeartBlessingRed":20,"Oddly Smooth Stone":26,"downfall:HeartBlessingGreen":20,"Omamori":0,"Juzu Bracelet":4,"Guardian:PocketSentry":15,"Cursed Key":9,"Question Card":17,"sneckomod:SneckoTalon":20,"WarpedTongs":22,"SsserpentHead":4,"Strange Spoon":26,"downfall:HeartBlessingBlue":20,"Slimebound:AbsorbEndCombat":0},{"Pear":30,"downfall:HeartBlessingRed":101,"Oddly Smooth Stone":129,"downfall:HeartBlessingGreen":101,"Omamori":0,"Juzu Bracelet":13,"Guardian:PocketSentry":67,"Cursed Key":42,"Question Card":79,"sneckomod:SneckoTalon":101,"WarpedTongs":109,"SsserpentHead":13,"Strange Spoon":129,"downfall:HeartBlessingBlue":101,"Slimebound:AbsorbEndCombat":0}],"WarpedTongs":[30]},"card_choices":[{"not_picked":["Slimebound:SplitBruiser","Slimebound:Dissolve"],"picked":"Slimebound:PressTheAttack","floor":3.0},{"not_picked":["Slimebound:LeechingTouch","Slimebound:ComboTackle"],"picked":"Slimebound:LivingWall","floor":4.0},{"not_picked":["Slimebound:Dissolve","Slimebound:FinishingTackle"],"picked":"Slimebound:SplitSpecialist","floor":5.0},{"not_picked":["Slimebound:HungryTackle","Slimebound:GoopTackle","Slimebound:SamplingLick"],"picked":"SKIP","floor":6.0},{"not_picked":["Slimebound:MegaLick","Slimebound:LeechingTouch"],"picked":"Slimebound:LivingWall","floor":11.0},{"not_picked":["Slimebound:PressTheAttack","Slimebound:SplitBruiser"],"picked":"Slimebound:Darklings","floor":12.0},{"not_picked":["Slimebound:Recollect","Slimebound:TongueLash"],"picked":"Slimebound:SpikyOuterGoop","floor":14.0},{"not_picked":["Slimebound:ItLooksTasty","Slimebound:SlimeSpikes"],"picked":"Slimebound:GoopSpray","floor":15.0},{"not_picked":["Slimebound:LeechLife","Slimebound:WasteNot"],"picked":"Slimebound:OozeBath","floor":16.0},{"not_picked":["Slimebound:GoopTackle","Slimebound:Repurpose"],"picked":"Slimebound:LivingWall","floor":19.0},{"not_picked":["Slimebound:FinishingTackle","Slimebound:FormOfPuddle","Slimebound:LeechEnergy"],"picked":"SKIP","floor":20.0},{"not_picked":["Slimebound:SlimeTap","Slimebound:LeadByExample","Slimebound:LeechingTouch"],"picked":"SKIP","floor":21.0},{"not_picked":["Slimebound:SlimeSlap","Slimebound:PressTheAttack"],"picked":"Slimebound:SlimeSpikes+1","floor":22.0},{"not_picked":["Slimebound:RollThrough","Slimebound:Repurpose","Slimebound:Nibble+1"],"picked":"SKIP","floor":25.0},{"not_picked":["Slimebound:Nibble","Slimebound:Repurpose","Slimebound:SplitMire"],"picked":"SKIP","floor":27.0},{"not_picked":["Slimebound:LeechEnergy","Slimebound:Equalize","Slimebound:ForwardTackle"],"picked":"SKIP","floor":28.0},{"not_picked":["Slimebound:ComboTackle","Slimebound:ItLooksTasty"],"picked":"Slimebound:ForwardTackle+1","floor":29.0},{"not_picked":["Slimebound:LivingWall+1","Slimebound:ViciousTackle","Slimebound:Chomp+1","Slimebound:SplitMire"],"picked":"SKIP","floor":30.0},{"not_picked":["Slimebound:LivingWall+1","Slimebound:ViciousTackle","Slimebound:Chomp+1","Slimebound:SplitMire"],"picked":"SKIP","floor":30.0},{"not_picked":["Slimebound:SpikyOuterGoop","Slimebound:Repurpose","Slimebound:LeechingTouch"],"picked":"Slimebound:LeechLife","floor":32.0},{"not_picked":["Slimebound:Recycling","Slimebound:SelfFormingGoo","Slimebound:LeechLife"],"picked":"Slimebound:DuplicatedForm","floor":33.0},{"not_picked":["Slimebound:ViciousTackle","Slimebound:LeechEnergy","Slimebound:ComboTackle+1"],"picked":"Slimebound:GoopSpray","floor":36.0},{"not_picked":["Slimebound:GoopTackle+1","Slimebound:ItLooksTasty","Slimebound:SplitAcid+1"],"picked":"Slimebound:Gluttony+1","floor":37.0},{"not_picked":["Slimebound:GoopSpray","Slimebound:GoopTackle+1","Slimebound:RollThrough+1","Slimebound:Replication+1"],"picked":"SKIP","floor":39.0},{"not_picked":["Slimebound:RollThrough+1","Slimebound:BestDefense+1","Slimebound:GoopSpray","Slimebound:SamplingLick"],"picked":"SKIP","floor":43.0},{"not_picked":["Slimebound:GoopSpray","Slimebound:Grow+1","Slimebound:MassFeed","Slimebound:LeechingTouch+1"],"picked":"SKIP","floor":46},{"not_picked":["Slimebound:Repurpose+1","Slimebound:Prepare","Slimebound:SplitMire+1"],"picked":"Slimebound:SpikyOuterGoop+1","floor":48},{"not_picked":["Slimebound:PressTheAttack","Slimebound:SplitMire","Slimebound:LeechEnergy"],"picked":"Slimebound:GoopSpray+1","floor":49}],"player_experience":498000,"relics_obtained":[{"floor":7.0,"key":"Juzu Bracelet"},{"floor":14.0,"key":"Pear"},{"floor":29.0,"key":"Question Card"}],"event_choices":[{"damage_healed":0.0,"max_hp_gain":0.0,"max_hp_loss":0.0,"gold_gain":0.0,"event_name":"FaceTrader","player_choice":"Trade","floor":9.0,"gold_loss":0.0,"damage_taken":0.0,"relics_obtained":["SsserpentHead"]},{"damage_healed":0.0,"max_hp_gain":0.0,"max_hp_loss":0.0,"gold_gain":0.0,"event_name":"Accursed Blacksmith","player_choice":"Rummage","floor":38.0,"gold_loss":0.0,"damage_taken":0.0,"relics_obtained":["WarpedTongs"],"cards_obtained":["Pain"]}],"is_beta":false,"boss_relics":[{"not_picked":["Runic Pyramid","SacredBark"],"picked":"Cursed Key"},{"not_picked":["Coffee Dripper","Astrolabe"],"picked":"sneckomod:SneckoTalon"}],"items_purged_floors":[21,48],"is_endless":false,"potions_floor_spawned":[4,14,20,28,29,33,36,37,43],"killed_by":"IC_BLOCK_ARCHETYPE","ascension_level":0}}