{"host":"a3gu5zu37ht99mpa","time":1613591436,"event":{"mods":["100% Spire Juice","Act Like it!","Arknights","BaseMod","Better Silent Start","BetterRewards","ChefMod","Conspire","Downfall","Energized Spire","GifTheSpireLib","Gold Saver","Halation","Minty Spire (QoL Compilation)","Prisma Mod","Reliquary","Robot Space Explorer","StSLib","Stuff the Spire","The Alterego","The Animator","The Cursed","The Dragon Tamer","The Edgeheg","The Marked","The Servant 0.9.4","Virulent Crown","Wandering Minibosses","yUi"],"gold_per_floor":[89,21,21,21,21,55,55,89,140,152,169,169,183,183,183,183,183],"floor_reached":16,"language":"ENG","playtime":835,"items_purged":[],"score":133,"play_id":"00dfca09-0e1d-49f3-8687-bebd7123006f","local_time":"20210217145036","is_ascension_mode":false,"campfire_choices":[{"data":"1","floor":12,"key":"LIFT"},{"data":"2","floor":15,"key":"LIFT"}],"circlet_count":0,"master_deck":["theEdgeheg:StarterShootAttack","theEdgeheg:StarterShootAttack","theEdgeheg:StarterDodgeSkill","theEdgeheg:StarterDodgeSkill","theEdgeheg:StarterDodgeSkill","theEdgeheg:BloodyKatana","theEdgeheg:ChaosControlSkill","theEdgeheg:GatherChaos","theEdgeheg:DashKatana","theEdgeheg:CoolExplosion","theEdgeheg:Girlfriend","theEdgeheg:BadassArsenal+1","theEdgeheg:UseAndThrow","theEdgeheg:Disrobe","theEdgeheg:BetterShoot","theEdgeheg:Shotgun","theEdgeheg:ChaosEnergyKatana"],"relics":["theEdgeheg:UltimateLifeformRelic","theEdgeheg:GreenEmeraldRelic","Eternal Feather","FaceOfCleric","Girya","Oddly Smooth Stone"],"acts_visited":["Exordium"],"potions_floor_usage":[],"damage_taken":[{"damage":0,"enemies":"2 Louse","floor":1,"turns":4},{"damage":0,"enemies":"Gremlin Nob","floor":6,"turns":8},{"damage":2,"enemies":"3 Sentries","floor":8,"turns":10},{"damage":0,"enemies":"Jaw Worm","floor":10,"turns":5},{"damage":1,"enemies":"Small Slimes","floor":11,"turns":3},{"damage":0,"enemies":"Looter","floor":13,"turns":3},{"damage":5,"enemies":"Hexaghost","floor":16,"turns":4}],"seed_played":"1442889038167186442","potions_obtained":[{"floor":1,"key":"Fire Potion"},{"floor":10,"key":"Weak Potion"},{"floor":11,"key":"LiquidMemories"}],"is_trial":false,"path_per_floor":["M","$","?","?","?","E","?","E","T","M","M","R","M","?","R","B"],"character_chosen":"THE_DEFAULT","items_purchased":["theEdgeheg:BadassArsenal"],"campfire_rested":0,"item_purchase_floors":[2],"current_hp_per_floor":[4,4,4,4,5,6,6,6,6,8,9,9,10,9,10,5,5],"gold":183,"neow_bonus":"TRANSFORM_TWO_CARDS","is_daily":false,"chose_seed":false,"campfire_upgraded":0,"win_rate":0.0,"timestamp":1613591436,"path_taken":["M","$","?","?","?","E","?","E","T","?","M","R","M","?","R","BOSS"],"items_purchased_type":["Card"],"build_version":"2020-12-22","purchased_purges":0,"victory":false,"max_hp_per_floor":[5,5,5,5,6,6,6,7,7,8,9,9,10,10,10,10,10],"card_choices":[{"not_picked":["theEdgeheg:SelfHarmIsNotCool","theEdgeheg:HappiestTimmy"],"picked":"theEdgeheg:Girlfriend","floor":1},{"not_picked":["theEdgeheg:DrawGun","theEdgeheg:BloodyKatana"],"picked":"theEdgeheg:UseAndThrow","floor":6},{"not_picked":["theEdgeheg:BloodyKatana","theEdgeheg:Heh"],"picked":"theEdgeheg:Disrobe","floor":8},{"not_picked":["theEdgeheg:Fastness","theEdgeheg:RollAndShoot"],"picked":"theEdgeheg:BetterShoot","floor":10},{"not_picked":["theEdgeheg:Heh","theEdgeheg:Butt"],"picked":"theEdgeheg:Shotgun","floor":11},{"not_picked":["theEdgeheg:TimmyBackflip","theEdgeheg:Birthday"],"picked":"theEdgeheg:ChaosEnergyKatana","floor":13}],"player_experience":116388,"relics_obtained":[{"floor":6,"key":"Eternal Feather"},{"floor":8,"key":"Girya"},{"floor":9,"key":"Oddly Smooth Stone"}],"event_choices":[{"damage_healed":0,"gold_gain":0,"player_choice":"Leave","damage_taken":0,"max_hp_gain":0,"max_hp_loss":0,"event_name":"conspire:Investor","floor":3,"gold_loss":0},{"damage_healed":0,"gold_gain":0,"player_choice":"Grow","damage_taken":0,"max_hp_gain":0,"max_hp_loss":0,"event_name":"Living Wall","floor":4,"gold_loss":0,"cards_upgraded":["theEdgeheg:BadassArsenal"]},{"damage_healed":0,"gold_gain":0,"player_choice":"Trade","damage_taken":0,"relics_obtained":["FaceOfCleric"],"max_hp_gain":0,"max_hp_loss":0,"event_name":"FaceTrader","floor":7,"gold_loss":0},{"damage_healed":0,"gold_gain":0,"player_choice":"Damaged","damage_taken":1,"max_hp_gain":0,"max_hp_loss":0,"event_name":"Wheel of Change","floor":14,"gold_loss":0}],"is_beta":false,"boss_relics":[],"items_purged_floors":[],"is_endless":false,"potions_floor_spawned":[1,10,11,13],"killed_by":"Hexaghost","ascension_level":0}}