{"host":"f76wcztdlwlduum6","time":1613548693,"event":{"mods":["BaseMod","BetterRewards","Colored Powertips","Minty Spire (QoL Compilation)","Quick Restart","Rare Cards Sparkle","Relic Stats","StSLib","SuperFastMode","everything is the same but u backflip on backflip"],"gold_per_floor":[115,27,27,46,21,50,68,96,96,96,128,143,143,143,143,220,220,231,231,245,265,292,292,324,324,333,370,106,106,125,154,154,241,291,303,303,143,152,152,152,178,178,187,215,47,58,27,63,63,63,63,63,63,63,97,97],"floor_reached":57,"language":"ENG","playtime":3059,"items_purged":["Endless Agony","Night Terror","Expertise"],"score":3520,"play_id":"b9ed8718-25ea-4604-907a-d6bf93eda584","local_time":"20210217015813","is_ascension_mode":true,"campfire_choices":[{"data":"1","floor":13,"key":"LIFT"},{"data":"2","floor":15,"key":"LIFT"},{"data":"3","floor":23,"key":"LIFT"},{"data":"Footwork","floor":25,"key":"SMITH"},{"data":"Neutralize","floor":32,"key":"SMITH"},{"data":"Burst","floor":40,"key":"SMITH"},{"data":"Noxious Fumes","floor":42,"key":"SMITH"},{"floor":49,"key":"RECALL"},{"data":"A Thousand Cuts","floor":53,"key":"SMITH"}],"circlet_count":0,"master_deck":["AscendersBane","Survivor","Neutralize+1","Caltrops","After Image+1","Caltrops","Footwork+1","Dagger Throw","Footwork+1","Noxious Fumes+1","Leg Sweep+1","Backflip","Noxious Fumes","Backflip","After Image+1","After Image","After Image+1","Burst+1","Injury","Doubt","Noxious Fumes","A Thousand Cuts+1","Poisoned Stab"],"relics":["Pandora\u0027s Box","Mercury Hourglass","Matryoshka","Tough Bandages","Oddly Smooth Stone","Thread and Needle","Mango","Blue Candle","Regal Pillow","Girya","Cursed Key","Bronze Scales","CeramicFish","Singing Bowl","Medical Kit","HornCleat","DollysMirror","Mummified Hand","The Specimen","Tiny House","Bag of Preparation","Lee\u0027s Waffle","Sundial","Akabeko","Meat on the Bone","Strawberry","Omamori","Darkstone Periapt","Centennial Puzzle","Kunai"],"acts_visited":["Exordium","TheCity","TheBeyond","TheEnding"],"potions_floor_usage":[6,12,16,16,21,33,33,33,33,48,48],"damage_taken":[{"damage":10,"enemies":"Small Slimes","floor":1,"turns":5},{"damage":7,"enemies":"Jaw Worm","floor":4,"turns":4},{"damage":32,"enemies":"3 Sentries","floor":6,"turns":6},{"damage":0,"enemies":"Cultist","floor":7,"turns":5},{"damage":1,"enemies":"Gremlin Nob","floor":8,"turns":5},{"damage":0,"enemies":"Lagavulin","floor":11,"turns":8},{"damage":4,"enemies":"Large Slime","floor":12,"turns":7},{"damage":0,"enemies":"Slime Boss","floor":16,"turns":11},{"damage":0,"enemies":"Shell Parasite","floor":18,"turns":6},{"damage":10,"enemies":"3 Byrds","floor":20,"turns":3},{"damage":1,"enemies":"Snecko","floor":21,"turns":8},{"damage":6,"enemies":"Gremlin Leader","floor":24,"turns":7},{"damage":0,"enemies":"Slavers","floor":27,"turns":5},{"damage":0,"enemies":"Chosen and Byrds","floor":30,"turns":6},{"damage":0,"enemies":"Book of Stabbing","floor":31,"turns":4},{"damage":0,"enemies":"Collector","floor":33,"turns":8},{"damage":0,"enemies":"Orb Walker","floor":35,"turns":4},{"damage":10,"enemies":"Nemesis","floor":41,"turns":9},{"damage":3,"enemies":"Giant Head","floor":44,"turns":4},{"damage":2,"enemies":"3 Shapes","floor":46,"turns":5},{"damage":2,"enemies":"Reptomancer","floor":48,"turns":5},{"damage":24,"enemies":"Time Eater","floor":50,"turns":13},{"damage":3,"enemies":"Donu and Deca","floor":51,"turns":10},{"damage":21,"enemies":"Shield and Spear","floor":55,"turns":4},{"damage":43,"enemies":"The Heart","floor":56,"turns":8}],"seed_played":"8522723502262401513","potions_obtained":[{"floor":4,"key":"ColorlessPotion"},{"floor":6,"key":"Block Potion"},{"floor":8,"key":"Poison Potion"},{"floor":11,"key":"DuplicationPotion"},{"floor":12,"key":"Block Potion"},{"floor":20,"key":"Explosive Potion"},{"floor":24,"key":"EntropicBrew"},{"floor":30,"key":"EntropicBrew"},{"floor":34,"key":"Block Potion"},{"floor":41,"key":"AttackPotion"}],"is_trial":false,"path_per_floor":["M","$","?","M","$","E","M","E","T","T","E","M","R","?","R","B",null,"M","?","M","M","T","R","E","R","T","E","$","?","M","E","R","B",null,"M","?","$","T","?","R","E","R","T","E","$","M","$","E","R","B","B",null,"R","$","E","B",null],"character_chosen":"THE_SILENT","items_purchased":["Noxious Fumes","Leg Sweep","Mercury Hourglass","Matryoshka","Noxious Fumes","Mummified Hand","Lee\u0027s Waffle","Omamori","Noxious Fumes"],"campfire_rested":0,"item_purchase_floors":[0,0,0,0,2,28,37,45,47],"current_hp_per_floor":[49,49,42,35,35,3,3,22,36,36,36,32,32,8,8,8,62,62,62,52,51,51,51,45,45,45,47,47,47,49,51,51,51,84,86,86,102,102,97,97,89,89,89,95,95,95,95,93,93,69,66,99,99,99,78,47],"gold":97,"neow_bonus":"","is_daily":false,"chose_seed":false,"campfire_upgraded":5,"win_rate":0.0,"timestamp":1613548693,"path_taken":["M","$","?","M","$","E","M","E","T","?","E","?","R","?","R","BOSS","M","?","M","?","?","R","E","R","T","E","$","?","M","E","R","BOSS","M","?","$","?","?","R","E","R","T","E","$","M","$","E","R","BOSS","BOSS","R","$","E","BOSS"],"items_purchased_type":["Card","Card","Relic","Relic","Card","Relic","Relic","Relic","Card"],"build_version":"2020-12-22","purchased_purges":3,"victory":true,"max_hp_per_floor":[66,66,66,66,66,66,66,66,80,80,80,80,80,80,80,80,80,80,80,80,80,80,80,80,80,80,82,82,82,84,86,86,86,93,95,95,102,102,97,97,99,99,99,108,108,110,110,110,110,110,110,110,110,110,110,110],"relic_stats":{"Darkstone Periapt":0,"Regal Pillow":0,"Lee\u0027s Waffle":16,"Singing Bowl":16,"counters":[159,746],"Blue Candle":[19],"CeramicFish":72,"Bag of Preparation":[16],"Cursed Key":4,"Medical Kit":[65],"Mercury Hourglass":[598],"Tough Bandages":[261],"Centennial Puzzle":[3],"Mummified Hand":[118],"Sundial":[204],"Bronze Scales":[398],"Pandora\u0027s Box":["Underhanded Strike","Catalyst","Slice","Prepared","All Out Attack","Poisoned Stab","Blade Dance","Leg Sweep","Acrobatics","Corpse Explosion"],"Kunai":[0],"obtain_stats":[{"TwistedFunnel":0,"Whetstone":24,"Ginger":3,"Bottled Tornado":12,"Boot":39,"Old Coin":36,"Blood Vial":53,"Sundial":26,"MealTicket":14,"Fusion Hammer":34,"Necronomicon":20,"Kunai":30,"Blue Candle":55,"Tingsha":1,"Pen Nib":39,"Paper Crane":37,"Akabeko":41,"Cables":36,"SlaversCollar":34,"Bird Faced Urn":39,"Snecko Eye":2,"Pandora\u0027s Box":0,"StrikeDummy":39,"Lantern":0,"Regal Pillow":6,"Torii":39,"Singing Bowl":43,"StoneCalendar":39,"Bag of Preparation":0,"Ancient Tea Set":42,"Smiling Mask":48,"Cursed Key":17,"Shovel":39,"Matryoshka":0,"Chemical X":0,"InkBottle":22,"Ring of the Snake":1,"Potion Belt":13,"Lee\u0027s Waffle":0,"Inserter":0,"The Specimen":31,"Thread and Needle":48,"PreservedInsect":23,"The Courier":38,"Omamori":3,"Frozen Egg 2":7,"MawBank":13,"Nuclear Battery":34,"Ornamental Fan":40,"Toy Ornithopter":54,"Ice Cream":44,"Calipers":4,"Tiny House":34,"CeramicFish":39,"Vajra":43,"Runic Capacitor":7,"Centennial Puzzle":55,"HornCleat":46,"DollysMirror":0,"Strawberry":53,"Philosopher\u0027s Stone":34,"Prayer Wheel":0,"Toxic Egg 2":0,"Girya":11,"Happy Flower":39,"Oddly Smooth Stone":13,"Letter Opener":28,"War Paint":3,"Question Card":40,"Du-Vu Doll":25,"OrangePellets":0,"Bottled Flame":6,"Shuriken":46,"Bronze Scales":43,"Molten Egg 2":0,"Symbiotic Virus":0,"Pocketwatch":39,"Meat on the Bone":45,"Darkstone Periapt":48,"Mango":9,"Snake Skull":2,"Juzu Bracelet":0,"Incense Burner":22,"TeardropLocket":0,"Empty Cage":17,"ClockworkSouvenir":0,"Nunchaku":39,"Dream Catcher":10,"Tough Bandages":0,"Mummified Hand":42,"Pantograph":26,"Tiny Chest":2,"Red Mask":19,"Cracked Core":3,"Odd Mushroom":11,"Orichalcum":42,"Medical Kit":39,"White Beast Statue":26,"Mercury Hourglass":0,"Anchor":6,"DataDisk":25,"Bag of Marbles":47,"Coffee Dripper":17,"Membership Card":0,"PureWater":0,"FossilizedHelix":39,"TungstenRod":0},{"TwistedFunnel":86,"Whetstone":69,"Ginger":88,"Bottled Tornado":4,"Boot":16,"Old Coin":133,"Blood Vial":23,"Sundial":12,"MealTicket":34,"Fusion Hammer":73,"Necronomicon":8,"Kunai":13,"Blue Candle":114,"Tingsha":87,"Pen Nib":16,"Paper Crane":133,"Akabeko":108,"Cables":46,"SlaversCollar":131,"Bird Faced Urn":16,"Snecko Eye":116,"Pandora\u0027s Box":115,"StrikeDummy":16,"Lantern":0,"Regal Pillow":91,"Torii":16,"Singing Bowl":77,"StoneCalendar":16,"Bag of Preparation":0,"Ancient Tea Set":19,"Smiling Mask":53,"Cursed Key":142,"Shovel":16,"Matryoshka":25,"Chemical X":57,"InkBottle":9,"Ring of the Snake":87,"Potion Belt":5,"Lee\u0027s Waffle":25,"Inserter":25,"The Specimen":149,"Thread and Needle":111,"PreservedInsect":10,"The Courier":16,"Omamori":1,"Frozen Egg 2":119,"MawBank":93,"Nuclear Battery":45,"Ornamental Fan":76,"Toy Ornithopter":24,"Ice Cream":20,"Calipers":2,"Tiny House":150,"CeramicFish":16,"Vajra":49,"Runic Capacitor":60,"Centennial Puzzle":158,"HornCleat":109,"DollysMirror":25,"Strawberry":23,"Philosopher\u0027s Stone":14,"Prayer Wheel":86,"Toxic Egg 2":0,"Girya":140,"Happy Flower":16,"Oddly Smooth Stone":33,"Letter Opener":41,"War Paint":58,"Question Card":17,"Du-Vu Doll":12,"OrangePellets":0,"Bottled Flame":30,"Shuriken":21,"Bronze Scales":19,"Molten Egg 2":0,"Symbiotic Virus":57,"Pocketwatch":16,"Meat on the Bone":51,"Darkstone Periapt":155,"Mango":139,"Snake Skull":116,"Juzu Bracelet":0,"Incense Burner":9,"TeardropLocket":0,"Empty Cage":6,"ClockworkSouvenir":25,"Nunchaku":16,"Dream Catcher":61,"Tough Bandages":86,"Mummified Hand":19,"Pantograph":41,"Tiny Chest":26,"Red Mask":8,"Cracked Core":58,"Odd Mushroom":4,"Orichalcum":49,"Medical Kit":16,"White Beast Statue":126,"Mercury Hourglass":25,"Anchor":3,"DataDisk":41,"Bag of Marbles":53,"Coffee Dripper":95,"Membership Card":0,"PureWater":0,"FossilizedHelix":16,"TungstenRod":25},{"TwistedFunnel":440,"Whetstone":403,"Ginger":444,"Bottled Tornado":17,"Boot":54,"Old Coin":584,"Blood Vial":79,"Sundial":38,"MealTicket":175,"Fusion Hammer":411,"Necronomicon":29,"Kunai":42,"Blue Candle":490,"Tingsha":442,"Pen Nib":54,"Paper Crane":584,"Akabeko":479,"Cables":260,"SlaversCollar":572,"Bird Faced Urn":54,"Snecko Eye":496,"Pandora\u0027s Box":494,"StrikeDummy":54,"Lantern":0,"Regal Pillow":451,"Torii":54,"Singing Bowl":416,"StoneCalendar":54,"Bag of Preparation":0,"Ancient Tea Set":65,"Smiling Mask":304,"Cursed Key":637,"Shovel":54,"Matryoshka":89,"Chemical X":364,"InkBottle":31,"Ring of the Snake":442,"Potion Belt":20,"Lee\u0027s Waffle":89,"Inserter":89,"The Specimen":676,"Thread and Needle":483,"PreservedInsect":33,"The Courier":54,"Omamori":6,"Frozen Egg 2":503,"MawBank":456,"Nuclear Battery":255,"Ornamental Fan":415,"Toy Ornithopter":83,"Ice Cream":66,"Calipers":8,"Tiny House":684,"CeramicFish":54,"Vajra":275,"Runic Capacitor":372,"Centennial Puzzle":738,"HornCleat":480,"DollysMirror":89,"Strawberry":79,"Philosopher\u0027s Stone":46,"Prayer Wheel":440,"Toxic Egg 2":0,"Girya":619,"Happy Flower":54,"Oddly Smooth Stone":168,"Letter Opener":232,"War Paint":368,"Question Card":59,"Du-Vu Doll":38,"OrangePellets":0,"Bottled Flame":144,"Shuriken":72,"Bronze Scales":65,"Molten Egg 2":0,"Symbiotic Virus":364,"Pocketwatch":54,"Meat on the Bone":292,"Darkstone Periapt":711,"Mango":611,"Snake Skull":496,"Juzu Bracelet":0,"Incense Burner":31,"TeardropLocket":0,"Empty Cage":23,"ClockworkSouvenir":89,"Nunchaku":54,"Dream Catcher":378,"Tough Bandages":440,"Mummified Hand":65,"Pantograph":232,"Tiny Chest":93,"Red Mask":29,"Cracked Core":368,"Odd Mushroom":17,"Orichalcum":275,"Medical Kit":54,"White Beast Statue":541,"Mercury Hourglass":89,"Anchor":14,"DataDisk":232,"Bag of Marbles":304,"Coffee Dripper":460,"Membership Card":0,"PureWater":0,"FossilizedHelix":54,"TungstenRod":89}],"Meat on the Bone":12},"card_choices":[{"not_picked":["Dagger Throw","Poisoned Stab"],"picked":"Backflip","floor":1},{"not_picked":["Bane","Dagger Spray","Unload"],"picked":"SKIP","floor":4},{"not_picked":["Dodge and Roll","PiercingWail"],"picked":"Backflip","floor":6},{"not_picked":["Bane","Dagger Throw","Poisoned Stab"],"picked":"SKIP","floor":7},{"not_picked":["Acrobatics","Flechettes","Quick Slash"],"picked":"SKIP","floor":8},{"not_picked":["Underhanded Strike","Acrobatics","Cloak And Dagger"],"picked":"SKIP","floor":11},{"not_picked":["Flying Knee","Acrobatics","Unload"],"picked":"SKIP","floor":12},{"not_picked":["Phantasmal Killer","Wraith Form v2"],"picked":"After Image","floor":16},{"not_picked":["Underhanded Strike","Setup","Deadly Poison"],"picked":"SKIP","floor":18},{"not_picked":["Outmaneuver","Distraction","Catalyst"],"picked":"SKIP","floor":20},{"not_picked":["Dagger Spray","Finisher","Backflip"],"picked":"SKIP","floor":21},{"not_picked":["Quick Slash","Prepared","Bane"],"picked":"SKIP","floor":24},{"not_picked":["Envenom","Deflect","Backstab"],"picked":"Singing Bowl","floor":27},{"not_picked":["Acrobatics","Flying Knee","Infinite Blades"],"picked":"Singing Bowl","floor":30},{"not_picked":["Outmaneuver+1","Backflip","Sucker Punch"],"picked":"Singing Bowl","floor":31},{"not_picked":["Storm of Steel","Wraith Form v2"],"picked":"Burst","floor":33},{"not_picked":["Masterful Stab","Underhanded Strike+1","Flying Knee"],"picked":"Singing Bowl","floor":34},{"not_picked":["Quick Slash","PiercingWail","Poisoned Stab"],"picked":"Singing Bowl","floor":35},{"not_picked":["Bane","Poisoned Stab+1","Leg Sweep"],"picked":"Singing Bowl","floor":41},{"not_picked":["Deadly Poison","Cloak And Dagger","Phantasmal Killer"],"picked":"Singing Bowl","floor":44},{"not_picked":["Deflect+1","Catalyst+1","Acrobatics"],"picked":"Singing Bowl","floor":46},{"not_picked":["Deflect+1","Cloak And Dagger+1"],"picked":"A Thousand Cuts","floor":48},{"not_picked":["Venomology","Heel Hook"],"picked":"Poisoned Stab","floor":55}],"player_experience":350464,"relics_obtained":[{"floor":6,"key":"Tough Bandages"},{"floor":8,"key":"Thread and Needle"},{"floor":9,"key":"Mango"},{"floor":9,"key":"Blue Candle"},{"floor":10,"key":"Regal Pillow"},{"floor":11,"key":"Girya"},{"floor":22,"key":"Bronze Scales"},{"floor":24,"key":"CeramicFish"},{"floor":26,"key":"Singing Bowl"},{"floor":27,"key":"HornCleat"},{"floor":31,"key":"The Specimen"},{"floor":38,"key":"Sundial"},{"floor":41,"key":"Akabeko"},{"floor":43,"key":"Meat on the Bone"},{"floor":44,"key":"Strawberry"},{"floor":48,"key":"Darkstone Periapt"},{"floor":55,"key":"Centennial Puzzle"}],"event_choices":[{"cards_removed":["Prepared"],"damage_healed":0,"gold_gain":0,"player_choice":"Card Removal","damage_taken":7,"max_hp_gain":0,"max_hp_loss":0,"event_name":"Golden Wing","floor":3,"gold_loss":0},{"damage_healed":0,"gold_gain":0,"player_choice":"Entered Light","damage_taken":24,"max_hp_gain":0,"max_hp_loss":0,"event_name":"Shining Light","floor":14,"gold_loss":0,"cards_upgraded":["After Image","Footwork"]},{"damage_healed":0,"gold_gain":0,"player_choice":"Cursed","damage_taken":0,"max_hp_gain":0,"max_hp_loss":0,"event_name":"Wheel of Change","floor":19,"gold_loss":0,"cards_obtained":["Decay"]},{"damage_healed":0,"gold_gain":0,"player_choice":"Ignored","damage_taken":0,"max_hp_gain":0,"max_hp_loss":0,"event_name":"Ghosts","floor":29,"gold_loss":0},{"damage_healed":0,"gold_gain":0,"player_choice":"Gave Potion","damage_taken":0,"relics_obtained":["Bag of Preparation"],"max_hp_gain":0,"max_hp_loss":0,"event_name":"WeMeetAgain","floor":36,"gold_loss":0},{"damage_healed":0,"gold_gain":0,"player_choice":"Max HP","damage_taken":0,"max_hp_gain":0,"max_hp_loss":5,"event_name":"Winding Halls","floor":39,"gold_loss":0}],"is_beta":false,"boss_relics":[{"not_picked":["Coffee Dripper","Black Star"],"picked":"Cursed Key"},{"not_picked":["Pandora\u0027s Box","Astrolabe"],"picked":"Tiny House"}],"items_purged_floors":[0,2,5],"is_endless":false,"potions_floor_spawned":[4,6,8,11,12,20,24,30,41,46],"ascension_level":20}}