{"host":"2se5dq1do2gp0x9k","time":1613536740,"event":{"mods":["AchievementEnabler","BaseMod","Block Reminder","Colored Map","Colored Powertips","Minty Spire (QoL Compilation)","Relic Stats","StSLib","SuperFastMode"],"gold_per_floor":[114,126,46,61,61,93,113,143,143,143,218,247,261,277,277,351,351,364,364,377,90,106,106,106,106],"floor_reached":24,"language":"ENG","playtime":983,"items_purged":["Strike_P"],"score":462,"play_id":"2e3bf7b2-de85-4af8-b5c2-c981cd25f97b","local_time":"20210216203900","is_ascension_mode":true,"campfire_choices":[{"floor":10,"key":"REST"},{"floor":15,"key":"REST"},{"data":"CrushJoints","floor":23,"key":"SMITH"}],"circlet_count":0,"master_deck":["AscendersBane","Strike_P","Strike_P","Strike_P","Defend_P","Defend_P","Eruption","Vigilance","FearNoEvil","Collect","FlurryOfBlows","Consecrate","MentalFortress+1","Tantrum","WaveOfTheHand","ThirdEye","CutThroughFate","InnerPeace+1","Scrawl+1","ThirdEye+1","DeusExMachina+1","CrushJoints+1","FlurryOfBlows","DevaForm","Wallop+1"],"relics":["PureWater","Strawberry","Akabeko","Letter Opener","Toxic Egg 2","SlaversCollar","Membership Card"],"acts_visited":["Exordium","TheCity"],"potions_floor_usage":[8,16,24],"damage_taken":[{"damage":1,"enemies":"Cultist","floor":1,"turns":3},{"damage":7,"enemies":"Jaw Worm","floor":2,"turns":4},{"damage":0,"enemies":"Small Slimes","floor":4,"turns":3},{"damage":28,"enemies":"Gremlin Nob","floor":6,"turns":4},{"damage":22,"enemies":"Looter","floor":7,"turns":3},{"damage":17,"enemies":"Lagavulin","floor":8,"turns":8},{"damage":0,"enemies":"Gremlin Nob","floor":12,"turns":2},{"damage":10,"enemies":"Exordium Wildlife","floor":13,"turns":3},{"damage":3,"enemies":"Blue Slaver","floor":14,"turns":2},{"damage":25,"enemies":"The Guardian","floor":16,"turns":13},{"damage":11,"enemies":"2 Thieves","floor":18,"turns":4},{"damage":7,"enemies":"3 Byrds","floor":20,"turns":3},{"damage":17,"enemies":"Centurion and Healer","floor":22,"turns":5},{"damage":20,"enemies":"Book of Stabbing","floor":24,"turns":4}],"seed_played":"6295516937277630267","potions_obtained":[{"floor":1,"key":"SteroidPotion"},{"floor":7,"key":"FairyPotion"},{"floor":13,"key":"Ambrosia"},{"floor":14,"key":"SpeedPotion"},{"floor":20,"key":"Block Potion"}],"is_trial":false,"path_per_floor":["M","M","$","M","$","E","M","E","T","R","?","E","M","M","R","B",null,"M","?","M","$","M","R","E"],"character_chosen":"WATCHER","items_purchased":["MentalFortress","Membership Card","DevaForm"],"campfire_rested":2,"item_purchase_floors":[3,21,21],"current_hp_per_floor":[60,53,53,53,53,32,10,13,13,33,22,22,12,9,29,4,53,42,42,35,35,18,18,0,0],"gold":106,"neow_bonus":"TRANSFORM_TWO_CARDS","is_daily":false,"chose_seed":false,"campfire_upgraded":1,"win_rate":0.0,"timestamp":1613536740,"path_taken":["M","M","$","M","$","E","M","E","T","R","?","E","M","M","R","BOSS","M","?","?","$","M","R","E"],"items_purchased_type":["Card","Relic","Card"],"build_version":"2020-12-22","purchased_purges":1,"victory":false,"max_hp_per_floor":[62,62,62,62,62,69,69,69,69,69,69,69,69,69,69,69,69,69,69,69,69,69,69,69,69],"relic_stats":{"counters":[14,61],"Letter Opener":[125],"obtain_stats":[{"SlaversCollar":17,"Strawberry":6,"Letter Opener":9,"Membership Card":21,"PureWater":0,"Toxic Egg 2":12,"Akabeko":8},{"SlaversCollar":10,"Strawberry":4,"Letter Opener":6,"Membership Card":12,"PureWater":0,"Toxic Egg 2":7,"Akabeko":6},{"SlaversCollar":45,"Strawberry":14,"Letter Opener":25,"Membership Card":52,"PureWater":0,"Toxic Egg 2":27,"Akabeko":25}]},"card_choices":[{"not_picked":["Indignation","CrushJoints"],"picked":"FlurryOfBlows","floor":1},{"not_picked":["WindmillStrike","EmptyBody"],"picked":"Consecrate","floor":2},{"not_picked":["Consecrate","CutThroughFate"],"picked":"Tantrum","floor":4},{"not_picked":["Consecrate","ClearTheMind"],"picked":"WaveOfTheHand","floor":6},{"not_picked":["Protect","JustLucky"],"picked":"ThirdEye","floor":7},{"not_picked":["Sanctity","JustLucky"],"picked":"CutThroughFate","floor":8},{"not_picked":["Prostrate+1","FearNoEvil"],"picked":"InnerPeace+1","floor":12},{"not_picked":["Fasting2","Swivel+1"],"picked":"Scrawl+1","floor":13},{"not_picked":["EmptyFist","WindmillStrike"],"picked":"ThirdEye+1","floor":14},{"not_picked":["ConjureBlade+1","Scrawl+1"],"picked":"DeusExMachina+1","floor":16},{"not_picked":["EmptyFist","PathToVictory+1"],"picked":"CrushJoints","floor":18},{"not_picked":["CutThroughFate","FlyingSleeves"],"picked":"FlurryOfBlows","floor":20},{"not_picked":["PathToVictory+1","SashWhip"],"picked":"Wallop+1","floor":22}],"player_experience":4074349,"relics_obtained":[{"floor":6,"key":"Strawberry"},{"floor":8,"key":"Akabeko"},{"floor":9,"key":"Letter Opener"},{"floor":12,"key":"Toxic Egg 2"}],"event_choices":[{"damage_healed":0,"gold_gain":75,"player_choice":"Gather Gold","damage_taken":11,"max_hp_gain":0,"max_hp_loss":0,"event_name":"World of Goop","floor":11,"gold_loss":0},{"damage_healed":0,"gold_gain":0,"player_choice":"Upgraded","damage_taken":0,"max_hp_gain":0,"max_hp_loss":0,"event_name":"Upgrade Shrine","floor":19,"gold_loss":0,"cards_upgraded":["MentalFortress"]}],"is_beta":false,"boss_relics":[{"not_picked":["Runic Dome","Black Star"],"picked":"SlaversCollar"}],"items_purged_floors":[21],"is_endless":false,"potions_floor_spawned":[1,7,13,14,20],"killed_by":"Book of Stabbing","ascension_level":18}}