{"host":"wx4fbt0i1pdm7dsn","time":1613540355,"event":{"mods":["Act Like it!","BaseMod","Downfall","Gensokyo","Koishi","Marisa£®ÏF”Í°°ƒß¿Ì…≥£©","Minty Spire (QoL Compilation)","Pale of the Ancients","Reimu£®≤©¿ˆ¡È√Œ£©","Remilia£®¿Ÿ√◊¿Ú—«£©","Shop Mod","StSLib","The Servant 0.9.4","Yakumo Yukari mod","Youmu£®ªÍ∆«—˝√Œ£©","Yuyuko"],"gold_per_floor":[11,0,16,16,31,56,56,73,73,73,27,27,27,27,132,132,132,132],"floor_reached":18,"language":"ZHS","playtime":918,"items_purged":[],"score":232,"play_id":"43829484-21a2-49f5-8adc-2925bf5c0dd5","local_time":"20210217133915","is_ascension_mode":true,"campfire_choices":[{"data":"HellFireSword","floor":7,"key":"SMITH"},{"floor":10,"key":"REST"},{"data":"Gensokyo:CrescentMoonSlash","floor":15,"key":"SMITH"}],"circlet_count":0,"master_deck":["AscendersBane","Strike_YM","Strike_YM","Strike_YM","Strike_YM","Defend_YM","Defend_YM","Defend_YM","Defend_YM","SlashOfPresentWorld","HellFireSword","HellFireSword+1","LotusPostureSlash","HeavenlyHaloSlash","FourBirthsSword","SanzenSekai","Gensokyo:CrescentMoonSlash+1","ASingleThoughtAndInfiniteKalpas"],"relics":["HalfPhantom","Mango","Gensokyo:PortableGap","FencingExperience","Bottled Tornado","Gensokyo:Justice","Black Star"],"acts_visited":["Exordium","Gensokyo:Gensokyo"],"potions_floor_usage":[],"damage_taken":[{"damage":12,"enemies":"Gensokyo:3_Fairies","floor":1,"turns":6},{"damage":2,"enemies":"Gensokyo:Python","floor":3,"turns":4},{"damage":10,"enemies":"Gensokyo:2_Kodama","floor":5,"turns":5},{"damage":21,"enemies":"Gensokyo:Cirno","floor":6,"turns":7},{"damage":12,"enemies":"Gensokyo:VengefulSpirit","floor":8,"turns":4},{"damage":17,"enemies":"Gensokyo:Reimu","floor":16,"turns":6},{"damage":35,"enemies":"Gensokyo:CosmicMonolith","floor":18,"turns":6}],"seed_played":"49020877709413623","potions_obtained":[{"floor":1,"key":"ZuzhouPotion:ReiMu"},{"floor":16,"key":"Fire Potion"}],"is_trial":false,"path_per_floor":["M","?","M","?","M","E","R","M","T","R","$","?","?","R","B",null,"M"],"character_chosen":"YOUMU","items_purchased":["SanzenSekai"],"campfire_rested":1,"item_purchase_floors":[11],"current_hp_per_floor":[70,75,73,73,63,42,42,30,30,54,54,54,43,43,26,65,30,30],"gold":132,"neow_bonus":"ONE_RARE_RELIC","is_daily":false,"chose_seed":false,"campfire_upgraded":2,"win_rate":0.0,"timestamp":1613540355,"path_taken":["M","?","M","?","M","E","R","?","T","R","$","?","?","R","BOSS","M"],"items_purchased_type":["Card"],"build_version":"2020-12-22","purchased_purges":0,"victory":false,"max_hp_per_floor":[89,89,89,81,81,81,81,81,81,81,81,78,78,78,78,78,78,78],"card_choices":[{"not_picked":["CherryBlossomFlashing","SanzenSekai"],"picked":"HellFireSword","floor":1},{"not_picked":["SwordOfBindingDesires","PhosphoricSlash"],"picked":"HellFireSword","floor":3},{"not_picked":["ConstancyOfTheConventionalTruth","GreatEnlightenmentAppearingAndDisappearing"],"picked":"LotusPostureSlash","floor":5},{"not_picked":["PhosphoricSlash","ThreeKonsSevenHakus"],"picked":"HeavenlyHaloSlash","floor":6},{"not_picked":["ConstancyOfTheConventionalTruth","SpiderLilyBurial"],"picked":"FourBirthsSword","floor":8},{"not_picked":["DeadlyForm","AsuraSword"],"picked":"ASingleThoughtAndInfiniteKalpas","floor":16}],"player_experience":424375,"relics_obtained":[{"floor":6,"key":"FencingExperience"},{"floor":9,"key":"Bottled Tornado"}],"event_choices":[],"is_beta":false,"boss_relics":[{"not_picked":["SacredBark","Empty Cage"],"picked":"Black Star"}],"items_purged_floors":[],"is_endless":false,"potions_floor_spawned":[1,16],"killed_by":"Gensokyo:CosmicMonolith","ascension_level":10}}