{"host":"p7cjtxxrilhp4dw7","time":1613537302,"event":{"mods":["BaseMod","Block Reminder","Colored Map","Curses Come First","Downfall","Highlight Path","Minty Spire (QoL Compilation)","StSLib"],"gold_per_floor":[99,99,199,215,235,252,252,267,267,284,311,53,53,11,27,131,181,181,192,211,222,222,222,222,222,222,222,247,258,278,295,310,407,407,407,417,451,468,488,488,515,525,537,571,571,571,603,618,635,635],"floor_reached":51,"language":"ENG","playtime":6252,"items_purged":[],"score":847,"play_id":"c8c011b0-7090-4294-b643-a5728be59296","local_time":"20210216214822","is_ascension_mode":true,"campfire_choices":[{"data":"Guardian:TwinSlam","floor":1,"key":"SMITH"},{"data":"Guardian:StasisField","floor":13,"key":"SMITH"},{"data":"Discovery","floor":18,"key":"SMITH"},{"data":"1","floor":23,"key":"LIFT"},{"data":"2","floor":25,"key":"LIFT"},{"data":"3","floor":27,"key":"LIFT"},{"data":"Guardian:ConstructionForm","floor":35,"key":"SMITH"},{"data":"Guardian:FloatingOrbs","floor":40,"key":"SMITH"},{"floor":46,"key":"REST"}],"circlet_count":0,"master_deck":["Guardian:Strike_Guardian","Guardian:Strike_Guardian","Guardian:Strike_Guardian","Guardian:Strike_Guardian","Guardian:Defend_Guardian+1","Guardian:Defend_Guardian","Guardian:Defend_Guardian","Guardian:Defend_Guardian","Guardian:CurlUp","Guardian:TwinSlam+1","Guardian:SentryBeam","Guardian:ShieldCharger","Guardian:VentSteam","Parasite","Guardian:TemporalStrike","Guardian:ChargeCore+1","Guardian:StasisField+1","Discovery+1","Guardian:Recover","Guardian:PiercingHide+1","Guardian:ShieldSpikes","Guardian:TimeSifter","Guardian:PrimingBeam","Guardian:FierceBash","Guardian:MultiBeam+1","Guardian:ConstructionForm+1","Guardian:Suspension","Guardian:DonusPower+1","Guardian:GatlingBeam","Guardian:TimeCapacitor+1","Guardian:FloatingOrbs+1","Guardian:ShieldCharger","Guardian:BronzeOrb+1","Guardian:Gem_Synthetic","Guardian:DonusPower+1"],"relics":["Guardian:ModeShifter","Girya","Du-Vu Doll","Ancient Tea Set","PreservedInsect","Tiny House","Kunai","Sozu","War Paint","Guardian:BottledStasis","Anchor","StoneCalendar","Blood Vial"],"acts_visited":["Exordium","TheCity","TheBeyond"],"potions_floor_usage":[8,11,16,20,28,29,31,33,39],"damage_taken":[{"damage":0,"enemies":"2 Louse","floor":4,"turns":2},{"damage":0,"enemies":"Cultist","floor":5,"turns":3},{"damage":6,"enemies":"Jaw Worm","floor":6,"turns":4},{"damage":0,"enemies":"Large Slime","floor":8,"turns":5},{"damage":7,"enemies":"3 Louse","floor":10,"turns":3},{"damage":2,"enemies":"3 Sentries","floor":11,"turns":7},{"damage":0,"enemies":"downfall:FleeingMerchant","floor":12,"turns":4},{"damage":1,"enemies":"downfall:FleeingMerchant","floor":14,"turns":4},{"damage":6,"enemies":"Lots of Slimes","floor":15,"turns":4},{"damage":21,"enemies":"DF_ARCHETYPE_STREAMLINE","floor":16,"turns":12},{"damage":1,"enemies":"Chosen","floor":19,"turns":3},{"damage":5,"enemies":"Shell Parasite","floor":20,"turns":6},{"damage":12,"enemies":"Snecko","floor":21,"turns":7},{"damage":15,"enemies":"Book of Stabbing","floor":28,"turns":4},{"damage":3,"enemies":"Cultist and Chosen","floor":29,"turns":4},{"damage":1,"enemies":"Centurion and Healer","floor":30,"turns":9},{"damage":5,"enemies":"Snake Plant","floor":31,"turns":4},{"damage":27,"enemies":"3 Cultists","floor":32,"turns":6},{"damage":24,"enemies":"IC_MUSHROOM_ARCHETYPE","floor":33,"turns":9},{"damage":10,"enemies":"Orb Walker","floor":36,"turns":2},{"damage":5,"enemies":"downfall:FleeingMerchant","floor":37,"turns":4},{"damage":5,"enemies":"3 Darklings","floor":38,"turns":5},{"damage":0,"enemies":"Maw","floor":39,"turns":6},{"damage":6,"enemies":"Writhing Mass","floor":42,"turns":7},{"damage":4,"enemies":"Spire Growth","floor":43,"turns":4},{"damage":18,"enemies":"Reptomancer","floor":44,"turns":6},{"damage":12,"enemies":"Nemesis","floor":47,"turns":5},{"damage":0,"enemies":"Transient","floor":48,"turns":5},{"damage":9,"enemies":"4 Shapes","floor":49,"turns":5},{"damage":4,"enemies":"SI_POISON_ARCHETYPE","floor":50,"turns":8}],"seed_played":"978976712328328022","potions_obtained":[{"floor":5,"key":"hexamod:SoulburnPotion"},{"floor":6,"key":"LiquidMemories"},{"floor":10,"key":"EssenceOfSteel"},{"floor":11,"key":"Energy Potion"},{"floor":17,"key":"SkillPotion"},{"floor":19,"key":"FearPotion"},{"floor":21,"key":"PowerPotion"},{"floor":22,"key":"CultistPotion"},{"floor":30,"key":"Weak Potion"},{"floor":32,"key":"Guardian:AcceleratePotion"}],"is_trial":false,"path_per_floor":["R","?","?","M","M","M","T","M","?","M","E","$","R","$","M","B",null,"R","M","M","M","?","R","T","R","?","R","E","M","M","M","M","B",null,"R","M","$","M","M","R","T","M","M","E","?","R","E","M","M","B",null],"character_chosen":"GUARDIAN","items_purchased":["PreservedInsect","Discovery","Guardian:PiercingHide","War Paint","Guardian:BottledStasis"],"campfire_rested":1,"item_purchase_floors":[12,12,14,37,37],"current_hp_per_floor":[72,69,69,69,69,63,63,63,87,80,78,78,78,77,71,50,101,101,100,95,83,83,83,83,83,83,83,68,65,64,59,32,8,101,101,91,86,81,81,81,81,75,71,53,53,83,71,73,66,64],"gold":635,"neow_bonus":"TWENTY_PERCENT_HP_BONUS","is_daily":false,"chose_seed":false,"campfire_upgraded":5,"win_rate":0.0,"timestamp":1613537302,"path_taken":["R","?","?","M","?","M","T","M","?","M","E","$","R","?","M","BOSS","R","M","M","M","?","R","T","R","?","R","E","?","M","?","M","BOSS","R","M","$","M","M","R","T","M","M","E","?","R","E","M","M","BOSS"],"items_purchased_type":["Relic","Card","Card","Relic","Relic"],"build_version":"2020-12-22","purchased_purges":0,"victory":true,"max_hp_per_floor":[96,96,96,96,96,96,96,96,96,96,96,96,96,96,96,96,101,101,101,101,101,101,101,101,101,101,101,101,101,101,101,101,101,101,101,101,101,101,101,101,101,101,101,101,101,101,101,101,101,101],"card_choices":[{"not_picked":["Guardian:VentSteam","Guardian:Recover"],"picked":"Guardian:SentryBeam","floor":4},{"not_picked":["Guardian:TemporalShield","Guardian:Recover"],"picked":"Guardian:Gem_Yellow","floor":5},{"not_picked":["Guardian:DecasProtection","Guardian:Emergency"],"picked":"Guardian:ShieldCharger","floor":6},{"not_picked":["Guardian:Gem_Red","Guardian:Gem_Lightblue"],"picked":"Guardian:VentSteam","floor":8},{"not_picked":["Guardian:Gem_Red","Guardian:PrismaticBarrier"],"picked":"Guardian:TemporalStrike","floor":10},{"not_picked":["Guardian:PrismaticBeam","Guardian:EvasiveProtocol"],"picked":"Guardian:ChargeCore","floor":11},{"not_picked":["Guardian:ShieldSpikes","Guardian:ChargeCore"],"picked":"Guardian:StasisField","floor":12},{"not_picked":["Guardian:TemporalStrike","Guardian:Gem_Cyan"],"picked":"Guardian:Recover","floor":14},{"not_picked":["Guardian:ShieldCharger","Guardian:Gem_Purple"],"picked":"Guardian:ShieldSpikes","floor":15},{"not_picked":["Guardian:BaubleBeam","Guardian:RevengeProtocol"],"picked":"Guardian:TimeSifter","floor":16},{"not_picked":["Guardian:WalkerClaw","Guardian:Incinerate"],"picked":"Guardian:PrimingBeam","floor":17},{"not_picked":["Guardian:CrystalBeam","Guardian:MultiBeam"],"picked":"Guardian:Gem_Red","floor":19},{"not_picked":["Guardian:PrimingBeam","Guardian:CrystalBeam"],"picked":"Guardian:FierceBash","floor":20},{"not_picked":["Guardian:Gem_Cyan","Guardian:VentSteam"],"picked":"Guardian:MultiBeam+1","floor":21},{"not_picked":["Guardian:Gem_Green","Guardian:Gem_Blue"],"picked":"Guardian:Suspension","floor":28},{"not_picked":["Guardian:TemporalShield+1","Guardian:ChargeCore+1","Guardian:RollAttack"],"picked":"SKIP","floor":29},{"not_picked":["Guardian:PrimingBeam+1","Guardian:ChargeCore","Guardian:RollAttack"],"picked":"SKIP","floor":30},{"not_picked":["Guardian:Gem_Red","Guardian:DecasProtection"],"picked":"Guardian:DonusPower+1","floor":31},{"not_picked":["Guardian:PrimingBeam","Guardian:Gem_Purple","Guardian:ChargeCore"],"picked":"SKIP","floor":32},{"not_picked":["Guardian:TimeSifter","Guardian:FastForward"],"picked":"Guardian:GatlingBeam","floor":33},{"not_picked":["Guardian:ChargeCore+1","Guardian:Gem_Blue"],"picked":"Guardian:Gem_Yellow","floor":36},{"not_picked":["Guardian:VentSteam","Guardian:EvasiveProtocol+1"],"picked":"Guardian:TimeCapacitor+1","floor":37},{"not_picked":["Guardian:TemporalShield","Guardian:PrismaticBeam","Guardian:Incinerate"],"picked":"SKIP","floor":38},{"not_picked":["Guardian:PiercingHide+1","Guardian:FloatingOrbs","Guardian:VentSteam+1"],"picked":"SKIP","floor":39},{"not_picked":["Guardian:PiercingHide+1","Guardian:VentSteam+1"],"picked":"Guardian:FloatingOrbs","floor":39},{"not_picked":["Guardian:SpikerProtocol","Guardian:Gem_Green","Guardian:GuardianWhirl"],"picked":"SKIP","floor":42},{"not_picked":["Guardian:SpikerProtocol","Guardian:GuardianWhirl"],"picked":"Guardian:Gem_Green","floor":42},{"not_picked":["Guardian:Reroute+1","Guardian:TemporalStrike+1"],"picked":"Guardian:ShieldCharger","floor":43},{"not_picked":["Guardian:PrimingBeam","Guardian:TimeCapacitor+1","Guardian:Gem_Cyan"],"picked":"SKIP","floor":44},{"not_picked":["Guardian:SpikerProtocol+1","Guardian:Incinerate+1"],"picked":"Guardian:BronzeOrb+1","floor":47},{"not_picked":["Guardian:PrismaticBarrier","Guardian:Clone+1"],"picked":"Guardian:Gem_Synthetic","floor":48},{"not_picked":["Guardian:Gem_Lightblue","Guardian:Incinerate"],"picked":"Guardian:DonusPower+1","floor":49}],"player_experience":784829,"relics_obtained":[{"floor":7,"key":"Du-Vu Doll"},{"floor":11,"key":"Ancient Tea Set"},{"floor":24,"key":"Orichalcum"},{"floor":28,"key":"Kunai"},{"floor":41,"key":"Anchor"},{"floor":44,"key":"StoneCalendar"},{"floor":47,"key":"Blood Vial"}],"event_choices":[{"damage_healed":0,"gold_gain":0,"player_choice":"Success","damage_taken":3,"relics_obtained":["Girya"],"max_hp_gain":0,"max_hp_loss":0,"event_name":"Scrap Ooze","floor":2,"gold_loss":0},{"damage_healed":24,"gold_gain":0,"player_choice":"Healed and dodged fight","damage_taken":0,"max_hp_gain":0,"max_hp_loss":0,"event_name":"Mushrooms","floor":9,"gold_loss":0,"cards_obtained":["Parasite"]},{"damage_healed":0,"gold_gain":0,"player_choice":"Ignored","damage_taken":0,"max_hp_gain":0,"max_hp_loss":0,"event_name":"Mysterious Sphere","floor":45,"gold_loss":0}],"is_beta":false,"boss_relics":[{"not_picked":["SlaversCollar","Coffee Dripper"],"picked":"Tiny House"},{"not_picked":["bronze:MakeshiftBattery","Empty Cage"],"picked":"Sozu"}],"items_purged_floors":[],"is_endless":false,"potions_floor_spawned":[5,6,10,11,19,21,30,32,38,42,43,48],"ascension_level":1}}