{"host":"g7uq9uzahx9e0kti","time":1613556600,"event":{"mods":["AchievementEnabler","BaseMod","CapriCore","Hermit","Koishi","Minty Spire (QoL Compilation)","Permanent Neow","Quick Restart","StSLib","SuperFastMode","The Bug Knight","The Cursed","The Hierophant","The Immortal","The Runesmith","Together in Spire","WarShipGirlsR/??á´Ò³R mod"],"gold_per_floor":[119,119,136,61,62,87,87,99,123,141,154,166,166,156,156,156,156],"floor_reached":16,"language":"KOR","playtime":814,"items_purged":["hierophant:Defend_Hierophant"],"score":106,"play_id":"4b70e333-2ed0-4e3f-b98e-f67f87c4aaf7","local_time":"20210217191000","is_ascension_mode":false,"campfire_choices":[{"data":"hierophant:Martyrdom","floor":7,"key":"SMITH"},{"data":"hierophant:Flagellation","floor":13,"key":"SMITH"},{"floor":15,"key":"REST"}],"circlet_count":0,"master_deck":["hierophant:Strike_Hierophant","hierophant:Strike_Hierophant","hierophant:Strike_Hierophant","hierophant:Strike_Hierophant","hierophant:Punish","hierophant:Defend_Hierophant","hierophant:Defend_Hierophant","hierophant:Defend_Hierophant","hierophant:ChurchCoffers","hierophant:Batter","hierophant:AuricBeam","hierophant:Flagellation","hierophant:Smite","hierophant:Martyrdom+1","hierophant:SealAway","hierophant:HolyVerse","hierophant:Flagellation+1","hierophant:DisplayOfPower","hierophant:RepressedViolence"],"relics":["hierophant:PropheticMaskRelic","Omamori"],"acts_visited":["Exordium"],"potions_floor_usage":[8],"damage_taken":[{"damage":6,"enemies":"Jaw Worm","floor":1,"turns":3},{"damage":1,"enemies":"Cultist","floor":3,"turns":3},{"damage":0,"enemies":"2 Louse","floor":5,"turns":1},{"damage":18,"enemies":"HollowMod:MossKnight","floor":6,"turns":12},{"damage":0,"enemies":"Exordium Thugs","floor":8,"turns":2},{"damage":0,"enemies":"2 Fungi Beasts","floor":10,"turns":2},{"damage":13,"enemies":"Large Slime","floor":11,"turns":3},{"damage":0,"enemies":"3 Louse","floor":12,"turns":1},{"damage":15,"enemies":"Looter","floor":14,"turns":3},{"damage":35,"enemies":"Slime Boss","floor":16,"turns":3}],"seed_played":"3144723910347370396","potions_obtained":[{"floor":2,"key":"Fruit Juice"},{"floor":2,"key":"BlessingOfTheForge"},{"floor":2,"key":"BlessingOfTheForge"},{"floor":8,"key":"Ancient Potion"}],"is_trial":false,"path_per_floor":["M","?","M","$","M","E","R","M","T","M","M","M","R","M","R","B"],"character_chosen":"HIEROPHANT","items_purchased":[],"campfire_rested":1,"item_purchase_floors":[],"current_hp_per_floor":[48,48,47,47,47,29,29,34,34,34,21,21,21,6,30,0,0],"gold":156,"neow_bonus":"THREE_RARE_CARDS","is_daily":false,"chose_seed":false,"campfire_upgraded":2,"win_rate":0.0,"timestamp":1613556600,"path_taken":["M","?","M","?","M","E","R","M","T","?","M","M","R","M","R","BOSS"],"items_purchased_type":[],"build_version":"2020-12-22","purchased_purges":1,"victory":false,"max_hp_per_floor":[75,75,75,75,75,75,75,80,80,80,80,80,80,80,80,80,80],"card_choices":[{"not_picked":["hierophant:Anathema","hierophant:Generosity"],"picked":"hierophant:Batter","floor":0},{"not_picked":["hierophant:RecallFunds","hierophant:Remorse"],"picked":"hierophant:AuricBeam","floor":1},{"not_picked":["hierophant:Purify","hierophant:PassingBell"],"picked":"hierophant:Flagellation","floor":3},{"not_picked":["hierophant:RepressedViolence","hierophant:Purify"],"picked":"hierophant:Smite","floor":5},{"not_picked":["hierophant:Anathema","hierophant:RustyCrate"],"picked":"hierophant:Martyrdom","floor":6},{"not_picked":["hierophant:Upheaval","hierophant:RustyCrate"],"picked":"hierophant:SealAway","floor":8},{"not_picked":["hierophant:Community","hierophant:RecallFunds"],"picked":"hierophant:HolyVerse","floor":10},{"not_picked":["hierophant:TollTheBells","hierophant:AuricBeam"],"picked":"hierophant:Flagellation","floor":11},{"not_picked":["hierophant:Racketeering","hierophant:Sermon"],"picked":"hierophant:DisplayOfPower","floor":12},{"not_picked":["hierophant:FlamingChariot","hierophant:Racketeering"],"picked":"hierophant:RepressedViolence","floor":14}],"player_experience":122037,"relics_obtained":[{"floor":6,"key":"Omamori"}],"event_choices":[{"damage_healed":0,"gold_gain":0,"player_choice":"Got Potions","damage_taken":0,"max_hp_gain":0,"max_hp_loss":0,"event_name":"Lab","floor":2,"gold_loss":0}],"is_beta":false,"boss_relics":[],"items_purged_floors":[4],"is_endless":false,"potions_floor_spawned":[8,10,11],"killed_by":"Slime Boss","ascension_level":0}}