{"host":"4lruzp1xu8o5tnk3","time":1613580331,"event":{"mods":["Act Like it!","BaseMod","Gensokyo","GifTheSpireLib","Hubris","Jedi Mod","Minty Spire (QoL Compilation)","Replay The Spire","StSLib","Stuff the Spire"],"gold_per_floor":[112,212,52,52,66,66,98,98,98,129,129,129,143,68,68,172,172,188,53,303,66,66,99,116,145,145,145,170,170,180,196,196,196,196],"floor_reached":33,"language":"ENG","playtime":1116,"items_purged":["Spreading Infection"],"score":364,"play_id":"f7bd2645-4883-43a5-aceb-9391e23a9553","local_time":"20210217194531","daily_mods":["SealedDeck","Heirloom","Elite Swarm"],"is_ascension_mode":false,"campfire_choices":[{"data":"Finisher","floor":6,"key":"SMITH"},{"data":"Envenom","floor":8,"key":"SMITH"},{"data":"Die Die Die","floor":11,"key":"SMITH"},{"data":"Poisoned Stab","floor":15,"key":"SMITH"},{"floor":27,"key":"REST"},{"data":"Finisher","floor":29,"key":"SMITH"},{"floor":32,"key":"REST"}],"circlet_count":0,"master_deck":["Poisoned Stab+1","Bane","Sucker Punch","StuffTheSpire:Sprint","StuffTheSpire:Injection+1","Slice","StuffTheSpire:Injection","Deflect","Finisher+1","Slice","Catalyst","Cloak And Dagger","Envenom+1","Die Die Die+1","Dash","Burst","CurseOfTheBell","Poisoned Stab","Finisher","Finisher+1","Glass Knife","Backstab","Crippling Poison","Blade Dance"],"relics":["Ring of the Snake","hubris:FunFungus","Gensokyo:BookOfSpecters","ReplayTheSpireMod:Ring of Addiction","White Beast Statue","SacredBark","Ring of Fangs","Counterbalance","hubris:SphereOfDissonance","Vajra","Calling Bell","jedi:bottledfury","StuffTheSpire:Nightcore","jedi:catwich","StuffTheSpire:OldFever","Paper Crane","Centennial Puzzle"],"acts_visited":["Gensokyo:Gensokyo","Gensokyo:Gensokyoer"],"potions_floor_usage":[7,13,16,16,23,23,24,30,33,33,33],"damage_taken":[{"damage":0,"enemies":"Gensokyo:Gryphon","floor":1,"turns":1},{"damage":0,"enemies":"Gensokyo:2_Kodama","floor":5,"turns":2},{"damage":0,"enemies":"Gensokyo:Aya","floor":7,"turns":2},{"damage":28,"enemies":"Gensokyo:Cirno","floor":10,"turns":7},{"damage":0,"enemies":"Gensokyo:3_Fairies","floor":13,"turns":2},{"damage":0,"enemies":"Gensokyo:Yukari","floor":16,"turns":4},{"damage":0,"enemies":"Gensokyo:3_Dogs","floor":18,"turns":2},{"damage":6,"enemies":"Gensokyo:Tenshi","floor":23,"turns":2},{"damage":0,"enemies":"Gensokyo:CosmicMonolith","floor":24,"turns":1},{"damage":20,"enemies":"Gensokyo:Reisen","floor":25,"turns":4},{"damage":0,"enemies":"Gensokyo:3_Gloops","floor":30,"turns":2},{"damage":33,"enemies":"Gensokyo:Slime_Group","floor":31,"turns":3},{"damage":44,"enemies":"Gensokyo:Kaguya","floor":33,"turns":4}],"seed_played":"2773752593385493833","potions_obtained":[{"floor":4,"key":"SpeedPotion"},{"floor":4,"key":"Dexterity Potion"},{"floor":4,"key":"Weak Potion"},{"floor":5,"key":"Strength Potion"},{"floor":7,"key":"Toxic Potion"},{"floor":10,"key":"DistilledChaos"},{"floor":13,"key":"LiquidBronze"},{"floor":16,"key":"LiquidBronze"},{"floor":18,"key":"Languid Potion"},{"floor":23,"key":"Swift Potion"},{"floor":24,"key":"GamblersBrew"},{"floor":25,"key":"Strength Potion"},{"floor":30,"key":"LiquidMemories"},{"floor":31,"key":"Reflective Coating"}],"is_trial":true,"path_per_floor":["M","?","?","?","M","R","E","R","T","E","R","?","M","$","R","B",null,"M","$","?","$","?","E","M","E","T","R","T","R","M","M","R","B"],"character_chosen":"THE_SILENT","items_purchased":["Dash","Finisher","Glass Knife","Backstab"],"campfire_rested":2,"item_purchase_floors":[14,19,21,21],"current_hp_per_floor":[70,70,70,70,70,70,70,70,70,42,42,42,44,44,44,44,68,68,68,66,66,66,58,58,38,38,57,57,57,57,24,42,0,0],"gold":196,"neow_bonus":"","is_daily":false,"chose_seed":false,"campfire_upgraded":5,"win_rate":0.0,"timestamp":1613580331,"path_taken":["M","?","?","?","?","R","E","R","T","E","R","?","?","?","R","BOSS","M","?","?","$","?","E","?","E","T","R","?","R","?","M","R","BOSS"],"items_purchased_type":["Card","Card","Card","Card"],"build_version":"2020-12-22","purchased_purges":1,"victory":false,"max_hp_per_floor":[70,70,70,70,70,70,70,70,70,70,68,68,68,68,68,68,68,68,68,66,66,66,64,64,64,64,64,62,62,62,62,62,62,62],"card_choices":[{"not_picked":["Acrobatics","Toxin Wave"],"picked":"Catalyst","floor":1},{"not_picked":["jedi:collectorvenom","Replay:Poison Smokescreen"],"picked":"Cloak And Dagger","floor":5},{"not_picked":["ReplayTheSpireMod:From All Sides","Storm of Steel"],"picked":"Envenom","floor":7},{"not_picked":["After Image","Phantasmal Killer"],"picked":"Die Die Die","floor":10},{"not_picked":["Dagger Throw","Underhanded Strike","Heel Hook"],"picked":"SKIP","floor":13},{"not_picked":["Corpse Explosion","Atom Bomb"],"picked":"Burst","floor":16},{"not_picked":["StuffTheSpire:BumpUp","hubris:SlightOfHand"],"picked":"Poisoned Stab","floor":18},{"not_picked":["A Thousand Cuts","Night Terror","Storm of Steel"],"picked":"SKIP","floor":23},{"not_picked":["Prepared","ReplayTheSpireMod:Tripwire"],"picked":"Crippling Poison","floor":24},{"not_picked":["Grand Finale","Tools of the Trade","Bullet Time"],"picked":"SKIP","floor":25},{"not_picked":["Acrobatics","Prepared+1"],"picked":"Blade Dance","floor":30},{"not_picked":["Dagger Throw","Outmaneuver","Cloak And Dagger"],"picked":"SKIP","floor":31}],"player_experience":1051148,"relics_obtained":[{"floor":4,"key":"ReplayTheSpireMod:Ring of Addiction"},{"floor":4,"key":"White Beast Statue"},{"floor":4,"key":"SacredBark"},{"floor":4,"key":"Ring of Fangs"},{"floor":7,"key":"Counterbalance"},{"floor":9,"key":"hubris:SphereOfDissonance"},{"floor":10,"key":"Vajra"},{"floor":17,"key":"Replay:Baseball"},{"floor":17,"key":"jedi:bottledfury"},{"floor":17,"key":"StuffTheSpire:Nightcore"},{"floor":23,"key":"jedi:catwich"},{"floor":25,"key":"StuffTheSpire:OldFever"},{"floor":26,"key":"Paper Crane"},{"floor":28,"key":"Centennial Puzzle"}],"event_choices":[],"is_beta":false,"boss_relics":[{"not_picked":["hubris:BlackHole","hubris:ScarierMask"],"picked":"Calling Bell"}],"items_purged_floors":[19],"is_endless":false,"potions_floor_spawned":[5,7,10,13,16,18,23,24,25,30,31],"killed_by":"Gensokyo:Kaguya","ascension_level":0}}