{"host":"utqe55yv0jihe4d6","time":1613533536,"event":{"mods":["2.2 Compatiblity","AchievementEnabler","BaseMod","Block Reminder","Colored Map","Colored Powertips","Minty Spire (QoL Compilation)","Quick Restart","Rare Cards Sparkle","Relic Stats","SuperFastMode"],"gold_per_floor":[118,118,129,129,149,149,184,16,40,40,51,78,95,21,21,100,100,117,117,117,137,52,81,81,113,113,113,143,163,77,87,87,165,165,179,179,179,199,199,199],"floor_reached":39,"language":"ENG","playtime":1241,"items_purged":[],"score":924,"play_id":"22c9b7dc-6ba2-478b-9859-5c0d5f155053","local_time":"20210216224536","is_ascension_mode":true,"campfire_choices":[{"data":"Carnage","floor":6.0,"key":"SMITH"},{"floor":10.0,"key":"REST"},{"data":"Fire Breathing","floor":15,"key":"SMITH"},{"floor":24,"key":"REST"},{"floor":27,"key":"REST"},{"floor":32,"key":"REST"}],"circlet_count":0,"master_deck":["AscendersBane","Bash+1","Shockwave+1","Carnage+1","Disarm","Entrench","Flame Barrier","Sentinel","Fire Breathing+1","Pommel Strike","Dropkick","Battle Trance","Exhume","Fiend Fire+1","Shrug It Off","True Grit","Metallicize","Demon Form","Heavy Blade+1","J.A.X.","Dark Embrace","Shrug It Off","Whirlwind","Evolve","Intimidate+1","Corruption"],"relics":["Pandora\u0027s Box","Blood Vial","Bag of Preparation","Potion Belt","Omamori","Velvet Choker","MealTicket","Whetstone","Bronze Scales","PreservedInsect","Snecko Eye"],"acts_visited":["Exordium","TheCity","TheBeyond"],"potions_floor_usage":[23,28,28,33,33,39,39],"damage_taken":[{"damage":0.0,"enemies":"Cultist","floor":1.0,"turns":3.0},{"damage":2.0,"enemies":"Jaw Worm","floor":3.0,"turns":3.0},{"damage":3.0,"enemies":"Small Slimes","floor":5.0,"turns":3.0},{"damage":20.0,"enemies":"3 Sentries","floor":7.0,"turns":5.0},{"damage":3,"enemies":"Blue Slaver","floor":11,"turns":2},{"damage":6,"enemies":"Gremlin Gang","floor":13,"turns":4},{"damage":1,"enemies":"Slime Boss","floor":16,"turns":6},{"damage":7,"enemies":"3 Byrds","floor":18,"turns":4},{"damage":11,"enemies":"2 Thieves","floor":21,"turns":4},{"damage":46,"enemies":"Gremlin Leader","floor":23,"turns":7},{"damage":22,"enemies":"Book of Stabbing","floor":25,"turns":6},{"damage":23,"enemies":"Slavers","floor":28,"turns":5},{"damage":4,"enemies":"Snake Plant","floor":29,"turns":4},{"damage":13,"enemies":"Chosen and Byrds","floor":31,"turns":4},{"damage":33,"enemies":"Champ","floor":33,"turns":9},{"damage":27,"enemies":"3 Darklings","floor":35,"turns":4},{"damage":23,"enemies":"3 Shapes","floor":38,"turns":3},{"damage":23,"enemies":"2 Orb Walkers","floor":39,"turns":2}],"seed_played":"-4839822706256836866","potions_obtained":[{"floor":1.0,"key":"Weak Potion"},{"floor":3.0,"key":"Block Potion"},{"floor":7.0,"key":"Fire Potion"},{"floor":11,"key":"SteroidPotion"},{"floor":18,"key":"Ancient Potion"},{"floor":23,"key":"Fire Potion"},{"floor":28,"key":"BlessingOfTheForge"},{"floor":29,"key":"Strength Potion"},{"floor":38,"key":"EssenceOfSteel"}],"is_trial":false,"path_per_floor":["M","?","M","?","M","R","E","$","T","R","M","T","M","$","R","B",null,"M","?","?","M","?","E","R","E","T","R","E","M","$","M","R","B",null,"M","?","?","M","?"],"character_chosen":"IRONCLAD","items_purchased":["Bag of Preparation","Metallicize","Evolve"],"campfire_rested":4,"item_purchase_floors":[8,14,30],"current_hp_per_floor":[68,68,66,43,40,40,20,20,20,42,41,41,37,37,37,38,66,61,61,61,52,52,8,30,10,10,32,11,9,24,13,35,4,57,32,32,32,11,0,0],"gold":199,"neow_bonus":"BOSS_RELIC","is_daily":false,"chose_seed":false,"campfire_upgraded":2,"win_rate":0.0,"timestamp":1613533536,"path_taken":["M","?","M","?","M","R","E","?","T","R","?","?","M","$","R","BOSS","M","?","?","M","?","E","R","E","T","R","E","M","?","?","R","BOSS","M","?","?","M","?"],"items_purchased_type":["Relic","Card","Card"],"build_version":"2020-12-22","purchased_purges":0,"victory":false,"max_hp_per_floor":[75,75,75,75,75,75,75,75,75,75,75,75,75,75,75,75,75,75,75,75,75,75,75,75,75,75,75,75,75,75,75,75,75,75,75,75,71,71,71,71],"relic_stats":{"Blood Vial":28,"counters":[18,78],"Bronze Scales":[114],"Snecko Eye":[16,26,20,19],"Pandora\u0027s Box":["Shockwave","Carnage","Disarm","Entrench","Flame Barrier","Sentinel","Fire Breathing","Anger","Pommel Strike"],"MealTicket":15,"PreservedInsect":0,"Bag of Preparation":[28],"Whetstone":["Fiend Fire","Heavy Blade"],"obtain_stats":[{"Blood Vial":7,"Potion Belt":9,"Bronze Scales":25,"Velvet Choker":17,"Snecko Eye":34,"Pandora\u0027s Box":0,"MealTicket":22,"PreservedInsect":28,"Bag of Preparation":8,"Omamori":12,"Whetstone":23,"Burning Blood":0},{"Blood Vial":4,"Potion Belt":4,"Bronze Scales":11,"Velvet Choker":7,"Snecko Eye":15,"Pandora\u0027s Box":0,"MealTicket":9,"PreservedInsect":12,"Bag of Preparation":4,"Omamori":5,"Whetstone":10,"Burning Blood":0},{"Blood Vial":14,"Potion Belt":14,"Bronze Scales":47,"Velvet Choker":26,"Snecko Eye":69,"Pandora\u0027s Box":0,"MealTicket":34,"PreservedInsect":52,"Bag of Preparation":14,"Omamori":16,"Whetstone":41,"Burning Blood":0}]},"card_choices":[{"not_picked":["Seeing Red","Fire Breathing"],"picked":"Dropkick","floor":1.0},{"not_picked":["True Grit","Flex"],"picked":"Battle Trance","floor":3.0},{"not_picked":["Havoc","Ghostly Armor"],"picked":"Exhume","floor":5.0},{"not_picked":["Pommel Strike","Twin Strike"],"picked":"Fiend Fire","floor":7.0},{"not_picked":["Thunderclap","Wild Strike"],"picked":"Shrug It Off","floor":11},{"not_picked":["Searing Blow","Rampage"],"picked":"True Grit","floor":13},{"not_picked":["Limit Break","Reaper"],"picked":"Demon Form","floor":16},{"not_picked":["Twin Strike","Wild Strike"],"picked":"Heavy Blade","floor":18},{"not_picked":["Anger","Rupture","Cleave"],"picked":"SKIP","floor":21},{"not_picked":["Wild Strike","Thunderclap","Warcry"],"picked":"SKIP","floor":23},{"not_picked":["Blood for Blood","Dropkick"],"picked":"Dark Embrace","floor":25},{"not_picked":["Body Slam","Pummel"],"picked":"Shrug It Off","floor":28},{"not_picked":["Cleave","Shockwave"],"picked":"Whirlwind","floor":29},{"not_picked":["Armaments","Combust"],"picked":"Intimidate+1","floor":31},{"not_picked":["Exhume","Impervious"],"picked":"Corruption","floor":33},{"not_picked":["Anger","Twin Strike","Warcry"],"picked":"SKIP","floor":35},{"not_picked":["Havoc","Rage+1","Body Slam+1"],"picked":"SKIP","floor":38}],"player_experience":3080044,"relics_obtained":[{"floor":7.0,"key":"Blood Vial"},{"floor":9.0,"key":"Potion Belt"},{"floor":12,"key":"Omamori"},{"floor":23,"key":"Whetstone"},{"floor":25,"key":"Bronze Scales"},{"floor":28,"key":"PreservedInsect"}],"event_choices":[{"damage_healed":0.0,"max_hp_gain":0.0,"max_hp_loss":0.0,"gold_gain":0.0,"event_name":"Liars Game","player_choice":"Ignored","floor":2.0,"gold_loss":0.0,"damage_taken":0.0},{"damage_healed":0.0,"max_hp_gain":0.0,"max_hp_loss":0.0,"gold_gain":0.0,"event_name":"Shining Light","player_choice":"Entered Light","floor":4.0,"gold_loss":0.0,"damage_taken":23.0,"cards_upgraded":["Bash","Shockwave"]},{"cards_removed":["Anger"],"damage_healed":0,"gold_gain":0,"player_choice":"Elegance","damage_taken":0,"max_hp_gain":0,"max_hp_loss":0,"event_name":"Back to Basics","floor":19,"gold_loss":0},{"damage_healed":0,"gold_gain":0,"player_choice":"Obtain J.A.X.","damage_taken":0,"max_hp_gain":0,"max_hp_loss":0,"event_name":"Drug Dealer","floor":20,"gold_loss":0,"cards_obtained":["J.A.X."]},{"damage_healed":0,"gold_gain":0,"player_choice":"Obtained Relic","damage_taken":0,"relics_obtained":["MealTicket"],"max_hp_gain":0,"max_hp_loss":0,"event_name":"Addict","floor":22,"gold_loss":85},{"damage_healed":0,"gold_gain":0,"player_choice":"Ignored","damage_taken":0,"max_hp_gain":0,"max_hp_loss":0,"event_name":"Tomb of Lord Red Mask","floor":36,"gold_loss":0},{"damage_healed":0,"gold_gain":0,"player_choice":"Max HP","damage_taken":0,"max_hp_gain":0,"max_hp_loss":4,"event_name":"Winding Halls","floor":37,"gold_loss":0},{"damage_healed":0,"gold_gain":0,"player_choice":"Fight","damage_taken":0,"max_hp_gain":0,"max_hp_loss":0,"event_name":"Mysterious Sphere","floor":39,"gold_loss":0}],"is_beta":false,"boss_relics":[{"not_picked":["Mark of Pain","Runic Pyramid"],"picked":"Velvet Choker"},{"not_picked":["Tiny House","Astrolabe"],"picked":"Snecko Eye"}],"items_purged_floors":[],"is_endless":false,"potions_floor_spawned":[1,3,7,11,18,23,28,29,38],"killed_by":"2 Orb Walkers","ascension_level":20}}