{"host":"3j2m8n0ywf988fwb","time":1613549076,"event":{"mods":["2.2 Compatiblity","AchievementEnabler","Act Like it!","BaseMod","Better Altar","Better Match","Better Note","Better Sensory Stone","Better Skull","Better Third Choice","Colored Map","Colored Powertips","Dark Map","Hallownest","HexUI Lib","Highlight Path","Marked Mod","Mimic Mod","Minty Spire (QoL Compilation)","Random Character Button","Relic Stats","Robot Space Explorer","Ruina","Shapeshifter Mod","Shop Mod","Somnambulant","StSLib","The Bug Knight","The Servant 0.9.4","Unceasing Turn Reminder","Weighted Paths","everything is the same but u backflip on backflip"],"gold_per_floor":[110,126,50,50,50,50,88,88,113,113,113,127,52,90,90,90,90],"floor_reached":16,"language":"ENG","playtime":281,"items_purged":["Strike_G"],"score":197,"play_id":"0bddbfbd-9521-43ed-8db6-a6de4f7817e0","local_time":"20210217020436","is_ascension_mode":true,"campfire_choices":[{"data":"Infinite Blades","floor":6,"key":"SMITH"},{"data":"Neutralize","floor":11,"key":"SMITH"},{"floor":15,"key":"REST"}],"circlet_count":0,"master_deck":["AscendersBane","Strike_G","Strike_G","Strike_G","Strike_G","Defend_G","Defend_G","Defend_G","Defend_G","Defend_G","Survivor","Neutralize+1","Bane","Dagger Spray","Infinite Blades+1","Backstab+1","Prepared","Blade Dance"],"relics":["Ring of the Snake","NeowsBlessing","Golden Idol","Question Card","Omamori","Bottled Lightning"],"acts_visited":["Exordium"],"potions_floor_usage":[14,16],"damage_taken":[{"damage":0,"enemies":"Jaw Worm","floor":1,"turns":1},{"damage":0,"enemies":"2 Louse","floor":2,"turns":1},{"damage":0,"enemies":"HollowMod:MossKnight","floor":7,"turns":1},{"damage":13,"enemies":"Small Slimes","floor":12,"turns":2},{"damage":37,"enemies":"Gremlin Nob","floor":14,"turns":5},{"damage":28,"enemies":"Slime Boss","floor":16,"turns":6}],"seed_played":"7300706599531004955","potions_obtained":[{"floor":7,"key":"Dexterity Potion"},{"floor":12,"key":"Swift Potion"}],"is_trial":false,"path_per_floor":["M","M","$","?","?","R","E","?","T","?","R","M","$","E","R","B"],"character_chosen":"THE_SILENT","items_purchased":["Infinite Blades"],"campfire_rested":1,"item_purchase_floors":[3],"current_hp_per_floor":[63,63,63,63,56,56,56,56,56,56,56,43,43,6,27,0,0],"gold":90,"neow_bonus":"THREE_ENEMY_KILL","is_daily":false,"chose_seed":false,"campfire_upgraded":2,"win_rate":0.0,"timestamp":1613549076,"path_taken":["M","M","$","?","?","R","E","?","T","?","R","M","$","E","R","BOSS"],"items_purchased_type":["Card"],"build_version":"2020-12-22","purchased_purges":1,"victory":false,"max_hp_per_floor":[70,70,70,70,70,70,70,70,70,70,70,70,70,70,70,70,70],"relic_stats":{"counters":[6,16],"Golden Idol":19,"Question Card":2,"obtain_stats":[{"NeowsBlessing":0,"Golden Idol":4,"Omamori":9,"Bottled Lightning":14,"Question Card":7,"Ring of the Snake":0},{"NeowsBlessing":0,"Golden Idol":2,"Omamori":3,"Bottled Lightning":5,"Question Card":3,"Ring of the Snake":0},{"NeowsBlessing":0,"Golden Idol":2,"Omamori":3,"Bottled Lightning":10,"Question Card":3,"Ring of the Snake":0}],"Ring of the Snake":[12]},"card_choices":[{"not_picked":["Deflect","Concentrate"],"picked":"Bane","floor":1},{"not_picked":["Deflect","Terror"],"picked":"Dagger Spray","floor":2},{"not_picked":["Unload","Dagger Spray"],"picked":"Backstab","floor":7},{"not_picked":["Acrobatics","Flechettes","Calculated Gamble"],"picked":"Prepared","floor":12},{"not_picked":["Expertise","Prepared","Skewer"],"picked":"Blade Dance","floor":14}],"player_experience":987138,"relics_obtained":[{"floor":7,"key":"Question Card"},{"floor":9,"key":"Omamori"},{"floor":14,"key":"Bottled Lightning"}],"event_choices":[{"damage_healed":0,"gold_gain":0,"player_choice":"Take Wound","damage_taken":0,"relics_obtained":["Golden Idol"],"max_hp_gain":0,"max_hp_loss":0,"event_name":"Golden Idol","floor":4,"gold_loss":0,"cards_obtained":["Injury"]},{"cards_removed":["Injury"],"damage_healed":0,"gold_gain":0,"player_choice":"Card Removal","damage_taken":7,"max_hp_gain":0,"max_hp_loss":0,"event_name":"Golden Wing","floor":5,"gold_loss":0},{"damage_healed":0,"gold_gain":0,"player_choice":"Grow","damage_taken":0,"max_hp_gain":0,"max_hp_loss":0,"event_name":"Living Wall","floor":8,"gold_loss":0,"cards_upgraded":["Backstab"]}],"is_beta":false,"boss_relics":[],"items_purged_floors":[13],"is_endless":false,"potions_floor_spawned":[7,12],"killed_by":"Slime Boss","ascension_level":10}}