{"host":"e4wnmsyty9uvvtwf","time":1613570822,"event":{"mods":["BaseMod","Colored Map","Colored Powertips","Minty Spire (QoL Compilation)","Replay The Spire","StSLib"],"gold_per_floor":[115,40,190,6,22,22,65,100,100,100,116,131,145,145,145,222,222,233,233,247,297,315,315,79,106,154,172,172,203,203,478,478,556,656,668,693,748,457,457,475,475,486,486,499,519,533,544,461,461,461],"floor_reached":51,"language":"ZHS","playtime":2034,"items_purged":["Doubt","Catalyst","Voices"],"score":1320,"play_id":"f5ee2e29-b3e0-4588-be6f-02d7b74e1199","local_time":"20210217220702","is_ascension_mode":true,"campfire_choices":[{"data":"Accuracy","floor":6.0,"key":"SMITH"},{"floor":10,"key":"REST"},{"floor":15,"key":"REST"},{"data":"Burst","floor":23,"key":"SMITH"},{"data":"Cloak And Dagger","floor":28,"key":"SMITH"},{"floor":32,"key":"REST"},{"floor":41,"key":"REST"},{"floor":49,"key":"REST"}],"circlet_count":0,"master_deck":["AscendersBane","Survivor","Neutralize+1","Backflip","Blade Dance","Accuracy+1","Terror","Deflect","Hidden Blade","Cloak And Dagger+1","Slice","Outmaneuver","Glass Knife","Doppelganger","Malaise","ReplayTheSpireMod:Scrap Shanks+1","Bane","Accuracy+1","Grand Finale","Well Laid Plans+1","Heel Hook","Draining Mist","Burst+1","Deflect","Prepared","Accuracy+1","ReplayTheSpireMod:From All Sides","Blur","Setup+1","Dodge and Roll+1","ReplayTheSpireMod:Restless Dread","Concentrate","Footwork+1"],"relics":["Ring of the Snake","Tingsha","White Beast Statue","Onion Ring","Frozen Egg 2","Replay:Grab Bag","Cursed Key","Busted Crown","Pandora\u0027s Box","Red Mask","Bronze Scales","Omamori","ReplayTheSpireMod:Ring of Collecting","ReplayTheSpireMod:Ring of Challenge","Replay:Wanted Poster","Lizard Tail","Chemical X","BranchBurnRelic","Ring of Misfortune","Vajra"],"acts_visited":["Exordium","TheCity","TheBeyond"],"potions_floor_usage":[29,50],"damage_taken":[{"damage":0.0,"enemies":"Cultist","floor":1.0,"turns":3.0},{"damage":1.0,"enemies":"Small Slimes","floor":5.0,"turns":4.0},{"damage":11,"enemies":"Lagavulin","floor":8,"turns":5},{"damage":0,"enemies":"Jaw Worm","floor":11,"turns":2},{"damage":0,"enemies":"2 Fungi Beasts","floor":12,"turns":3},{"damage":0,"enemies":"Large Slime","floor":13,"turns":5},{"damage":10,"enemies":"The Guardian","floor":16,"turns":10},{"damage":0,"enemies":"Spheric Guardian","floor":18,"turns":1},{"damage":0,"enemies":"Chosen","floor":20,"turns":3},{"damage":2,"enemies":"Centurion and Healer","floor":22,"turns":4},{"damage":16,"enemies":"Masked Bandits","floor":25,"turns":4},{"damage":6,"enemies":"Sentry and Sphere","floor":27,"turns":3},{"damage":32,"enemies":"Slavers","floor":29,"turns":4},{"damage":6,"enemies":"Automaton","floor":33,"turns":6},{"damage":0,"enemies":"Orb Walker","floor":35,"turns":2},{"damage":0,"enemies":"Mind Bloom Boss Battle","floor":36,"turns":5},{"damage":32,"enemies":"2 Orb Walkers","floor":37,"turns":4},{"damage":12,"enemies":"3 Darklings","floor":40,"turns":2},{"damage":0,"enemies":"Maw","floor":42,"turns":6},{"damage":0,"enemies":"Transient","floor":44,"turns":6},{"damage":29,"enemies":"Spire Growth","floor":45,"turns":4},{"damage":0,"enemies":"Jaw Worm Horde","floor":46,"turns":2},{"damage":4,"enemies":"4 Shapes","floor":47,"turns":12},{"damage":85,"enemies":"Time Eater","floor":50,"turns":9}],"seed_played":"6042534595328038542","potions_obtained":[{"floor":7,"key":"Flashbang"},{"floor":8,"key":"SmokeBomb"},{"floor":22,"key":"SteroidPotion"},{"floor":29,"key":"Fire Potion"},{"floor":33,"key":"FairyPotion"},{"floor":40,"key":"Flashbang"}],"is_trial":false,"path_per_floor":["M","?","?","$","M","R","?","E","T","R","M","M","M","?","R","B",null,"M","?","M","?","M","R","$","?","T","M","R","E","?","?","R","B",null,"M","?","?","$","$","M","R","M","T","M","M","M","M","$","R","B",null],"character_chosen":"THE_SILENT","items_purchased":["Blade Dance","Accuracy","Prepared","Accuracy+1","Chemical X","Footwork+1"],"campfire_rested":5,"item_purchase_floors":[4,4,24,24,38,48],"current_hp_per_floor":[59,59,59,59,58,58,37,26,26,45,45,45,45,25,44,34,58,58,58,58,58,56,56,56,40,40,34,34,2,2,2,21,15,53,53,53,21,21,21,9,28,43,43,43,14,14,10,10,29,33],"gold":461,"neow_bonus":"ONE_RARE_RELIC","is_daily":false,"chose_seed":false,"campfire_upgraded":3,"win_rate":0.0,"timestamp":1613570822,"path_taken":["M","?","?","$","M","R","?","E","T","R","M","?","M","?","R","BOSS","M","?","M","?","?","R","$","?","T","M","R","E","?","?","R","BOSS","M","?","?","?","$","?","R","M","T","M","M","M","M","?","R","BOSS"],"items_purchased_type":["Card","Card","Card","Card","Relic","Card"],"build_version":"2020-12-22","purchased_purges":3,"victory":true,"max_hp_per_floor":[66,66,66,66,66,66,66,66,66,66,66,66,66,66,66,66,66,66,66,66,66,66,66,66,66,66,66,66,66,66,66,66,66,66,66,66,66,66,66,66,66,66,66,66,66,66,66,66,66,66],"card_choices":[{"not_picked":["Outmaneuver","Deadly Poison"],"picked":"Backflip","floor":1.0},{"not_picked":["Footwork","Choke"],"picked":"Terror","floor":5.0},{"not_picked":["Sucker Punch","ReplayTheSpireMod:The Works"],"picked":"Deflect","floor":7},{"not_picked":["Bane","Crippling Poison"],"picked":"Hidden Blade","floor":8},{"not_picked":["Expertise","Quick Slash"],"picked":"Cloak And Dagger","floor":11},{"not_picked":["Poisoned Stab","Prepared"],"picked":"Slice","floor":12},{"not_picked":["Acrobatics","Predator"],"picked":"Outmaneuver","floor":13},{"not_picked":["Night Terror","Malaise"],"picked":"Glass Knife","floor":16},{"not_picked":["Well Laid Plans+1"],"picked":"SKIP","floor":18},{"not_picked":["Leg Sweep+1"],"picked":"SKIP","floor":20},{"not_picked":[],"picked":"Deflect","floor":22},{"not_picked":["Backflip"],"picked":"SKIP","floor":27},{"not_picked":["Bane"],"picked":"SKIP","floor":29},{"not_picked":[],"picked":"ReplayTheSpireMod:From All Sides","floor":33},{"not_picked":[],"picked":"Blur","floor":35},{"not_picked":[],"picked":"Setup+1","floor":37},{"not_picked":[],"picked":"Dodge and Roll+1","floor":40},{"not_picked":["Acrobatics"],"picked":"SKIP","floor":42},{"not_picked":["Skewer+1"],"picked":"SKIP","floor":44},{"not_picked":["Dagger Throw+1"],"picked":"SKIP","floor":45},{"not_picked":["Draining Mist"],"picked":"SKIP","floor":46},{"not_picked":[],"picked":"Concentrate","floor":47}],"player_experience":519684,"relics_obtained":[{"floor":7,"key":"White Beast Statue"},{"floor":8,"key":"Onion Ring"},{"floor":9,"key":"Frozen Egg 2"},{"floor":25,"key":"Red Mask"},{"floor":26,"key":"Bronze Scales"},{"floor":29,"key":"Omamori"},{"floor":30,"key":"ReplayTheSpireMod:Ring of Collecting"},{"floor":30,"key":"ReplayTheSpireMod:Ring of Challenge"},{"floor":36,"key":"Lizard Tail"},{"floor":37,"key":"Dead Branch"},{"floor":43,"key":"Ring of Misfortune"},{"floor":43,"key":"Vajra"}],"event_choices":[{"cards_removed":["Strike_G"],"damage_healed":0.0,"max_hp_gain":0.0,"max_hp_loss":0.0,"gold_gain":0.0,"event_name":"The Cleric","player_choice":"Card Removal","floor":2.0,"gold_loss":75.0,"damage_taken":0.0},{"damage_healed":0.0,"max_hp_gain":0.0,"max_hp_loss":0.0,"gold_gain":150.0,"event_name":"Liars Game","player_choice":"AGREE","floor":3.0,"gold_loss":0.0,"damage_taken":0.0,"cards_obtained":["Doubt"]},{"damage_healed":0,"gold_gain":0,"player_choice":"Entered Light","damage_taken":20,"max_hp_gain":0,"max_hp_loss":0,"event_name":"Shining Light","floor":14,"gold_loss":0,"cards_upgraded":["Neutralize","Defend_G"]},{"damage_healed":0,"gold_gain":0,"player_choice":"Ignored","damage_taken":0,"max_hp_gain":0,"max_hp_loss":0,"event_name":"Ghosts","floor":19,"gold_loss":0},{"damage_healed":0,"gold_gain":50,"player_choice":"Stole From Cult","damage_taken":0,"max_hp_gain":0,"max_hp_loss":0,"event_name":"Nest","floor":21,"gold_loss":0},{"damage_healed":0,"gold_gain":0,"player_choice":"Fought Bandits","damage_taken":0,"max_hp_gain":0,"max_hp_loss":0,"event_name":"Masked Bandits","floor":25,"gold_loss":0},{"damage_healed":0,"gold_gain":275,"player_choice":"Desecrate","damage_taken":0,"max_hp_gain":0,"max_hp_loss":0,"event_name":"Golden Shrine","floor":31,"gold_loss":0,"cards_obtained":["Regret"]},{"damage_healed":0,"gold_gain":0,"player_choice":"Fight","damage_taken":0,"max_hp_gain":0,"max_hp_loss":0,"event_name":"MindBloom","floor":36,"gold_loss":0},{"damage_healed":0,"gold_gain":0,"player_choice":"Fight","damage_taken":0,"max_hp_gain":0,"max_hp_loss":0,"event_name":"Mysterious Sphere","floor":37,"gold_loss":0}],"is_beta":false,"boss_relics":[{"not_picked":["Sozu","Coffee Dripper"],"picked":"Replay:Grab Bag"},{"not_picked":["SlaversCollar","Philosopher\u0027s Stone"],"picked":"Cursed Key"},{"not_picked":["ChewingGum","Velvet Choker"],"picked":"Busted Crown"},{"not_picked":["SacredBark","Snecko Scales"],"picked":"Pandora\u0027s Box"},{"not_picked":["Honey Jar","Painkiller Herb"],"picked":"Replay:Wanted Poster"}],"items_purged_floors":[4,24,38],"is_endless":false,"potions_floor_spawned":[8,11,12,13,16,18,20,22,25,27,29,33,35,36,37,40,42,44,45,46,47],"ascension_level":18}}