{"host":"y36bp6mnm73x3iob","time":1613590404,"event":{"mods":["2.2 Compatiblity","Ascension Reborn","BaseMod","BetterRewards","Bossed Relics","GifTheSpireLib","Hermit","Minty Spire (QoL Compilation)","Reliquary","StSLib","The Blue Laboratory"],"gold_per_floor":[109,109,109,128,128,128,128,128],"floor_reached":7,"language":"ENG","playtime":328,"items_purged":[],"score":39,"play_id":"c53e048e-eabd-4e53-aea1-37b0746b7c16","local_time":"20210217213324","is_ascension_mode":true,"campfire_choices":[{"data":"Eruption","floor":6,"key":"SMITH"}],"circlet_count":0,"master_deck":["Strike_P","Strike_P","Strike_P","Defend_P","Defend_P","Defend_P","Defend_P","Eruption+1","Vigilance","AscMod:ascendersbane","Halt","Adaptation","Perseverance","Regret","EmptyMind"],"relics":["PureWater","reliquary:MudwinsCradle","Golden Idol","Du-Vu Doll","Kunai"],"acts_visited":["Exordium"],"potions_floor_usage":[7],"damage_taken":[{"damage":0,"enemies":"Small Slimes","floor":1,"turns":2},{"damage":0,"enemies":"2 Louse","floor":4,"turns":1},{"damage":46,"enemies":"Lagavulin","floor":7,"turns":10}],"seed_played":"4460212459247807997","potions_obtained":[{"floor":1,"key":"blueLaboratory:HorrorPotion"}],"is_trial":false,"path_per_floor":["M","?","?","M","?","R","E"],"character_chosen":"WATCHER","items_purchased":["reliquary:MudwinsCradle","Halt","Adaptation"],"campfire_rested":0,"item_purchase_floors":[0,0,0],"current_hp_per_floor":[49,49,49,49,44,44,0,0],"gold":128,"neow_bonus":"","is_daily":false,"chose_seed":false,"campfire_upgraded":1,"win_rate":0.0,"timestamp":1613590404,"path_taken":["M","?","?","M","?","R","E"],"items_purchased_type":["Relic","Card","Card"],"build_version":"2020-12-22","purchased_purges":0,"victory":false,"max_hp_per_floor":[72,65,65,65,65,65,65,65],"card_choices":[{"not_picked":["FollowUp","SashWhip"],"picked":"Perseverance","floor":1},{"not_picked":["Weave","ThirdEye"],"picked":"EmptyMind","floor":4}],"player_experience":564254,"relics_obtained":[],"event_choices":[{"damage_healed":0,"gold_gain":0,"player_choice":"Lose Max HP","damage_taken":0,"relics_obtained":["Golden Idol"],"max_hp_gain":0,"max_hp_loss":7,"event_name":"Golden Idol","floor":2,"gold_loss":0},{"damage_healed":0,"gold_gain":0,"player_choice":"Box","damage_taken":0,"relics_obtained":["Du-Vu Doll"],"max_hp_gain":0,"max_hp_loss":0,"event_name":"Big Fish","floor":3,"gold_loss":0,"cards_obtained":["Regret"]},{"damage_healed":0,"gold_gain":0,"player_choice":"Success","damage_taken":5,"relics_obtained":["Kunai"],"max_hp_gain":0,"max_hp_loss":0,"event_name":"Scrap Ooze","floor":5,"gold_loss":0}],"is_beta":false,"boss_relics":[],"items_purged_floors":[],"is_endless":false,"potions_floor_spawned":[1],"killed_by":"Lagavulin","ascension_level":0}}