{"host":"avfk0uqadyfnr875","time":1613533702,"event":{"mods":["2.2 Compatiblity","Act Like it!","BaseMod","Chen","Colored Powertips","Downfall","Gensokyo","Koishi","KomeijiMod","Marisa（F雨　魔理沙）","Minty Spire (QoL Compilation)","Pale of the Ancients","Quick Restart","READ ME - Guardian Mod","Reimu（博丽灵梦）","Shop Mod","StSLib","The Animator","Yakumo Yukari mod","[功能]功能增强和修复MOD"],"gold_per_floor":[113,133,208,208,115,148,148,184,209,209,229,260,260,134,134,257,0,21,37,0,0,0,40,40,74,74,74,74],"floor_reached":27,"language":"ZHS","playtime":877,"items_purged":["Strike_P","Strike_P","Strike_P","Strike_P"],"score":315,"play_id":"0b3c2710-fc69-442f-bfbd-34337902298c","local_time":"20210217114822","is_ascension_mode":false,"campfire_choices":[{"floor":7.0,"key":"RECALL"},{"data":"Omniscience","floor":13.0,"key":"SMITH"},{"data":"SignatureMove","floor":15.0,"key":"SMITH"},{"data":"Crescendo","floor":24,"key":"SMITH"}],"circlet_count":0,"master_deck":["Defend_P","Defend_P","Defend_P","Defend_P","Eruption","Vigilance","CutThroughFate","Consecrate","SignatureMove+1","DeusExMachina","Crescendo+1","Omniscience+1","BattleHymn+1","Evaluate","Deep Breath","DevaForm+1","CrushJoints","Devotion+1","Magnetism+1","Halt+1"],"relics":["PureWater","NeowsBlessing","Golden Idol","TentaclePot:ReiMu","Question Card","Meat on the Bone","HoshigumaDish","Frozen Egg 2","Mummified Hand","Mastiff:ReiMu","EctoplasmExtend","CrazyTorch:ReiMu","RuthlessExorcism:ReiMu","Oddly Smooth Stone","Dead Branch"],"acts_visited":["Exordium","TheCity"],"potions_floor_usage":[23,23,25],"damage_taken":[{"damage":0.0,"enemies":"2 Louse","floor":1.0,"turns":1.0},{"damage":0.0,"enemies":"Small Slimes","floor":2.0,"turns":1.0},{"damage":0.0,"enemies":"Gremlin Nob","floor":6.0,"turns":1.0},{"damage":13.0,"enemies":"3 Sentries","floor":8.0,"turns":3.0},{"damage":6.0,"enemies":"Jaw Worm","floor":11.0,"turns":2.0},{"damage":0.0,"enemies":"Lagavulin","floor":12.0,"turns":2.0},{"damage":54,"enemies":"Hexaghost","floor":16,"turns":5},{"damage":4,"enemies":"Chosen","floor":18,"turns":2},{"damage":0,"enemies":"3 Byrds","floor":19,"turns":3},{"damage":7,"enemies":"Book of Stabbing","floor":23,"turns":4},{"damage":12,"enemies":"Gremlin Leader","floor":25,"turns":3},{"damage":55,"enemies":"Book of Stabbing","floor":27,"turns":4}],"seed_played":"-3113747389949263494","potions_obtained":[{"floor":1.0,"key":"LiquidMemories"},{"floor":6.0,"key":"Fire Potion"},{"floor":6.0,"key":"Fire Potion"},{"floor":8.0,"key":"StancePotion"},{"floor":8.0,"key":"Fire Potion"},{"floor":11.0,"key":"PowerPotion"},{"floor":12.0,"key":"Ancient Potion"},{"floor":16,"key":"Block Potion"},{"floor":23,"key":"Block Potion"},{"floor":23,"key":"AttackPotion"},{"floor":25,"key":"bronze:BurnAndBuffPotion"}],"is_trial":false,"path_per_floor":["M","M","?","?","$","E","R","E","T","?","M","E","R","$","R","B",null,"M","M","$","?","$","E","R","E","T","E"],"character_chosen":"WATCHER","items_purchased":["TentaclePot:ReiMu","Question Card","BattleHymn+1","Evaluate","Mummified Hand","Mastiff:ReiMu","Deep Breath","Magnetism+1"],"campfire_rested":0,"item_purchase_floors":[5,5,14,14,14,14,14,20],"current_hp_per_floor":[72,72,61,43,43,43,43,42,42,66,60,60,60,60,60,18,72,68,68,68,68,68,61,61,49,49,0,0],"gold":74,"neow_bonus":"THREE_ENEMY_KILL","is_daily":false,"chose_seed":false,"campfire_upgraded":3,"win_rate":0.0,"timestamp":1613533702,"path_taken":["M","M","?","?","$","E","R","E","T","?","?","E","R","?","R","BOSS","M","?","$","?","$","E","R","E","T","E"],"items_purchased_type":["Relic","Relic","Card","Card","Relic","Relic","Card","Card"],"build_version":"2020-12-22","purchased_purges":4,"victory":false,"max_hp_per_floor":[72,72,72,72,72,72,72,72,72,72,72,72,72,72,72,72,72,72,72,72,72,72,72,72,72,72,72,72],"card_choices":[{"not_picked":["Indignation","TalkToTheHand"],"picked":"CutThroughFate","floor":1.0},{"not_picked":["CutThroughFate","BowlingBash"],"picked":"Consecrate","floor":2.0},{"not_picked":["BowlingBash","SashWhip","SandsOfTime"],"picked":"SignatureMove","floor":6.0},{"not_picked":["Wallop","Consecrate","EmptyMind"],"picked":"DeusExMachina","floor":8.0},{"not_picked":["Worship","FlyingSleeves","CutThroughFate"],"picked":"Crescendo","floor":11.0},{"not_picked":["CrushJoints","Halt","Pray"],"picked":"Omniscience","floor":12.0},{"not_picked":["Brilliance","Scrawl","ConjureBlade"],"picked":"DevaForm+1","floor":16},{"not_picked":["Prostrate","WindmillStrike+1","BowlingBash"],"picked":"CrushJoints","floor":18},{"not_picked":["EmptyFist","JustLucky","Sanctity"],"picked":"Devotion+1","floor":19},{"not_picked":["EmptyBody+1","SashWhip","ReachHeaven"],"picked":"Halt+1","floor":23},{"not_picked":["Prostrate","Halt","SignatureMove+1","Indignation+1"],"picked":"SKIP","floor":25}],"player_experience":412964,"relics_obtained":[{"floor":6.0,"key":"Meat on the Bone"},{"floor":8.0,"key":"HoshigumaDish"},{"floor":12.0,"key":"Frozen Egg 2"},{"floor":21,"key":"CrazyTorch:ReiMu"},{"floor":23,"key":"RuthlessExorcism:ReiMu"},{"floor":25,"key":"Oddly Smooth Stone"},{"floor":26,"key":"Dead Branch"}],"event_choices":[{"damage_healed":0.0,"max_hp_gain":0.0,"max_hp_loss":0.0,"gold_gain":75.0,"event_name":"World of Goop","player_choice":"Gather Gold","floor":3.0,"gold_loss":0.0,"damage_taken":11.0},{"damage_healed":0.0,"max_hp_gain":0.0,"max_hp_loss":0.0,"gold_gain":0.0,"event_name":"Golden Idol","player_choice":"Take Damage","floor":4.0,"gold_loss":0.0,"damage_taken":18.0,"relics_obtained":["Golden Idol"]},{"damage_healed":24.0,"max_hp_gain":0.0,"max_hp_loss":0.0,"gold_gain":0.0,"event_name":"Big Fish","player_choice":"Banana","floor":10.0,"gold_loss":0.0,"damage_taken":0.0},{"damage_healed":0,"gold_gain":0,"player_choice":"Relic","damage_taken":0,"max_hp_gain":0,"max_hp_loss":0,"event_name":"Wheel of Change","floor":21,"gold_loss":0}],"is_beta":false,"boss_relics":[{"not_picked":["Cursed Key","Velvet Choker"],"picked":"EctoplasmExtend"}],"items_purged_floors":[5,5,14,14],"is_endless":false,"potions_floor_spawned":[1,1,6,6,8,8,11,12,16,18,19,23,23,25],"killed_by":"Book of Stabbing","ascension_level":0}}