{"host":"bf5upntvbdompq33","time":1613548198,"event":{"mods":["BaseMod","Bestiary","Colored Map","Colored Powertips","Curses Come First","Highlight Path","Minty Spire (QoL Compilation)","StSLib","ojb\u0027s Info Mod"],"gold_per_floor":[112,287,287,303,80,80,98,98,121,121,150,100,112,141,141,246,246,266,279,62,62,78,78,78],"floor_reached":23,"language":"ENG","playtime":1356,"items_purged":["Regret","Strike_B"],"score":308,"play_id":"ea1c26af-0a2e-4dd8-8e9a-fb2d3999f1bb","local_time":"20210217004958","is_ascension_mode":true,"campfire_choices":[{"data":"Chaos","floor":6,"key":"SMITH"},{"data":"Zap","floor":8,"key":"SMITH"},{"data":"Dualcast","floor":10,"key":"SMITH"},{"floor":15,"key":"REST"}],"circlet_count":0,"master_deck":["AscendersBane","Strike_B","Strike_B","Defend_B","Defend_B","Defend_B","Defend_B","Zap+1","Dualcast+1","Coolheaded","Lockon","Chaos+1","Capacitor","Ball Lightning","Static Discharge","Auto Shields","Echo Form","CurseOfTheBell","Leap","Barrage+1","Redo","Ball Lightning","Cold Snap","Loop+1"],"relics":["Cracked Core","NeowsBlessing","DataDisk","MealTicket","Mercury Hourglass","Bag of Marbles","Calling Bell","Art of War","StrikeDummy","Emotion Chip"],"acts_visited":["Exordium","TheCity"],"potions_floor_usage":[11,14,19,22],"damage_taken":[{"damage":0,"enemies":"2 Louse","floor":1,"turns":1},{"damage":0,"enemies":"Jaw Worm","floor":4,"turns":1},{"damage":0,"enemies":"Small Slimes","floor":7,"turns":1},{"damage":23,"enemies":"Lagavulin","floor":11,"turns":7},{"damage":24,"enemies":"Exordium Wildlife","floor":13,"turns":3},{"damage":10,"enemies":"Gremlin Nob","floor":14,"turns":3},{"damage":3,"enemies":"Hexaghost","floor":16,"turns":8},{"damage":12,"enemies":"Chosen","floor":18,"turns":3},{"damage":14,"enemies":"Shell Parasite","floor":19,"turns":5},{"damage":24,"enemies":"Snake Plant","floor":22,"turns":4},{"damage":37,"enemies":"Gremlin Leader","floor":23,"turns":5}],"seed_played":"-11945828092706572","potions_obtained":[{"floor":4,"key":"DuplicationPotion"},{"floor":7,"key":"SkillPotion"},{"floor":13,"key":"Swift Potion"},{"floor":16,"key":"Dexterity Potion"}],"is_trial":false,"path_per_floor":["M","?","?","M","$","R","M","R","T","R","E","?","M","E","R","B",null,"M","M","$","?","M","E"],"character_chosen":"DEFECT","items_purchased":["Chaos","Capacitor","Redo","Ball Lightning","Cold Snap"],"campfire_rested":1,"item_purchase_floors":[5,5,20,20,20],"current_hp_per_floor":[68,68,68,68,68,68,68,68,68,68,45,45,21,11,33,30,64,52,38,53,53,29,0,0],"gold":78,"neow_bonus":"THREE_ENEMY_KILL","is_daily":false,"chose_seed":false,"campfire_upgraded":3,"win_rate":0.0,"timestamp":1613548198,"path_taken":["M","?","?","M","$","R","M","R","T","R","E","?","?","E","R","BOSS","M","M","$","?","?","E"],"items_purchased_type":["Card","Card","Card","Card","Card"],"build_version":"2020-12-22","purchased_purges":2,"victory":false,"max_hp_per_floor":[75,75,75,75,75,75,75,75,75,75,75,75,75,75,75,75,75,75,75,75,75,75,75,75],"card_choices":[{"not_picked":["Gash","Blizzard"],"picked":"Coolheaded","floor":1},{"not_picked":["Hologram","Force Field"],"picked":"Lockon","floor":4},{"not_picked":["Barrage","Rebound","Storm"],"picked":"SKIP","floor":7},{"not_picked":["Hologram","Go for the Eyes"],"picked":"Ball Lightning","floor":11},{"not_picked":["Coolheaded","Redo"],"picked":"Static Discharge","floor":13},{"not_picked":["Rebound","Sweeping Beam"],"picked":"Auto Shields","floor":14},{"not_picked":["All For One","Thunder Strike"],"picked":"Echo Form","floor":16},{"not_picked":["Storm+1","Turbo"],"picked":"Leap","floor":18},{"not_picked":["Steam Power","Rip and Tear"],"picked":"Barrage+1","floor":19},{"not_picked":["Scrape","Meteor Strike"],"picked":"Loop+1","floor":22}],"player_experience":1607808,"relics_obtained":[{"floor":9,"key":"MealTicket"},{"floor":11,"key":"Mercury Hourglass"},{"floor":14,"key":"Bag of Marbles"},{"floor":17,"key":"Art of War"},{"floor":17,"key":"StrikeDummy"},{"floor":17,"key":"Emotion Chip"}],"event_choices":[{"damage_healed":0,"gold_gain":175,"player_choice":"AGREE","damage_taken":0,"max_hp_gain":0,"max_hp_loss":0,"event_name":"Liars Game","floor":2,"gold_loss":0,"cards_obtained":["Doubt"]},{"damage_healed":0,"gold_gain":0,"player_choice":"Box","damage_taken":0,"relics_obtained":["DataDisk"],"max_hp_gain":0,"max_hp_loss":0,"event_name":"Big Fish","floor":3,"gold_loss":0,"cards_obtained":["Regret"]},{"cards_removed":["Doubt"],"damage_healed":0,"gold_gain":0,"player_choice":"Card Removal","damage_taken":0,"max_hp_gain":0,"max_hp_loss":0,"event_name":"The Cleric","floor":12,"gold_loss":50},{"cards_removed":["Strike_B"],"damage_healed":0,"gold_gain":0,"player_choice":"Offered Basic","damage_taken":0,"max_hp_gain":0,"max_hp_loss":0,"event_name":"Bonfire Elementals","floor":21,"gold_loss":0}],"is_beta":false,"boss_relics":[{"not_picked":["Philosopher\u0027s Stone","Velvet Choker"],"picked":"Calling Bell"}],"items_purged_floors":[5,20],"is_endless":false,"potions_floor_spawned":[4,7,13,16,18],"killed_by":"Gremlin Leader","ascension_level":11}}