{"host":"8p5c6x4qt9411139","time":1613538197,"event":{"mods":["Aspiration","BaseMod","BetterRewards","Friendly Minions","Hubris","Infinite Spire","Minty Spire (QoL Compilation)","Quick Restart","Relic Stats","Replay The Spire","Shop Mod","StSLib","The Jungle"],"gold_per_floor":[111,61,80,80,97,97,115,115,115,115,115,145,145,164,164,164,291,291,303,317,317,254,271,271,290,304,304,356,384,384,384,384,404,404,404,481,481,500,511,511,163,163,163,163,163,163,187,187,242,154,167,199,224,224,224],"floor_reached":56,"language":"ENG","playtime":1427,"items_purged":["Searing Blow+9","Strike_R","Strike_R","Strike_R","Defend_R","Defend_R","Shrug It Off"],"score":1625,"play_id":"6f20bff0-09a2-4678-b1eb-f7df11b7d254","local_time":"20210216210317","is_ascension_mode":true,"campfire_choices":[{"data":"Searing Blow+9","floor":6,"key":"SMITH"},{"data":"Searing Blow+10","floor":11,"key":"SMITH"},{"data":"Searing Blow+11","floor":16,"key":"SMITH"},{"data":"Armaments","floor":24,"key":"SMITH"},{"data":"Searing Blow+12","floor":30,"key":"SMITH"},{"data":"Searing Blow+13","floor":32,"key":"SMITH"},{"data":"Searing Blow+14","floor":34,"key":"SMITH"},{"floor":35,"key":"DIG"},{"data":"Searing Blow+16","floor":44,"key":"SMITH"},{"data":"Searing Blow+18","floor":46,"key":"SMITH"},{"data":"Searing Blow+19","floor":54,"key":"SMITH"}],"circlet_count":0,"master_deck":["AscendersBane","Searing Blow+20","Defend_R","Bash","Armaments+1","Shrug It Off+1","Headbutt"],"relics":["Burning Blood","ReplayTheSpireMod:TigerMarble","hubris:MedicalManual","Membership Card","hubris:TinFlute","Thread and Needle","hubris:Icosahedron","Bottled Lightning","hubris:MobiusCoin","Tiny Chest","infinitespire:Cupcake","hubris:DeckOfHolding","Juzu Bracelet","Vajra","ReplayTheSpireMod:Spearhead","Runic Dome","Bottled Flame","Iron Hammer","MerchantsRug","Guide Book","Replay:Baseball","Pear","FossilizedHelix","infinitespire:Satchel","Red Skull"],"acts_visited":["Exordium","Exordium","TheBeyond"],"potions_floor_usage":[36],"damage_taken":[{"damage":0.0,"enemies":"2 Louse","floor":1.0,"turns":3.0},{"damage":0,"enemies":"Jaw Worm","floor":3,"turns":1},{"damage":0,"enemies":"Cultist","floor":5,"turns":1},{"damage":0,"enemies":"Blue Slaver","floor":7,"turns":1},{"damage":0,"enemies":"Lagavulin","floor":12,"turns":4},{"damage":0,"enemies":"Red Slaver","floor":14,"turns":3},{"damage":0,"enemies":"Slime Boss","floor":17,"turns":2},{"damage":6,"enemies":"theJungle:5_Spyders","floor":19,"turns":8},{"damage":0,"enemies":"theJungle:MUSHROOMGANG","floor":20,"turns":5},{"damage":0,"enemies":"theJungle:Lyon","floor":23,"turns":1},{"damage":0,"enemies":"theJungle:2_Snecko_Cultists","floor":25,"turns":4},{"damage":0,"enemies":"theJungle:JungleHuntersEncounter","floor":26,"turns":4},{"damage":0,"enemies":"theJungle:MamaSnecko","floor":29,"turns":3},{"damage":0,"enemies":"Snake Plant","floor":33,"turns":1},{"damage":61,"enemies":"theJungle:TotemBoss","floor":36,"turns":10},{"damage":20,"enemies":"3 Darklings","floor":38,"turns":6},{"damage":10,"enemies":"3 Shapes","floor":39,"turns":5},{"damage":0,"enemies":"2 Orb Walkers","floor":49,"turns":1},{"damage":0,"enemies":"Jaw Worm Horde","floor":51,"turns":2},{"damage":0,"enemies":"R_Hoarder","floor":52,"turns":1},{"damage":0,"enemies":"Replay:Hell Engine","floor":55,"turns":2}],"seed_played":"7987283344362059361","potions_obtained":[{"floor":1.0,"key":"Swift Potion"},{"floor":5,"key":"Milkshake"},{"floor":20,"key":"Energy Potion"},{"floor":52,"key":"Cursed Concoction"}],"is_trial":false,"path_per_floor":["M","?","M","?","M","R","M","AVR","T","T","R","E","?","M","$","R","B",null,"M","M","?","$","M","R","M","M","T","T","E","R","?","R","M","R","R","B",null,"M","M","T","$","?","AVR","R","?","R","T","T","?","$","M","E","T","R","B",null],"character_chosen":"IRONCLAD","items_purchased":["ReplayTheSpireMod:TigerMarble","Membership Card","hubris:TinFlute","Armaments","Shrug It Off","Iron Hammer","Lee\u0027s Waffle","MerchantsRug"],"campfire_rested":0,"item_purchase_floors":[0,0,0,0,0,41,41,41],"current_hp_per_floor":[46,46,52,52,58,58,64,64,64,64,64,70,70,76,76,76,80,80,80,80,80,80,80,80,80,80,80,80,80,80,80,80,80,80,80,25,66,52,48,48,87,87,87,87,87,87,87,97,97,97,97,97,97,97,97],"gold":224,"neow_bonus":"","is_daily":false,"chose_seed":false,"campfire_upgraded":10,"win_rate":0.0,"timestamp":1613538197,"path_taken":["M","?","M","?","M","R","M","AVR","T","T","R","E","?","M","$","R","BOSS","M","M","?","$","M","R","M","M","T","T","E","R","?","R","M","R","R","BOSS","M","M","?","$","?","AVR","R","?","R","T","T","?","$","M","E","?","R","BOSS"],"items_purchased_type":["Relic","Relic","Relic","Card","Card","Relic","Relic","Relic"],"build_version":"2020-12-22","purchased_purges":7,"victory":true,"max_hp_per_floor":[80,80,80,80,80,80,80,80,80,80,80,80,80,80,80,80,80,80,80,80,80,80,80,80,80,80,80,80,80,80,80,80,80,80,80,80,80,80,80,80,87,87,87,87,87,87,87,97,97,97,97,97,97,97,97],"relic_stats":{"counters":[42,155],"Tiny Chest":5,"Juzu Bracelet":4,"obtain_stats":[{"infinitespire:BottledMercury":10,"CeramicFish":13,"Vajra":29,"Whetstone":9,"DollysMirror":31,"MealTicket":49,"hubris:DeckOfHolding":27,"Iron Hammer":41,"hubris:TinFlute":49,"hubris:MobiusCoin":10,"MerchantsRug":41,"Pear":48,"Astrolabe":36,"Blue Candle":46,"Oddly Smooth Stone":45,"Pen Nib":45,"Runic Dome":37,"ReplayTheSpireMod:Spearhead":35,"Bottled Flame":40,"Replay:Baseball":47,"MutagenicStrength":21,"ReplayTheSpireMod:TigerMarble":0,"Grinning Jar":31,"infinitespire:Cupcake":18,"aspiration:Lifesprig":7,"Lantern":40,"Juzu Bracelet":40,"Ancient Tea Set":32,"Burning Blood":0,"Matryoshka":31,"hubris:Icosahedron":39,"hubris:Backtick":49,"Tiny Chest":27,"hubris:IronBody":25,"Red Skull":53,"aspiration:ChemicalBlood":22,"Lee\u0027s Waffle":41,"hubris:64BitClover":42,"Guide Book":43,"Thread and Needle":0,"PreservedInsect":38,"hubris:MedicalManual":0,"aspiration:HummingbirdHeart":0,"Pondfish Scales":0,"infinitespire:Satchel":52,"Bag of Marbles":0,"Coffee Dripper":18,"Membership Card":0,"Bottled Lightning":9,"Toy Ornithopter":30,"FossilizedHelix":49},{"infinitespire:BottledMercury":4,"CeramicFish":6,"Vajra":34,"Whetstone":4,"DollysMirror":12,"MealTicket":19,"hubris:DeckOfHolding":33,"Iron Hammer":38,"hubris:TinFlute":19,"hubris:MobiusCoin":25,"MerchantsRug":38,"Pear":38,"Astrolabe":15,"Blue Candle":18,"Oddly Smooth Stone":18,"Pen Nib":18,"Runic Dome":36,"ReplayTheSpireMod:Spearhead":35,"Bottled Flame":38,"Replay:Baseball":38,"MutagenicStrength":10,"ReplayTheSpireMod:TigerMarble":21,"Grinning Jar":12,"infinitespire:Cupcake":28,"aspiration:Lifesprig":4,"Lantern":16,"Juzu Bracelet":16,"Ancient Tea Set":13,"Burning Blood":0,"Matryoshka":12,"hubris:Icosahedron":16,"hubris:Backtick":19,"Tiny Chest":12,"hubris:IronBody":12,"Red Skull":41,"aspiration:ChemicalBlood":10,"Lee\u0027s Waffle":38,"hubris:64BitClover":17,"Guide Book":38,"Thread and Needle":21,"PreservedInsect":16,"hubris:MedicalManual":21,"aspiration:HummingbirdHeart":0,"Pondfish Scales":0,"infinitespire:Satchel":41,"Bag of Marbles":0,"Coffee Dripper":9,"Membership Card":21,"Bottled Lightning":25,"Toy Ornithopter":12,"FossilizedHelix":39},{"infinitespire:BottledMercury":12,"CeramicFish":17,"Vajra":127,"Whetstone":12,"DollysMirror":42,"MealTicket":72,"hubris:DeckOfHolding":124,"Iron Hammer":149,"hubris:TinFlute":72,"hubris:MobiusCoin":93,"MerchantsRug":149,"Pear":149,"Astrolabe":57,"Blue Candle":70,"Oddly Smooth Stone":70,"Pen Nib":70,"Runic Dome":138,"ReplayTheSpireMod:Spearhead":128,"Bottled Flame":149,"Replay:Baseball":149,"MutagenicStrength":32,"ReplayTheSpireMod:TigerMarble":87,"Grinning Jar":42,"infinitespire:Cupcake":102,"aspiration:Lifesprig":12,"Lantern":62,"Juzu Bracelet":62,"Ancient Tea Set":47,"Burning Blood":0,"Matryoshka":42,"hubris:Icosahedron":62,"hubris:Backtick":72,"Tiny Chest":42,"hubris:IronBody":42,"Red Skull":153,"aspiration:ChemicalBlood":32,"Lee\u0027s Waffle":149,"hubris:64BitClover":67,"Guide Book":149,"Thread and Needle":87,"PreservedInsect":62,"hubris:MedicalManual":87,"aspiration:HummingbirdHeart":0,"Pondfish Scales":0,"infinitespire:Satchel":153,"Bag of Marbles":0,"Coffee Dripper":30,"Membership Card":87,"Bottled Lightning":93,"Toy Ornithopter":42,"FossilizedHelix":150}],"Burning Blood":186},"card_choices":[{"not_picked":["Seeing Red","Twin Strike","Entrench"],"picked":"SKIP","floor":1.0},{"not_picked":["ReplayReversal","Feel No Pain","ReplayTheSpireMod:Stacked"],"picked":"SKIP","floor":3},{"not_picked":["Seeing Red","Body Slam","Flex"],"picked":"SKIP","floor":5},{"not_picked":["Thunderclap","Pommel Strike","Feel No Pain"],"picked":"SKIP","floor":7},{"not_picked":["Flex","Metallicize","Dual Wield"],"picked":"SKIP","floor":12},{"not_picked":["hubris:ReadiedAction","Heavy Blade","infinitespire:OneForAll"],"picked":"SKIP","floor":14},{"not_picked":["Dual Wield","Twin Strike","Ghostly Armor"],"picked":"SKIP","floor":19},{"not_picked":["Whirlwind","Heavy Blade+1","Perfected Strike"],"picked":"SKIP","floor":20},{"not_picked":["Replay:Undeath\u0027s Touch","Feel No Pain","Wild Strike"],"picked":"SKIP","floor":23},{"not_picked":["Wild Strike","Perfected Strike","Burning Pact"],"picked":"SKIP","floor":25},{"not_picked":["ReplayTheSpireMod:Limb From Limb","Replay:Undeath\u0027s Touch","Sever Soul"],"picked":"SKIP","floor":26},{"not_picked":["Anger+1","Clothesline","Demonic Infusion"],"picked":"SKIP","floor":29},{"not_picked":["Cleave","Armaments","Anger"],"picked":"SKIP","floor":33},{"not_picked":["Pummel","Replay:Undeath\u0027s Touch","Iron Wave"],"picked":"SKIP","floor":38},{"not_picked":["Infernal Blade","Sword Boomerang","Entrench+1"],"picked":"SKIP","floor":39},{"not_picked":["Pommel Strike+1","Defy Death","Dropkick"],"picked":"SKIP","floor":51},{"not_picked":["Pommel Strike","Anger","Feel No Pain"],"picked":"SKIP","floor":52}],"player_experience":433317,"relics_obtained":[{"floor":9,"key":"Bottled Lightning"},{"floor":10,"key":"hubris:MobiusCoin"},{"floor":12,"key":"Tiny Chest"},{"floor":27,"key":"hubris:DeckOfHolding"},{"floor":28,"key":"Juzu Bracelet"},{"floor":29,"key":"Vajra"},{"floor":35,"key":"ReplayTheSpireMod:Spearhead"},{"floor":40,"key":"Bottled Flame"},{"floor":47,"key":"Replay:Baseball"},{"floor":48,"key":"Pear"},{"floor":49,"key":"FossilizedHelix"},{"floor":52,"key":"infinitespire:Satchel"},{"floor":53,"key":"Red Skull"}],"event_choices":[{"cards_removed":["Strike_R"],"damage_healed":0,"gold_gain":0,"player_choice":"Card Removal","damage_taken":0,"max_hp_gain":0,"max_hp_loss":0,"event_name":"The Cleric","floor":2,"gold_loss":50},{"damage_healed":0,"gold_gain":0,"cards_transformed":["Defend_R"],"player_choice":"Transformed","damage_taken":0,"max_hp_gain":0,"max_hp_loss":0,"event_name":"Transmorgrifier","floor":42,"gold_loss":0,"cards_obtained":["Headbutt"]},{"damage_healed":0,"gold_gain":0,"player_choice":"Fight","damage_taken":0,"max_hp_gain":0,"max_hp_loss":0,"event_name":"Mysterious Sphere","floor":49,"gold_loss":0}],"is_beta":false,"boss_relics":[{"not_picked":["Replay:Ancient Bell","Ectoplasm"],"picked":"infinitespire:Cupcake"},{"not_picked":["hubris:ScarierMask","SacredBark"],"picked":"Runic Dome"}],"items_purged_floors":[0,8,15,22,41,43,50],"is_endless":false,"potions_floor_spawned":[1,5,12,20,23,29,49,52],"ascension_level":13}}