{"host":"yhipfp2q5jnlph7f","time":1613578367,"event":{"mods":["BaseMod","Minty Spire (QoL Compilation)","Quick Restart"],"gold_per_floor":[116,116,132,232,250,261,295,295,295,328,1,11,41,52,52,155,155,167,196,207,59,77,143,143,172,220,220,230,259,276,191,191,295,295,315,327,339,561,610,635,635,197,248,248,283,45,59,75,75,75],"floor_reached":51,"language":"JPN","playtime":4293,"items_purged":["Strike_P","Strike_P"],"score":984,"play_id":"a5655579-fdd9-4ad9-bb4d-71349147e765","local_time":"20210218011247","is_ascension_mode":true,"campfire_choices":[{"data":"Eruption","floor":8.0,"key":"SMITH"},{"data":"Vigilance","floor":15.0,"key":"SMITH"},{"data":"Devotion","floor":24.0,"key":"SMITH"},{"data":"EmptyBody","floor":27.0,"key":"SMITH"},{"data":"InnerPeace","floor":32.0,"key":"SMITH"},{"floor":41,"key":"REST"},{"data":"Mayhem","floor":49,"key":"SMITH"}],"circlet_count":0,"master_deck":["Defend_P+1","Defend_P","Defend_P+1","Eruption+1","Vigilance+1","InnerPeace+1","FlurryOfBlows","EmptyBody+1","Scrawl+1","EmptyBody+1","The Bomb+1","Devotion+1","ForeignInfluence+1","ConjureBlade+1","Protect+1","Vengeance+1","Alpha+1","Madness+1","Mayhem+1"],"relics":["Empty Cage","Toxic Egg 2","Sundial","Bottled Lightning","Oddly Smooth Stone","White Beast Statue","SacredBark","Red Mask","Damaru","Smiling Mask","Yang","Happy Flower","Dream Catcher","Ginger","Busted Crown","Calipers","Singing Bowl","Lee\u0027s Waffle","War Paint","Toy Ornithopter","Art of War"],"acts_visited":["Exordium","TheCity","TheBeyond"],"potions_floor_usage":[40],"damage_taken":[{"damage":3.0,"enemies":"Small Slimes","floor":1.0,"turns":4.0},{"damage":3.0,"enemies":"Jaw Worm","floor":3.0,"turns":5.0},{"damage":9.0,"enemies":"Cultist","floor":5.0,"turns":6.0},{"damage":0.0,"enemies":"2 Fungi Beasts","floor":6.0,"turns":3.0},{"damage":4.0,"enemies":"Gremlin Nob","floor":7.0,"turns":4.0},{"damage":9.0,"enemies":"3 Sentries","floor":10.0,"turns":7.0},{"damage":2.0,"enemies":"Blue Slaver","floor":12.0,"turns":2.0},{"damage":6.0,"enemies":"Lagavulin","floor":13.0,"turns":6.0},{"damage":11.0,"enemies":"3 Louse","floor":14.0,"turns":3.0},{"damage":0.0,"enemies":"Slime Boss","floor":16.0,"turns":5.0},{"damage":0.0,"enemies":"Shell Parasite","floor":18.0,"turns":5.0},{"damage":5.0,"enemies":"Masked Bandits","floor":19.0,"turns":3.0},{"damage":0.0,"enemies":"3 Byrds","floor":20.0,"turns":4.0},{"damage":0.0,"enemies":"Snecko","floor":22.0,"turns":3.0},{"damage":0.0,"enemies":"Slavers","floor":23.0,"turns":3.0},{"damage":22.0,"enemies":"Gremlin Leader","floor":25.0,"turns":5.0},{"damage":0.0,"enemies":"Cultist and Chosen","floor":28.0,"turns":4.0},{"damage":12.0,"enemies":"Slavers","floor":29.0,"turns":4.0},{"damage":0.0,"enemies":"Shelled Parasite and Fungi","floor":30.0,"turns":3.0},{"damage":32.0,"enemies":"Collector","floor":33.0,"turns":6.0},{"damage":17.0,"enemies":"Orb Walker","floor":35.0,"turns":3.0},{"damage":0.0,"enemies":"3 Darklings","floor":36.0,"turns":2.0},{"damage":1.0,"enemies":"Transient","floor":37.0,"turns":5.0},{"damage":12.0,"enemies":"2 Orb Walkers","floor":39.0,"turns":3.0},{"damage":34,"enemies":"Reptomancer","floor":40,"turns":6},{"damage":17,"enemies":"Giant Head","floor":45,"turns":5},{"damage":0,"enemies":"Sphere and 2 Shapes","floor":47,"turns":4},{"damage":0,"enemies":"4 Shapes","floor":48,"turns":4},{"damage":1,"enemies":"Donu and Deca","floor":50,"turns":6}],"seed_played":"8268809666998147291","potions_obtained":[{"floor":1.0,"key":"AttackPotion"},{"floor":7.0,"key":"Regen Potion"},{"floor":10.0,"key":"SkillPotion"},{"floor":13.0,"key":"Weak Potion"},{"floor":14.0,"key":"BlessingOfTheForge"},{"floor":16.0,"key":"Energy Potion"},{"floor":18.0,"key":"BottledMiracle"},{"floor":19.0,"key":"BlessingOfTheForge"},{"floor":20.0,"key":"ColorlessPotion"},{"floor":22.0,"key":"SneckoOil"},{"floor":23.0,"key":"Energy Potion"},{"floor":30.0,"key":"Explosive Potion"},{"floor":33.0,"key":"Fire Potion"},{"floor":35.0,"key":"Block Potion"},{"floor":36.0,"key":"FairyPotion"},{"floor":39.0,"key":"ColorlessPotion"},{"floor":40,"key":"EntropicBrew"},{"floor":47,"key":"Regen Potion"}],"is_trial":false,"path_per_floor":["M","?","M","?","M","M","E","R","T","E","$","M","E","M","R","B",null,"M","?","M","$","M","E","R","E","T","R","M","E","M","?","R","B",null,"M","M","M","?","?","E","R","$","T","?","E","$","M","M","R","B",null],"character_chosen":"WATCHER","items_purchased":["Oddly Smooth Stone","The Bomb+1","Damaru","Madness+1","Lee\u0027s Waffle","War Paint","Mayhem"],"campfire_rested":1,"item_purchase_floors":[11,11,21,42,42,42,46],"current_hp_per_floor":[69,69,66,66,57,57,53,53,53,44,44,42,36,25,25,25,72,72,67,67,67,67,67,67,45,45,45,45,33,33,33,33,1,72,55,55,54,54,42,10,34,83,83,83,68,68,70,72,72,71],"gold":75,"neow_bonus":"BOSS_RELIC","is_daily":false,"chose_seed":false,"campfire_upgraded":6,"win_rate":0.0,"timestamp":1613578367,"path_taken":["M","?","M","?","?","M","E","R","T","E","$","M","E","M","R","BOSS","M","?","M","$","M","E","R","E","T","R","M","E","M","?","R","BOSS","M","M","M","?","?","E","R","$","T","?","E","$","M","M","R","BOSS"],"items_purchased_type":["Relic","Card","Relic","Card","Relic","Relic","Card"],"build_version":"2020-12-22","purchased_purges":2,"victory":true,"max_hp_per_floor":[72,72,72,72,72,72,72,72,72,72,72,72,72,72,72,72,72,72,72,72,72,72,72,72,72,72,72,72,72,72,72,72,72,72,72,72,72,72,72,74,76,83,83,83,85,85,87,89,89,89],"card_choices":[{"not_picked":["CrushJoints","Wallop"],"picked":"InnerPeace","floor":1.0},{"not_picked":["FlyingSleeves","CutThroughFate","SandsOfTime"],"picked":"SKIP","floor":3.0},{"not_picked":["WheelKick","FollowUp"],"picked":"FlurryOfBlows","floor":5.0},{"not_picked":["ReachHeaven","BowlingBash"],"picked":"EmptyBody","floor":6.0},{"not_picked":["Prostrate+1","FlurryOfBlows"],"picked":"Scrawl+1","floor":7.0},{"not_picked":["Consecrate","ThirdEye+1"],"picked":"EmptyBody+1","floor":10.0},{"not_picked":["EmptyFist","Consecrate","Evaluate+1"],"picked":"SKIP","floor":12.0},{"not_picked":["WindmillStrike","Halt+1","Adaptation"],"picked":"SKIP","floor":13.0},{"not_picked":["BattleHymn","Swivel+1","FlyingSleeves"],"picked":"SKIP","floor":14.0},{"not_picked":["Ragnarok","Establishment"],"picked":"Devotion","floor":16.0},{"not_picked":["ClearTheMind+1","PathToVictory+1"],"picked":"ForeignInfluence+1","floor":18.0},{"not_picked":["EmptyFist","Protect+1","LessonLearned"],"picked":"SKIP","floor":20.0},{"not_picked":["Protect+1","Halt+1","JustLucky"],"picked":"SKIP","floor":22.0},{"not_picked":["FlurryOfBlows","Consecrate+1"],"picked":"ConjureBlade+1","floor":23.0},{"not_picked":["DeceiveReality+1","Prostrate+1","JustLucky"],"picked":"SKIP","floor":25.0},{"not_picked":["PathToVictory+1","BowlingBash","FlurryOfBlows"],"picked":"SKIP","floor":28.0},{"not_picked":["EmptyFist+1","Collect+1"],"picked":"Protect+1","floor":29.0},{"not_picked":["WreathOfFlame+1","Prostrate+1"],"picked":"Vengeance+1","floor":30.0},{"not_picked":["ConjureBlade+1","LessonLearned"],"picked":"Alpha+1","floor":33.0},{"not_picked":["Meditate+1"],"picked":"SKIP","floor":35.0},{"not_picked":["Crescendo+1"],"picked":"SKIP","floor":36.0},{"not_picked":["SandsOfTime+1"],"picked":"SKIP","floor":37.0},{"not_picked":["Pray+1"],"picked":"Singing Bowl","floor":40},{"not_picked":["PathToVictory+1"],"picked":"Singing Bowl","floor":41},{"not_picked":["ThirdEye+1"],"picked":"Singing Bowl","floor":45},{"not_picked":["JustLucky"],"picked":"Singing Bowl","floor":47},{"not_picked":["FlurryOfBlows+1"],"picked":"Singing Bowl","floor":48}],"player_experience":1920671,"relics_obtained":[{"floor":7.0,"key":"Toxic Egg 2"},{"floor":9.0,"key":"Sundial"},{"floor":10.0,"key":"Bottled Lightning"},{"floor":13.0,"key":"White Beast Statue"},{"floor":19.0,"key":"Red Mask"},{"floor":23.0,"key":"Smiling Mask"},{"floor":25.0,"key":"Yang"},{"floor":26.0,"key":"Happy Flower"},{"floor":29.0,"key":"Dream Catcher"},{"floor":39.0,"key":"Calipers"},{"floor":40,"key":"Singing Bowl"},{"floor":43,"key":"Toy Ornithopter"},{"floor":45,"key":"Art of War"}],"event_choices":[{"damage_healed":0.0,"max_hp_gain":0.0,"max_hp_loss":0.0,"gold_gain":0.0,"cards_transformed":["Strike_P"],"event_name":"Living Wall","player_choice":"Change","floor":2.0,"gold_loss":0.0,"damage_taken":0.0,"cards_obtained":["Wireheading"]},{"damage_healed":0.0,"max_hp_gain":0.0,"max_hp_loss":0.0,"gold_gain":100.0,"event_name":"Golden Shrine","player_choice":"Pray","floor":4.0,"gold_loss":0.0,"damage_taken":0.0},{"damage_healed":0.0,"max_hp_gain":0.0,"max_hp_loss":0.0,"gold_gain":0.0,"event_name":"Masked Bandits","player_choice":"Fought Bandits","floor":19.0,"gold_loss":0.0,"damage_taken":0.0},{"damage_healed":0.0,"max_hp_gain":0.0,"max_hp_loss":0.0,"gold_gain":0.0,"event_name":"Addict","player_choice":"Obtained Relic","floor":31.0,"gold_loss":85.0,"damage_taken":0.0,"relics_obtained":["Ginger"]},{"damage_healed":0.0,"max_hp_gain":0.0,"max_hp_loss":0.0,"gold_gain":222.0,"event_name":"Tomb of Lord Red Mask","player_choice":"Wore Mask","floor":38.0,"gold_loss":0.0,"damage_taken":0.0},{"damage_healed":0.0,"max_hp_gain":0.0,"max_hp_loss":0.0,"gold_gain":0.0,"event_name":"Mysterious Sphere","player_choice":"Fight","floor":39.0,"gold_loss":0.0,"damage_taken":0.0},{"cards_removed":["Wireheading"],"damage_healed":0,"gold_gain":0,"player_choice":"Removed Power","damage_taken":0,"max_hp_gain":0,"max_hp_loss":0,"event_name":"Falling","floor":44,"gold_loss":0}],"is_beta":false,"boss_relics":[{"not_picked":["SlaversCollar","Calling Bell"],"picked":"SacredBark"},{"not_picked":["Snecko Eye","Astrolabe"],"picked":"Busted Crown"}],"items_purged_floors":[42,46],"is_endless":false,"potions_floor_spawned":[1,7,10,13,14,16,18,19,20,22,23,25,28,29,30,33,35,36,37,39,40,45,47,48],"ascension_level":3}}