{"host":"6h0diz2ap0m56grs","time":1613589073,"event":{"mods":["2.2 Compatiblity","BaseMod","Colored Map","Marisa????????","Minty Spire (QoL Compilation)","Quick Restart","Replay The Spire","Shop Mod","StSLib","The Cursed","The Exalted","The Necromancer","The Servant 0.9.4"],"gold_per_floor":[115,126,60,79,79,111,142,177,177,205,205,238,273,122,122,122,122],"floor_reached":16,"language":"ENG","playtime":588,"items_purged":[],"score":285,"play_id":"d05b1881-fc00-4991-bb1a-bf2d213a5d59","local_time":"20210217131113","daily_mods":["SealedDeck","Heirloom","Time Dilation","Flight"],"is_ascension_mode":true,"campfire_choices":[{"data":"Blood_Wake","floor":15,"key":"SMITH"},{"data":"Pandemic","floor":15,"key":"SMITH"}],"circlet_count":0,"master_deck":["Negative_Energy_Shield","Negative_Energy_Shield","Bones_to_Steel","Summon_Undead","Negative_Energy_Shield","Bone_Armor","Pandemic+1","Summon_Undead","Negative_Energy_Burst","Summon_Undead_Army+1","Bone_Bullets","Flesh_Made_Foul","Negative_Energy_Sphere","Blood_Wake+1","Negative_Energy_Burst"],"relics":["Snecko Eye","Ring of Chaos","replay:Trail_Library","Turnip","Kunai","Bromod:ArcaneAegis","Replay:Arrowhead","Oddly Smooth Stone","Mango","Bromod:ArcaneTempo","Bag of Marbles","Centennial Puzzle","Orichalcum"],"acts_visited":["Exordium"],"potions_floor_usage":[],"damage_taken":[{"damage":0,"enemies":"2 Louse","floor":1,"turns":1},{"damage":0,"enemies":"Cultist","floor":2,"turns":3},{"damage":0,"enemies":"Small Slimes","floor":4,"turns":4},{"damage":0,"enemies":"Gremlin Nob","floor":6,"turns":3},{"damage":0,"enemies":"Lagavulin","floor":7,"turns":5},{"damage":0,"enemies":"3 Sentries","floor":8,"turns":4},{"damage":0,"enemies":"Gremlin Nob","floor":10,"turns":2},{"damage":0,"enemies":"3 Sentries","floor":12,"turns":2},{"damage":7,"enemies":"Lagavulin","floor":13,"turns":4},{"damage":5,"enemies":"Fading Forest","floor":16,"turns":4}],"seed_played":"2853617366060274697","potions_obtained":[{"floor":2,"key":"EntropicBrew"},{"floor":6,"key":"ColorlessPotion"},{"floor":8,"key":"LifebloodPotion"}],"is_trial":true,"path_per_floor":["M","M","?","M","?","E","E","E","T","E","?","E","E","$","R","B"],"character_chosen":"NECROMANCER","items_purchased":["Orichalcum"],"campfire_rested":0,"item_purchase_floors":[14],"current_hp_per_floor":[75,75,75,75,75,75,75,75,89,89,89,89,82,82,82,77,77],"gold":122,"neow_bonus":"","is_daily":false,"chose_seed":false,"campfire_upgraded":2,"win_rate":0.0,"timestamp":1613589073,"path_taken":["M","M","?","?","?","E","E","E","T","E","?","E","E","$","R","BOSS"],"items_purchased_type":["Relic"],"build_version":"2020-12-22","purchased_purges":0,"victory":false,"max_hp_per_floor":[75,75,75,75,75,75,75,75,89,89,89,89,89,89,89,89,89],"card_choices":[{"not_picked":["Bone_Bullets","Necromantic_Selection","Negative_Energy_Shield"],"picked":"SKIP","floor":1},{"not_picked":["Chill_Blood","Bone_Spikes","Bone_Shift"],"picked":"SKIP","floor":2},{"not_picked":["Life_Tap","Vampiric_Strike"],"picked":"Bone_Bullets","floor":4},{"not_picked":["Bone_Prison","Toxic_Smoke_Screen"],"picked":"Flesh_Made_Foul","floor":6},{"not_picked":["Chill_Blood","Whirlwind_of_Bones"],"picked":"Negative_Energy_Sphere","floor":7},{"not_picked":["Negative_Energy_Bomb","Finger_Of_Death"],"picked":"Blood_Wake","floor":8},{"not_picked":["Death_March_Dance","Life_Tap","Toxic_Smoke_Screen"],"picked":"SKIP","floor":10},{"not_picked":["Acid_Javelin","Negative_Energy_Javelin","Bone_Bullets"],"picked":"SKIP","floor":12},{"not_picked":["Spectral_Walk","Death_Coil","Blood_Curse"],"picked":"SKIP","floor":13}],"player_experience":554450,"relics_obtained":[{"floor":6,"key":"Bromod:ArcaneAegis"},{"floor":7,"key":"Replay:Arrowhead"},{"floor":8,"key":"Oddly Smooth Stone"},{"floor":9,"key":"Mango"},{"floor":10,"key":"Bromod:ArcaneTempo"},{"floor":12,"key":"Bag of Marbles"},{"floor":13,"key":"Centennial Puzzle"}],"event_choices":[{"damage_healed":0,"gold_gain":0,"player_choice":"Paid Gold","damage_taken":0,"relics_obtained":["Kunai"],"max_hp_gain":0,"max_hp_loss":0,"event_name":"WeMeetAgain","floor":3,"gold_loss":66},{"damage_healed":0,"gold_gain":0,"player_choice":"Grow","damage_taken":0,"max_hp_gain":0,"max_hp_loss":0,"event_name":"Living Wall","floor":11,"gold_loss":0,"cards_upgraded":["Summon_Undead_Army"]}],"is_beta":false,"boss_relics":[],"items_purged_floors":[],"is_endless":false,"potions_floor_spawned":[2,6,8,10],"killed_by":"Fading Forest","ascension_level":1}}