{"host":"8iprjuzow65cevwy","time":1613601176,"event":{"mods":["BaseMod","Colored Map","Highlight Path","Minty Spire (QoL Compilation)","Permanent Neow"],"gold_per_floor":[115,115,135,151,72,91,416,416,416,430,430,442,462,479,479,582,582,599,599,524,574,589,589,61,80,80,105,75,37,50,66,66,164,164,174,174,174,192,19,53,53,72,97,97,97,107,117,24,24,24,24],"floor_reached":50,"language":"ENG","playtime":3133,"items_purged":["Doubt"],"score":744,"play_id":"b7c9193c-6dfc-4618-94da-7858e97c0cd0","local_time":"20210217233256","is_ascension_mode":true,"campfire_choices":[{"data":"Iron Wave","floor":8,"key":"SMITH"},{"floor":15,"key":"REST"},{"floor":32,"key":"REST"},{"floor":41,"key":"REST"},{"floor":49,"key":"REST"}],"circlet_count":0,"master_deck":["Strike_R","Strike_R","Strike_R","Strike_R","Defend_R","Defend_R+1","Defend_R","Defend_R","Bash","Thunderclap+1","Hemokinesis","Spot Weakness","Iron Wave+1","Metallicize","Iron Wave","Sever Soul","Warcry","Heavy Blade","Brutality","Headbutt","Rupture","Thunderclap","True Grit","Spot Weakness","Brutality","True Grit","Clumsy","Iron Wave","Sword Boomerang+1","Entrench+1","Immolate","Bloodletting+1","Burning Pact","Anger","Thunderclap+1","Clumsy","Madness","Madness","Armaments+1","Inflame+1","Master of Strategy"],"relics":["Burning Blood","Champion Belt","Old Coin","CaptainsWheel","Cursed Key","Thread and Needle","Membership Card","Du-Vu Doll","Blood Vial","Self Forming Clay","Ginger","Sozu","Calipers","Bronze Scales","Art of War"],"acts_visited":["Exordium","TheCity","TheBeyond"],"potions_floor_usage":[16,27,27,30,31,50,50],"damage_taken":[{"damage":7,"enemies":"2 Louse","floor":1,"turns":4},{"damage":6,"enemies":"Jaw Worm","floor":3,"turns":4},{"damage":0,"enemies":"Small Slimes","floor":4,"turns":3},{"damage":4,"enemies":"2 Fungi Beasts","floor":6,"turns":3},{"damage":32,"enemies":"Gremlin Nob","floor":7,"turns":5},{"damage":9,"enemies":"3 Louse","floor":10,"turns":4},{"damage":11,"enemies":"Exordium Thugs","floor":12,"turns":3},{"damage":0,"enemies":"Blue Slaver","floor":13,"turns":4},{"damage":2,"enemies":"Red Slaver","floor":14,"turns":3},{"damage":13,"enemies":"Slime Boss","floor":16,"turns":11},{"damage":24,"enemies":"Chosen","floor":18,"turns":5},{"damage":8,"enemies":"3 Byrds","floor":22,"turns":5},{"damage":20,"enemies":"Sentry and Sphere","floor":25,"turns":6},{"damage":24,"enemies":"Gremlin Leader","floor":27,"turns":7},{"damage":11,"enemies":"3 Cultists","floor":30,"turns":4},{"damage":3,"enemies":"Centurion and Healer","floor":31,"turns":4},{"damage":76,"enemies":"Champ","floor":33,"turns":9},{"damage":10,"enemies":"3 Shapes","floor":35,"turns":3},{"damage":2,"enemies":"Orb Walker","floor":38,"turns":4},{"damage":67,"enemies":"Giant Head","floor":40,"turns":9},{"damage":23,"enemies":"4 Shapes","floor":42,"turns":4},{"damage":35,"enemies":"Writhing Mass","floor":46,"turns":4},{"damage":26,"enemies":"Spire Growth","floor":47,"turns":5},{"damage":53,"enemies":"Donu and Deca","floor":50,"turns":4}],"seed_played":"5726166768656639850","potions_obtained":[{"floor":6,"key":"GamblersBrew"},{"floor":10,"key":"Strength Potion"},{"floor":14,"key":"Block Potion"},{"floor":16,"key":"EssenceOfSteel"},{"floor":28,"key":"FairyPotion"},{"floor":28,"key":"Ancient Potion"},{"floor":30,"key":"EssenceOfSteel"},{"floor":33,"key":"Ancient Potion"}],"is_trial":false,"path_per_floor":["M","?","M","M","$","M","E","R","T","M","?","M","M","M","R","B",null,"M","?","?","?","M","T","$","M","T","E","?","$","M","M","R","B",null,"M","?","?","M","$","E","R","M","T","?","?","M","M","$","R","B"],"character_chosen":"IRONCLAD","items_purchased":["Spot Weakness","Membership Card","Thunderclap","Du-Vu Doll","True Grit","Spot Weakness","Brutality","Blood Vial","Calipers","Anger","Master of Strategy"],"campfire_rested":4,"item_purchase_floors":[5,24,24,24,24,24,24,24,39,39,48],"current_hp_per_floor":[71,55,55,61,61,63,37,37,37,34,34,29,35,39,63,56,74,56,56,56,56,54,54,54,42,42,26,26,26,23,28,52,28,67,65,65,65,71,71,12,36,21,21,70,61,34,16,16,37,0,0],"gold":24,"neow_bonus":"ONE_RARE_RELIC","is_daily":false,"chose_seed":false,"campfire_upgraded":1,"win_rate":0.0,"timestamp":1613601176,"path_taken":["M","?","M","M","$","M","E","R","T","M","?","M","?","M","R","BOSS","M","?","?","?","?","?","$","M","T","E","?","$","?","M","R","BOSS","M","?","?","?","?","E","R","M","T","?","?","M","M","$","R","BOSS"],"items_purchased_type":["Card","Relic","Card","Relic","Card","Card","Card","Relic","Relic","Card","Card"],"build_version":"2020-12-22","purchased_purges":1,"victory":false,"max_hp_per_floor":[80,80,80,80,80,80,80,80,80,80,80,80,80,80,80,80,80,80,80,80,80,80,80,80,80,80,80,80,80,80,80,80,80,80,80,80,80,80,80,80,80,80,80,70,70,70,70,70,70,70,70],"card_choices":[{"not_picked":["Perfected Strike","Body Slam"],"picked":"Thunderclap","floor":1},{"not_picked":["Body Slam","Sword Boomerang"],"picked":"Hemokinesis","floor":3},{"not_picked":["Burning Pact","Twin Strike"],"picked":"Flex","floor":4},{"not_picked":["Flex","Rupture"],"picked":"Iron Wave","floor":6},{"not_picked":["Headbutt","Sentinel"],"picked":"Metallicize","floor":7},{"not_picked":["Searing Blow","Entrench"],"picked":"Iron Wave","floor":10},{"not_picked":["Iron Wave","Twin Strike","Clash"],"picked":"SKIP","floor":12},{"not_picked":["Iron Wave","Havoc"],"picked":"Warcry","floor":13},{"not_picked":["Armaments","Havoc"],"picked":"Heavy Blade","floor":14},{"not_picked":["Double Tap","Juggernaut"],"picked":"Brutality","floor":16},{"not_picked":["Iron Wave","Body Slam"],"picked":"Headbutt","floor":18},{"not_picked":["Whirlwind","Power Through+1"],"picked":"Rupture","floor":22},{"not_picked":["Second Wind","Spot Weakness"],"picked":"True Grit","floor":25},{"not_picked":["Perfected Strike","Bludgeon"],"picked":"Iron Wave","floor":27},{"not_picked":["Heavy Blade","Dropkick"],"picked":"Sword Boomerang+1","floor":30},{"not_picked":["Sword Boomerang","Wild Strike"],"picked":"Entrench+1","floor":31},{"not_picked":["Brutality","Demon Form"],"picked":"Immolate","floor":33},{"not_picked":["Armaments","Anger"],"picked":"Bloodletting+1","floor":35},{"not_picked":["Cleave+1","Shrug It Off+1"],"picked":"Burning Pact","floor":38},{"not_picked":["Twin Strike+1","Perfected Strike","Fire Breathing+1"],"picked":"SKIP","floor":40},{"not_picked":["Dual Wield+1","Anger"],"picked":"Thunderclap+1","floor":42},{"not_picked":["Clash","Burning Pact"],"picked":"Armaments+1","floor":46},{"not_picked":["Cleave","Intimidate"],"picked":"Inflame+1","floor":47}],"player_experience":364406,"relics_obtained":[{"floor":7,"key":"Old Coin"},{"floor":9,"key":"CaptainsWheel"},{"floor":23,"key":"Thread and Needle"},{"floor":26,"key":"Self Forming Clay"},{"floor":27,"key":"Ginger"},{"floor":40,"key":"Bronze Scales"},{"floor":43,"key":"Art of War"}],"event_choices":[{"damage_healed":0,"gold_gain":0,"player_choice":"Entered Light","damage_taken":16,"max_hp_gain":0,"max_hp_loss":0,"event_name":"Shining Light","floor":2,"gold_loss":0,"cards_upgraded":["Thunderclap","Defend_R"]},{"damage_healed":0,"gold_gain":0,"cards_transformed":["Strike_R"],"player_choice":"Change","damage_taken":0,"max_hp_gain":0,"max_hp_loss":0,"event_name":"Living Wall","floor":11,"gold_loss":0,"cards_obtained":["Sever Soul"]},{"damage_healed":0,"gold_gain":0,"player_choice":"Ignored","damage_taken":0,"max_hp_gain":0,"max_hp_loss":0,"event_name":"Vampires","floor":19,"gold_loss":0},{"cards_removed":["Writhe"],"damage_healed":0,"gold_gain":0,"player_choice":"Gave Gold","damage_taken":0,"max_hp_gain":0,"max_hp_loss":0,"event_name":"Beggar","floor":20,"gold_loss":75},{"damage_healed":0,"gold_gain":100,"player_choice":"Bet on Murderer","damage_taken":0,"max_hp_gain":0,"max_hp_loss":0,"event_name":"The Joust","floor":21,"gold_loss":50},{"damage_healed":0,"gold_gain":0,"player_choice":"Bought 2 Potions","damage_taken":0,"max_hp_gain":0,"max_hp_loss":0,"event_name":"The Woman in Blue","floor":28,"gold_loss":0},{"damage_healed":0,"gold_gain":0,"player_choice":"Ignored","damage_taken":0,"max_hp_gain":0,"max_hp_loss":0,"event_name":"Tomb of Lord Red Mask","floor":36,"gold_loss":0},{"cards_removed":["Flex"],"damage_healed":0,"gold_gain":0,"player_choice":"Removed Skill","damage_taken":0,"max_hp_gain":0,"max_hp_loss":0,"event_name":"Falling","floor":37,"gold_loss":0},{"damage_healed":70,"gold_gain":0,"player_choice":"Heal","damage_taken":0,"max_hp_gain":0,"max_hp_loss":10,"event_name":"The Moai Head","floor":44,"gold_loss":0},{"damage_healed":0,"gold_gain":0,"player_choice":"Embrace Madness","damage_taken":9,"max_hp_gain":0,"max_hp_loss":0,"event_name":"Winding Halls","floor":45,"gold_loss":0,"cards_obtained":["Madness","Madness"]}],"is_beta":false,"boss_relics":[{"not_picked":["Runic Cube","Pandora\u0027s Box"],"picked":"Cursed Key"},{"not_picked":["Runic Dome","Mark of Pain"],"picked":"Sozu"}],"items_purged_floors":[29],"is_endless":false,"potions_floor_spawned":[6,10,14,16,30,33,40,42,47],"killed_by":"Donu and Deca","ascension_level":8}}