{"host":"7r6bd5ce6zscnmwq","time":1613572700,"event":{"mods":["BaseMod","Better Altar","Better Match","Better Note","Better Sensory Stone","Better Skull","Better Third Choice","Better Vampires","Block Reminder","Colored Map","Colored Powertips","Curses Come First","Displayed Cursed Tome","Minty Spire (QoL Compilation)","Permanent Neow","Quick Restart","Reliquary","Shop Mod","Spicy Shops","StSLib","The Marked"],"gold_per_floor":[119,46,46,46,58,58,114,114,162,7,7,34,46,62,62,62,62],"floor_reached":16,"language":"ENG","playtime":1201,"items_purged":["theMarked:SoldierOfQuellstein"],"score":113,"play_id":"8dc17c4c-0070-476e-afaa-2cd23d270898","local_time":"20210217233820","is_ascension_mode":true,"campfire_choices":[{"floor":6,"key":"DIG"},{"floor":8,"key":"REST"},{"floor":11,"key":"REST"},{"data":"1","floor":15,"key":"LIFT"}],"circlet_count":0,"master_deck":["theMarked:Strike","theMarked:Strike","theMarked:Strike","theMarked:Strike","theMarked:Defend","theMarked:Defend","theMarked:Defend","theMarked:Overthink","theMarked:UnarmedFury","theMarked:TwofoldDefense","theMarked:HeightenedSenses","theMarked:ElectricStrings"],"relics":["Empty Cage","Shovel","Ginger","Bottled Flame","Boot","Girya","Smiling Mask"],"acts_visited":["Exordium"],"potions_floor_usage":[14,16],"damage_taken":[{"damage":11,"enemies":"Jaw Worm","floor":1,"turns":6},{"damage":0,"enemies":"Cultist","floor":5,"turns":2},{"damage":53,"enemies":"Lagavulin Event","floor":7,"turns":8},{"damage":15,"enemies":"3 Sentries","floor":12,"turns":10},{"damage":1,"enemies":"Small Slimes","floor":13,"turns":3},{"damage":1,"enemies":"Exordium Thugs","floor":14,"turns":5},{"damage":23,"enemies":"The Guardian","floor":16,"turns":16}],"seed_played":"-5926727473696248926","potions_obtained":[{"floor":1,"key":"SteroidPotion"},{"floor":13,"key":"Swift Potion"},{"floor":14,"key":"DistilledChaos"}],"is_trial":false,"path_per_floor":["M","$","?","?","M","R","?","R","T","$","R","E","M","M","R","B"],"character_chosen":"THE_DEFAULT","items_purchased":["theMarked:UnarmedFury","Girya"],"campfire_rested":2,"item_purchase_floors":[2,10],"current_hp_per_floor":[59,59,59,59,59,59,6,27,27,27,48,33,32,31,31,8,8],"gold":62,"neow_bonus":"BOSS_RELIC","is_daily":false,"chose_seed":false,"campfire_upgraded":0,"win_rate":0.0,"timestamp":1613572700,"path_taken":["M","$","?","?","?","R","?","R","T","?","R","E","M","M","R","BOSS"],"items_purchased_type":["Card","Relic"],"build_version":"2020-12-22","purchased_purges":1,"victory":false,"max_hp_per_floor":[70,70,70,70,70,70,70,70,70,70,70,70,70,70,70,70,70],"card_choices":[{"not_picked":["theMarked:SwordAndMagic","theMarked:BanishingStrike"],"picked":"theMarked:Overthink","floor":1},{"not_picked":["theMarked:PowerFlow","theMarked:Frustration"],"picked":"theMarked:TwofoldDefense","floor":5},{"not_picked":["theMarked:Determination","theMarked:Electrify"],"picked":"theMarked:HeightenedSenses","floor":7},{"not_picked":["theMarked:TakeCover","theMarked:BanishingStrike","theMarked:WardOff"],"picked":"SKIP","floor":12},{"not_picked":["theMarked:SwordAndMagic","theMarked:EmpowerWeapon"],"picked":"theMarked:ElectricStrings","floor":13},{"not_picked":["theMarked:HeightenedSenses","theMarked:Improvise","theMarked:TwofoldDefense"],"picked":"SKIP","floor":14}],"player_experience":631811,"relics_obtained":[{"floor":6,"key":"Ginger"},{"floor":7,"key":"Bottled Flame"},{"floor":9,"key":"Boot"},{"floor":12,"key":"Smiling Mask"}],"event_choices":[{"damage_healed":0,"gold_gain":0,"player_choice":"Ignored","damage_taken":46,"max_hp_gain":0,"max_hp_loss":0,"event_name":"betterThird:BetterSerpent","floor":3,"gold_loss":0},{"damage_healed":0,"gold_gain":0,"player_choice":"Gave Potion","damage_taken":0,"relics_obtained":["Shovel"],"max_hp_gain":0,"max_hp_loss":0,"event_name":"WeMeetAgain","floor":4,"gold_loss":0},{"damage_healed":0,"gold_gain":0,"player_choice":"Searched \u00272\u0027 times","damage_taken":0,"max_hp_gain":0,"max_hp_loss":0,"event_name":"Dead Adventurer","floor":7,"gold_loss":0}],"is_beta":false,"boss_relics":[],"items_purged_floors":[10],"is_endless":false,"potions_floor_spawned":[1,13,14],"killed_by":"The Guardian","ascension_level":3}}