{"host":"pke0xxyzw0teju56","time":1613605342,"event":{"mods":["BaseMod","Bestiary","Colored Powertips","Highlight Path","Minty Spire (QoL Compilation)","Relic Stats","Slay the Relics Exporter","StSLib"],"gold_per_floor":[114,131,281,281,10,10,337,352,375,1,19,19,54,54,54,126,126,145,145,145,160,160,160,185,185,210,210,210],"floor_reached":27,"language":"ENG","playtime":1895,"items_purged":["Doubt","Strike_B"],"score":524,"play_id":"cf5f02a5-90ea-4bef-8e29-508fc0652ca9","local_time":"20210217184222","is_ascension_mode":true,"campfire_choices":[{"data":"Defragment","floor":6.0,"key":"SMITH"},{"data":"Darkness","floor":12.0,"key":"SMITH"},{"data":"Zap","floor":15.0,"key":"SMITH"},{"data":"Chill","floor":23.0,"key":"SMITH"},{"data":"Defragment","floor":25,"key":"SMITH"}],"circlet_count":0,"master_deck":["AscendersBane","Strike_B","Strike_B","Strike_B","Defend_B","Defend_B","Defend_B","Defend_B","Zap+1","Dualcast","Darkness+1","Chill+1","Defragment+1","Barrage","Cold Snap","Melter","Hologram+1","Reinforced Body+1","Electrodynamics","Defragment+1","Glacier+1","Darkness+1","Compile Driver"],"relics":["Cracked Core","Nunchaku","Tiny Chest","Old Coin","MawBank","Toxic Egg 2","Akabeko","Coffee Dripper","Prayer Wheel","Ornamental Fan","Happy Flower"],"acts_visited":["Exordium","TheCity"],"potions_floor_usage":[27,27],"damage_taken":[{"damage":1.0,"enemies":"Cultist","floor":1.0,"turns":3.0},{"damage":0.0,"enemies":"2 Louse","floor":2.0,"turns":2.0},{"damage":0.0,"enemies":"3 Sentries","floor":7.0,"turns":5.0},{"damage":1.0,"enemies":"Jaw Worm","floor":8.0,"turns":4.0},{"damage":5.0,"enemies":"Blue Slaver","floor":11.0,"turns":4.0},{"damage":10.0,"enemies":"Lagavulin","floor":13.0,"turns":6.0},{"damage":9.0,"enemies":"The Guardian","floor":16.0,"turns":9.0},{"damage":4.0,"enemies":"3 Byrds","floor":18.0,"turns":4.0},{"damage":21.0,"enemies":"Shell Parasite","floor":21.0,"turns":5.0},{"damage":24.0,"enemies":"Gremlin Leader","floor":24.0,"turns":8.0},{"damage":11,"enemies":"Snecko","floor":27,"turns":5}],"seed_played":"4746896813156634256","potions_obtained":[{"floor":1.0,"key":"LiquidMemories"},{"floor":7.0,"key":"Explosive Potion"},{"floor":13.0,"key":"PowerPotion"},{"floor":21.0,"key":"LiquidBronze"},{"floor":24.0,"key":"Fruit Juice"}],"is_trial":false,"path_per_floor":["M","M","?","?","$","R","E","M","T","$","M","R","E","$","R","B",null,"M","?","?","M","T","R","E","R","T","M"],"character_chosen":"DEFECT","items_purchased":["Defragment","DuplicationPotion","Barrage","Toxic Egg 2"],"campfire_rested":0,"item_purchase_floors":[5,5,5,10],"current_hp_per_floor":[63,63,63,45,45,45,45,44,44,44,39,39,29,29,29,20,58,54,54,54,33,33,33,9,9,9,3,3],"gold":210,"neow_bonus":"RANDOM_COMMON_RELIC","is_daily":false,"chose_seed":false,"campfire_upgraded":5,"win_rate":0.0,"timestamp":1613605342,"path_taken":["M","M","?","?","$","R","E","M","T","?","M","R","E","$","R","BOSS","M","?","?","M","?","R","E","R","T","?"],"items_purchased_type":["Card","Potion","Card","Relic"],"build_version":"2020-12-22","purchased_purges":2,"victory":false,"max_hp_per_floor":[71,71,71,71,71,71,71,71,71,71,71,71,71,71,71,71,71,71,71,71,71,71,71,71,71,71,76,76],"relic_stats":{"Nunchaku":[5],"Happy Flower":[1],"counters":[11,55],"Ornamental Fan":[4],"Tiny Chest":1,"Prayer Wheel":0,"MawBank":12,"obtain_stats":[{"Nunchaku":0,"Happy Flower":26,"Ornamental Fan":24,"Tiny Chest":4,"Prayer Wheel":22,"Coffee Dripper":17,"Toxic Egg 2":10,"Cracked Core":0,"MawBank":9,"Akabeko":13,"Old Coin":7},{"Nunchaku":0,"Happy Flower":10,"Ornamental Fan":10,"Tiny Chest":2,"Prayer Wheel":9,"Coffee Dripper":7,"Toxic Egg 2":4,"Cracked Core":0,"MawBank":4,"Akabeko":6,"Old Coin":3},{"Nunchaku":0,"Happy Flower":50,"Ornamental Fan":50,"Tiny Chest":5,"Prayer Wheel":42,"Coffee Dripper":33,"Toxic Egg 2":14,"Cracked Core":0,"MawBank":14,"Akabeko":24,"Old Coin":10}]},"card_choices":[{"not_picked":["Chaos","Compile Driver"],"picked":"Darkness","floor":1.0},{"not_picked":["Coolheaded","Turbo"],"picked":"Chill","floor":2.0},{"not_picked":["Gash","BootSequence"],"picked":"Cold Snap","floor":7.0},{"not_picked":["Stack","Recycle"],"picked":"Melter","floor":8.0},{"not_picked":["Capacitor","Turbo+1"],"picked":"Hologram+1","floor":11.0},{"not_picked":["Barrage","White Noise+1"],"picked":"Reinforced Body+1","floor":13.0},{"not_picked":["Rainbow+1","Seek+1"],"picked":"Electrodynamics","floor":16.0},{"not_picked":["Beam Cell","Cold Snap"],"picked":"Defragment","floor":18.0},{"not_picked":["Leap+1","Beam Cell"],"picked":"Darkness+1","floor":21.0},{"not_picked":["Sweeping Beam","Gash"],"picked":"Compile Driver","floor":24.0}],"player_experience":5351680,"relics_obtained":[{"floor":7.0,"key":"Old Coin"},{"floor":9.0,"key":"MawBank"},{"floor":13.0,"key":"Akabeko"},{"floor":22.0,"key":"Prayer Wheel"},{"floor":24.0,"key":"Ornamental Fan"},{"floor":26,"key":"Happy Flower"}],"event_choices":[{"damage_healed":0.0,"max_hp_gain":0.0,"max_hp_loss":0.0,"gold_gain":150.0,"event_name":"Liars Game","player_choice":"AGREE","floor":3.0,"gold_loss":0.0,"damage_taken":0.0,"cards_obtained":["Doubt"]},{"damage_healed":0.0,"max_hp_gain":0.0,"max_hp_loss":0.0,"gold_gain":0.0,"event_name":"Scrap Ooze","player_choice":"Success","floor":4.0,"gold_loss":0.0,"damage_taken":18.0,"relics_obtained":["Tiny Chest"]},{"damage_healed":0.0,"max_hp_gain":0.0,"max_hp_loss":0.0,"gold_gain":0.0,"event_name":"Vampires","player_choice":"Ignored","floor":19.0,"gold_loss":0.0,"damage_taken":0.0},{"damage_healed":0.0,"max_hp_gain":0.0,"max_hp_loss":0.0,"gold_gain":0.0,"event_name":"The Library","player_choice":"Read","floor":20.0,"gold_loss":0.0,"damage_taken":0.0,"cards_obtained":["Glacier"]}],"is_beta":false,"boss_relics":[{"not_picked":["FrozenCore","Busted Crown"],"picked":"Coffee Dripper"}],"items_purged_floors":[5,10],"is_endless":false,"potions_floor_spawned":[1,7,13,21,24],"killed_by":"Snecko","ascension_level":20}}