{"host":"Lucas","time":1613579489,"event":{"mods":["BaseMod","Downfall","Minty Spire (QoL Compilation)","READ ME - Guardian Mod","StSLib","The Cursed","The Disciple","The Necromancer","The Servant 0.9.4"],"gold_per_floor":[99,116,129,146,57,85,85,85,104,104,119,119,153,164,184,184,184],"floor_reached":16,"language":"ENG","playtime":1225,"items_purged":[],"score":120,"play_id":"fafbd0bc-4771-40f9-bc8b-4f8edb356e68","local_time":"20210217163129","is_ascension_mode":true,"campfire_choices":[{"data":"KillingDoll","floor":1,"key":"SMITH"},{"floor":12,"key":"REST"}],"circlet_count":0,"master_deck":["Strike_S","Strike_S","Strike_S","Strike_S","Defend_S","Defend_S","Defend_S","Defend_S","KidneyShot","Exchange","KillingDoll+1","Potential","Sabotage","Rewind","Ricochet","SoulSculpture","Initiator","Regret","Revamp","Parasite","Snipe","Moondial","Luminosity","Sunlight"],"relics":["Uniform","Kunai","Mummified Hand","Oddly Smooth Stone","Letter Opener"],"acts_visited":["Exordium"],"potions_floor_usage":[13,13,14,15,16,16],"damage_taken":[{"damage":0,"enemies":"Cultist","floor":2,"turns":5},{"damage":0,"enemies":"Small Slimes","floor":3,"turns":3},{"damage":1,"enemies":"Jaw Worm","floor":4,"turns":3},{"damage":0,"enemies":"downfall:FleeingMerchant","floor":5,"turns":4},{"damage":32,"enemies":"3 Sentries","floor":6,"turns":12},{"damage":4,"enemies":"Blue Slaver","floor":9,"turns":3},{"damage":25,"enemies":"Exordium Thugs","floor":11,"turns":3},{"damage":29,"enemies":"Lagavulin","floor":13,"turns":9},{"damage":4,"enemies":"3 Louse","floor":14,"turns":2},{"damage":0,"enemies":"Exordium Wildlife","floor":15,"turns":2},{"damage":22,"enemies":"WA_ARCHETYPE_RETAIN","floor":16,"turns":4}],"seed_played":"-7562739322135993361","potions_obtained":[{"floor":2,"key":"FearPotion"},{"floor":3,"key":"Guardian:BlockOnCardUsePotion"},{"floor":11,"key":"Ancient Potion"},{"floor":13,"key":"PowerPotion"},{"floor":14,"key":"ColorlessPotion"},{"floor":15,"key":"BlessingOfTheForge"}],"is_trial":false,"path_per_floor":["R","M","M","M","$","E","T","?","M","?","M","R","E","M","M","B"],"character_chosen":"THE_SERVANT","items_purchased":["SoulSculpture"],"campfire_rested":1,"item_purchase_floors":[5],"current_hp_per_floor":[65,65,65,64,64,32,32,32,28,44,19,38,9,5,5,0,0],"gold":184,"neow_bonus":"ONE_RANDOM_RARE_CARD","is_daily":false,"chose_seed":false,"campfire_upgraded":1,"win_rate":0.0,"timestamp":1613579489,"path_taken":["R","M","?","M","$","E","T","?","M","?","M","R","E","M","M","BOSS"],"items_purchased_type":["Card"],"build_version":"2020-12-18","purchased_purges":0,"victory":false,"max_hp_per_floor":[65,65,65,65,65,65,65,65,65,65,65,65,65,65,65,65,65],"card_choices":[{"not_picked":["FanOfKnives","Defy"],"picked":"Potential","floor":2},{"not_picked":["Revamp","Desolation"],"picked":"Sabotage","floor":3},{"not_picked":["Potential","ShiftingGears"],"picked":"Rewind","floor":4},{"not_picked":["Hightail","Shuttle"],"picked":"Ricochet","floor":5},{"not_picked":["Replace","Foresight"],"picked":"Initiator","floor":6},{"not_picked":["WasteNot","BottledTime"],"picked":"Revamp","floor":9},{"not_picked":["Rearm","TimeWarp"],"picked":"Snipe","floor":11},{"not_picked":["Rewind","DualDimension"],"picked":"Moondial","floor":13},{"not_picked":["Replace","BottledTime"],"picked":"Luminosity","floor":14},{"not_picked":["Rearm","Alleviate"],"picked":"Sunlight","floor":15}],"player_experience":1335880,"relics_obtained":[{"floor":6,"key":"Kunai"},{"floor":7,"key":"Mummified Hand"},{"floor":13,"key":"Letter Opener"}],"event_choices":[{"damage_healed":0,"gold_gain":0,"player_choice":"Box","damage_taken":0,"relics_obtained":["Oddly Smooth Stone"],"max_hp_gain":0,"max_hp_loss":0,"event_name":"Big Fish","floor":8,"gold_loss":0,"cards_obtained":["Regret"]},{"damage_healed":16,"gold_gain":0,"player_choice":"Healed and dodged fight","damage_taken":0,"max_hp_gain":0,"max_hp_loss":0,"event_name":"Mushrooms","floor":10,"gold_loss":0,"cards_obtained":["Parasite"]}],"is_beta":true,"boss_relics":[],"items_purged_floors":[],"is_endless":false,"potions_floor_spawned":[2,3,11,13,14,15],"killed_by":"WA_ARCHETYPE_RETAIN","ascension_level":1}}