{"host":"qc1sjgtdjonvdsd8","time":1613601675,"event":{"mods":["BaseMod","Colored Map","Colored Powertips","Curses Come First","Minty Spire (QoL Compilation)","StSLib"],"gold_per_floor":[110,125,125,143,143,143,18,50,50,114,114,134,60,84,84,184,184,200,212,311,311,323,356,356,370,370,370,404,80,80,107,107,207,207,222,239,84,100,113,113,124,124,124,124,151,161,180,180,180,180,180,180,3,34,34],"floor_reached":56,"language":"ENG","playtime":6909,"items_purged":["Pain","Fusion"],"score":1462,"play_id":"6ca7a162-5f8d-4efd-b006-b1706d564e9a","local_time":"20210217144115","is_ascension_mode":true,"campfire_choices":[{"data":"Fusion","floor":6.0,"key":"SMITH"},{"floor":15.0,"key":"REST"},{"floor":24.0,"key":"REST"},{"floor":27.0,"key":"REST"},{"floor":32.0,"key":"REST"},{"data":"Creative AI","floor":40.0,"key":"SMITH"},{"data":"Seek","floor":42.0,"key":"SMITH"},{"data":"Mayhem","floor":44.0,"key":"SMITH"},{"floor":49,"key":"RECALL"},{"data":"Heatsinks","floor":52,"key":"SMITH"}],"circlet_count":0,"master_deck":["Zap","Dualcast","Fusion+1","Coolheaded","Steam","Coolheaded","Heatsinks+1","Buffer","Loop","Creative AI+1","BootSequence","Recycle","Coolheaded","Coolheaded","Barrage","Defragment+1","Static Discharge","Core Surge","Skim","FTL","Conserve Battery","Defragment+1","Mayhem+1","Turbo","Seek+1","Redo+1","Loop","Storm","Compile Driver","Heatsinks+1"],"relics":["Cracked Core","NeowsBlessing","WarpedTongs","Turnip","Bottled Lightning","Boot","Bronze Scales","Pandora\u0027s Box","Happy Flower","Symbiotic Virus","Mummified Hand","DollysMirror","Meat on the Bone","Nuclear Battery","Lee\u0027s Waffle","Frozen Egg 2","Du-Vu Doll","Pear"],"acts_visited":["Exordium","TheCity","TheBeyond","TheEnding"],"potions_floor_usage":[50,55,55,55],"damage_taken":[{"damage":0.0,"enemies":"2 Louse","floor":1.0,"turns":1.0},{"damage":0.0,"enemies":"Cultist","floor":2.0,"turns":1.0},{"damage":0.0,"enemies":"Jaw Worm","floor":4.0,"turns":1.0},{"damage":0.0,"enemies":"Lagavulin","floor":8.0,"turns":10.0},{"damage":42.0,"enemies":"Gremlin Nob","floor":10.0,"turns":5.0},{"damage":4.0,"enemies":"Large Slime","floor":12.0,"turns":7.0},{"damage":7.0,"enemies":"Slime Boss","floor":16.0,"turns":8.0},{"damage":15.0,"enemies":"Spheric Guardian","floor":18.0,"turns":6.0},{"damage":14.0,"enemies":"2 Thieves","floor":19.0,"turns":4.0},{"damage":24.0,"enemies":"Shelled Parasite and Fungi","floor":22.0,"turns":7.0},{"damage":52.0,"enemies":"Gremlin Leader","floor":23.0,"turns":7.0},{"damage":1.0,"enemies":"Centurion and Healer","floor":25.0,"turns":5.0},{"damage":7.0,"enemies":"Book of Stabbing","floor":28.0,"turns":6.0},{"damage":22.0,"enemies":"Slavers","floor":31.0,"turns":6.0},{"damage":0.0,"enemies":"Collector","floor":33.0,"turns":10.0},{"damage":20.0,"enemies":"3 Shapes","floor":35.0,"turns":5.0},{"damage":13.0,"enemies":"3 Darklings","floor":36.0,"turns":8.0},{"damage":6.0,"enemies":"4 Shapes","floor":38.0,"turns":7.0},{"damage":0.0,"enemies":"Jaw Worm Horde","floor":39.0,"turns":4.0},{"damage":5.0,"enemies":"Spire Growth","floor":41.0,"turns":3.0},{"damage":38.0,"enemies":"Reptomancer","floor":45.0,"turns":4.0},{"damage":13.0,"enemies":"4 Shapes","floor":46.0,"turns":4.0},{"damage":0.0,"enemies":"Jaw Worm Horde","floor":47.0,"turns":4.0},{"damage":24,"enemies":"Time Eater","floor":50,"turns":10},{"damage":14,"enemies":"Shield and Spear","floor":54,"turns":6},{"damage":67,"enemies":"The Heart","floor":55,"turns":7}],"seed_played":"-1136623962933778378","potions_obtained":[{"floor":1.0,"key":"FairyPotion"},{"floor":4.0,"key":"Fruit Juice"},{"floor":10.0,"key":"Ancient Potion"},{"floor":12.0,"key":"SkillPotion"},{"floor":18.0,"key":"Strength Potion"},{"floor":23.0,"key":"SkillPotion"},{"floor":28.0,"key":"Explosive Potion"},{"floor":31.0,"key":"PowerPotion"},{"floor":35.0,"key":"Explosive Potion"},{"floor":39.0,"key":"FocusPotion"},{"floor":45.0,"key":"Swift Potion"},{"floor":48.0,"key":"Weak Potion"},{"floor":54,"key":"AttackPotion"}],"is_trial":false,"path_per_floor":["M","M","?","M","?","R","$","E","T","?","?","M","$","T","R","B",null,"M","M","?","?","M","E","R","M","T","R","E","$","?","E","R","B",null,"M","M","$","M","M","R","M","R","T","R","E","M","M","?","R","B",null,"R","$","E","B",null],"character_chosen":"DEFECT","items_purchased":["Coolheaded","Loop","DollysMirror","Mayhem","Lee\u0027s Waffle","Heatsinks+1"],"campfire_rested":4,"item_purchase_floors":[7,13,29,29,37,53],"current_hp_per_floor":[75,75,75,75,80,80,80,85,85,43,31,27,27,27,52,45,85,70,56,56,56,32,6,31,30,30,55,48,48,48,26,51,51,85,65,52,92,86,86,86,81,81,81,81,55,54,54,54,54,42,92,92,92,88,33],"gold":34,"neow_bonus":"THREE_ENEMY_KILL","is_daily":false,"chose_seed":false,"campfire_upgraded":5,"win_rate":0.0,"timestamp":1613601675,"path_taken":["M","M","?","?","?","R","$","E","T","?","?","M","$","?","R","BOSS","M","M","?","?","M","E","R","M","T","R","E","$","?","E","R","BOSS","M","M","$","M","M","R","M","R","T","R","E","M","M","?","R","BOSS","R","$","E","BOSS"],"items_purchased_type":["Card","Card","Relic","Card","Relic","Card"],"build_version":"2020-12-22","purchased_purges":2,"victory":true,"max_hp_per_floor":[75,75,75,75,80,80,80,85,85,85,85,85,85,85,85,85,85,85,85,85,85,85,85,85,85,85,85,85,85,85,85,85,85,85,85,85,92,92,92,92,92,92,92,92,92,92,92,92,92,92,92,92,92,102,102],"card_choices":[{"not_picked":["Streamline","Darkness"],"picked":"Fusion","floor":1.0},{"not_picked":["Sweeping Beam","Reinforced Body"],"picked":"Coolheaded","floor":2.0},{"not_picked":["Stack","Hello World"],"picked":"Steam","floor":4.0},{"not_picked":["Go for the Eyes","Rebound","Hello World"],"picked":"SKIP","floor":8.0},{"not_picked":["Beam Cell","White Noise"],"picked":"Heatsinks","floor":10.0},{"not_picked":["Redo","Sweeping Beam"],"picked":"Buffer","floor":12.0},{"not_picked":["Biased Cognition","Machine Learning"],"picked":"Creative AI","floor":16.0},{"not_picked":["Tempest","Coolheaded","Melter"],"picked":"SKIP","floor":18.0},{"not_picked":["Lockon+1","Glacier+1"],"picked":"Defragment+1","floor":19.0},{"not_picked":["Beam Cell","Reinforced Body"],"picked":"Skim","floor":22.0},{"not_picked":["Skim","Streamline"],"picked":"FTL","floor":23.0},{"not_picked":["Go for the Eyes+1","Lockon","Gash"],"picked":"SKIP","floor":25.0},{"not_picked":["Streamline","Leap+1"],"picked":"Conserve Battery","floor":28.0},{"not_picked":["Darkness+1","Consume"],"picked":"Turbo","floor":31.0},{"not_picked":["Core Surge","All For One"],"picked":"Seek","floor":33.0},{"not_picked":["Go for the Eyes","Fusion+1"],"picked":"Redo+1","floor":35.0},{"not_picked":["Recycle+1","Lockon+1"],"picked":"Loop","floor":36.0},{"not_picked":["Turbo","Streamline","Reinforced Body+1"],"picked":"SKIP","floor":38.0},{"not_picked":["Ball Lightning","Turbo+1"],"picked":"Storm","floor":39.0},{"not_picked":["Genetic Algorithm+1","Steam"],"picked":"Compile Driver","floor":41.0},{"not_picked":["Steam Power+1","Steam+1","Rip and Tear+1"],"picked":"SKIP","floor":45.0},{"not_picked":["Stack","Redo+1","Melter"],"picked":"SKIP","floor":46.0},{"not_picked":["Turbo+1","Rip and Tear+1","Genetic Algorithm"],"picked":"SKIP","floor":47.0},{"not_picked":["Conserve Battery","Sunder+1","Doom and Gloom+1"],"picked":"SKIP","floor":54}],"player_experience":279263,"relics_obtained":[{"floor":8.0,"key":"Turnip"},{"floor":9.0,"key":"Bottled Lightning"},{"floor":10.0,"key":"Boot"},{"floor":23.0,"key":"Happy Flower"},{"floor":26.0,"key":"Symbiotic Virus"},{"floor":28.0,"key":"Mummified Hand"},{"floor":31.0,"key":"Meat on the Bone"},{"floor":43.0,"key":"Frozen Egg 2"},{"floor":45.0,"key":"Du-Vu Doll"},{"floor":54,"key":"Pear"}],"event_choices":[{"damage_healed":0.0,"max_hp_gain":0.0,"max_hp_loss":0.0,"gold_gain":0.0,"event_name":"Accursed Blacksmith","player_choice":"Rummage","floor":3.0,"gold_loss":0.0,"damage_taken":0.0,"relics_obtained":["WarpedTongs"],"cards_obtained":["Pain"]},{"damage_healed":0.0,"max_hp_gain":5.0,"max_hp_loss":0.0,"gold_gain":0.0,"event_name":"Big Fish","player_choice":"Donut","floor":5.0,"gold_loss":0.0,"damage_taken":0.0},{"damage_healed":0.0,"max_hp_gain":0.0,"max_hp_loss":0.0,"gold_gain":0.0,"event_name":"Dead Adventurer","player_choice":"Searched \u00271\u0027 times","floor":10.0,"gold_loss":0.0,"damage_taken":0.0},{"damage_healed":0.0,"max_hp_gain":0.0,"max_hp_loss":0.0,"gold_gain":0.0,"event_name":"Scrap Ooze","player_choice":"Success","floor":11.0,"gold_loss":0.0,"damage_taken":12.0,"relics_obtained":["Bronze Scales"]},{"damage_healed":0.0,"max_hp_gain":0.0,"max_hp_loss":0.0,"gold_gain":99.0,"event_name":"Nest","player_choice":"Stole From Cult","floor":20.0,"gold_loss":0.0,"damage_taken":0.0},{"damage_healed":0.0,"max_hp_gain":0.0,"max_hp_loss":0.0,"gold_gain":0.0,"cards_transformed":["Auto Shields","Beam Cell"],"event_name":"Drug Dealer","player_choice":"Became Test Subject","floor":21.0,"gold_loss":0.0,"damage_taken":0.0,"cards_obtained":["Static Discharge","Core Surge"]},{"damage_healed":0.0,"max_hp_gain":0.0,"max_hp_loss":0.0,"gold_gain":0.0,"event_name":"Ghosts","player_choice":"Ignored","floor":30.0,"gold_loss":0.0,"damage_taken":0.0},{"damage_healed":0.0,"max_hp_gain":0.0,"max_hp_loss":0.0,"gold_gain":0.0,"event_name":"Lab","player_choice":"Got Potions","floor":48.0,"gold_loss":0.0,"damage_taken":0.0}],"is_beta":false,"boss_relics":[{"not_picked":["Snecko Eye","Runic Dome"],"picked":"Pandora\u0027s Box"},{"not_picked":["SacredBark","Cursed Key"],"picked":"Nuclear Battery"}],"items_purged_floors":[7,53],"is_endless":false,"potions_floor_spawned":[1,4,10,12,18,23,28,31,35,39,45,46,54],"ascension_level":3}}