{"host":"2cc5p8abrq83pe05","time":1613601340,"event":{"mods":["AchievementEnabler","BaseMod","Colored Map","Colored Powertips","DeckTracker","Duelist Mod","Googly Eyes","Minty Spire (QoL Compilation)","Quick Restart","StSLib","The Servant 0.9.4","everything is the same but u backflip on backflip"],"gold_per_floor":[118,19,19,34,47,47,82,93,119,44,44,70,82,96,96,194,194,212,230,230,241,257,291,304,338,338,371,371,381,395,405,405,503,503,523,536,536,536,550,581,581,581,608,608,639,658,681,716,716,716,716,716,277,305,305],"floor_reached":56,"language":"ENG","playtime":4562,"items_purged":["theDuelist:PsiCurse"],"score":1389,"play_id":"f740833e-4260-4bed-81af-62ea123e9863","local_time":"20210217153540","is_ascension_mode":true,"campfire_choices":[{"data":"Revamp","floor":6.0,"key":"SMITH"},{"floor":11.0,"key":"REST"},{"data":"Defy","floor":15,"key":"SMITH"},{"data":"MurderousAura","floor":28,"key":"SMITH"},{"data":"TheWorld","floor":32,"key":"SMITH"},{"data":"LightFlow","floor":41,"key":"SMITH"},{"floor":49,"key":"RECALL"},{"data":"FloweringNight","floor":52,"key":"SMITH"}],"circlet_count":0,"master_deck":["Strike_S","Strike_S","Defend_S","Defend_S","KidneyShot","Exchange","FastForward","DoubleEdge","Revamp+1","Desolation","Spin","BestPractice","GearUp","Unruled","Defy+1","Spin","TheWorld+1","Defy+1","MurderousAura+1","Contraction","Unruled+1","BottledTime","Desolation","Advance+1","FloweringNight+1","Replace+1","Unruled+1","Manipulate+1","SpecialFormula+1","Madness","Madness","ShiftingGears+1","LightFlow+1","Finesse","Barrier","StarChef+1","BestPractice+1"],"relics":["Uniform","Bird Faced Urn","Regal Pillow","Orichalcum","Potion Belt","Philosopher\u0027s Stone","Bronze Scales","Tiny Chest","Bag of Marbles","Mummified Hand","Darkstone Periapt","Astrolabe","Frozen Egg 2","Vajra","Torii","Blood Vial","Blue Candle","Membership Card","Kunai","HornCleat","Anchor"],"acts_visited":["Exordium","TheCity","TheBeyond","TheEnding"],"potions_floor_usage":[16,23,33,33,45,50,50,55,55,55],"damage_taken":[{"damage":0.0,"enemies":"2 Louse","floor":1.0,"turns":3.0},{"damage":9.0,"enemies":"Jaw Worm","floor":4.0,"turns":3.0},{"damage":0.0,"enemies":"Cultist","floor":5.0,"turns":4.0},{"damage":12.0,"enemies":"Gremlin Nob","floor":7.0,"turns":3.0},{"damage":35.0,"enemies":"Gremlin Gang","floor":8.0,"turns":4.0},{"damage":5.0,"enemies":"Lagavulin","floor":12.0,"turns":7.0},{"damage":7.0,"enemies":"2 Fungi Beasts","floor":13.0,"turns":4.0},{"damage":8.0,"enemies":"Large Slime","floor":14.0,"turns":6.0},{"damage":4,"enemies":"The Guardian","floor":16,"turns":15},{"damage":16,"enemies":"2 Thieves","floor":18,"turns":3},{"damage":0,"enemies":"Chosen","floor":19,"turns":3},{"damage":0,"enemies":"3 Cultists","floor":21,"turns":4},{"damage":2,"enemies":"Chosen and Byrds","floor":22,"turns":4},{"damage":18,"enemies":"Slavers","floor":23,"turns":3},{"damage":1,"enemies":"Cultist and Chosen","floor":24,"turns":5},{"damage":0,"enemies":"theDuelist:KaibaA2","floor":25,"turns":5},{"damage":0,"enemies":"Gremlin Leader","floor":27,"turns":6},{"damage":4,"enemies":"Snecko","floor":29,"turns":4},{"damage":0,"enemies":"3 Cultists","floor":30,"turns":1},{"damage":5,"enemies":"Snake Plant","floor":31,"turns":3},{"damage":24,"enemies":"Automaton","floor":33,"turns":8},{"damage":26,"enemies":"3 Darklings","floor":35,"turns":4},{"damage":0,"enemies":"Orb Walker","floor":36,"turns":2},{"damage":0,"enemies":"4 Shapes","floor":39,"turns":2},{"damage":22,"enemies":"Giant Head","floor":40,"turns":7},{"damage":28,"enemies":"Nemesis","floor":45,"turns":5},{"damage":0,"enemies":"Sphere and 2 Shapes","floor":46,"turns":3},{"damage":0,"enemies":"Reptomancer","floor":48,"turns":3},{"damage":16,"enemies":"Awakened One","floor":50,"turns":11},{"damage":7,"enemies":"Shield and Spear","floor":54,"turns":6},{"damage":76,"enemies":"The Heart","floor":55,"turns":10}],"seed_played":"7464116147096558555","potions_obtained":[{"floor":1.0,"key":"DuplicationPotion"},{"floor":7.0,"key":"Strength Potion"},{"floor":13.0,"key":"Strength Potion"},{"floor":16,"key":"Fire Potion"},{"floor":21,"key":"Explosive Potion"},{"floor":23,"key":"Fire Potion"},{"floor":24,"key":"Energy Potion"},{"floor":25,"key":"Fire Potion"},{"floor":29,"key":"Fruit Juice"},{"floor":33,"key":"FearPotion"},{"floor":36,"key":"Dexterity Potion"},{"floor":40,"key":"Regen Potion"},{"floor":46,"key":"GamblersBrew"},{"floor":54,"key":"CultistPotion"}],"is_trial":false,"path_per_floor":["M","$","?","M","M","R","E","M","T","$","R","E","M","M","R","B",null,"M","M","?","M","M","E","M","E","T","E","R","M","M","M","R","B",null,"M","M","?","T","M","E","R","?","T","?","E","M","T","E","R","B",null,"R","$","E","B",null],"character_chosen":"THE_SERVANT","items_purchased":["DoubleEdge","GearUp","Membership Card","Kunai","HornCleat","BestPractice+1"],"campfire_rested":1,"item_purchase_floors":[2,10,53,53,53,53],"current_hp_per_floor":[65,65,58,49,49,49,37,2,2,2,36,33,28,22,22,20,65,49,49,49,53,51,33,36,40,40,42,42,42,44,43,43,28,70,48,60,51,51,63,48,48,48,48,38,34,46,46,60,60,54,70,70,70,70,8],"gold":305,"neow_bonus":"ONE_RARE_RELIC","is_daily":false,"chose_seed":false,"campfire_upgraded":6,"win_rate":0.0,"timestamp":1613601340,"path_taken":["M","$","?","M","M","R","E","M","T","$","R","E","M","M","R","BOSS","M","M","?","M","M","E","?","E","T","E","R","M","M","?","R","BOSS","M","M","?","?","M","E","R","?","T","?","E","M","?","E","R","BOSS","R","$","E","BOSS"],"items_purchased_type":["Card","Card","Relic","Relic","Relic","Card"],"build_version":"2020-12-22","purchased_purges":1,"victory":true,"max_hp_per_floor":[65,65,65,65,65,65,65,65,65,65,65,65,65,65,65,65,65,65,65,65,65,65,65,65,65,65,65,65,65,65,65,65,70,70,70,70,70,70,70,70,70,70,70,70,70,70,70,70,70,70,70,70,70,70,70],"card_choices":[{"not_picked":["Unruled","Collapse"],"picked":"FastForward","floor":1.0},{"not_picked":["Unruled","WasteNot"],"picked":"Revamp","floor":4.0},{"not_picked":["Manipulate","Alleviate"],"picked":"Desolation","floor":5.0},{"not_picked":["Replace","Deny"],"picked":"Spin","floor":7.0},{"not_picked":["Ricochet","Spin"],"picked":"BestPractice","floor":8.0},{"not_picked":["MoonPhase","Manipulate"],"picked":"Unruled","floor":12.0},{"not_picked":["Alleviate","DoubleEdge"],"picked":"Defy","floor":13.0},{"not_picked":["Revamp","Replace"],"picked":"Spin","floor":14},{"not_picked":["Duplication","MurderousAura"],"picked":"TheWorld","floor":16},{"not_picked":["Replace","Potential+1"],"picked":"Defy+1","floor":18},{"not_picked":["Ricochet","Shuttle"],"picked":"MurderousAura","floor":19},{"not_picked":["SpecialFormula+1","Starlight","Defy"],"picked":"SKIP","floor":21},{"not_picked":["FanOfKnives","Alleviate","Rewind"],"picked":"SKIP","floor":22},{"not_picked":["Starlight","Spin"],"picked":"Contraction","floor":23},{"not_picked":["DoubleEdge","ShatteredReality"],"picked":"Unruled+1","floor":24},{"not_picked":["Rewind","Ricochet"],"picked":"BottledTime","floor":25},{"not_picked":["Starlight+1","DoubleEdge","Rearm"],"picked":"SKIP","floor":27},{"not_picked":["Unruled","Ricochet"],"picked":"Desolation","floor":29},{"not_picked":["Rewind+1","TimeWarp+1"],"picked":"Advance+1","floor":30},{"not_picked":["DoubleEdge","Revamp","Manipulate+1"],"picked":"SKIP","floor":31},{"not_picked":["ForgedInTime","Deny"],"picked":"FloweringNight","floor":33},{"not_picked":["Advance+1","FastForward+1"],"picked":"SpecialFormula+1","floor":35},{"not_picked":["Potential+1","Moonlight+1","Contraction"],"picked":"SKIP","floor":36},{"not_picked":["FastForward+1","Revamp"],"picked":"ShiftingGears+1","floor":39},{"not_picked":["ReturningBlade","Starlight"],"picked":"LightFlow","floor":40},{"not_picked":["Swift Strike","Secret Weapon"],"picked":"Finesse","floor":44},{"not_picked":["Revamp+1","GearUp+1"],"picked":"Barrier","floor":45},{"not_picked":["Rewind","TimeWarp","Potential+1"],"picked":"SKIP","floor":46},{"not_picked":["Rearm","Rewind+1"],"picked":"StarChef+1","floor":48},{"not_picked":["Revamp","Moondial","SurpressingFire+1"],"picked":"SKIP","floor":54}],"player_experience":171859,"relics_obtained":[{"floor":7.0,"key":"Regal Pillow"},{"floor":9.0,"key":"Orichalcum"},{"floor":12.0,"key":"Potion Belt"},{"floor":23,"key":"Tiny Chest"},{"floor":25,"key":"Bag of Marbles"},{"floor":26,"key":"Mummified Hand"},{"floor":27,"key":"Darkstone Periapt"},{"floor":40,"key":"Frozen Egg 2"},{"floor":43,"key":"Vajra"},{"floor":45,"key":"Torii"},{"floor":47,"key":"Blood Vial"},{"floor":48,"key":"Blue Candle"},{"floor":54,"key":"Anchor"}],"event_choices":[{"cards_removed":["Defend_S"],"damage_healed":0.0,"max_hp_gain":0.0,"max_hp_loss":0.0,"gold_gain":0.0,"event_name":"Golden Wing","player_choice":"Card Removal","floor":3.0,"gold_loss":0.0,"damage_taken":7.0},{"damage_healed":0,"gold_gain":0,"player_choice":"Gave Potion","damage_taken":0,"relics_obtained":["Bronze Scales"],"max_hp_gain":0,"max_hp_loss":0,"event_name":"WeMeetAgain","floor":20,"gold_loss":0},{"damage_healed":0,"gold_gain":0,"player_choice":"Embrace Madness","damage_taken":9,"max_hp_gain":0,"max_hp_loss":0,"event_name":"Winding Halls","floor":37,"gold_loss":0,"cards_obtained":["Madness","Madness"]},{"damage_healed":0,"gold_gain":0,"player_choice":"Ignored","damage_taken":0,"max_hp_gain":0,"max_hp_loss":0,"event_name":"Tomb of Lord Red Mask","floor":42,"gold_loss":0},{"damage_healed":0,"gold_gain":0,"player_choice":"Memory 3","damage_taken":10,"max_hp_gain":0,"max_hp_loss":0,"event_name":"SensoryStone","floor":44,"gold_loss":0}],"is_beta":false,"boss_relics":[{"not_picked":["Busted Crown","Tiny House"],"picked":"Philosopher\u0027s Stone"},{"not_picked":["SplendidAttire","SlaversCollar"],"picked":"Astrolabe"}],"items_purged_floors":[2],"is_endless":false,"potions_floor_spawned":[1,7,13,16,21,23,24,25,29,33,36,40,46,54],"ascension_level":1}}