{"host":"nbofzmb1hl9rnais","time":1613520442,"event":{"mods":["BaseMod","Colored Map","Minty Spire (QoL Compilation)","StSLib"],"gold_per_floor":[109,129,148,158,83,83,3,36,61,61,11,11,31,62,62,166,166,181,194,194,194,194,228,241,266,339,366,366,392,302,10,10,10,10],"floor_reached":33,"language":"ENG","playtime":1714,"items_purged":["Defend_R","Strike_R"],"score":373,"play_id":"684ed2ef-da86-4625-a838-bb7cc074c181","local_time":"20210216160722","is_ascension_mode":true,"campfire_choices":[{"data":"Metallicize","floor":6,"key":"SMITH"},{"data":"Evolve","floor":12,"key":"SMITH"},{"data":"Flame Barrier","floor":15,"key":"SMITH"},{"data":"Flame Barrier","floor":28,"key":"SMITH"},{"data":"Combust","floor":32,"key":"SMITH"}],"circlet_count":0,"master_deck":["Strike_R","Defend_R","Defend_R","Bash","Impervious","Metallicize+1","Evolve+1","Thunderclap","Flame Barrier+1","Combust+1","Body Slam+1","Pommel Strike","Shockwave","Offering","Cleave","Flame Barrier+1","Armaments+1","Pommel Strike+1","Feel No Pain+1","Metallicize"],"relics":["Black Blood","Strawberry","Tiny Chest","Omamori","Orichalcum","MealTicket","Red Mask","Shuriken","Anchor","PreservedInsect","Sling"],"acts_visited":["Exordium","TheCity"],"potions_floor_usage":[3,14,19,23,23],"damage_taken":[{"damage":2,"enemies":"Cultist","floor":1,"turns":4},{"damage":8,"enemies":"Small Slimes","floor":2,"turns":5},{"damage":4,"enemies":"2 Louse","floor":3,"turns":3},{"damage":2,"enemies":"Exordium Wildlife","floor":4,"turns":5},{"damage":41,"enemies":"Gremlin Nob","floor":8,"turns":6},{"damage":4,"enemies":"3 Louse","floor":13,"turns":5},{"damage":11,"enemies":"Lagavulin","floor":14,"turns":7},{"damage":46,"enemies":"The Guardian","floor":16,"turns":14},{"damage":46,"enemies":"2 Thieves","floor":18,"turns":5},{"damage":16,"enemies":"3 Byrds","floor":19,"turns":3},{"damage":34,"enemies":"Slavers","floor":23,"turns":5},{"damage":27,"enemies":"Snecko","floor":24,"turns":8},{"damage":43,"enemies":"Masked Bandits","floor":25,"turns":6},{"damage":11,"enemies":"Book of Stabbing","floor":29,"turns":5},{"damage":58,"enemies":"Automaton","floor":33,"turns":12}],"seed_played":"7478213062374816485","potions_obtained":[{"floor":3,"key":"Fruit Juice"},{"floor":4,"key":"Explosive Potion"},{"floor":13,"key":"ColorlessPotion"},{"floor":14,"key":"DistilledChaos"},{"floor":19,"key":"Fruit Juice"},{"floor":29,"key":"BlessingOfTheForge"}],"is_trial":false,"path_per_floor":["M","M","M","M","$","R","$","E","T","?","?","R","M","E","R","B",null,"M","M","?","T","?","E","M","?","T","T","R","E","?","$","R","B"],"character_chosen":"IRONCLAD","items_purchased":["Combust","Body Slam","Sling","Metallicize"],"campfire_rested":0,"item_purchase_floors":[7,7,31,31],"current_hp_per_floor":[72,70,77,77,77,77,77,49,49,54,54,54,56,51,51,11,89,55,56,37,37,109,87,72,41,41,41,41,42,42,57,57,0,0],"gold":10,"neow_bonus":"TRANSFORM_TWO_CARDS","is_daily":false,"chose_seed":false,"campfire_upgraded":5,"win_rate":0.0,"timestamp":1613520442,"path_taken":["M","M","M","M","$","R","?","E","T","?","?","R","M","E","R","BOSS","M","M","?","?","?","E","?","?","T","?","R","E","?","$","R","BOSS"],"items_purchased_type":["Card","Card","Relic","Card"],"build_version":"2020-12-22","purchased_purges":2,"victory":false,"max_hp_per_floor":[72,72,77,77,77,77,77,84,84,89,89,89,89,89,89,89,89,89,94,99,99,109,109,109,109,109,109,109,109,109,109,109,109,109],"card_choices":[{"not_picked":["Twin Strike","Bloodletting"],"picked":"Evolve","floor":1},{"not_picked":["Sever Soul","Seeing Red"],"picked":"Thunderclap","floor":2},{"not_picked":["Sword Boomerang","Second Wind","Iron Wave"],"picked":"SKIP","floor":3},{"not_picked":["Iron Wave","Clash"],"picked":"Flame Barrier","floor":4},{"not_picked":["Headbutt","Thunderclap"],"picked":"Pommel Strike","floor":8},{"not_picked":["Cleave","Body Slam"],"picked":"Shockwave","floor":13},{"not_picked":["Evolve","Clothesline"],"picked":"Offering","floor":14},{"not_picked":["Reaper","Offering"],"picked":"Juggernaut","floor":16},{"not_picked":["Pommel Strike","Headbutt"],"picked":"Cleave","floor":18},{"not_picked":["Iron Wave","Sword Boomerang","Uppercut"],"picked":"SKIP","floor":19},{"not_picked":["Flex","Headbutt"],"picked":"Flame Barrier","floor":23},{"not_picked":["Cleave","Dark Embrace"],"picked":"Armaments+1","floor":24},{"not_picked":["Pummel","Searing Blow+1"],"picked":"Pommel Strike+1","floor":25},{"not_picked":["Juggernaut","Wild Strike"],"picked":"Feel No Pain+1","floor":29}],"player_experience":112007,"relics_obtained":[{"floor":8,"key":"Strawberry"},{"floor":9,"key":"Tiny Chest"},{"floor":14,"key":"Omamori"},{"floor":21,"key":"Orichalcum"},{"floor":23,"key":"MealTicket"},{"floor":25,"key":"Red Mask"},{"floor":26,"key":"Shuriken"},{"floor":27,"key":"Anchor"},{"floor":29,"key":"PreservedInsect"}],"event_choices":[{"damage_healed":0,"gold_gain":0,"player_choice":"Donut","damage_taken":0,"max_hp_gain":5,"max_hp_loss":0,"event_name":"Big Fish","floor":10,"gold_loss":0},{"cards_removed":["Strike_R"],"damage_healed":0,"gold_gain":0,"player_choice":"Card Removal","damage_taken":0,"max_hp_gain":0,"max_hp_loss":0,"event_name":"The Cleric","floor":11,"gold_loss":50},{"damage_healed":0,"gold_gain":0,"player_choice":"Shed Blood","damage_taken":24,"max_hp_gain":5,"max_hp_loss":0,"event_name":"Forgotten Altar","floor":20,"gold_loss":0},{"cards_removed":["Juggernaut"],"damage_healed":62,"gold_gain":0,"player_choice":"Offered Rare","damage_taken":0,"max_hp_gain":10,"max_hp_loss":0,"event_name":"Bonfire Elementals","floor":22,"gold_loss":0},{"damage_healed":0,"gold_gain":0,"player_choice":"Fought Bandits","damage_taken":0,"max_hp_gain":0,"max_hp_loss":0,"event_name":"Masked Bandits","floor":25,"gold_loss":0},{"cards_removed":["Strike_R"],"damage_healed":0,"gold_gain":0,"player_choice":"Upgrade and Remove","damage_taken":0,"max_hp_gain":0,"max_hp_loss":0,"event_name":"Designer","floor":30,"gold_loss":90,"cards_upgraded":["Body Slam"]}],"is_beta":false,"boss_relics":[{"not_picked":["Cursed Key","Snecko Eye"],"picked":"Black Blood"}],"items_purged_floors":[5,31],"is_endless":false,"potions_floor_spawned":[3,4,13,14,19,29],"killed_by":"Automaton","ascension_level":2}}