{"host":"utqe55yv0jihe4d6","time":1613535790,"event":{"mods":["2.2 Compatiblity","AchievementEnabler","BaseMod","Block Reminder","Colored Map","Colored Powertips","Minty Spire (QoL Compilation)","Quick Restart","Rare Cards Sparkle","Relic Stats","SuperFastMode"],"gold_per_floor":[116,41,41,61,61,61,93,93,93,150,164,193,207,282,282,359,359,371,381,381,381,399,399,412,738,786,806,806,841,410,325,325,401,401,419,435,435,23,39,39,39,73,99,109,134,134,134,169,169,169,169,169],"floor_reached":51,"language":"ENG","playtime":1572,"items_purged":["Strike_R"],"score":1762,"play_id":"2f9d94b6-c049-4dd1-8f01-171a2a627ea2","local_time":"20210216232310","is_ascension_mode":true,"campfire_choices":[{"floor":6.0,"key":"REST"},{"data":"Disarm","floor":15.0,"key":"SMITH"},{"data":"Corruption","floor":23.0,"key":"SMITH"},{"data":"Rupture","floor":28.0,"key":"SMITH"},{"data":"Brutality","floor":32,"key":"SMITH"},{"data":"Barricade","floor":40,"key":"SMITH"},{"floor":49,"key":"RECALL"}],"circlet_count":0,"master_deck":["AscendersBane","Bash","Immolate+1","Flex","Pommel Strike","Thunderclap","Clothesline","Inflame","True Grit","Disarm+1","Corruption+1","Feed","Brutality+1","Clothesline","Spot Weakness","Limit Break","Pummel","Rupture+1","Dropkick","Burning Pact+1","Burning Pact","Barricade+1","Metallicize+1","Feel No Pain","Shockwave","Sentinel","Trip","Seeing Red"],"relics":["Burning Blood","HornCleat","Eternal Feather","Bottled Flame","Ornamental Fan","Toy Ornithopter","Orichalcum","Pandora\u0027s Box","Old Coin","Potion Belt","Meat on the Bone","Bag of Marbles","Oddly Smooth Stone","White Beast Statue","Busted Crown","Matryoshka","Centennial Puzzle","Regal Pillow","Gremlin Horn","Self Forming Clay"],"acts_visited":["Exordium","TheCity","TheBeyond"],"potions_floor_usage":[29,42,50],"damage_taken":[{"damage":7.0,"enemies":"Jaw Worm","floor":1.0,"turns":3.0},{"damage":0.0,"enemies":"Small Slimes","floor":4.0,"turns":1.0},{"damage":0.0,"enemies":"Gremlin Nob","floor":7.0,"turns":3.0},{"damage":0.0,"enemies":"3 Sentries","floor":10.0,"turns":1.0},{"damage":0.0,"enemies":"2 Louse","floor":11.0,"turns":1.0},{"damage":0.0,"enemies":"3 Sentries","floor":12.0,"turns":1.0},{"damage":2.0,"enemies":"Blue Slaver","floor":13.0,"turns":3.0},{"damage":53.0,"enemies":"Hexaghost","floor":16.0,"turns":13.0},{"damage":12.0,"enemies":"Chosen","floor":18.0,"turns":4.0},{"damage":24.0,"enemies":"3 Byrds","floor":19.0,"turns":4.0},{"damage":24.0,"enemies":"Cultist and Chosen","floor":22.0,"turns":5.0},{"damage":10.0,"enemies":"Snake Plant","floor":24.0,"turns":5.0},{"damage":29.0,"enemies":"Gremlin Leader","floor":25.0,"turns":5.0},{"damage":0.0,"enemies":"Snecko","floor":27.0,"turns":3.0},{"damage":0,"enemies":"Slavers","floor":29,"turns":1},{"damage":71,"enemies":"Collector","floor":33,"turns":7},{"damage":9,"enemies":"Orb Walker","floor":35,"turns":3},{"damage":0,"enemies":"3 Shapes","floor":36,"turns":1},{"damage":43,"enemies":"Sphere and 2 Shapes","floor":39,"turns":9},{"damage":29,"enemies":"Giant Head","floor":42,"turns":6},{"damage":3,"enemies":"Spire Growth","floor":44,"turns":4},{"damage":4,"enemies":"Nemesis","floor":45,"turns":5},{"damage":3,"enemies":"Reptomancer","floor":48,"turns":4},{"damage":35,"enemies":"Donu and Deca","floor":50,"turns":8},{"damage":85,"enemies":"Awakened One","floor":51,"turns":8}],"seed_played":"-3030538570670583655","potions_obtained":[{"floor":4.0,"key":"DuplicationPotion"},{"floor":10.0,"key":"Explosive Potion"},{"floor":12.0,"key":"PowerPotion"},{"floor":13.0,"key":"FearPotion"},{"floor":19.0,"key":"DuplicationPotion"},{"floor":22.0,"key":"BloodPotion"},{"floor":25.0,"key":"Fire Potion"},{"floor":27.0,"key":"LiquidBronze"},{"floor":33,"key":"Strength Potion"},{"floor":36,"key":"DistilledChaos"},{"floor":42,"key":"FearPotion"},{"floor":44,"key":"PowerPotion"}],"is_trial":false,"path_per_floor":["M","$","?","M","?","R","E","T","T","?","M","E","M","?","R","B",null,"M","M","?","?","M","R","M","E","T","M","R","E","$","?","R","B",null,"M","M","?","$","M","R","?","E","T","M","E","?","?","E","R","B","B"],"character_chosen":"IRONCLAD","items_purchased":["Bag of Marbles","Oddly Smooth Stone","ColorlessPotion","Burning Pact","Feel No Pain","Shockwave","Matryoshka"],"campfire_rested":1,"item_purchase_floors":[30,30,30,30,38,38,38],"current_hp_per_floor":[49,49,26,32,14,36,42,42,42,48,54,65,69,58,67,20,61,55,42,42,36,21,33,32,30,30,39,51,62,62,62,74,21,68,68,74,74,74,52,67,72,54,54,60,62,62,52,58,73,61,0,0],"gold":169,"neow_bonus":"THREE_RARE_CARDS","is_daily":false,"chose_seed":false,"campfire_upgraded":5,"win_rate":0.0,"timestamp":1613535790,"path_taken":["M","$","?","M","?","R","E","?","T","?","?","E","M","?","R","BOSS","M","M","?","?","?","R","M","E","T","M","R","E","$","?","R","BOSS","M","M","?","$","M","R","?","E","T","?","E","?","?","E","R","BOSS","BOSS"],"items_purchased_type":["Relic","Relic","Potion","Card","Card","Card","Relic"],"build_version":"2020-12-22","purchased_purges":1,"victory":false,"max_hp_per_floor":[75,75,75,75,75,75,75,75,75,75,75,75,75,75,75,75,75,75,75,75,75,78,78,81,81,81,84,84,84,84,84,84,84,84,87,87,87,87,90,90,90,90,90,93,93,88,88,91,91,91,91,91],"relic_stats":{"Regal Pillow":0,"Gremlin Horn":[10,10],"counters":[25,108],"Self Forming Clay":[48],"Eternal Feather":75,"Orichalcum":[186],"Burning Blood":144,"Centennial Puzzle":[15],"Busted Crown":20,"Ornamental Fan":[84],"Pandora\u0027s Box":["Feed","Brutality","Clothesline","Spot Weakness","Warcry","Spot Weakness","Limit Break","Pummel"],"obtain_stats":[{"Potion Belt":26,"Regal Pillow":43,"Gremlin Horn":45,"Self Forming Clay":48,"Oddly Smooth Stone":30,"Eternal Feather":7,"Orichalcum":12,"Burning Blood":0,"White Beast Statue":31,"Old Coin":25,"Bottled Flame":8,"Centennial Puzzle":42,"HornCleat":5,"Busted Crown":34,"Matryoshka":38,"Ornamental Fan":9,"Pandora\u0027s Box":17,"Bag of Marbles":30,"Toy Ornithopter":10,"Meat on the Bone":29},{"Potion Belt":13,"Regal Pillow":20,"Gremlin Horn":22,"Self Forming Clay":23,"Oddly Smooth Stone":15,"Eternal Feather":3,"Orichalcum":6,"Burning Blood":0,"White Beast Statue":15,"Old Coin":13,"Bottled Flame":3,"Centennial Puzzle":20,"HornCleat":2,"Busted Crown":16,"Matryoshka":18,"Ornamental Fan":3,"Pandora\u0027s Box":8,"Bag of Marbles":15,"Toy Ornithopter":4,"Meat on the Bone":15},{"Potion Belt":49,"Regal Pillow":79,"Gremlin Horn":88,"Self Forming Clay":92,"Oddly Smooth Stone":53,"Eternal Feather":7,"Orichalcum":10,"Burning Blood":0,"White Beast Statue":53,"Old Coin":49,"Bottled Flame":7,"Centennial Puzzle":79,"HornCleat":4,"Busted Crown":60,"Matryoshka":64,"Ornamental Fan":7,"Pandora\u0027s Box":26,"Bag of Marbles":53,"Toy Ornithopter":8,"Meat on the Bone":53}],"Toy Ornithopter":30,"Meat on the Bone":36},"card_choices":[{"not_picked":["Bludgeon","Offering"],"picked":"Immolate","floor":0.0},{"not_picked":["Clash","Headbutt"],"picked":"Flex","floor":1.0},{"not_picked":["Armaments","Metallicize"],"picked":"Pommel Strike","floor":4.0},{"not_picked":["Havoc","Sever Soul"],"picked":"Thunderclap","floor":7.0},{"not_picked":["Warcry","Dark Embrace"],"picked":"Clothesline","floor":10.0},{"not_picked":["Anger","Pommel Strike"],"picked":"Inflame","floor":11.0},{"not_picked":["Headbutt","Clash"],"picked":"True Grit","floor":12.0},{"not_picked":["Intimidate","Fiend Fire"],"picked":"Disarm","floor":13.0},{"not_picked":["Demon Form","Berserk"],"picked":"Corruption","floor":16.0},{"not_picked":["Heavy Blade","Cleave","Rampage"],"picked":"SKIP","floor":18.0},{"not_picked":["Twin Strike+1","Anger"],"picked":"Rupture","floor":19.0},{"not_picked":["Clothesline","Cleave"],"picked":"Dropkick","floor":22.0},{"not_picked":["Reckless Charge","Sword Boomerang","Fire Breathing"],"picked":"SKIP","floor":24.0},{"not_picked":["True Grit","Armaments","Brutality"],"picked":"SKIP","floor":25.0},{"not_picked":["Armaments","Sword Boomerang"],"picked":"Burning Pact+1","floor":27.0},{"not_picked":["Sever Soul+1","Infernal Blade","Clothesline"],"picked":"SKIP","floor":29},{"not_picked":["Impervious","Demon Form"],"picked":"Barricade","floor":33},{"not_picked":["Uppercut"],"picked":"SKIP","floor":35},{"not_picked":[],"picked":"Metallicize+1","floor":36},{"not_picked":[],"picked":"Sentinel","floor":39},{"not_picked":["Thunderclap+1"],"picked":"SKIP","floor":42},{"not_picked":["Sword Boomerang"],"picked":"SKIP","floor":44},{"not_picked":["Sword Boomerang"],"picked":"SKIP","floor":45},{"not_picked":[],"picked":"Trip","floor":47},{"not_picked":[],"picked":"Seeing Red","floor":48}],"player_experience":3080044,"relics_obtained":[{"floor":7.0,"key":"Eternal Feather"},{"floor":8.0,"key":"Bottled Flame"},{"floor":9.0,"key":"Ornamental Fan"},{"floor":10.0,"key":"Toy Ornithopter"},{"floor":12.0,"key":"Orichalcum"},{"floor":25.0,"key":"Old Coin"},{"floor":26.0,"key":"Potion Belt"},{"floor":29,"key":"Meat on the Bone"},{"floor":42,"key":"Centennial Puzzle"},{"floor":43,"key":"Regal Pillow"},{"floor":45,"key":"Gremlin Horn"},{"floor":48,"key":"Self Forming Clay"}],"event_choices":[{"damage_healed":0.0,"max_hp_gain":0.0,"max_hp_loss":0.0,"gold_gain":0.0,"event_name":"Shining Light","player_choice":"Entered Light","floor":3.0,"gold_loss":0.0,"damage_taken":23.0,"cards_upgraded":["Defend_R","Immolate"]},{"damage_healed":0.0,"max_hp_gain":0.0,"max_hp_loss":0.0,"gold_gain":0.0,"event_name":"Scrap Ooze","player_choice":"Success","floor":5.0,"gold_loss":0.0,"damage_taken":18.0,"relics_obtained":["HornCleat"]},{"damage_healed":0.0,"max_hp_gain":0.0,"max_hp_loss":0.0,"gold_gain":0.0,"event_name":"Dead Adventurer","player_choice":"Searched \u00272\u0027 times","floor":10.0,"gold_loss":0.0,"damage_taken":0.0},{"damage_healed":0.0,"max_hp_gain":0.0,"max_hp_loss":0.0,"gold_gain":75.0,"event_name":"World of Goop","player_choice":"Gather Gold","floor":14.0,"gold_loss":0.0,"damage_taken":11.0},{"cards_removed":["Spot Weakness"],"damage_healed":0.0,"max_hp_gain":0.0,"max_hp_loss":0.0,"gold_gain":0.0,"event_name":"Back to Basics","player_choice":"Elegance","floor":20.0,"gold_loss":0.0,"damage_taken":0.0},{"damage_healed":0.0,"max_hp_gain":0.0,"max_hp_loss":0.0,"gold_gain":0.0,"event_name":"Knowing Skull","player_choice":"","floor":21.0,"potions_obtained":[],"gold_loss":0.0,"damage_taken":6.0,"cards_obtained":[]},{"damage_healed":0,"gold_gain":0,"player_choice":"Obtained Relic","damage_taken":0,"relics_obtained":["White Beast Statue"],"max_hp_gain":0,"max_hp_loss":0,"event_name":"Addict","floor":31,"gold_loss":85},{"damage_healed":0,"gold_gain":0,"player_choice":"Ignored","damage_taken":0,"max_hp_gain":0,"max_hp_loss":0,"event_name":"Tomb of Lord Red Mask","floor":37,"gold_loss":0},{"cards_removed":["Warcry"],"damage_healed":5,"gold_gain":0,"player_choice":"Offered Common","damage_taken":0,"max_hp_gain":0,"max_hp_loss":0,"event_name":"Bonfire Elementals","floor":41,"gold_loss":0},{"cards_removed":["Warcry"],"damage_healed":5,"gold_gain":0,"player_choice":"Offered Special","damage_taken":0,"max_hp_gain":0,"max_hp_loss":0,"event_name":"Bonfire Elementals","floor":41,"gold_loss":0},{"damage_healed":0,"gold_gain":0,"player_choice":"Max HP","damage_taken":0,"max_hp_gain":0,"max_hp_loss":5,"event_name":"Winding Halls","floor":46,"gold_loss":0},{"damage_healed":0,"gold_gain":0,"player_choice":"Memory 3","damage_taken":10,"max_hp_gain":0,"max_hp_loss":0,"event_name":"SensoryStone","floor":47,"gold_loss":0}],"is_beta":false,"boss_relics":[{"not_picked":["SlaversCollar","Empty Cage"],"picked":"Pandora\u0027s Box"},{"not_picked":["Runic Cube","Tiny House"],"picked":"Busted Crown"}],"items_purged_floors":[2],"is_endless":false,"potions_floor_spawned":[4,10,12,13,19,22,25,27,33,35,36,39,42,44,45,48],"killed_by":"Awakened One","ascension_level":20}}