{"host":"q8mjpf3krl0t4p3x","time":1613547687,"event":{"mods":["BaseMod","Colored Map","Colored Powertips","Googly Eyes","Minty Spire (QoL Compilation)","Quick Restart","StSLib","everything is the same but u backflip on backflip","slay the spire mod where everything is the same but ironclad has a cowboy hat"],"gold_per_floor":[112,131,145,160,18,18,51,71,71,101,101,117,142,142,142,224,233,265,202,214,257,287,299,336,348,413,445,16,41,41,51,51,127,127,146,146,368,368,368],"floor_reached":38,"language":"ENG","playtime":1123,"items_purged":["Strike_R"],"score":795,"play_id":"3dd873dd-35e8-4c5c-9402-a39f6cc02cea","local_time":"20210216234127","is_ascension_mode":true,"campfire_choices":[{"data":"Whirlwind","floor":6,"key":"SMITH"},{"floor":15,"key":"REST"},{"floor":23,"key":"REST"},{"data":"Offering","floor":25,"key":"SMITH"},{"floor":30,"key":"REST"},{"data":"Inflame","floor":32,"key":"SMITH"}],"circlet_count":0,"master_deck":["AscendersBane","Strike_R","Defend_R","Defend_R","Defend_R","Defend_R","Bash+1","Cleave","Shrug It Off+1","Whirlwind+1","Inflame+1","Double Tap","Headbutt","Impervious","CurseOfTheBell","Power Through","Twin Strike","Offering+1","Inflame+1"],"relics":["Burning Blood","Bottled Tornado","Blue Candle","CeramicFish","Calling Bell","MawBank","Kunai","Gambling Chip","Red Mask","Strawberry","Anchor","HornCleat","StrikeDummy","SlaversCollar"],"acts_visited":["Exordium","TheCity","TheBeyond"],"potions_floor_usage":[7,7,16,16,29,33,33],"damage_taken":[{"damage":6,"enemies":"Cultist","floor":1,"turns":3},{"damage":2,"enemies":"Jaw Worm","floor":2,"turns":3},{"damage":0,"enemies":"2 Louse","floor":3,"turns":2},{"damage":9,"enemies":"Looter","floor":4,"turns":3},{"damage":45,"enemies":"Lagavulin","floor":7,"turns":7},{"damage":12,"enemies":"2 Fungi Beasts","floor":8,"turns":3},{"damage":8,"enemies":"Gremlin Nob","floor":10,"turns":3},{"damage":0,"enemies":"3 Louse","floor":12,"turns":1},{"damage":9,"enemies":"Looter","floor":13,"turns":3},{"damage":44,"enemies":"Hexaghost","floor":16,"turns":8},{"damage":31,"enemies":"Chosen","floor":18,"turns":6},{"damage":23,"enemies":"Masked Bandits","floor":21,"turns":3},{"damage":0,"enemies":"3 Byrds","floor":24,"turns":3},{"damage":24,"enemies":"Cultist and Chosen","floor":27,"turns":5},{"damage":13,"enemies":"Book of Stabbing","floor":29,"turns":5},{"damage":14,"enemies":"Snake Plant","floor":31,"turns":3},{"damage":7,"enemies":"Collector","floor":33,"turns":6},{"damage":30,"enemies":"Orb Walker","floor":35,"turns":4},{"damage":25,"enemies":"2 Orb Walkers","floor":38,"turns":3}],"seed_played":"3995251676353822124","potions_obtained":[{"floor":1,"key":"SteroidPotion"},{"floor":2,"key":"BlessingOfTheForge"},{"floor":7,"key":"Fruit Juice"},{"floor":12,"key":"LiquidBronze"},{"floor":18,"key":"PowerPotion"},{"floor":21,"key":"BlessingOfTheForge"},{"floor":29,"key":"LiquidMemories"}],"is_trial":false,"path_per_floor":["M","M","M","M","$","R","E","M","T","E","?","M","M","?","R","B",null,"M","?","?","?","?","R","M","R","T","M","$","E","R","M","R","B",null,"M","?","?","?"],"character_chosen":"IRONCLAD","items_purchased":["Double Tap","Anchor","HornCleat","Inflame"],"campfire_rested":3,"item_purchase_floors":[5,28,28,28],"current_hp_per_floor":[68,72,75,72,72,72,38,32,32,30,30,36,33,33,57,19,65,40,40,40,23,23,47,53,53,60,42,42,35,61,53,53,52,78,54,54,54,29,29],"gold":368,"neow_bonus":"UPGRADE_CARD","is_daily":false,"chose_seed":false,"campfire_upgraded":3,"win_rate":0.0,"timestamp":1613547687,"path_taken":["M","M","?","?","$","R","E","M","T","E","?","?","M","?","R","BOSS","M","?","?","?","?","R","M","R","T","M","$","E","R","M","R","BOSS","M","?","?","?"],"items_purchased_type":["Card","Relic","Relic","Card"],"build_version":"2020-12-22","purchased_purges":1,"victory":false,"max_hp_per_floor":[75,75,75,75,75,75,80,80,80,80,80,80,80,80,80,80,80,80,80,80,80,80,80,80,80,87,87,87,87,87,87,87,87,87,87,87,87,87,87],"card_choices":[{"not_picked":["Evolve","Metallicize"],"picked":"Cleave","floor":1},{"not_picked":["Perfected Strike","Fire Breathing"],"picked":"Shrug It Off","floor":2},{"not_picked":["Cleave","Rampage"],"picked":"Whirlwind","floor":3},{"not_picked":["Havoc","Clash"],"picked":"Inflame","floor":4},{"not_picked":["Clothesline","Metallicize","Sword Boomerang"],"picked":"SKIP","floor":7},{"not_picked":["Clash","Shrug It Off","Wild Strike"],"picked":"SKIP","floor":8},{"not_picked":["Intimidate","Reaper","Fiend Fire"],"picked":"SKIP","floor":10},{"not_picked":["Thunderclap","Heavy Blade","Combust"],"picked":"SKIP","floor":12},{"not_picked":["Cleave","Fire Breathing"],"picked":"Headbutt","floor":13},{"not_picked":["Bludgeon","Offering"],"picked":"Impervious","floor":16},{"not_picked":["Armaments","Headbutt+1","Pommel Strike"],"picked":"SKIP","floor":18},{"not_picked":["Clothesline+1","Pommel Strike"],"picked":"Offering","floor":24},{"not_picked":["Infernal Blade","Havoc","Thunderclap"],"picked":"SKIP","floor":27},{"not_picked":["True Grit","Headbutt","Hemokinesis"],"picked":"SKIP","floor":29},{"not_picked":["Shrug It Off","Anger+1","Inflame"],"picked":"SKIP","floor":31},{"not_picked":["Carnage","Power Through","Perfected Strike"],"picked":"SKIP","floor":35}],"player_experience":191008,"relics_obtained":[{"floor":7,"key":"Bottled Tornado"},{"floor":9,"key":"Blue Candle"},{"floor":10,"key":"CeramicFish"},{"floor":17,"key":"MawBank"},{"floor":17,"key":"Kunai"},{"floor":17,"key":"Gambling Chip"},{"floor":21,"key":"Red Mask"},{"floor":26,"key":"Strawberry"},{"floor":29,"key":"StrikeDummy"}],"event_choices":[{"damage_healed":0,"gold_gain":0,"player_choice":"Forge","damage_taken":0,"max_hp_gain":0,"max_hp_loss":0,"event_name":"Accursed Blacksmith","floor":11,"gold_loss":0,"cards_upgraded":["Inflame"]},{"damage_healed":0,"gold_gain":0,"player_choice":"Grow","damage_taken":0,"max_hp_gain":0,"max_hp_loss":0,"event_name":"Living Wall","floor":14,"gold_loss":0,"cards_upgraded":["Shrug It Off"]},{"cards_removed":["Strike_R"],"damage_healed":0,"gold_gain":0,"player_choice":"Gave Gold","damage_taken":0,"max_hp_gain":0,"max_hp_loss":0,"event_name":"Beggar","floor":19,"gold_loss":75},{"damage_healed":0,"gold_gain":0,"player_choice":"Ignored","damage_taken":0,"max_hp_gain":0,"max_hp_loss":0,"event_name":"Ghosts","floor":20,"gold_loss":0},{"damage_healed":0,"gold_gain":0,"player_choice":"Fought Bandits","damage_taken":0,"max_hp_gain":0,"max_hp_loss":0,"event_name":"Masked Bandits","floor":21,"gold_loss":0},{"damage_healed":0,"gold_gain":0,"cards_transformed":["Strike_R","Strike_R"],"player_choice":"Became Test Subject","damage_taken":0,"max_hp_gain":0,"max_hp_loss":0,"event_name":"Drug Dealer","floor":22,"gold_loss":0,"cards_obtained":["Power Through","Twin Strike"]},{"damage_healed":0,"gold_gain":0,"player_choice":"Memory 1","damage_taken":0,"max_hp_gain":0,"max_hp_loss":0,"event_name":"SensoryStone","floor":36,"gold_loss":0},{"damage_healed":0,"gold_gain":222,"player_choice":"Wore Mask","damage_taken":0,"max_hp_gain":0,"max_hp_loss":0,"event_name":"Tomb of Lord Red Mask","floor":37,"gold_loss":0},{"damage_healed":0,"gold_gain":0,"player_choice":"Fight","damage_taken":0,"max_hp_gain":0,"max_hp_loss":0,"event_name":"Mysterious Sphere","floor":38,"gold_loss":0}],"is_beta":false,"boss_relics":[{"not_picked":["Tiny House","Runic Pyramid"],"picked":"Calling Bell"},{"not_picked":["Pandora\u0027s Box","Runic Cube"],"picked":"SlaversCollar"}],"items_purged_floors":[5],"is_endless":false,"potions_floor_spawned":[1,2,7,12,18,21,29],"killed_by":"2 Orb Walkers","ascension_level":15}}