{"host":"n605f8gctjc87d7h","time":1613579420,"event":{"mods":["Aspiration","Bard","BaseMod","Better Match","Better Note","Better Skull","Better Third Choice","Conspire","Downfall","Halation","Hermit","Infinite Spire","Minty Spire (QoL Compilation)","Reliquary","Replay The Spire","Retaliation","Shade Mod","Spicy Shops","StSLib","The IronCluck","The Jungle","The Runesmith"],"gold_per_floor":[117,177,193,193,210,210,210,210,210,238,250,250,277,15,15,15,15],"floor_reached":16,"language":"ENG","playtime":993,"items_purged":[],"score":178,"play_id":"e62e8b5e-8094-48e9-95ad-c4e104ec33a7","local_time":"20210217083020","is_ascension_mode":true,"campfire_choices":[{"floor":6,"key":"REST"},{"floor":8,"key":"REST"},{"data":"infinitespire:Fortify","floor":12,"key":"SMITH"},{"data":"Predator","floor":15,"key":"SMITH"}],"circlet_count":0,"master_deck":["AscendersBane","Strike_G","Strike_G","Strike_G","Strike_G","Strike_G","Defend_G","Defend_G","Defend_G","Defend_G","Defend_G","Survivor","Neutralize","Predator+1","infinitespire:Fortify+1","Outmaneuver"],"relics":["Ring of the Snake","Replay:Towering Pillar of Hats","halation:YellowSoulGem","Snack Pack","Mirror","reliquary:TatteredRug","Shuriken"],"acts_visited":["Exordium"],"potions_floor_usage":[10,13],"damage_taken":[{"damage":3,"enemies":"2 Louse","floor":1,"turns":3},{"damage":0,"enemies":"Small Slimes","floor":3,"turns":3},{"damage":1,"enemies":"conspire:RoseBush","floor":5,"turns":3},{"damage":4,"enemies":"Replay:BlueRogue","floor":10,"turns":10},{"damage":4,"enemies":"3 Louse","floor":11,"turns":4},{"damage":15,"enemies":"3 Sentries","floor":13,"turns":14},{"damage":77,"enemies":"Fading Forest","floor":16,"turns":10}],"seed_played":"3448836481311871061","potions_obtained":[{"floor":1,"key":"Cursed Concoction"},{"floor":3,"key":"LifebloodPotion"}],"is_trial":false,"path_per_floor":["M","?","M","?","M","R","?","R","T","E","M","R","E","$","R","B"],"character_chosen":"THE_SILENT","items_purchased":["Shuriken"],"campfire_rested":2,"item_purchase_floors":[14],"current_hp_per_floor":[42,42,42,42,41,62,45,66,66,68,66,66,55,55,55,0,0],"gold":15,"neow_bonus":"ONE_RARE_RELIC","is_daily":false,"chose_seed":false,"campfire_upgraded":2,"win_rate":0.0,"timestamp":1613579420,"path_taken":["M","?","M","?","M","R","?","R","T","E","M","R","E","$","R","BOSS"],"items_purchased_type":["Relic"],"build_version":"2020-12-22","purchased_purges":0,"victory":false,"max_hp_per_floor":[70,70,70,70,70,70,70,70,70,70,70,70,70,70,70,70,70],"card_choices":[{"not_picked":["ReplayTheSpireMod:The Works","Hidden Blade"],"picked":"Predator","floor":1},{"not_picked":["Blur","Sucker Punch","Eviscerate"],"picked":"SKIP","floor":3},{"not_picked":["Sucker Punch","Bane","ReplayTheSpireMod:Tripwire"],"picked":"SKIP","floor":5},{"not_picked":["ReplayTheSpireMod:Haul","infinitespire:SevenWalls"],"picked":"infinitespire:Fortify","floor":7},{"not_picked":["Underhanded Strike","PiercingWail"],"picked":"Outmaneuver","floor":10},{"not_picked":["Bane","Sucker Punch","Deadly Poison"],"picked":"SKIP","floor":11},{"not_picked":["Cloak And Dagger","A Thousand Cuts","Dagger Spray"],"picked":"SKIP","floor":13}],"player_experience":885562,"relics_obtained":[{"floor":9,"key":"Snack Pack"},{"floor":10,"key":"Mirror"},{"floor":13,"key":"reliquary:TatteredRug"}],"event_choices":[{"damage_healed":0,"gold_gain":60,"player_choice":"Gained Gold","damage_taken":0,"max_hp_gain":0,"max_hp_loss":0,"event_name":"Golden Wing","floor":2,"gold_loss":0}],"is_beta":false,"boss_relics":[],"items_purged_floors":[],"is_endless":false,"potions_floor_spawned":[1,3],"killed_by":"Fading Forest","ascension_level":13}}