{"host":"iv5atf0fne3n7zmv","time":1613584041,"event":{"mods":["BaseMod","Minty Spire (QoL Compilation)","StSLib"],"gold_per_floor":[99,99,274,274,274,274,303,130,130,159,179,214,214,234,234,338,365,384,404,404,404,428,428,428],"floor_reached":23,"language":"ENG","playtime":1077,"items_purged":["Defend_B"],"score":269,"play_id":"cb69b0ba-7f7d-4fe2-80b8-2ed9ddb08907","local_time":"20210217094721","is_ascension_mode":true,"campfire_choices":[{"floor":6,"key":"RECALL"},{"data":"Loop","floor":15,"key":"SMITH"}],"circlet_count":0,"master_deck":["Strike_B","Strike_B","Defend_B","Defend_B","Zap","Dualcast","Go for the Eyes","Doom and Gloom","Beam Cell","Self Repair","Cold Snap","Loop+1","Multi-Cast","Compile Driver","Core Surge","Injury","Self Repair+1","Darkness+1","Turbo+1","Barrage","Genetic Algorithm"],"relics":["Cracked Core","NeowsBlessing","Lantern","Du-Vu Doll","Tiny Chest","Torii","CeramicFish","Spirit Poop","Astrolabe","The Courier"],"acts_visited":["Exordium","TheCity"],"potions_floor_usage":[12,16,22,23],"damage_taken":[{"damage":0,"enemies":"Jaw Worm","floor":1,"turns":1},{"damage":0,"enemies":"Lagavulin","floor":7,"turns":1},{"damage":0,"enemies":"3 Sentries","floor":10,"turns":1},{"damage":0,"enemies":"Small Slimes","floor":11,"turns":1},{"damage":32,"enemies":"Lagavulin","floor":12,"turns":4},{"damage":6,"enemies":"Cultist","floor":14,"turns":3},{"damage":16,"enemies":"Slime Boss","floor":16,"turns":5},{"damage":2,"enemies":"Chosen","floor":18,"turns":4},{"damage":30,"enemies":"Shell Parasite","floor":19,"turns":4},{"damage":39,"enemies":"3 Cultists","floor":22,"turns":5},{"damage":35,"enemies":"Slavers","floor":23,"turns":2}],"seed_played":"8524144889244501995","potions_obtained":[{"floor":7,"key":"LiquidBronze"},{"floor":14,"key":"Fruit Juice"},{"floor":16,"key":"BlessingOfTheForge"},{"floor":18,"key":"Dexterity Potion"}],"is_trial":false,"path_per_floor":["M","?","?","?","?","R","E","$","T","E","M","E","?","M","R","B",null,"M","M","T","?","M","E"],"character_chosen":"DEFECT","items_purchased":["Beam Cell","Self Repair"],"campfire_rested":0,"item_purchase_floors":[8,8],"current_hp_per_floor":[75,75,75,63,63,63,63,63,63,70,70,45,45,46,46,35,80,80,67,67,52,30,0,0],"gold":428,"neow_bonus":"THREE_ENEMY_KILL","is_daily":false,"chose_seed":false,"campfire_upgraded":1,"win_rate":0.0,"timestamp":1613584041,"path_taken":["M","?","?","?","?","R","E","$","T","E","?","E","?","?","R","BOSS","M","M","?","?","M","E"],"items_purchased_type":["Card","Card"],"build_version":"2020-12-22","purchased_purges":1,"victory":false,"max_hp_per_floor":[75,75,75,75,75,75,75,75,75,75,75,75,75,75,75,80,80,80,80,80,85,85,85,85],"card_choices":[{"not_picked":["Steam","Barrage"],"picked":"Go for the Eyes","floor":1},{"not_picked":["Conserve Battery","Go for the Eyes"],"picked":"Doom and Gloom","floor":7},{"not_picked":["Heatsinks","Go for the Eyes"],"picked":"Cold Snap","floor":10},{"not_picked":["Chaos","Force Field"],"picked":"Loop","floor":11},{"not_picked":["Chill","Darkness"],"picked":"Multi-Cast","floor":12},{"not_picked":["Hologram","Conserve Battery"],"picked":"Compile Driver","floor":14},{"not_picked":["Hyperbeam","Seek"],"picked":"Core Surge","floor":16},{"not_picked":["Conserve Battery","Glacier"],"picked":"Turbo+1","floor":18},{"not_picked":["Conserve Battery","Streamline"],"picked":"Barrage","floor":19},{"not_picked":["Streamline","Chaos+1"],"picked":"Genetic Algorithm","floor":22}],"player_experience":333066,"relics_obtained":[{"floor":7,"key":"Tiny Chest"},{"floor":10,"key":"Torii"},{"floor":12,"key":"CeramicFish"},{"floor":20,"key":"The Courier"}],"event_choices":[{"cards_removed":["Strike_B"],"damage_healed":0,"gold_gain":0,"player_choice":"Forget","damage_taken":0,"max_hp_gain":0,"max_hp_loss":0,"event_name":"Living Wall","floor":2,"gold_loss":0},{"damage_healed":0,"gold_gain":175,"player_choice":"AGREE","damage_taken":0,"max_hp_gain":0,"max_hp_loss":0,"event_name":"Liars Game","floor":3,"gold_loss":0,"cards_obtained":["Doubt"]},{"damage_healed":0,"gold_gain":0,"player_choice":"Success","damage_taken":12,"relics_obtained":["Lantern"],"max_hp_gain":0,"max_hp_loss":0,"event_name":"Scrap Ooze","floor":4,"gold_loss":0},{"damage_healed":0,"gold_gain":0,"player_choice":"Box","damage_taken":0,"relics_obtained":["Du-Vu Doll"],"max_hp_gain":0,"max_hp_loss":0,"event_name":"Big Fish","floor":5,"gold_loss":0,"cards_obtained":["Regret"]},{"cards_removed":["Regret"],"damage_healed":0,"gold_gain":0,"player_choice":"Offered Curse","damage_taken":0,"relics_obtained":["Spirit Poop"],"max_hp_gain":0,"max_hp_loss":0,"event_name":"Bonfire Elementals","floor":13,"gold_loss":0},{"damage_healed":0,"gold_gain":0,"player_choice":"Shed Blood","damage_taken":20,"max_hp_gain":5,"max_hp_loss":0,"event_name":"Forgotten Altar","floor":21,"gold_loss":0}],"is_beta":false,"boss_relics":[{"not_picked":["SacredBark","FrozenCore"],"picked":"Astrolabe"}],"items_purged_floors":[8],"is_endless":false,"potions_floor_spawned":[7,14,16,18],"killed_by":"Slavers","ascension_level":1}}