{"host":"xy5qih4nvxccm4rc","time":1613520664,"event":{"mods":["AchievementEnabler","BaseMod","Minty Spire (QoL Compilation)","StSLib"],"gold_per_floor":[111,111,111,122,5,39,39,64,64,64,64,64,92,111,111,210,210,220,28,39,39,56,90,90,90,115,12,12,46,58,58,58,162,162,177,24,40,0,18,18,18,46,46,62,62,74,108,154,154,154,154],"floor_reached":50,"language":"ENG","playtime":2266,"items_purged":[],"score":809,"play_id":"3084e24d-aab4-4fb6-ade9-7a33f43013e8","local_time":"20210216181104","is_ascension_mode":true,"campfire_choices":[{"data":"Defragment","floor":7,"key":"SMITH"},{"data":"Zap","floor":10,"key":"SMITH"},{"data":"Capacitor","floor":15,"key":"SMITH"},{"data":"Echo Form","floor":24,"key":"SMITH"},{"data":"Storm","floor":28,"key":"SMITH"},{"data":"Chill","floor":32,"key":"SMITH"},{"floor":40,"key":"REST"},{"floor":45,"key":"RECALL"},{"data":"Storm","floor":49,"key":"SMITH"}],"circlet_count":0,"master_deck":["Strike_B","Strike_B","Strike_B","Defend_B","Defend_B","Defend_B+1","Defend_B","Zap+1","Dualcast","Cold Snap+1","Chill+1","Defragment+1","Coolheaded","Melter","Doom and Gloom","Conserve Battery","Capacitor+1","Echo Form+1","Skim+1","Defragment","Beam Cell+1","Capacitor+1","Amplify","Writhe","Storm+1","Blizzard","Loop+1","Sweeping Beam","Seek","Storm+1","Machine Learning","Conserve Battery","Heatsinks+1","Defragment","Coolheaded+1","Steam Power","Turbo+1","White Noise","Blizzard","Self Repair+1","Turbo+1"],"relics":["Cracked Core","NeowsBlessing","Eternal Feather","Nunchaku","Mercury Hourglass","White Beast Statue","Vajra","Snecko Eye","Runic Capacitor","Akabeko","Anchor","Ancient Tea Set","Blood Vial","Orichalcum","Philosopher\u0027s Stone","Orrery","Red Mask","Spirit Poop","Lantern","Potion Belt","Ice Cream"],"acts_visited":["Exordium","TheCity","TheBeyond"],"potions_floor_usage":[29,29,33,33,33,35,42,48,50,50],"damage_taken":[{"damage":0,"enemies":"2 Louse","floor":1,"turns":1},{"damage":0,"enemies":"Jaw Worm","floor":4,"turns":1},{"damage":0,"enemies":"Gremlin Nob","floor":6,"turns":1},{"damage":12,"enemies":"Lagavulin","floor":8,"turns":6},{"damage":3,"enemies":"Gremlin Nob","floor":13,"turns":4},{"damage":0,"enemies":"Small Slimes","floor":14,"turns":2},{"damage":28,"enemies":"Hexaghost","floor":16,"turns":8},{"damage":0,"enemies":"Spheric Guardian","floor":18,"turns":2},{"damage":14,"enemies":"3 Byrds","floor":20,"turns":3},{"damage":12,"enemies":"Cultist and Chosen","floor":22,"turns":4},{"damage":0,"enemies":"Gremlin Leader","floor":23,"turns":7},{"damage":0,"enemies":"Book of Stabbing","floor":29,"turns":4},{"damage":23,"enemies":"3 Cultists","floor":30,"turns":4},{"damage":29,"enemies":"Collector","floor":33,"turns":5},{"damage":12,"enemies":"3 Darklings","floor":35,"turns":2},{"damage":29,"enemies":"3 Shapes","floor":37,"turns":3},{"damage":26,"enemies":"Writhing Mass","floor":39,"turns":4},{"damage":0,"enemies":"Giant Head","floor":42,"turns":5},{"damage":11,"enemies":"4 Shapes","floor":44,"turns":3},{"damage":8,"enemies":"Jaw Worm Horde","floor":46,"turns":3},{"damage":22,"enemies":"Reptomancer","floor":47,"turns":4},{"damage":8,"enemies":"2 Orb Walkers","floor":48,"turns":2},{"damage":73,"enemies":"Awakened One","floor":50,"turns":5}],"seed_played":"-1044542850296643589","potions_obtained":[{"floor":6,"key":"SteroidPotion"},{"floor":8,"key":"Energy Potion"},{"floor":13,"key":"SpeedPotion"},{"floor":14,"key":"SteroidPotion"},{"floor":16,"key":"DistilledChaos"},{"floor":18,"key":"Energy Potion"},{"floor":20,"key":"Dexterity Potion"},{"floor":29,"key":"DistilledChaos"},{"floor":30,"key":"GamblersBrew"},{"floor":33,"key":"PowerPotion"},{"floor":35,"key":"AttackPotion"},{"floor":37,"key":"FearPotion"},{"floor":39,"key":"Dexterity Potion"},{"floor":42,"key":"Ancient Potion"},{"floor":47,"key":"GamblersBrew"},{"floor":48,"key":"SpeedPotion"}],"is_trial":false,"path_per_floor":["M","?","?","M","$","E","R","E","T","R","?","$","E","M","R","B",null,"M","$","M","$","M","E","R","?","T","$","R","E","M","?","R","B",null,"M","$","M","?","M","R","?","E","T","M","R","M","E","?","R","B"],"character_chosen":"DEFECT","items_purchased":["Defragment","Coolheaded","Runic Capacitor","Defragment","Storm","Blizzard","Orrery"],"campfire_rested":1,"item_purchase_floors":[5,5,19,19,27,27,36],"current_hp_per_floor":[75,68,53,53,53,53,59,47,47,56,56,56,53,53,62,34,75,75,75,61,61,49,49,61,61,61,61,75,75,52,52,67,40,75,63,63,36,36,12,55,55,57,57,48,69,63,43,47,71,0,0],"gold":154,"neow_bonus":"THREE_ENEMY_KILL","is_daily":false,"chose_seed":false,"campfire_upgraded":7,"win_rate":0.0,"timestamp":1613520664,"path_taken":["M","?","?","M","?","E","R","E","T","R","?","$","E","M","R","BOSS","M","$","M","?","M","E","R","?","T","$","R","E","M","?","R","BOSS","M","$","M","?","M","R","?","E","T","?","R","M","E","?","R","BOSS"],"items_purchased_type":["Card","Card","Relic","Card","Card","Card","Relic"],"build_version":"2020-12-22","purchased_purges":0,"victory":false,"max_hp_per_floor":[75,75,75,75,75,75,75,75,75,75,75,75,75,75,75,75,75,75,75,75,75,75,75,75,75,75,75,75,75,75,75,75,75,75,75,75,75,75,75,75,75,75,75,75,75,75,75,75,75,75,75],"card_choices":[{"not_picked":["Fusion","Turbo"],"picked":"Cold Snap","floor":1},{"not_picked":["Fusion","Sunder"],"picked":"Chill","floor":4},{"not_picked":["Blizzard","Barrage"],"picked":"Melter","floor":6},{"not_picked":["Rebound","Tempest"],"picked":"Doom and Gloom","floor":8},{"not_picked":["Turbo","Leap"],"picked":"Conserve Battery","floor":13},{"not_picked":["BootSequence","Redo"],"picked":"Capacitor","floor":14},{"not_picked":["Multi-Cast","Fission"],"picked":"Echo Form","floor":16},{"not_picked":["Cold Snap","Turbo"],"picked":"Skim+1","floor":18},{"not_picked":["Streamline","Chaos"],"picked":"Beam Cell+1","floor":20},{"not_picked":["Rebound+1","Double Energy"],"picked":"Capacitor+1","floor":22},{"not_picked":["Go for the Eyes","Redo"],"picked":"Amplify","floor":23},{"not_picked":["All For One","Go for the Eyes"],"picked":"Loop+1","floor":29},{"not_picked":["Conserve Battery","Hologram"],"picked":"Sweeping Beam","floor":30},{"not_picked":["Multi-Cast","Fission"],"picked":"Seek","floor":33},{"not_picked":["Coolheaded","Streamline+1"],"picked":"Storm","floor":35},{"not_picked":["Genetic Algorithm","Cold Snap"],"picked":"Machine Learning","floor":36},{"not_picked":["Reinforced Body+1","Genetic Algorithm"],"picked":"Conserve Battery","floor":36},{"not_picked":["Recycle+1","Compile Driver"],"picked":"Heatsinks+1","floor":36},{"not_picked":["Biased Cognition","Rebound+1"],"picked":"Defragment","floor":36},{"not_picked":["Sunder","Glacier"],"picked":"Coolheaded+1","floor":37},{"not_picked":["Beam Cell","Go for the Eyes+1"],"picked":"Steam Power","floor":39},{"not_picked":["Melter","Rebound"],"picked":"Turbo+1","floor":42},{"not_picked":["Cold Snap","Hologram+1"],"picked":"White Noise","floor":44},{"not_picked":["Reinforced Body+1","Scrape"],"picked":"Blizzard","floor":46},{"not_picked":["Streamline","BootSequence+1"],"picked":"Self Repair+1","floor":47},{"not_picked":["Streamline+1","Ball Lightning"],"picked":"Turbo+1","floor":48}],"player_experience":338268,"relics_obtained":[{"floor":6,"key":"Eternal Feather"},{"floor":8,"key":"Nunchaku"},{"floor":9,"key":"Mercury Hourglass"},{"floor":13,"key":"Vajra"},{"floor":23,"key":"Akabeko"},{"floor":26,"key":"Ancient Tea Set"},{"floor":29,"key":"Blood Vial"},{"floor":42,"key":"Lantern"},{"floor":47,"key":"Potion Belt"},{"floor":48,"key":"Ice Cream"}],"event_choices":[{"cards_removed":["Strike_B"],"damage_healed":0,"gold_gain":0,"player_choice":"Card Removal","damage_taken":7,"max_hp_gain":0,"max_hp_loss":0,"event_name":"Golden Wing","floor":2,"gold_loss":0},{"damage_healed":0,"gold_gain":0,"player_choice":"Entered Light","damage_taken":15,"max_hp_gain":0,"max_hp_loss":0,"event_name":"Shining Light","floor":3,"gold_loss":0,"cards_upgraded":["Cold Snap","Defend_B"]},{"damage_healed":0,"gold_gain":0,"player_choice":"Gave Potion","damage_taken":0,"relics_obtained":["White Beast Statue"],"max_hp_gain":0,"max_hp_loss":0,"event_name":"WeMeetAgain","floor":11,"gold_loss":0},{"damage_healed":0,"gold_gain":0,"player_choice":"Opened","damage_taken":0,"relics_obtained":["Anchor"],"max_hp_gain":0,"max_hp_loss":0,"event_name":"The Mausoleum","floor":25,"gold_loss":0,"cards_obtained":["Writhe"]},{"damage_healed":0,"gold_gain":0,"player_choice":"Stole Relic","damage_taken":0,"relics_obtained":["Orichalcum"],"max_hp_gain":0,"max_hp_loss":0,"event_name":"Addict","floor":31,"gold_loss":0,"cards_obtained":["Shame"]},{"damage_healed":0,"gold_gain":0,"player_choice":"Paid","damage_taken":0,"relics_obtained":["Red Mask"],"max_hp_gain":0,"max_hp_loss":0,"event_name":"Tomb of Lord Red Mask","floor":38,"gold_loss":40},{"cards_removed":["Shame"],"damage_healed":0,"gold_gain":0,"player_choice":"Offered Curse","damage_taken":0,"relics_obtained":["Spirit Poop"],"max_hp_gain":0,"max_hp_loss":0,"event_name":"Bonfire Elementals","floor":41,"gold_loss":0},{"damage_healed":0,"gold_gain":0,"player_choice":"Fight","damage_taken":0,"max_hp_gain":0,"max_hp_loss":0,"event_name":"Mysterious Sphere","floor":48,"gold_loss":0}],"is_beta":false,"boss_relics":[{"not_picked":["Ectoplasm","Sozu"],"picked":"Snecko Eye"},{"not_picked":["Cursed Key","Fusion Hammer"],"picked":"Philosopher\u0027s Stone"}],"items_purged_floors":[],"is_endless":false,"potions_floor_spawned":[6,8,13,14,16,18,20,22,23,29,30,33,35,37,39,42,44,46,47,48],"killed_by":"Awakened One","ascension_level":4}}