{"host":"dx8mnueonnkh60qu","time":1613535259,"event":{"mods":["AchievementEnabler","Act Like it!","Aspiration","BaseMod","Better Silent Start","Better Third Choice","Bossed Relics","CCEM2","Conspire","Defuse TimeMaze Blight","Dota2Spire","Downfall","Hubris","Infinite Spire","Marked Mod","Minty Spire (QoL Compilation)","Quarter Circle Forward PUNCH!","Rare Cards Sparkle","Relic Stats","Reliquary","Robot Space Explorer","Spicy Shops","Spikes Relics","StSLib","SuperFastMode","The Blue Laboratory","The Caster"],"gold_per_floor":[110,124,124,137,137,168,168,202,228,296,367,367,388,388,388,544,544,595,595,610,610,610,610,676,747,747,792,832,832,881,944,944,1098,1098,1113,1113,1157,373,373,373,428,428,428,482,482,530,551,605,605,635],"floor_reached":51,"language":"ENG","playtime":2023,"items_purged":["Strike_R"],"score":851,"play_id":"f7765804-214e-485c-a634-2cf152481e60","local_time":"20210216231419","is_ascension_mode":true,"campfire_choices":[{"data":"Armaments","floor":7.0,"key":"SMITH"},{"data":"Fiend Fire","floor":23.0,"key":"SMITH"},{"data":"Bash","floor":29.0,"key":"SMITH"},{"floor":32.0,"key":"REST"},{"floor":40,"key":"REST"},{"data":"Second Wind","floor":42,"key":"SMITH"},{"floor":45,"key":"REST"},{"floor":49,"key":"REST"}],"circlet_count":0,"master_deck":["Strike_R","Strike_R","Strike_R","Defend_R","Defend_R","Defend_R","Defend_R","Bash+1","Bludgeon+1","Dark Embrace+1","conspire:ExplosiveBarrier","Injury","Armaments+1","Warcry","Disarm","Fiend Fire+1","Second Wind+1","downfall:Bewildered","Disarm","infinitespire:Gouge","Shrug It Off+1","Bludgeon","Flex+1","hubris:ReadiedAction+1","Flex+1","Havoc+1"],"relics":["Burning Blood","Golden Idol","CCEMRelics:WhiteRose","Dota2Spire:PowerTreads","Dota2Spire:HandOfMidas","Dota2Spire:HeartOfTarrasque","hexamod:CandleOfCauterizing","Dota2Spire:RefresherOrb","sneckomod:BabySnecko","reliquary:Sideboard","qcfpunch:Wrestler\u0027s_Cloak","hubris:AstralHammer","Dota2Spire:UrnOfShadows","ZombieTooth","Runic Dome","hubris:Metronome","CCEMRelics:ImbuedSpirit","GiantMaggot"],"acts_visited":["Exordium","TheCity","TheBeyond"],"potions_floor_usage":[37,48,50,50,50,50],"damage_taken":[{"damage":12.0,"enemies":"Jaw Worm","floor":1.0,"turns":2.0},{"damage":0.0,"enemies":"Small Slimes","floor":2.0,"turns":3.0},{"damage":1.0,"enemies":"Cultist","floor":4.0,"turns":3.0},{"damage":30.0,"enemies":"Lagavulin","floor":6.0,"turns":5.0},{"damage":20.0,"enemies":"3 Sentries","floor":8.0,"turns":8.0},{"damage":5.0,"enemies":"Gremlin Nob","floor":10.0,"turns":3.0},{"damage":10.0,"enemies":"2 Fungi Beasts","floor":13.0,"turns":4.0},{"damage":33.0,"enemies":"Slime Boss","floor":16.0,"turns":9.0},{"damage":0.0,"enemies":"Chosen","floor":18.0,"turns":4.0},{"damage":2.0,"enemies":"2 Thieves","floor":20.0,"turns":3.0},{"damage":28.0,"enemies":"Slavers","floor":24.0,"turns":4.0},{"damage":3.0,"enemies":"conspire:MimicChest","floor":25.0,"turns":8.0},{"damage":18.0,"enemies":"Cultist and Chosen","floor":27.0,"turns":6.0},{"damage":21.0,"enemies":"Book of Stabbing","floor":28.0,"turns":4.0},{"damage":8.0,"enemies":"3 Cultists","floor":30.0,"turns":5.0},{"damage":53.0,"enemies":"Slavers","floor":31.0,"turns":6.0},{"damage":30.0,"enemies":"hubris:MusketHawk","floor":33.0,"turns":6.0},{"damage":1.0,"enemies":"3 Shapes","floor":35.0,"turns":3.0},{"damage":79,"enemies":"3 Darklings","floor":37,"turns":6},{"damage":8,"enemies":"Sphere and 2 Shapes","floor":41,"turns":4},{"damage":22,"enemies":"Maw","floor":44,"turns":7},{"damage":22,"enemies":"Transient","floor":46,"turns":5},{"damage":24,"enemies":"Spire Growth","floor":47,"turns":4},{"damage":18,"enemies":"Maw","floor":48,"turns":6},{"damage":57,"enemies":"Time Eater","floor":50,"turns":10}],"seed_played":"5565443011125781994","potions_obtained":[{"floor":1.0,"key":"blueLaboratory:Moonshine"},{"floor":6.0,"key":"Explosive Potion"},{"floor":13.0,"key":"Guardian:BlockOnCardUsePotion"},{"floor":14.0,"key":"blueLaboratory:ArtificerPotion"},{"floor":14.0,"key":"SteroidPotion"},{"floor":14.0,"key":"SteroidPotion"},{"floor":24.0,"key":"FearPotion"},{"floor":25.0,"key":"Dota2Spire:HealingSalve"},{"floor":33.0,"key":"bronze:BurnAndBuffPotion"}],"is_trial":false,"path_per_floor":["M","M","?","M","?","E","R","E","T","E","T","R","M","?","R","B",null,"M","?","M","?","?","R","E","?","T","M","E","R","M","E","R","B",null,"M","?","M","$","AVR","R","M","R","T","M","R","M","M","M","R","B",null],"character_chosen":"IRONCLAD","items_purchased":["hubris:Metronome","BloodPotion","EntropicBrew","CCEMRelics:ImbuedSpirit"],"campfire_rested":4,"item_purchase_floors":[38,38,38,38],"current_hp_per_floor":[74,80,80,80,80,56,56,42,42,51,51,51,47,47,47,20,88,88,88,88,88,88,88,66,81,81,69,54,54,52,8,34,10,88,88,88,15,15,15,41,43,43,43,27,53,37,19,31,57,16],"gold":635,"neow_bonus":"ONE_RANDOM_RARE_CARD","is_daily":false,"chose_seed":false,"campfire_upgraded":4,"win_rate":0.0,"timestamp":1613535259,"path_taken":["M","M","?","M","?","E","R","E","T","E","?","R","?","?","R","BOSS","M","?","M","?","?","R","E","?","T","?","E","R","M","E","R","BOSS","M","?","M","?","AVR","R","M","R","T","M","R","?","M","M","R","BOSS"],"items_purchased_type":["Relic","Potion","Potion","Relic"],"build_version":"2020-12-22","purchased_purges":1,"victory":true,"max_hp_per_floor":[80,80,80,80,80,80,80,80,80,88,88,88,88,88,88,88,88,88,88,88,88,88,88,88,88,88,88,88,88,88,88,88,88,88,88,88,88,88,88,88,88,88,88,88,88,88,88,88,88,88],"relic_stats":{"counters":[25,128],"Golden Idol":175,"obtain_stats":[{"Dota2Spire:HandOfMidas":9,"Dota2Spire:PowerTreads":8,"hexamod:CandleOfCauterizing":11,"hubris:Metronome":38,"Dota2Spire:UrnOfShadows":28,"CCEMRelics:ImbuedSpirit":38,"Golden Idol":3,"reliquary:Sideboard":24,"GiantMaggot":43,"Dota2Spire:RefresherOrb":17,"Dota2Spire:HeartOfTarrasque":10,"Burning Blood":0,"sneckomod:BabySnecko":22,"Runic Dome":34,"ZombieTooth":31,"hubris:AstralHammer":26,"qcfpunch:Wrestler\u0027s_Cloak":25,"CCEMRelics:WhiteRose":6},{"Dota2Spire:HandOfMidas":5,"Dota2Spire:PowerTreads":5,"hexamod:CandleOfCauterizing":6,"hubris:Metronome":19,"Dota2Spire:UrnOfShadows":14,"CCEMRelics:ImbuedSpirit":19,"Golden Idol":2,"reliquary:Sideboard":11,"GiantMaggot":20,"Dota2Spire:RefresherOrb":8,"Dota2Spire:HeartOfTarrasque":6,"Burning Blood":0,"sneckomod:BabySnecko":10,"Runic Dome":17,"ZombieTooth":16,"hubris:AstralHammer":12,"qcfpunch:Wrestler\u0027s_Cloak":12,"CCEMRelics:WhiteRose":4},{"Dota2Spire:HandOfMidas":21,"Dota2Spire:PowerTreads":21,"hexamod:CandleOfCauterizing":24,"hubris:Metronome":92,"Dota2Spire:UrnOfShadows":66,"CCEMRelics:ImbuedSpirit":92,"Golden Idol":5,"reliquary:Sideboard":48,"GiantMaggot":96,"Dota2Spire:RefresherOrb":37,"Dota2Spire:HeartOfTarrasque":24,"Burning Blood":0,"sneckomod:BabySnecko":44,"Runic Dome":83,"ZombieTooth":77,"hubris:AstralHammer":56,"qcfpunch:Wrestler\u0027s_Cloak":56,"CCEMRelics:WhiteRose":13}],"Burning Blood":130},"card_choices":[{"not_picked":["Sword Boomerang","Evolve"],"picked":"Dark Embrace","floor":1.0},{"not_picked":["Pummel","Bloodletting"],"picked":"conspire:ExplosiveBarrier","floor":2.0},{"not_picked":["Havoc","Flex","conspire:ExplosiveBarrier"],"picked":"SKIP","floor":4.0},{"not_picked":["Power Through","Shrug It Off"],"picked":"Armaments","floor":6.0},{"not_picked":["Iron Wave","Havoc"],"picked":"Warcry","floor":8.0},{"not_picked":["Reckless Charge","Metallicize"],"picked":"Disarm","floor":10.0},{"not_picked":["Wild Strike","True Grit","Invigoration"],"picked":"SKIP","floor":13.0},{"not_picked":["Brutality","Demon Form"],"picked":"Fiend Fire","floor":16.0},{"not_picked":["Body Slam","Thunderclap"],"picked":"Second Wind","floor":18.0},{"not_picked":["Sword Boomerang","Searing Blow","Havoc+1"],"picked":"SKIP","floor":20.0},{"not_picked":["hubris:SharpeningStone+1","Twin Strike"],"picked":"Disarm","floor":24.0},{"not_picked":["Feed","Burning Pact"],"picked":"Shrug It Off+1","floor":25.0},{"not_picked":["Heavy Blade","Warcry+1"],"picked":"hubris:ReadiedAction+1","floor":27.0},{"not_picked":["Second Wind","Pommel Strike"],"picked":"Flex+1","floor":28.0},{"not_picked":["Combust","Thunderclap","Wild Strike"],"picked":"SKIP","floor":30.0},{"not_picked":["Sentinel","Heavy Blade","Pommel Strike"],"picked":"SKIP","floor":31.0},{"not_picked":["Limit Break","conspire:HitWhereItHurts"],"picked":"Bludgeon","floor":33.0},{"not_picked":["Perfected Strike","Anger+1","Havoc+1"],"picked":"SKIP","floor":35.0},{"not_picked":["Hemokinesis","hubris:ReadiedAction+1"],"picked":"Havoc+1","floor":37},{"not_picked":["Pommel Strike","Carnage+1"],"picked":"Flex+1","floor":41},{"not_picked":["True Grit","Flex+1","Anger+1"],"picked":"SKIP","floor":44},{"not_picked":["Flex","Headbutt"],"picked":"Sentinel+1","floor":46},{"not_picked":["True Grit","Shrug It Off+1"],"picked":"Battle Trance+1","floor":47},{"not_picked":["Rupture+1","hubris:ReadiedAction","Body Slam"],"picked":"SKIP","floor":48}],"player_experience":639059,"relics_obtained":[{"floor":6.0,"key":"CCEMRelics:WhiteRose"},{"floor":8.0,"key":"Dota2Spire:PowerTreads"},{"floor":9.0,"key":"Dota2Spire:HandOfMidas"},{"floor":10.0,"key":"Dota2Spire:HeartOfTarrasque"},{"floor":11.0,"key":"hexamod:CandleOfCauterizing"},{"floor":24.0,"key":"reliquary:Sideboard"},{"floor":25.0,"key":"qcfpunch:Wrestler\u0027s_Cloak"},{"floor":26.0,"key":"hubris:AstralHammer"},{"floor":28.0,"key":"Dota2Spire:UrnOfShadows"},{"floor":31.0,"key":"ZombieTooth"},{"floor":43,"key":"GiantMaggot"}],"event_choices":[{"damage_healed":0.0,"max_hp_gain":0.0,"max_hp_loss":0.0,"gold_gain":0.0,"event_name":"Golden Idol","player_choice":"Take Wound","floor":3.0,"gold_loss":0.0,"damage_taken":0.0,"relics_obtained":["Golden Idol"],"cards_obtained":["Injury"]},{"damage_healed":0.0,"max_hp_gain":0.0,"max_hp_loss":0.0,"gold_gain":0.0,"event_name":"Living Wall","player_choice":"Grow","floor":5.0,"gold_loss":0.0,"damage_taken":0.0,"cards_upgraded":["Bludgeon"]},{"damage_healed":0.0,"max_hp_gain":0.0,"max_hp_loss":0.0,"gold_gain":0.0,"event_name":"Lab","player_choice":"Got Potions","floor":14.0,"gold_loss":0.0,"damage_taken":0.0},{"damage_healed":0.0,"max_hp_gain":0.0,"max_hp_loss":0.0,"gold_gain":0.0,"event_name":"conspire:Investor","player_choice":"Leave","floor":21.0,"gold_loss":0.0,"damage_taken":0.0},{"cards_removed":["Strike_R"],"damage_healed":0.0,"max_hp_gain":0.0,"max_hp_loss":0.0,"gold_gain":0.0,"event_name":"Purifier","player_choice":"Purged","floor":36.0,"gold_loss":0.0,"damage_taken":0.0}],"is_beta":false,"boss_relics":[{"not_picked":["Mark of Pain","CCEMRelics:DarkMatter"],"picked":"Dota2Spire:RefresherOrb"},{"not_picked":["infinitespire:Cupcake","CCEMRelics:GreenEgg"],"picked":"Runic Dome"}],"items_purged_floors":[38],"is_endless":false,"potions_floor_spawned":[1,6,13,24,25,28,30,33,44,47],"ascension_level":3}}