{"host":"pj7egx7jkoz18hom","time":1613570220,"event":{"mods":["AchievementEnabler","BaseMod","Keyboard Shortcuts","Minty Spire (QoL Compilation)","SuperFastMode"],"gold_per_floor":[114,125,145,145,165,165,179,179,179],"floor_reached":8,"language":"KOR","playtime":236,"items_purged":[],"score":50,"play_id":"cc9e9988-280c-4251-a4cc-73615b6483ae","local_time":"20210217225700","is_ascension_mode":false,"campfire_choices":[{"data":"Eruption","floor":6,"key":"SMITH"}],"circlet_count":0,"master_deck":["Strike_P","Strike_P","Strike_P","Strike_P","Defend_P","Defend_P","Defend_P","Eruption+1","Vigilance","InnerPeace","FlurryOfBlows"],"relics":["PureWater","Golden Idol"],"acts_visited":["Exordium"],"potions_floor_usage":[2,5,7,7],"damage_taken":[{"damage":3,"enemies":"Jaw Worm","floor":1,"turns":2},{"damage":0,"enemies":"Cultist","floor":2,"turns":2},{"damage":6,"enemies":"Small Slimes","floor":3,"turns":3},{"damage":0,"enemies":"Exordium Wildlife","floor":5,"turns":2},{"damage":3,"enemies":"Gremlin Gang","floor":7,"turns":4},{"damage":62,"enemies":"Lagavulin","floor":8,"turns":3}],"seed_played":"-6257589086741047822","potions_obtained":[{"floor":1,"key":"EntropicBrew"},{"floor":7,"key":"Fire Potion"}],"is_trial":false,"path_per_floor":["M","M","M","?","M","R","M","E"],"character_chosen":"WATCHER","items_purchased":[],"campfire_rested":0,"item_purchase_floors":[],"current_hp_per_floor":[69,69,63,63,63,63,60,0,0],"gold":179,"neow_bonus":"REMOVE_CARD","is_daily":false,"chose_seed":false,"campfire_upgraded":1,"win_rate":0.0,"timestamp":1613570220,"path_taken":["M","M","M","?","M","R","M","E"],"items_purchased_type":[],"build_version":"2020-12-22","purchased_purges":0,"victory":false,"max_hp_per_floor":[72,72,72,67,67,67,67,67,67],"card_choices":[{"not_picked":["Nirvana","JustLucky","CutThroughFate"],"picked":"SKIP","floor":1},{"not_picked":["Evaluate","FollowUp"],"picked":"InnerPeace","floor":2},{"not_picked":["FlyingSleeves","ThirdEye","Evaluate"],"picked":"SKIP","floor":3},{"not_picked":["PathToVictory","Brilliance","FlyingSleeves"],"picked":"SKIP","floor":5},{"not_picked":["Protect","FlyingSleeves"],"picked":"FlurryOfBlows","floor":7}],"player_experience":150002,"relics_obtained":[],"event_choices":[{"damage_healed":0,"gold_gain":0,"player_choice":"Lose Max HP","damage_taken":0,"relics_obtained":["Golden Idol"],"max_hp_gain":0,"max_hp_loss":5,"event_name":"Golden Idol","floor":4,"gold_loss":0}],"is_beta":false,"boss_relics":[],"items_purged_floors":[],"is_endless":false,"potions_floor_spawned":[1,7],"killed_by":"Lagavulin","ascension_level":0}}