{"host":"0k7350af1t8odskw","time":1613592236,"event":{"mods":["AchievementEnabler","BaseMod","Better Vampires","BetterRewards","Colored Map","Downfall","Highlight Path","Hubris","Lobotomy","Marisa£®ÏF”Í°°ƒß¿Ì…≥£©","Minty Spire (QoL Compilation)","Quick Restart","Replay The Spire","Shop Mod","StSLib","The Administrix","The Death Knight","The Runesmith","Youmu£®ªÍ∆«—˝√Œ£©"],"gold_per_floor":[112,187,199,1,13,13,40,40,40,40,58,58,408,142,142,142,142],"floor_reached":16,"language":"ZHS","playtime":1251,"items_purged":[],"score":113,"play_id":"1e052a3d-5104-4959-9278-2c8e99940a64","local_time":"20210217120356","is_ascension_mode":true,"campfire_choices":[{"data":"Mayhem","floor":6,"key":"SMITH"},{"floor":8,"key":"REST"},{"data":"Infinite Blades","floor":10,"key":"SMITH"},{"data":"Mayhem","floor":12,"key":"SMITH"},{"data":"Underhanded Strike","floor":15,"key":"SMITH"}],"circlet_count":0,"master_deck":["Strike_G","Strike_G+1","Strike_G","Strike_G","Strike_G","Defend_G","Defend_G","Defend_G","Defend_G","Defend_G+1","Survivor","Neutralize","Quick Slash","hubris:Sniper","Infinite Blades+1","Mayhem+1","Master of Strategy","Mayhem+1","Prepared","Prepared","Underhanded Strike+1","Delirium","CommonCold","hubris:Despair","Outmaneuver"],"relics":["Velvet Choker","ReplayTheSpireMod:ShopPack","hubris:OldNail","Simple Rune","Ring of Greed","Old Coin","MealTicket","hubris:CrystalStatue"],"acts_visited":["Exordium"],"potions_floor_usage":[16,16],"damage_taken":[{"damage":2,"enemies":"Small Slimes","floor":1,"turns":5},{"damage":4,"enemies":"2 Louse","floor":3,"turns":3},{"damage":2,"enemies":"Cultist","floor":5,"turns":5},{"damage":42,"enemies":"3 Sentries","floor":7,"turns":8},{"damage":0,"enemies":"Gremlin Gang","floor":11,"turns":5},{"damage":46,"enemies":"The Guardian","floor":16,"turns":9}],"seed_played":"8448882762168114051","potions_obtained":[{"floor":1,"key":"Venom Potion"},{"floor":5,"key":"Elixir"}],"is_trial":false,"path_per_floor":["M","?","M","$","M","R","E","R","T","R","M","R","?","$","R","B"],"character_chosen":"THE_SILENT","items_purchased":["Infinite Blades","ReplayTheSpireMod:ShopPack","hubris:CrystalStatue","Outmaneuver"],"campfire_rested":1,"item_purchase_floors":[4,4,14,14],"current_hp_per_floor":[68,57,53,53,51,51,9,30,30,30,30,30,30,45,45,0,0],"gold":142,"neow_bonus":"BOSS_RELIC","is_daily":false,"chose_seed":false,"campfire_upgraded":4,"win_rate":0.0,"timestamp":1613592236,"path_taken":["M","?","M","$","M","R","E","R","T","R","M","R","?","$","R","BOSS"],"items_purchased_type":["Card","Relic","Relic","Card"],"build_version":"2020-12-22","purchased_purges":0,"victory":false,"max_hp_per_floor":[70,70,70,70,70,70,70,70,70,70,70,70,70,70,70,70,70],"card_choices":[{"not_picked":["Calculated Gamble","Sucker Punch"],"picked":"Quick Slash","floor":1},{"not_picked":["Masterful Stab","hubris:SlightOfHand"],"picked":"hubris:Sniper","floor":3},{"not_picked":["hubris:EnhanceAbility","HandOfGreed"],"picked":"Mayhem","floor":4},{"not_picked":["ReplayTheSpireMod:Private Reserves","ReplayTheSpireMod:Trickstab"],"picked":"Master of Strategy","floor":4},{"not_picked":["Finesse","hubris:EnhanceAbility"],"picked":"Mayhem","floor":4},{"not_picked":["Poisoned Stab","ReplayTheSpireMod:Necrosis"],"picked":"Prepared","floor":5},{"not_picked":["Reflex","Flying Knee"],"picked":"Prepared","floor":7},{"not_picked":["Quick Slash","Flechettes"],"picked":"Underhanded Strike","floor":11}],"player_experience":176261,"relics_obtained":[{"floor":7,"key":"hubris:OldNail"},{"floor":9,"key":"Simple Rune"},{"floor":13,"key":"Ring of Greed"},{"floor":13,"key":"Old Coin"},{"floor":13,"key":"MealTicket"}],"event_choices":[{"damage_healed":0,"gold_gain":75,"player_choice":"Gather Gold","damage_taken":11,"max_hp_gain":0,"max_hp_loss":0,"event_name":"World of Goop","floor":2,"gold_loss":0}],"is_beta":false,"boss_relics":[],"items_purged_floors":[],"is_endless":false,"potions_floor_spawned":[1,5],"killed_by":"The Guardian","ascension_level":3}}