{"host":"p9vmbvw2hh2n16dn","time":1613558199,"event":{"mods":["AchievementEnabler","BaseMod","Block Reminder","Minty Spire (QoL Compilation)","Relic Stats","SuperFastMode"],"gold_per_floor":[111,22,22,22,41,79,79,117,162,162,195,214,214,258,258,386,386,405,405,330,430,449,490,511,554,554,554,594,594,617,617,617],"floor_reached":31,"language":"ENG","playtime":1148,"items_purged":[],"score":575,"play_id":"ea63e03c-7ab7-47e0-ba4b-c9a5b9b4b98c","local_time":"20210217113639","is_ascension_mode":true,"campfire_choices":[{"data":"Cloak And Dagger","floor":10.0,"key":"SMITH"},{"data":"Phantasmal Killer","floor":13.0,"key":"SMITH"},{"data":"Cloak And Dagger","floor":15.0,"key":"SMITH"},{"floor":27.0,"key":"REST"},{"data":"1","floor":29.0,"key":"LIFT"}],"circlet_count":0,"master_deck":["AscendersBane","Strike_G","Strike_G","Strike_G","Strike_G","Defend_G","Defend_G","Defend_G","Defend_G+1","Defend_G","Survivor","Neutralize+1","Cloak And Dagger+1","Footwork","Slice","Dash","Cloak And Dagger+1","Phantasmal Killer+1","Acrobatics","Adrenaline","Underhanded Strike","Cloak And Dagger","Dagger Spray+1","Corpse Explosion","PiercingWail","Cloak And Dagger"],"relics":["Ring of the Snake","NeowsBlessing","Golden Idol","Lantern","Pantograph","Centennial Puzzle","HornCleat","Tingsha","SlaversCollar","Girya","Pen Nib","Blue Candle","Question Card"],"acts_visited":["Exordium","TheCity"],"potions_floor_usage":[],"damage_taken":[{"damage":0.0,"enemies":"Jaw Worm","floor":1.0,"turns":1.0},{"damage":0.0,"enemies":"2 Louse","floor":5.0,"turns":1.0},{"damage":0.0,"enemies":"Lagavulin","floor":6.0,"turns":1.0},{"damage":16.0,"enemies":"Gremlin Nob","floor":8.0,"turns":5.0},{"damage":10.0,"enemies":"3 Sentries","floor":11.0,"turns":9.0},{"damage":0.0,"enemies":"Cultist","floor":12.0,"turns":2.0},{"damage":10.0,"enemies":"Gremlin Nob","floor":14.0,"turns":4.0},{"damage":21.0,"enemies":"Slime Boss","floor":16.0,"turns":13.0},{"damage":0.0,"enemies":"Spheric Guardian","floor":18.0,"turns":3.0},{"damage":11.0,"enemies":"3 Byrds","floor":22.0,"turns":7.0},{"damage":1.0,"enemies":"Book of Stabbing","floor":23.0,"turns":5.0},{"damage":18.0,"enemies":"Cultist and Chosen","floor":24.0,"turns":9.0},{"damage":20.0,"enemies":"Gremlin Leader","floor":25.0,"turns":9.0},{"damage":4.0,"enemies":"Slavers","floor":28.0,"turns":4.0},{"damage":0.0,"enemies":"3 Cultists","floor":30.0,"turns":3.0},{"damage":34,"enemies":"Snecko","floor":31,"turns":4}],"seed_played":"-3382759336862520311","potions_obtained":[{"floor":5.0,"key":"BlessingOfTheForge"},{"floor":12.0,"key":"GamblersBrew"},{"floor":14.0,"key":"Poison Potion"},{"floor":22.0,"key":"Poison Potion"},{"floor":23.0,"key":"CunningPotion"},{"floor":24.0,"key":"Block Potion"},{"floor":25.0,"key":"Fruit Juice"}],"is_trial":false,"path_per_floor":["M","$","?","?","M","E","$","E","T","R","E","M","R","E","R","B",null,"M","$","?","?","M","E","M","E","T","R","E","R","M","M"],"character_chosen":"THE_SILENT","items_purchased":["Footwork","Slice"],"campfire_rested":1,"item_purchase_floors":[2,2],"current_hp_per_floor":[63,63,49,49,49,49,49,33,33,33,23,23,23,13,13,17,53,53,53,53,53,42,41,23,8,8,29,25,25,25,0,0],"gold":617,"neow_bonus":"THREE_ENEMY_KILL","is_daily":false,"chose_seed":false,"campfire_upgraded":3,"win_rate":0.0,"timestamp":1613558199,"path_taken":["M","$","?","?","?","E","?","E","T","R","E","M","R","E","R","BOSS","M","$","?","?","M","E","M","E","T","R","E","R","?","M"],"items_purchased_type":["Card","Card"],"build_version":"2020-12-22","purchased_purges":0,"victory":false,"max_hp_per_floor":[70,70,70,65,65,65,65,65,65,65,65,65,65,65,65,65,65,65,65,65,65,65,65,65,70,70,70,70,70,70,70,70],"relic_stats":{"Centennial Puzzle":[27],"counters":[16,80],"Golden Idol":108,"Pantograph":25,"Blue Candle":[0],"Tingsha":[51],"Pen Nib":[3],"Question Card":1,"obtain_stats":[{"Girya":23,"Lantern":6,"NeowsBlessing":0,"Golden Idol":4,"Blue Candle":26,"Tingsha":14,"Pen Nib":25,"Question Card":28,"SlaversCollar":17,"Centennial Puzzle":9,"HornCleat":11,"Pantograph":8,"Ring of the Snake":0},{"Girya":11,"Lantern":3,"NeowsBlessing":0,"Golden Idol":1,"Blue Candle":13,"Tingsha":7,"Pen Nib":13,"Question Card":14,"SlaversCollar":8,"Centennial Puzzle":4,"HornCleat":5,"Pantograph":4,"Ring of the Snake":0},{"Girya":51,"Lantern":3,"NeowsBlessing":0,"Golden Idol":1,"Blue Candle":69,"Tingsha":23,"Pen Nib":69,"Question Card":73,"SlaversCollar":36,"Centennial Puzzle":8,"HornCleat":17,"Pantograph":8,"Ring of the Snake":0}],"Ring of the Snake":[32]},"card_choices":[{"not_picked":["Slice","Terror"],"picked":"Cloak And Dagger","floor":1.0},{"not_picked":["Crippling Poison","Reflex","Bane"],"picked":"SKIP","floor":5.0},{"not_picked":["Deflect","Dagger Spray"],"picked":"Dash","floor":6.0},{"not_picked":["Riddle With Holes","Dagger Throw"],"picked":"Cloak And Dagger","floor":8.0},{"not_picked":["Underhanded Strike","Flechettes"],"picked":"Phantasmal Killer","floor":11.0},{"not_picked":["Bane","Crippling Poison","Caltrops"],"picked":"SKIP","floor":12.0},{"not_picked":["Outmaneuver","Flying Knee"],"picked":"Acrobatics","floor":14.0},{"not_picked":["Venomology","Storm of Steel"],"picked":"Adrenaline","floor":16.0},{"not_picked":["Prepared","PiercingWail"],"picked":"Underhanded Strike","floor":18.0},{"not_picked":["Choke","Deadly Poison","Poisoned Stab"],"picked":"SKIP","floor":22.0},{"not_picked":["Infinite Blades+1","Endless Agony"],"picked":"Cloak And Dagger","floor":23.0},{"not_picked":["Catalyst","Bouncing Flask"],"picked":"Dagger Spray+1","floor":24.0},{"not_picked":["All Out Attack","Skewer"],"picked":"Corpse Explosion","floor":25.0},{"not_picked":["Deadly Poison","Poisoned Stab+1"],"picked":"PiercingWail","floor":28.0},{"not_picked":["Prepared+1","Quick Slash","Deflect+1"],"picked":"Cloak And Dagger","floor":30.0}],"player_experience":349179,"relics_obtained":[{"floor":6.0,"key":"Lantern"},{"floor":8.0,"key":"Pantograph"},{"floor":9.0,"key":"Centennial Puzzle"},{"floor":11.0,"key":"HornCleat"},{"floor":14.0,"key":"Tingsha"},{"floor":23.0,"key":"Girya"},{"floor":25.0,"key":"Pen Nib"},{"floor":26.0,"key":"Blue Candle"},{"floor":28.0,"key":"Question Card"}],"event_choices":[{"damage_healed":0.0,"max_hp_gain":0.0,"max_hp_loss":0.0,"gold_gain":0.0,"event_name":"Shining Light","player_choice":"Entered Light","floor":3.0,"gold_loss":0.0,"damage_taken":14.0,"cards_upgraded":["Neutralize","Defend_G"]},{"damage_healed":0.0,"max_hp_gain":0.0,"max_hp_loss":5.0,"gold_gain":0.0,"event_name":"Golden Idol","player_choice":"Lose Max HP","floor":4.0,"gold_loss":0.0,"damage_taken":0.0,"relics_obtained":["Golden Idol"]},{"cards_removed":["Strike_G"],"damage_healed":0.0,"max_hp_gain":0.0,"max_hp_loss":0.0,"gold_gain":0.0,"event_name":"Beggar","player_choice":"Gave Gold","floor":20.0,"gold_loss":75.0,"damage_taken":0.0},{"damage_healed":0.0,"max_hp_gain":0.0,"max_hp_loss":0.0,"gold_gain":100.0,"event_name":"Golden Shrine","player_choice":"Pray","floor":21.0,"gold_loss":0.0,"damage_taken":0.0}],"is_beta":false,"boss_relics":[{"not_picked":["Busted Crown","Ectoplasm"],"picked":"SlaversCollar"}],"items_purged_floors":[],"is_endless":false,"potions_floor_spawned":[5,12,14,22,23,24,25],"killed_by":"Snecko","ascension_level":12}}