{"host":"00f1p9ihhzi7hxfk","time":1613576588,"event":{"mods":["AchievementEnabler","BaseMod","Colored Map","Colored Powertips","Minty Spire (QoL Compilation)","Rare Cards Sparkle","Relic Stats"],"gold_per_floor":[118,83,96,96,106,134,153,153,153,171,171,171,23,42,42,42,42],"floor_reached":16,"language":"DEU","playtime":832,"items_purged":[],"score":102,"play_id":"f8e4044b-f1ec-4a6b-a3fc-9e940f8d6ebc","local_time":"20210217164308","is_ascension_mode":false,"campfire_choices":[{"floor":8,"key":"REST"},{"floor":11,"key":"REST"},{"floor":15,"key":"REST"}],"circlet_count":0,"master_deck":["Strike_G","Strike_G","Strike_G","Strike_G","Strike_G","Defend_G","Defend_G","Defend_G","Defend_G","Defend_G","Survivor","Neutralize","Dodge and Roll","Catalyst","Bouncing Flask","Deadly Poison","Bouncing Flask"],"relics":["Ring of the Snake","Ancient Tea Set","Singing Bowl","Meat on the Bone","Question Card","Cauldron"],"acts_visited":["Exordium"],"potions_floor_usage":[],"damage_taken":[{"damage":0,"enemies":"2 Louse","floor":1,"turns":4},{"damage":0,"enemies":"Small Slimes","floor":3,"turns":5},{"damage":0,"enemies":"Jaw Worm","floor":5,"turns":5},{"damage":40,"enemies":"3 Sentries","floor":6,"turns":16},{"damage":4,"enemies":"Red Slaver","floor":7,"turns":6},{"damage":1,"enemies":"3 Louse","floor":10,"turns":3},{"damage":7,"enemies":"Looter","floor":14,"turns":3},{"damage":75,"enemies":"Slime Boss","floor":16,"turns":10}],"seed_played":"-6754988140120661376","potions_obtained":[{"floor":1,"key":"PowerPotion"},{"floor":10,"key":"Strength Potion"},{"floor":13,"key":"GhostInAJar"},{"floor":13,"key":"LiquidMemories"},{"floor":13,"key":"Poison Potion"}],"is_trial":false,"path_per_floor":["M","?","M","?","M","E","M","R","T","M","R","?","$","M","R","B"],"character_chosen":"THE_SILENT","items_purchased":["Cauldron"],"campfire_rested":3,"item_purchase_floors":[13],"current_hp_per_floor":[70,70,70,52,54,14,22,43,43,44,66,66,66,59,74,0,0],"gold":42,"neow_bonus":"RANDOM_COMMON_RELIC","is_daily":false,"chose_seed":false,"campfire_upgraded":0,"win_rate":0.0,"timestamp":1613576588,"path_taken":["M","?","M","?","M","E","M","R","T","M","R","?","?","M","R","BOSS"],"items_purchased_type":["Relic"],"build_version":"2020-12-22","purchased_purges":0,"victory":false,"max_hp_per_floor":[70,70,70,70,72,72,72,72,72,74,74,74,74,74,74,74,74],"relic_stats":{"Singing Bowl":4,"counters":[8,52],"Question Card":3,"obtain_stats":[{"Cauldron":13,"Singing Bowl":4,"Ancient Tea Set":0,"Question Card":9,"Ring of the Snake":0,"Meat on the Bone":6},{"Cauldron":6,"Singing Bowl":2,"Ancient Tea Set":0,"Question Card":5,"Ring of the Snake":0,"Meat on the Bone":4},{"Cauldron":39,"Singing Bowl":9,"Ancient Tea Set":0,"Question Card":36,"Ring of the Snake":0,"Meat on the Bone":30}],"Ring of the Snake":[16],"Meat on the Bone":12},"card_choices":[{"not_picked":["Heel Hook","Slice"],"picked":"Dodge and Roll","floor":1},{"not_picked":["Slice","Bane"],"picked":"Catalyst","floor":3},{"not_picked":["Dagger Throw","Acrobatics","Bane"],"picked":"Singing Bowl","floor":5},{"not_picked":["Acrobatics","Deflect"],"picked":"Bouncing Flask","floor":6},{"not_picked":["PiercingWail","Leg Sweep"],"picked":"Deadly Poison","floor":7},{"not_picked":["Endless Agony","Bane","Infinite Blades","Sucker Punch"],"picked":"Singing Bowl","floor":10},{"not_picked":["Prepared","Blur","Poisoned Stab"],"picked":"Bouncing Flask","floor":14}],"player_experience":107429,"relics_obtained":[{"floor":6,"key":"Meat on the Bone"},{"floor":9,"key":"Question Card"}],"event_choices":[{"damage_healed":17,"gold_gain":0,"player_choice":"Healed","damage_taken":0,"max_hp_gain":0,"max_hp_loss":0,"event_name":"The Cleric","floor":2,"gold_loss":35},{"damage_healed":0,"gold_gain":0,"player_choice":"Success","damage_taken":18,"relics_obtained":["Singing Bowl"],"max_hp_gain":0,"max_hp_loss":0,"event_name":"Scrap Ooze","floor":4,"gold_loss":0},{"damage_healed":0,"gold_gain":0,"player_choice":"Ignored","damage_taken":0,"max_hp_gain":0,"max_hp_loss":0,"event_name":"Shining Light","floor":12,"gold_loss":0}],"is_beta":false,"boss_relics":[],"items_purged_floors":[],"is_endless":false,"potions_floor_spawned":[1,10],"killed_by":"Slime Boss","ascension_level":0}}