{"host":"dkr0dog13pegamnp","time":1613577335,"event":{"mods":["AchievementEnabler","BaseMod","Minty Spire (QoL Compilation)","Rare Cards Sparkle","StSLib","SuperFastMode","everything is the same but u backflip on backflip"],"gold_per_floor":[112,129,129,145,245,245,263,263,288,319,333,362,375,392,392,495,495,508,522,538,538,538],"floor_reached":21,"language":"KOR","playtime":685,"items_purged":[],"score":273,"play_id":"04dc11cd-1716-4dc6-990b-2140da5e58c8","local_time":"20210218005535","is_ascension_mode":true,"campfire_choices":[{"data":"Cloak And Dagger","floor":6,"key":"SMITH"},{"data":"Underhanded Strike","floor":8,"key":"SMITH"},{"data":"Envenom","floor":15,"key":"SMITH"}],"circlet_count":0,"master_deck":["Strike_G+1","Strike_G+1","Defend_G","Defend_G","Defend_G","Defend_G","Defend_G","Survivor","Neutralize","Cloak And Dagger+1","Accuracy","Underhanded Strike+1","Caltrops","Envenom+1","A Thousand Cuts","After Image","Well Laid Plans+1"],"relics":["Ring of the Snake","Vajra","Oddly Smooth Stone","Whetstone","Toy Ornithopter","Empty Cage"],"acts_visited":["Exordium","TheCity"],"potions_floor_usage":[10,12,13,13,16,19],"damage_taken":[{"damage":3.0,"enemies":"Small Slimes","floor":1.0,"turns":5.0},{"damage":0.0,"enemies":"Jaw Worm","floor":2.0,"turns":4.0},{"damage":0,"enemies":"Cultist","floor":4,"turns":5},{"damage":1,"enemies":"Blue Slaver","floor":7,"turns":5},{"damage":10,"enemies":"Gremlin Nob","floor":10,"turns":4},{"damage":4,"enemies":"Large Slime","floor":11,"turns":6},{"damage":28,"enemies":"3 Sentries","floor":12,"turns":9},{"damage":8,"enemies":"Exordium Thugs","floor":13,"turns":6},{"damage":0,"enemies":"2 Fungi Beasts","floor":14,"turns":4},{"damage":16,"enemies":"Hexaghost","floor":16,"turns":9},{"damage":24,"enemies":"3 Byrds","floor":18,"turns":5},{"damage":7,"enemies":"Chosen","floor":19,"turns":9},{"damage":28,"enemies":"Shelled Parasite and Fungi","floor":20,"turns":9},{"damage":9,"enemies":"Sentry and Sphere","floor":21,"turns":2}],"seed_played":"3037977874528104642","potions_obtained":[{"floor":4,"key":"SpeedPotion"},{"floor":7,"key":"ColorlessPotion"},{"floor":10,"key":"Fire Potion"},{"floor":12,"key":"LiquidMemories"},{"floor":13,"key":"Strength Potion"},{"floor":16,"key":"Ancient Potion"},{"floor":18,"key":"AttackPotion"}],"is_trial":false,"path_per_floor":["M","M","?","M","?","R","M","R","T","E","M","E","M","M","R","B",null,"M","M","M","M"],"character_chosen":"THE_SILENT","items_purchased":[],"campfire_rested":0,"item_purchase_floors":[],"current_hp_per_floor":[60,60,60,60,60,60,59,59,59,49,45,17,19,19,19,8,55,31,29,1,0,0],"gold":538,"neow_bonus":"RANDOM_COMMON_RELIC","is_daily":false,"chose_seed":false,"campfire_upgraded":3,"win_rate":0.0,"timestamp":1613577335,"path_taken":["M","M","?","M","?","R","M","R","T","E","M","E","M","M","R","BOSS","M","M","M","M"],"items_purchased_type":[],"build_version":"2020-12-22","purchased_purges":0,"victory":false,"max_hp_per_floor":[70,70,70,70,70,70,70,70,70,70,70,70,70,70,70,70,70,70,70,70,70,70],"card_choices":[{"not_picked":["PiercingWail","Blade Dance"],"picked":"Cloak And Dagger","floor":1.0},{"not_picked":["Concentrate","Blade Dance"],"picked":"Accuracy","floor":2.0},{"not_picked":["Outmaneuver","Flying Knee"],"picked":"Underhanded Strike","floor":4},{"not_picked":["Outmaneuver","Deflect"],"picked":"Caltrops","floor":7},{"not_picked":["Deadly Poison","Backflip"],"picked":"Envenom","floor":10},{"not_picked":["All Out Attack","Flechettes","Prepared"],"picked":"SKIP","floor":11},{"not_picked":["Outmaneuver","Deadly Poison","Dash"],"picked":"SKIP","floor":12},{"not_picked":["All Out Attack","Slice","Sucker Punch"],"picked":"SKIP","floor":13},{"not_picked":["Deadly Poison","Slice"],"picked":"A Thousand Cuts","floor":14},{"not_picked":["A Thousand Cuts","Tools of the Trade"],"picked":"After Image","floor":16},{"not_picked":["PiercingWail","Prepared","Flying Knee"],"picked":"SKIP","floor":18},{"not_picked":["Flying Knee+1","Outmaneuver","Deflect"],"picked":"SKIP","floor":19},{"not_picked":["Bane","Backstab"],"picked":"Well Laid Plans+1","floor":20}],"player_experience":59380,"relics_obtained":[{"floor":9,"key":"Oddly Smooth Stone"},{"floor":10,"key":"Whetstone"},{"floor":12,"key":"Toy Ornithopter"}],"event_choices":[{"cards_removed":["Strike_G"],"damage_healed":0,"gold_gain":0,"player_choice":"Forget","damage_taken":0,"max_hp_gain":0,"max_hp_loss":0,"event_name":"Living Wall","floor":3,"gold_loss":0},{"damage_healed":0,"gold_gain":100,"player_choice":"Pray","damage_taken":0,"max_hp_gain":0,"max_hp_loss":0,"event_name":"Golden Shrine","floor":5,"gold_loss":0}],"is_beta":false,"boss_relics":[{"not_picked":["Runic Dome","SlaversCollar"],"picked":"Empty Cage"}],"items_purged_floors":[],"is_endless":false,"potions_floor_spawned":[4,7,10,12,13,16,18],"killed_by":"Sentry and Sphere","ascension_level":8}}