{"host":"anwy0on6frka0i3a","time":1613602018,"event":{"mods":["AchievementEnabler","BaseMod","Colored Powertips","Highlight Path","Minty Spire (QoL Compilation)","Rare Cards Sparkle","Relic Sorter","Relic Stats","StSLib","Waifu the Spire"],"gold_per_floor":[114,134,148,23,23,49,49,74,74,74,74,88,101,117,117,117,117],"floor_reached":16,"language":"ENG","playtime":1525,"items_purged":[],"score":185,"play_id":"05576520-c55d-4086-a633-0f562e34b0f7","local_time":"20210217174658","is_ascension_mode":true,"campfire_choices":[{"floor":7,"key":"REST"},{"floor":11,"key":"REST"},{"floor":15,"key":"REST"}],"circlet_count":0,"master_deck":["AscendersBane","Strike_P","Strike_P","Strike_P+1","Strike_P+1","Defend_P","Defend_P","Defend_P","Defend_P","Eruption","Vigilance","BowlingBash","ReachHeaven","ThirdEye","Nirvana","ThirdEye","SashWhip","EmptyFist","ThirdEye"],"relics":["PureWater","TungstenRod","Singing Bowl","CaptainsWheel","GoldenEye"],"acts_visited":["Exordium"],"potions_floor_usage":[8,14],"damage_taken":[{"damage":0,"enemies":"Small Slimes","floor":1,"turns":2},{"damage":0,"enemies":"2 Louse","floor":2,"turns":2},{"damage":0,"enemies":"Cultist","floor":3,"turns":2},{"damage":22,"enemies":"3 Sentries","floor":6,"turns":7},{"damage":24,"enemies":"Lagavulin","floor":8,"turns":6},{"damage":12,"enemies":"Blue Slaver","floor":12,"turns":2},{"damage":0,"enemies":"3 Louse","floor":13,"turns":3},{"damage":11,"enemies":"Lots of Slimes","floor":14,"turns":3},{"damage":38,"enemies":"Hexaghost","floor":16,"turns":11}],"seed_played":"9154892465679340925","potions_obtained":[{"floor":1,"key":"Dexterity Potion"},{"floor":12,"key":"Swift Potion"},{"floor":13,"key":"Fire Potion"}],"is_trial":false,"path_per_floor":["M","M","M","$","?","E","R","E","T","?","R","M","M","M","R","B"],"character_chosen":"WATCHER","items_purchased":["Nirvana","ThirdEye"],"campfire_rested":3,"item_purchase_floors":[4,4],"current_hp_per_floor":[47,47,47,47,34,14,36,12,12,12,34,22,22,13,35,0,0],"gold":117,"neow_bonus":"ONE_RARE_RELIC","is_daily":false,"chose_seed":false,"campfire_upgraded":0,"win_rate":0.0,"timestamp":1613602018,"path_taken":["M","M","M","$","?","E","R","E","T","?","R","M","M","M","R","BOSS"],"items_purchased_type":["Card","Card"],"build_version":"2020-12-22","purchased_purges":0,"victory":false,"max_hp_per_floor":[72,72,72,72,72,74,74,74,74,74,74,74,74,76,76,76,76],"relic_stats":{"Singing Bowl":4,"counters":[9,38],"GoldenEye":[17],"obtain_stats":[{"CaptainsWheel":8,"Singing Bowl":6,"PureWater":0,"GoldenEye":9,"TungstenRod":0},{"CaptainsWheel":5,"Singing Bowl":4,"PureWater":0,"GoldenEye":5,"TungstenRod":0},{"CaptainsWheel":19,"Singing Bowl":13,"PureWater":0,"GoldenEye":19,"TungstenRod":0}],"TungstenRod":19},"card_choices":[{"not_picked":["Prostrate","PathToVictory"],"picked":"BowlingBash","floor":1},{"not_picked":["Swivel","ThirdEye"],"picked":"ReachHeaven","floor":2},{"not_picked":["SandsOfTime","FollowUp"],"picked":"ThirdEye","floor":3},{"not_picked":["Prostrate","Protect","EmptyFist"],"picked":"Singing Bowl","floor":6},{"not_picked":["FollowUp","InnerPeace"],"picked":"SashWhip","floor":8},{"not_picked":["ClearTheMind","Omniscience"],"picked":"EmptyFist","floor":12},{"not_picked":["Consecrate","BowlingBash"],"picked":"ThirdEye","floor":13},{"not_picked":["SashWhip","Perseverance","Prostrate"],"picked":"Singing Bowl","floor":14}],"player_experience":1449960,"relics_obtained":[{"floor":6,"key":"Singing Bowl"},{"floor":8,"key":"CaptainsWheel"},{"floor":9,"key":"GoldenEye"}],"event_choices":[{"damage_healed":0,"gold_gain":0,"player_choice":"Entered Light","damage_taken":14,"max_hp_gain":0,"max_hp_loss":0,"event_name":"Shining Light","floor":5,"gold_loss":0,"cards_upgraded":["Strike_P","Strike_P"]},{"damage_healed":0,"gold_gain":0,"player_choice":"Searched \u00270\u0027 times","damage_taken":0,"max_hp_gain":0,"max_hp_loss":0,"event_name":"Dead Adventurer","floor":10,"gold_loss":0},{"damage_healed":0,"gold_gain":0,"player_choice":"Searched \u00270\u0027 times","damage_taken":0,"max_hp_gain":0,"max_hp_loss":0,"event_name":"Dead Adventurer","floor":10,"gold_loss":0}],"is_beta":false,"boss_relics":[],"items_purged_floors":[],"is_endless":false,"potions_floor_spawned":[1,12,13],"killed_by":"Hexaghost","ascension_level":13}}