{"host":"d02vqrhhew441p6s","time":1613577807,"event":{"mods":["BaseMod","Duelist Mod","Halation","Hubris","Infinite Spire","Minty Spire (QoL Compilation)","StSLib","The Jungle"],"gold_per_floor":[145,164,164,164,182,182,211,230,230,264,264,283,296,331,331,331,331],"floor_reached":16,"language":"ENG","playtime":830,"items_purged":[],"score":221,"play_id":"b4172f73-28ef-4111-9b63-3e3c0aea0d73","local_time":"20210217170327","is_ascension_mode":true,"campfire_choices":[{"data":"theDuelist:Relinkuriboh","floor":6,"key":"SMITH"},{"data":"theDuelist:Relinkuriboh","floor":11,"key":"SMITH"},{"floor":15,"key":"REST"}],"circlet_count":0,"master_deck":["theDuelist:ArchfiendSoldier","theDuelist:ArchfiendSoldier","theDuelist:ArchfiendSoldier","AscendersBane","theDuelist:CastleWalls","theDuelist:CastleWalls","theDuelist:CastleWalls","theDuelist:FiendMegacyber","theDuelist:Sparks","theDuelist:StormSparks","theDuelist:SummonedSkull","theDuelist:Fissure","theDuelist:Relinkuriboh+1","theDuelist:Nameless:Power:Beatraptor","theDuelist:Nameless:War:ForbiddenLance","theDuelist:CurseArmaments","theDuelist:TwinHeadedWolf","theDuelist:FiendishChain","theDuelist:Relinkuriboh+1","theDuelist:SlateWarrior","theDuelist:PortraitSecret","theDuelist:DoomsdayHorror"],"relics":["theDuelist:MillenniumPuzzle","theDuelist:CardPoolRelic","theDuelist:CardPoolBasicRelic","theDuelist:BoosterPackPoolRelic","theDuelist:CardPoolAddRelic","theDuelist:CardPoolMinusRelic","theDuelist:CardPoolSaveRelic","theDuelist:CardPoolOptionsRelic","NeowsBlessing","theDuelist:MillenniumRod","halation:PromiseList","hubris:ToyBattleship","Tough Bandages","Ice Cream"],"acts_visited":["Exordium"],"potions_floor_usage":[16],"damage_taken":[{"damage":0,"enemies":"2 Louse","floor":1,"turns":1},{"damage":0,"enemies":"Cultist","floor":2,"turns":1},{"damage":0,"enemies":"Small Slimes","floor":5,"turns":1},{"damage":21,"enemies":"3 Sentries","floor":7,"turns":4},{"damage":0,"enemies":"Exordium Wildlife","floor":8,"turns":2},{"damage":2,"enemies":"Gremlin Nob","floor":10,"turns":3},{"damage":17,"enemies":"Blue Slaver","floor":12,"turns":3},{"damage":12,"enemies":"Lots of Slimes","floor":13,"turns":2},{"damage":16,"enemies":"3 Sentries","floor":14,"turns":5},{"damage":34,"enemies":"The Guardian","floor":16,"turns":5}],"seed_played":"6249313129215478701","potions_obtained":[{"floor":8,"key":"FocusPotion"},{"floor":13,"key":"Swift Potion"},{"floor":14,"key":"theDuelist:LavaBottle"}],"is_trial":false,"path_per_floor":["M","M","?","?","M","R","E","M","T","E","R","M","M","E","R","B"],"character_chosen":"THE_DUELIST","items_purchased":[],"campfire_rested":1,"item_purchase_floors":[],"current_hp_per_floor":[72,72,72,72,72,72,51,51,51,49,49,32,20,4,28,0,0],"gold":331,"neow_bonus":"THREE_ENEMY_KILL","is_daily":false,"chose_seed":false,"campfire_upgraded":2,"win_rate":0.0,"timestamp":1613577807,"path_taken":["M","M","?","?","?","R","E","M","T","E","R","M","M","E","R","BOSS"],"items_purchased_type":[],"build_version":"2020-12-22","purchased_purges":0,"victory":false,"max_hp_per_floor":[80,80,80,80,80,80,80,80,80,80,80,80,80,80,80,80,80],"card_choices":[{"not_picked":["theDuelist:LightningVortex","theDuelist:MillenniumGolem","theDuelist:MudGolem","theDuelist:RainbowOverdragon"],"picked":"theDuelist:Fissure","floor":1},{"not_picked":["theDuelist:UmbralHorrorGhost","theDuelist:Zombyra","theDuelist:TerraTerrible","theDuelist:DrivenDaredevil"],"picked":"theDuelist:Relinkuriboh","floor":2},{"not_picked":["theDuelist:UmbralHorrorGhost","theDuelist:BeastTalwar","theDuelist:CyberArchfiend","theDuelist:Pumpking"],"picked":"theDuelist:TwinHeadedWolf","floor":5},{"not_picked":["theDuelist:FlyingSaucer","theDuelist:GracefulCharity","theDuelist:FiendMegacyber","theDuelist:MsJudge"],"picked":"theDuelist:FiendishChain","floor":7},{"not_picked":["theDuelist:BlockGolem","theDuelist:EarthquakeGiant","theDuelist:GolemSentry","theDuelist:MagicHoleGolem","theDuelist:MillenniumGolem"],"picked":"SKIP","floor":8},{"not_picked":["theDuelist:FiendMegacyber","theDuelist:PortraitSecret","theDuelist:BerserkerCrush","theDuelist:FiendishChain"],"picked":"theDuelist:Relinkuriboh","floor":10},{"not_picked":["theDuelist:ArchfiendInterceptor","theDuelist:UmbralHorrorUniform","theDuelist:FlyingSaucer","theDuelist:UmbralHorrorGhoul"],"picked":"theDuelist:SlateWarrior","floor":12},{"not_picked":["theDuelist:BeastTalwar","theDuelist:SummonedSkull","theDuelist:FiendMegacyber","theDuelist:TwinHeadedWolf"],"picked":"theDuelist:PortraitSecret","floor":13},{"not_picked":["theDuelist:Pumpking","theDuelist:CheerfulCoffin","theDuelist:DarklordMarie","theDuelist:BeastTalwar"],"picked":"theDuelist:DoomsdayHorror","floor":14}],"player_experience":549731,"relics_obtained":[{"floor":7,"key":"halation:PromiseList"},{"floor":9,"key":"hubris:ToyBattleship"},{"floor":10,"key":"Tough Bandages"},{"floor":14,"key":"Ice Cream"}],"event_choices":[{"power_reward":4,"total_magic_score":16,"gold_gain":0,"duelist":true,"damage_taken":0,"relics_obtained":[],"points":9,"war_reward":4,"max_hp_gain":0,"max_hp_loss":0,"spent_points":{"magic":0,"greed":0,"war":4,"power":4,"hunger":1},"event_name":"Nameless Tomb","floor":3,"gold_loss":0,"cards_obtained":["theDuelist:Nameless:Power:Beatraptor","theDuelist:Nameless:War:ForbiddenLance"]},{"damage_healed":0,"gold_gain":0,"player_choice":"Took item - Received: Millennium Rod","duelist":true,"damage_taken":0,"max_hp_gain":0,"max_hp_loss":0,"event_name":"Millennium Items","floor":4,"gold_loss":0}],"is_beta":false,"boss_relics":[],"items_purged_floors":[],"is_endless":false,"potions_floor_spawned":[8,13,14],"killed_by":"The Guardian","ascension_level":10}}