{"host":"1eshbq9n813iloto","time":1613569924,"event":{"mods":["BaseMod","Better Third Choice","Hubris","Infinite Spire","Minty Spire (QoL Compilation)","StSLib"],"gold_per_floor":[114,114,114,134,59,88,98,118,118,130,140,140,155,179,179,300,350,376,376,276,278,278,278,299,299,324,324,172,191,204,204,204,317,317,337,362,237,257,276,322,322,363,389,389,413,413,415,430,430,442,442],"floor_reached":50,"language":"ENG","playtime":3318,"items_purged":["Strike_B","Strike_B","Madness","Biased Cognition"],"score":531,"play_id":"f8fde462-3076-4f83-af5d-296cdb57cf99","local_time":"20210217085204","is_ascension_mode":false,"campfire_choices":[{"floor":12,"key":"REST"},{"floor":15,"key":"REST"},{"floor":23,"key":"REST"},{"data":"Redo","floor":25,"key":"SMITH"},{"data":"Redo","floor":27,"key":"SMITH"},{"data":"Machine Learning","floor":32,"key":"SMITH"},{"floor":41,"key":"REST"},{"floor":46,"key":"REST"},{"floor":49,"key":"REST"}],"circlet_count":0,"master_deck":["Defend_B+1","Defend_B+1","Defend_B","Defend_B+1","Zap+1","Dualcast","Ball Lightning","Conserve Battery","Redo+1","Hologram","Redo+1","Machine Learning+1","Sweeping Beam","Thunder Strike+1","Creative AI","BootSequence","Tempest","Self Repair","Steam+1","infinitespire:Starlight"],"relics":["Cracked Core","Girya","infinitespire:Midas Blood","Tiny House","hubris:HerbalPaste","infinitespire:Freezer","hubris:BallOfYels","hubris:RunicObelisk","hubris:PeanutButter","hubris:DeckOfHolding","Lantern"],"acts_visited":["Exordium","TheCity","TheBeyond"],"potions_floor_usage":[14,16,24,30,33,36,42,50,50,50],"damage_taken":[{"damage":0,"enemies":"2 Louse","floor":1,"turns":1},{"damage":7,"enemies":"Small Slimes","floor":4,"turns":3},{"damage":3,"enemies":"Lagavulin","floor":6,"turns":6},{"damage":0,"enemies":"Cultist","floor":7,"turns":3},{"damage":10,"enemies":"Exordium Thugs","floor":8,"turns":4},{"damage":0,"enemies":"Blue Slaver","floor":10,"turns":3},{"damage":0,"enemies":"Exordium Wildlife","floor":11,"turns":3},{"damage":0,"enemies":"Large Slime","floor":13,"turns":3},{"damage":26,"enemies":"Gremlin Gang","floor":14,"turns":4},{"damage":44,"enemies":"Hexaghost","floor":16,"turns":8},{"damage":19,"enemies":"3 Byrds","floor":18,"turns":4},{"damage":25,"enemies":"2 Thieves","floor":24,"turns":3},{"damage":4,"enemies":"Centurion and Healer","floor":29,"turns":5},{"damage":0,"enemies":"Cultist and Chosen","floor":30,"turns":4},{"damage":67,"enemies":"Automaton","floor":33,"turns":7},{"damage":5,"enemies":"Orb Walker","floor":35,"turns":3},{"damage":18,"enemies":"3 Darklings","floor":36,"turns":5},{"damage":8,"enemies":"Transient","floor":38,"turns":5},{"damage":5,"enemies":"Sphere and 2 Shapes","floor":39,"turns":3},{"damage":68,"enemies":"Nemesis","floor":40,"turns":7},{"damage":25,"enemies":"Reptomancer","floor":42,"turns":6},{"damage":24,"enemies":"3 Darklings","floor":45,"turns":4},{"damage":35,"enemies":"Spire Growth","floor":48,"turns":5},{"damage":81,"enemies":"Time Eater","floor":50,"turns":7}],"seed_played":"2025994160748828312","potions_obtained":[{"floor":1,"key":"EssenceOfDarkness"},{"floor":6,"key":"FocusPotion"},{"floor":10,"key":"FearPotion"},{"floor":11,"key":"FocusPotion"},{"floor":17,"key":"AttackPotion"},{"floor":18,"key":"Block Potion"},{"floor":29,"key":"Fruit Juice"},{"floor":33,"key":"SteroidPotion"},{"floor":35,"key":"infinitespire:BlackPotion"},{"floor":38,"key":"PowerPotion"},{"floor":39,"key":"PowerPotion"},{"floor":42,"key":"FocusPotion"}],"is_trial":false,"path_per_floor":["M","?","?","M","$","E","M","M","T","M","M","R","M","M","R","B",null,"M","?","$","?","AVR","R","M","R","T","R","$","M","M","?","R","B",null,"M","M","$","M","M","E","R","E","T","?","M","R","?","M","R","B"],"character_chosen":"DEFECT","items_purchased":["hubris:BallOfYels"],"campfire_rested":6,"item_purchase_floors":[28],"current_hp_per_floor":[75,75,60,53,53,50,50,40,40,40,40,62,62,36,58,14,80,61,61,61,46,46,71,51,51,51,51,51,53,64,64,64,3,90,87,73,73,71,71,16,43,31,31,31,20,47,24,12,39,0,0],"gold":442,"neow_bonus":"ONE_RANDOM_RARE_CARD","is_daily":false,"chose_seed":false,"campfire_upgraded":3,"win_rate":0.0,"timestamp":1613569924,"path_taken":["M","?","?","M","$","E","M","M","T","M","?","R","M","M","R","BOSS","M","?","$","?","AVR","R","M","R","T","R","?","M","?","?","R","BOSS","M","M","$","M","M","E","R","E","T","?","?","R","?","M","R","BOSS"],"items_purchased_type":["Relic"],"build_version":"2020-12-13","purchased_purges":4,"victory":false,"max_hp_per_floor":[75,75,75,75,75,75,75,75,75,75,75,75,75,75,75,75,80,80,80,80,85,85,85,85,85,85,85,85,85,90,90,90,90,90,90,90,90,90,90,90,90,90,90,90,90,90,90,90,90,90,90],"card_choices":[{"not_picked":["Melter","Double Energy"],"picked":"Ball Lightning","floor":1},{"not_picked":["Streamline","Barrage"],"picked":"Conserve Battery","floor":4},{"not_picked":["Fusion","Consume","Genetic Algorithm"],"picked":"SKIP","floor":6},{"not_picked":["Leap","Barrage","Amplify"],"picked":"SKIP","floor":7},{"not_picked":["Blizzard","Hello World","Streamline"],"picked":"SKIP","floor":8},{"not_picked":["Barrage","Compile Driver"],"picked":"Redo","floor":10},{"not_picked":["FTL","Coolheaded"],"picked":"Hologram","floor":11},{"not_picked":["Genetic Algorithm","Go for the Eyes"],"picked":"Redo","floor":13},{"not_picked":["Stack","Reprogram","Reboot"],"picked":"SKIP","floor":14},{"not_picked":["Reboot","Rainbow"],"picked":"Machine Learning","floor":16},{"not_picked":["Hologram","Stack"],"picked":"Sweeping Beam","floor":17},{"not_picked":["Fusion","Hologram","Coolheaded+1"],"picked":"SKIP","floor":18},{"not_picked":["Sweeping Beam+1","Glacier","Stack"],"picked":"SKIP","floor":24},{"not_picked":["Fusion+1","Stack+1"],"picked":"Thunder Strike","floor":29},{"not_picked":["Gash","Go for the Eyes+1","Redo"],"picked":"SKIP","floor":30},{"not_picked":["hubris:DoWhile","Machine Learning"],"picked":"Creative AI","floor":33},{"not_picked":["Coolheaded+1","Cold Snap"],"picked":"BootSequence","floor":35},{"not_picked":["Defragment+1","Blizzard"],"picked":"Tempest","floor":36},{"not_picked":["Compile Driver+1","Barrage","Gash"],"picked":"SKIP","floor":38},{"not_picked":["Cold Snap","Hologram+1"],"picked":"Self Repair","floor":39},{"not_picked":["Stack+1","Darkness+1","Scrape"],"picked":"SKIP","floor":40},{"not_picked":["FTL+1","hubris:PowerSurge","Gash"],"picked":"SKIP","floor":42},{"not_picked":["Cold Snap","Hologram"],"picked":"Steam+1","floor":45},{"not_picked":["infinitespire:Punishment","infinitespire:TheBestDefense"],"picked":"infinitespire:Starlight","floor":47},{"not_picked":["Skim+1","Cold Snap","Force Field+1"],"picked":"SKIP","floor":48}],"player_experience":29894,"relics_obtained":[{"floor":6,"key":"Girya"},{"floor":9,"key":"infinitespire:Midas Blood"},{"floor":26,"key":"infinitespire:Freezer"},{"floor":40,"key":"hubris:PeanutButter"},{"floor":42,"key":"hubris:DeckOfHolding"},{"floor":43,"key":"Lantern"}],"event_choices":[{"damage_healed":75,"gold_gain":0,"player_choice":"Upgrade","damage_taken":15,"max_hp_gain":0,"max_hp_loss":75,"event_name":"betterThird:BetterShining","floor":3,"gold_loss":0,"cards_upgraded":["Defend_B","Defend_B"]},{"cards_removed":["Strike_B"],"damage_healed":0,"gold_gain":0,"player_choice":"Elegance","damage_taken":0,"max_hp_gain":0,"max_hp_loss":0,"event_name":"betterThird:BetterWriting","floor":19,"gold_loss":0},{"damage_healed":0,"gold_gain":0,"player_choice":"Shed Blood","damage_taken":20,"max_hp_gain":5,"max_hp_loss":0,"event_name":"Forgotten Altar","floor":21,"gold_loss":0},{"damage_healed":0,"gold_gain":0,"player_choice":"Upgraded","damage_taken":0,"max_hp_gain":0,"max_hp_loss":0,"event_name":"Upgrade Shrine","floor":44,"gold_loss":0,"cards_upgraded":["Zap"]}],"is_beta":false,"boss_relics":[{"not_picked":["Nuclear Battery","SlaversCollar"],"picked":"Tiny House"},{"not_picked":["Runic Pyramid","hubris:GrandSneckoEye"],"picked":"hubris:RunicObelisk"}],"items_purged_floors":[5,20,22,37],"is_endless":false,"potions_floor_spawned":[1,6,10,11,18,29,33,35,38,39,42],"killed_by":"Time Eater","ascension_level":0}}