{"host":"d52brwsy6af8zvaq","time":1613536419,"event":{"mods":["AchievementEnabler","BaseMod","Bestiary","Highlight Path","Minty Spire (QoL Compilation)","Quick Restart","Relic Stats","ojb\u0027s Better Paths Mod"],"gold_per_floor":[117,117,117,117,117,150,169,169,169],"floor_reached":8,"language":"ENG","playtime":526,"items_purged":[],"score":108,"play_id":"782d1892-4e8c-4741-80fa-0293e6b531cf","local_time":"20210216213339","is_ascension_mode":true,"campfire_choices":[],"circlet_count":0,"master_deck":["AscendersBane","Strike_B","Strike_B","Strike_B","Strike_B","Defend_B","Defend_B","Defend_B","Defend_B","Zap+1","Dualcast","Cold Snap","Barrage","Coolheaded"],"relics":["Cracked Core","Smiling Mask","Golden Idol","Regal Pillow"],"acts_visited":["Exordium"],"potions_floor_usage":[8,8],"damage_taken":[{"damage":14,"enemies":"Jaw Worm","floor":1,"turns":4},{"damage":36,"enemies":"3 Sentries","floor":6,"turns":9},{"damage":0,"enemies":"2 Louse","floor":7,"turns":1},{"damage":22,"enemies":"Lagavulin","floor":8,"turns":10}],"seed_played":"8109691165587793370","potions_obtained":[{"floor":1,"key":"Dexterity Potion"},{"floor":7,"key":"PowerPotion"}],"is_trial":false,"path_per_floor":["M","?","?","?","?","E","M","E"],"character_chosen":"DEFECT","items_purchased":[],"campfire_rested":0,"item_purchase_floors":[],"current_hp_per_floor":[57,57,52,57,57,21,21,0,0],"gold":169,"neow_bonus":"TEN_PERCENT_HP_BONUS","is_daily":false,"chose_seed":false,"campfire_upgraded":0,"win_rate":0.0,"timestamp":1613536419,"path_taken":["M","?","?","?","?","E","M","E"],"items_purchased_type":[],"build_version":"2020-12-22","purchased_purges":0,"victory":false,"max_hp_per_floor":[78,78,78,83,75,75,75,75,75],"relic_stats":{"Regal Pillow":0,"counters":[4,24],"Golden Idol":11,"Smiling Mask":0,"obtain_stats":[{"Regal Pillow":6,"Golden Idol":5,"Cracked Core":0,"Smiling Mask":3},{"Regal Pillow":2,"Golden Idol":1,"Cracked Core":0,"Smiling Mask":1},{"Regal Pillow":13,"Golden Idol":4,"Cracked Core":0,"Smiling Mask":4}]},"card_choices":[{"not_picked":["Auto Shields","Skim"],"picked":"Cold Snap","floor":1},{"not_picked":["Auto Shields","Hologram"],"picked":"Barrage","floor":6},{"not_picked":["Redo","Hologram"],"picked":"Coolheaded","floor":7}],"player_experience":2291908,"relics_obtained":[{"floor":6,"key":"Regal Pillow"}],"event_choices":[{"damage_healed":0,"gold_gain":0,"player_choice":"Grow","damage_taken":0,"max_hp_gain":0,"max_hp_loss":0,"event_name":"Living Wall","floor":2,"gold_loss":0,"cards_upgraded":["Zap"]},{"damage_healed":0,"gold_gain":0,"player_choice":"Success","damage_taken":5,"relics_obtained":["Smiling Mask"],"max_hp_gain":0,"max_hp_loss":0,"event_name":"Scrap Ooze","floor":3,"gold_loss":0},{"damage_healed":0,"gold_gain":0,"player_choice":"Donut","damage_taken":0,"max_hp_gain":5,"max_hp_loss":0,"event_name":"Big Fish","floor":4,"gold_loss":0},{"damage_healed":0,"gold_gain":0,"player_choice":"Lose Max HP","damage_taken":0,"relics_obtained":["Golden Idol"],"max_hp_gain":0,"max_hp_loss":8,"event_name":"Golden Idol","floor":5,"gold_loss":0}],"is_beta":false,"boss_relics":[],"items_purged_floors":[],"is_endless":false,"potions_floor_spawned":[1,7],"killed_by":"Lagavulin","ascension_level":20}}