{"host":"jfbo3eu2ui08ej1u","time":1613597432,"event":{"mods":["2.2 Compatiblity","AchievementEnabler","Act Like it!","Aspiration","BaseMod","Better Altar","Better Match","Better Note","Better Sensory Stone","Better Skull","Better Third Choice","Block Reminder","Colored Map","Colored Powertips","Conspire","DeckTracker","Displayed Cursed Tome","Energized Spire","Fox Events","GifTheSpireLib","Hermit","Hubris","Infinite Spire","Marked Mod","Minty Spire (QoL Compilation)","Monster B Gone","Pale of the Ancients","Poor People Problems","Quick Restart","Relic Filter","Reliquary","Reorder Act Four","Replay The Spire","Shop Mod","Spicy Shops","Spire Arcade","StSLib","Stuff the Spire","The Blue Laboratory","The Disciple","The Forsaken","The Hierophant","The Marked","Uncapped","Unceasing Turn Reminder","Wandering Minibosses"],"gold_per_floor":[219,219,233,251,251,251,265,290,290,62,72,72,87,116,116,195,195,205,223,223,223],"floor_reached":20,"language":"ENG","playtime":888,"items_purged":["Strike_P"],"score":447,"play_id":"d7a43af7-ffba-4632-864f-2a8ce5ba50e7","local_time":"20210217163032","is_ascension_mode":true,"campfire_choices":[{"floor":6.0,"key":"REST"},{"data":"PathToVictory","floor":15,"key":"SMITH"}],"circlet_count":0,"master_deck":["AscendersBane","Strike_P","Strike_P","Strike_P","Defend_P","Defend_P+1","Defend_P","Defend_P+1","Eruption","Vigilance","Consecrate","ThirdEye","PathToVictory+1","FollowUp","Replay:Cycle","MarkedMod:GracefulMovements","Replay:Cycle","MarkedMod:GracefulMovements","JustLucky","Replay:Cycle","Vault","Replay:Cycle+1"],"relics":["PureWater","CloakClasp","Strawberry","Bag of Preparation","hubris:Backtick","conspire:BottledYoYo"],"acts_visited":["Exordium","TheCity"],"potions_floor_usage":[8,14,19],"damage_taken":[{"damage":0.0,"enemies":"conspire:RoseBush","floor":1.0,"turns":5.0},{"damage":1.0,"enemies":"Small Slimes","floor":3.0,"turns":4.0},{"damage":24.0,"enemies":"infinitespire:Voidling","floor":4.0,"turns":5.0},{"damage":0.0,"enemies":"Large Slime","floor":7.0,"turns":4.0},{"damage":0,"enemies":"Gremlin Nob","floor":8,"turns":2},{"damage":0,"enemies":"Blue Slaver","floor":11,"turns":5},{"damage":0,"enemies":"Looter","floor":13,"turns":4},{"damage":6,"enemies":"Lagavulin","floor":14,"turns":7},{"damage":36,"enemies":"Slime Boss","floor":16,"turns":9},{"damage":18,"enemies":"Shell Parasite","floor":18,"turns":6},{"damage":9,"enemies":"Spheric Guardian","floor":19,"turns":4},{"damage":35,"enemies":"Masked Bandits","floor":20,"turns":3}],"seed_played":"-1288685486433867203","potions_obtained":[{"floor":4.0,"key":"Swift Potion"},{"floor":7.0,"key":"blueLaboratory:SavagePotion"},{"floor":8,"key":"blueLaboratory:BubblePotion"},{"floor":18,"key":"blueLaboratory:StoneskinPotion"}],"is_trial":false,"path_per_floor":["M","?","M","M","?","R","M","E","T","$","M","$","M","E","R","B",null,"M","M","?"],"character_chosen":"WATCHER","items_purchased":["MarkedMod:GracefulMovements","Replay:Cycle"],"campfire_rested":1,"item_purchase_floors":[10,10],"current_hp_per_floor":[61,41,40,32,34,54,54,54,61,61,61,61,61,55,55,19,61,43,34,0,0],"gold":223,"neow_bonus":"HUNDRED_GOLD","is_daily":false,"chose_seed":false,"campfire_upgraded":1,"win_rate":0.0,"timestamp":1613597432,"path_taken":["M","?","M","M","?","R","?","E","T","$","M","$","M","E","R","BOSS","M","M","?"],"items_purchased_type":["Card","Card"],"build_version":"2020-12-22","purchased_purges":1,"victory":false,"max_hp_per_floor":[68,68,68,68,68,68,68,68,75,75,75,75,75,75,75,75,75,75,75,75,75],"card_choices":[{"not_picked":["Crescendo","Evaluate"],"picked":"Consecrate","floor":1.0},{"not_picked":["MarkedMod:Acupuncture","Nirvana"],"picked":"ThirdEye","floor":3.0},{"not_picked":["Swivel","Halt"],"picked":"PathToVictory","floor":4.0},{"not_picked":["Consecrate","Replay:ManipulateFuture"],"picked":"FollowUp","floor":7.0},{"not_picked":["MarkedMod:Acupuncture","JustLucky"],"picked":"Replay:Cycle","floor":8},{"not_picked":["Replay:ManipulateFuture","Crescendo"],"picked":"MarkedMod:GracefulMovements","floor":11},{"not_picked":["Consecrate","Adaptation"],"picked":"JustLucky","floor":13},{"not_picked":["Worship","Swivel"],"picked":"Replay:Cycle","floor":14},{"not_picked":["DeusExMachina","Blasphemy"],"picked":"Vault","floor":16},{"not_picked":["Halt","SignatureMove"],"picked":"Replay:Cycle+1","floor":18},{"not_picked":["Prostrate","Conclude","FollowUp+1"],"picked":"SKIP","floor":19}],"player_experience":1335593,"relics_obtained":[{"floor":8,"key":"CloakClasp"},{"floor":9,"key":"Strawberry"},{"floor":14,"key":"Bag of Preparation"}],"event_choices":[{"damage_healed":61.0,"max_hp_gain":0.0,"max_hp_loss":68.0,"gold_gain":0.0,"event_name":"betterThird:BetterShining","player_choice":"Upgrade","floor":2.0,"gold_loss":0.0,"damage_taken":20.0,"cards_upgraded":["Defend_P","Defend_P"]},{"damage_healed":2.0,"max_hp_gain":0.0,"max_hp_loss":0.0,"gold_gain":0.0,"event_name":"betterSkull:BetterSkull","player_choice":"LEAVE ","floor":5.0,"gold_loss":0.0,"damage_taken":0.0,"cards_upgraded":[],"relics_obtained":[]},{"damage_healed":0,"gold_gain":0,"player_choice":"Fought Bandits","damage_taken":0,"max_hp_gain":0,"max_hp_loss":0,"event_name":"Masked Bandits","floor":20,"gold_loss":0}],"is_beta":false,"boss_relics":[{"not_picked":["Replay:Bronze Core","aspiration:PoetsPen_weak"],"picked":"hubris:Backtick"}],"items_purged_floors":[10],"is_endless":false,"potions_floor_spawned":[4,7,8,18],"killed_by":"Masked Bandits","ascension_level":20}}