{"host":"050ensmz1fh1c58u","time":1613580721,"event":{"mods":["BaseMod","Downfall","Gremlin Mod","Hubris","Minty Spire (QoL Compilation)","READ ME - Guardian Mod","StSLib","The Animator","The Bug Knight","The Cursed","The Disciple","The Necromancer","The Servant 0.9.4"],"gold_per_floor":[99,115,115,115,115,130,154,165,193,93,138,166,186,199,217,317,317,317,330,330,439,468,496,496,405,418,436,436,464,498,515,530,635,635,635,655,675,700,748,422,449,468,368,95,114,137,148,175,191,191,191,222,79,79,79,79,79],"floor_reached":56,"language":"ENG","playtime":5648,"items_purged":["downfall:Malfunctioning"],"score":1542,"play_id":"c00bf920-358f-4fda-94d0-11e24044ed91","local_time":"20210217175201","is_ascension_mode":false,"campfire_choices":[{"data":"Bone_Wall","floor":1,"key":"SMITH"},{"data":"Summon_Lich","floor":10,"key":"SMITH"},{"data":"Whirlwind_of_Bones","floor":18,"key":"SMITH"},{"floor":25,"key":"REST"},{"data":"Bone_Bullets","floor":28,"key":"SMITH"},{"floor":35,"key":"RECALL"},{"floor":43,"key":"REST"},{"data":"Summon_Vampire_Lady","floor":54,"key":"SMITH"}],"circlet_count":0,"master_deck":["Strike_W+1","Strike_W+1","Defend_W","Defend_W+1","Defend_W","Defend_W","Negative_Energy_Arrows+1","Bone_Wall+1","Blood_Curse+1","Summon_Lich+1","Grasp_Heart","Whirlwind_of_Bones+1","Bone_Bullets+1","Grasp_Heart","Negative_Energy_Shield+1","Bone_Armory","Spectral_Walk+1","Bone_Prison","Bone_Armor+1","Summon_Vampire_Lady+1","Bone_Armor+1","Bone_Armory+1","Summon_Undead+1","Uncharnel+1"],"relics":["Vampire_Amulet","Boot","Omamori","downfall:HeartBlessingGreen","Nunchaku","Dream Catcher","Calling Bell","CeramicFish","hubris:BottledRain","hubris:BundleOfHerbs","Incense Burner","Mercury Hourglass","downfall:HeartBlessingBlue","MealTicket","Black Star","Prayer Wheel","hubris:DeckOfHolding","Art of War","downfall:HeartBlessingRed","White Beast Statue","Vajra","Bag of Preparation","Whetstone","Eternal Feather","Du-Vu Doll","Centennial Puzzle"],"acts_visited":["Exordium","TheCity","TheBeyond","TheEnding"],"potions_floor_usage":[9,13,15,21,21,21,30,30,32,33,37,38,45,48,48,49,49,55,56],"damage_taken":[{"damage":5,"enemies":"2 Louse","floor":2,"turns":3},{"damage":0,"enemies":"Small Slimes","floor":6,"turns":4},{"damage":0,"enemies":"Jaw Worm","floor":8,"turns":3},{"damage":1,"enemies":"Lagavulin","floor":9,"turns":6},{"damage":5,"enemies":"HollowMod:MossKnight","floor":12,"turns":4},{"damage":10,"enemies":"Exordium Thugs","floor":13,"turns":3},{"damage":9,"enemies":"downfall:LooterAlt","floor":14,"turns":2},{"damage":0,"enemies":"2 Fungi Beasts","floor":15,"turns":3},{"damage":29,"enemies":"IC_STATUS_ARCHETYPE","floor":16,"turns":7},{"damage":4,"enemies":"3 Byrds","floor":19,"turns":4},{"damage":7,"enemies":"Colosseum Nobs","floor":21,"turns":4},{"damage":19,"enemies":"Cultist and Chosen","floor":22,"turns":6},{"damage":21,"enemies":"Sentry and Sphere","floor":23,"turns":8},{"damage":2,"enemies":"3 Cultists","floor":26,"turns":4},{"damage":0,"enemies":"Cultist and Chosen","floor":27,"turns":6},{"damage":0,"enemies":"Snecko","floor":29,"turns":4},{"damage":7,"enemies":"Slavers","floor":30,"turns":4},{"damage":0,"enemies":"Snake Plant","floor":31,"turns":3},{"damage":0,"enemies":"3 Cultists","floor":32,"turns":4},{"damage":35,"enemies":"WA_ARCHETYPE_CALM","floor":33,"turns":10},{"damage":16,"enemies":"3 Shapes","floor":36,"turns":5},{"damage":43,"enemies":"3 Darklings","floor":37,"turns":8},{"damage":16,"enemies":"Writhing Mass","floor":38,"turns":6},{"damage":14,"enemies":"2 Orb Walkers","floor":39,"turns":5},{"damage":4,"enemies":"downfall:FleeingMerchant","floor":40,"turns":5},{"damage":44,"enemies":"4 Shapes","floor":42,"turns":3},{"damage":0,"enemies":"downfall:FleeingMerchant","floor":44,"turns":4},{"damage":20,"enemies":"Jaw Worm Horde","floor":45,"turns":3},{"damage":4,"enemies":"Writhing Mass","floor":47,"turns":6},{"damage":14,"enemies":"HollowMod:StalkingDevout","floor":48,"turns":6},{"damage":43,"enemies":"4 Shapes","floor":49,"turns":5},{"damage":37,"enemies":"DF_ARCHETYPE_ORBS","floor":50,"turns":13},{"damage":89,"enemies":"downfall:CharBossMerchant","floor":52,"turns":9},{"damage":91,"enemies":"downfall:NeowBoss","floor":55,"turns":23},{"damage":106,"enemies":"downfall:NeowBossFinal","floor":56,"turns":5}],"seed_played":"5711406441703020293","potions_obtained":[{"floor":2,"key":"champ:CounterPotion"},{"floor":9,"key":"Explosive Potion"},{"floor":12,"key":"Block Potion"},{"floor":14,"key":"Energy Potion"},{"floor":16,"key":"AttackPotion"},{"floor":20,"key":"CultistPotion"},{"floor":21,"key":"PowerPotion"},{"floor":23,"key":"SkillPotion"},{"floor":29,"key":"Fire Potion"},{"floor":30,"key":"hexamod:SoulburnPotion"},{"floor":31,"key":"Regen Potion"},{"floor":32,"key":"PowerPotion"},{"floor":37,"key":"CultistPotion"},{"floor":39,"key":"Weak Potion"},{"floor":42,"key":"Block Potion"},{"floor":45,"key":"AttackPotion"},{"floor":47,"key":"Guardian:BlockOnCardUsePotion"},{"floor":48,"key":"Energy Potion"},{"floor":49,"key":"Strength Potion"},{"floor":52,"key":"Block Potion"}],"is_trial":false,"path_per_floor":["R","M","?","?","?","M","T","M","E","R","T","E","M","M","M","B",null,"R","M","?","?","M","M","T","R","M","M","R","M","E","M","M","B",null,"R","M","M","M","?","$","T","M","R","$","M","T","M","E","M","B",null,"E","$","R","B","B"],"character_chosen":"NECROMANCER","items_purchased":["hubris:DeckOfHolding","White Beast Statue","Centennial Puzzle"],"campfire_rested":2,"item_purchase_floors":[40,44,53],"current_hp_per_floor":[82,79,79,79,79,82,82,82,82,82,82,81,75,68,72,45,82,82,82,82,77,62,45,45,82,86,90,90,92,89,91,92,59,92,92,82,77,75,65,76,76,40,67,82,74,74,84,92,55,50,92,65,80,92,31,0,0],"gold":79,"neow_bonus":"TEN_PERCENT_HP_BONUS","is_daily":false,"chose_seed":false,"campfire_upgraded":5,"win_rate":0.0,"timestamp":1613580721,"path_taken":["R","M","?","?","?","?","T","M","E","R","?","E","M","M","M","BOSS","R","M","?","?","M","M","T","R","M","M","R","M","E","M","M","BOSS","R","M","M","M","?","$","T","M","R","$","M","?","M","E","M","BOSS","E","$","R","BOSS","BOSS"],"items_purchased_type":["Relic","Relic","Relic"],"build_version":"2020-12-22","purchased_purges":1,"victory":false,"max_hp_per_floor":[82,82,82,82,82,82,82,82,82,82,82,82,82,82,82,82,82,82,82,82,82,82,82,82,92,92,92,92,92,92,92,92,92,92,92,92,92,92,92,92,92,92,92,92,92,92,92,92,92,92,92,92,92,92,92,92,92],"card_choices":[{"not_picked":["Bone_Spikes","Negative_Energy_Mist"],"picked":"Blood_Curse","floor":2},{"not_picked":["Blood_for_Blood","Death_March_Dance"],"picked":"Summon_Lich","floor":6},{"not_picked":["Vampiric_Strike","Exploit","Bone_Shift"],"picked":"SKIP","floor":8},{"not_picked":["Finger_Of_Death","Corrupt"],"picked":"Grasp_Heart","floor":9},{"not_picked":["Slay_Living","Bone_Shift"],"picked":"Whirlwind_of_Bones","floor":12},{"not_picked":["Blood_Whip","Vampiric_Strike","Exploit"],"picked":"SKIP","floor":13},{"not_picked":["Bones_to_Steel","Bone_Prison"],"picked":"Bone_Bullets","floor":14},{"not_picked":["Necrotic_Claws","Bone_Spikes","Necromantic_Selection"],"picked":"SKIP","floor":15},{"not_picked":["Requiem","Summon_Death_Knight"],"picked":"Grasp_Heart","floor":16},{"not_picked":["Corrupt","Blood_Whip","Slay_Living"],"picked":"SKIP","floor":19},{"not_picked":["Toxic_Smoke_Screen+1","Bone_Spikes"],"picked":"Negative_Energy_Shield+1","floor":21},{"not_picked":["Thousand_Bone_Knives","Necrotic_Claws"],"picked":"Bone_Armory","floor":22},{"not_picked":["Necrotic_Claws+1","Life_Tap"],"picked":"Spectral_Walk+1","floor":23},{"not_picked":["Bone_Bullets","Deaths_Shadow"],"picked":"Bone_Prison","floor":25},{"not_picked":["Consume_Illness+1","Necrotic_Claws+1","Thousand_Bone_Knives"],"picked":"SKIP","floor":26},{"not_picked":["Necrotic_Claws","Spectral_Walk","Negative_Energy_Burst"],"picked":"SKIP","floor":27},{"not_picked":["Uncharnel","Cloudkill"],"picked":"Bone_Armor+1","floor":29},{"not_picked":["Bone_Spikes+1","Blood_Shield+1","Scare"],"picked":"SKIP","floor":30},{"not_picked":["Scare","Death_March_Dance","Vampiric_Strike"],"picked":"SKIP","floor":31},{"not_picked":["Summon_Death_Knight","Bones_to_Steel","Bone_Spikes+1"],"picked":"SKIP","floor":32},{"not_picked":["Negative_Energy_Bomb","Requiem"],"picked":"Summon_Vampire_Lady","floor":33},{"not_picked":["Death_Coil","Toxic_Smoke_Screen"],"picked":"Bone_Armor+1","floor":36},{"not_picked":["Epidemic","Negative_Energy_Shield","Bone_Spikes+1"],"picked":"SKIP","floor":37},{"not_picked":["Consume_Illness+1","Life_Tap"],"picked":"Bone_Armory+1","floor":38},{"not_picked":["Negative_Energy_Javelin+1","Spectral_Walk"],"picked":"Summon_Undead+1","floor":40},{"not_picked":["Bone_Shift+1","Death_March_Dance"],"picked":"Uncharnel+1","floor":42},{"not_picked":["Finger_Of_Death+1","Necromantic_Selection","Negative_Energy_Sphere"],"picked":"SKIP","floor":42},{"not_picked":["Summon_Death_Knight","Whirlwind_of_Bones+1","Bones_to_Steel+1"],"picked":"SKIP","floor":44},{"not_picked":["Death_Coil+1","Blood_Curse","Death_March_Dance+1"],"picked":"SKIP","floor":45},{"not_picked":["Negative_Energy_Javelin","Negative_Energy_Sphere+1","Chill_Blood"],"picked":"SKIP","floor":45},{"not_picked":["Necromantic_Selection","Uncharnel","Negative_Energy_Shield+1"],"picked":"SKIP","floor":47},{"not_picked":["Death_March_Dance","Blood_Whip","Negative_Energy_Shield+1"],"picked":"SKIP","floor":47},{"not_picked":["Negative_Energy_Sphere+1","Finger_Of_Death","Toxic_Smoke_Screen"],"picked":"SKIP","floor":48},{"not_picked":["Detonate_Bones","Pandemic+1","Death_Knell"],"picked":"SKIP","floor":49},{"not_picked":["Bone_Spikes","Negative_Energy_Sphere","Blood_Whip+1"],"picked":"SKIP","floor":49},{"not_picked":["Bone_Bullets","Finger_Of_Death","Consume_Illness+1"],"picked":"SKIP","floor":52}],"player_experience":1657178,"relics_obtained":[{"floor":7,"key":"Boot"},{"floor":9,"key":"Omamori"},{"floor":11,"key":"Nunchaku"},{"floor":12,"key":"Dream Catcher"},{"floor":17,"key":"CeramicFish"},{"floor":17,"key":"hubris:BottledRain"},{"floor":17,"key":"hubris:BundleOfHerbs"},{"floor":21,"key":"Incense Burner"},{"floor":21,"key":"Mercury Hourglass"},{"floor":30,"key":"MealTicket"},{"floor":39,"key":"Prayer Wheel"},{"floor":41,"key":"Art of War"},{"floor":46,"key":"Vajra"},{"floor":48,"key":"Bag of Preparation"},{"floor":48,"key":"Whetstone"},{"floor":52,"key":"Eternal Feather"},{"floor":52,"key":"Du-Vu Doll"}],"event_choices":[{"cards_removed":["Strike_W"],"damage_healed":0,"gold_gain":0,"player_choice":"Card Removal","damage_taken":0,"max_hp_gain":0,"max_hp_loss":0,"event_name":"The Cleric","floor":3,"gold_loss":0},{"damage_healed":0,"gold_gain":0,"player_choice":"Fight","damage_taken":0,"max_hp_gain":0,"max_hp_loss":0,"event_name":"Mysterious Sphere","floor":39,"gold_loss":0}],"is_beta":false,"boss_relics":[{"not_picked":["hubris:BlackHole","Pandora\u0027s Box"],"picked":"Calling Bell"},{"not_picked":["Tiny House","SlaversCollar"],"picked":"Black Star"}],"items_purged_floors":[40],"is_endless":false,"potions_floor_spawned":[2,9,12,14,16,21,23,29,30,31,32,37,39,42,45,47,48,49,52],"killed_by":"downfall:NeowBossFinal","ascension_level":0}}