{"host":"k919bq8mkuzdqhzi","time":1613528855,"event":{"mods":["AchievementEnabler","BaseMod","Colored Map","Colored Powertips","DeckTracker","Minty Spire (QoL Compilation)","Relic Sorter","SuperFastMode"],"gold_per_floor":[115,65,65,79,29,29,58,78,78,78,1,20,20,39,39,134,134,147,147,159,177,177,177,177,177,177,177,189,203,203,47,47,145,145,158,158,173,190,5,5,20,20,20,33,33,45,45,45,45,45,45],"floor_reached":50,"language":"ENG","playtime":3229,"items_purged":["Defend_P+1"],"score":442,"play_id":"a8bfd0dd-5a20-4121-b9c6-02fe4beb71ef","local_time":"20210216212735","is_ascension_mode":false,"campfire_choices":[{"data":"Protect","floor":6,"key":"SMITH"},{"data":"Vigilance","floor":10,"key":"SMITH"},{"data":"Vault","floor":13,"key":"SMITH"},{"data":"ClearTheMind","floor":15,"key":"SMITH"},{"floor":23,"key":"REST"},{"floor":25,"key":"REST"},{"data":"Crescendo","floor":27,"key":"SMITH"},{"data":"DeusExMachina","floor":32,"key":"SMITH"},{"floor":40,"key":"REST"},{"floor":42,"key":"REST"},{"floor":45,"key":"REST"},{"floor":47,"key":"REST"},{"data":"Judgement","floor":49,"key":"SMITH"}],"circlet_count":0,"master_deck":["Strike_P+1","Strike_P+1","Strike_P+1","Defend_P+1","Defend_P+1","Eruption+1","Vigilance+1","Brilliance","Protect+1","ThirdEye","PathToVictory","Meditate+1","ClearTheMind+1","Vault+1","PathToVictory","DeusExMachina+1","Wallop","Crescendo+1","EmptyBody+1","PathToVictory+1","SignatureMove+1","Tantrum","Judgement+1","SashWhip+1","FollowUp+1","TalkToTheHand","LikeWater","SandsOfTime+1","CutThroughFate+1","FlurryOfBlows+1","Writhe"],"relics":["PureWater","Lizard Tail","Letter Opener","VioletLotus","Bottled Lightning","Sozu","Frozen Eye","Kunai"],"acts_visited":["Exordium","TheCity","TheBeyond"],"potions_floor_usage":[7,7,7,7,16,33],"damage_taken":[{"damage":0,"enemies":"Cultist","floor":1,"turns":2},{"damage":0,"enemies":"Small Slimes","floor":4,"turns":3},{"damage":13,"enemies":"3 Sentries","floor":7,"turns":6},{"damage":0,"enemies":"Jaw Worm","floor":8,"turns":2},{"damage":0,"enemies":"Exordium Wildlife","floor":12,"turns":2},{"damage":3,"enemies":"Red Slaver","floor":14,"turns":3},{"damage":55,"enemies":"Hexaghost","floor":16,"turns":11},{"damage":8,"enemies":"3 Byrds","floor":18,"turns":5},{"damage":0,"enemies":"Chosen","floor":20,"turns":4},{"damage":60,"enemies":"Shelled Parasite and Fungi","floor":21,"turns":5},{"damage":3,"enemies":"Cultist and Chosen","floor":28,"turns":7},{"damage":3,"enemies":"Chosen and Byrds","floor":29,"turns":7},{"damage":25,"enemies":"Collector","floor":33,"turns":7},{"damage":3,"enemies":"Orb Walker","floor":35,"turns":3},{"damage":26,"enemies":"3 Darklings","floor":37,"turns":4},{"damage":24,"enemies":"Jaw Worm Horde","floor":38,"turns":4},{"damage":14,"enemies":"Writhing Mass","floor":41,"turns":5},{"damage":50,"enemies":"4 Shapes","floor":44,"turns":5},{"damage":34,"enemies":"Sphere and 2 Shapes","floor":46,"turns":4},{"damage":68,"enemies":"Awakened One","floor":50,"turns":3}],"seed_played":"2013697215200254042","potions_obtained":[{"floor":4,"key":"EntropicBrew"},{"floor":12,"key":"BlessingOfTheForge"},{"floor":16,"key":"BlessingOfTheForge"},{"floor":19,"key":"BlessingOfTheForge"},{"floor":33,"key":"GamblersBrew"}],"is_trial":false,"path_per_floor":["M","?","?","M","?","R","E","M","T","R","$","M","R","M","R","B",null,"M","?","M","M","?","R","?","R","T","R","M","M","?","$","R","B",null,"M","?","M","M","$","R","M","R","T","M","R","M","R","?","R","B"],"character_chosen":"WATCHER","items_purchased":["ClearTheMind","Explosive Potion","Tantrum","Frozen Eye","LikeWater"],"campfire_rested":6,"item_purchase_floors":[11,11,31,39,39],"current_hp_per_floor":[72,72,72,72,72,72,59,59,59,59,59,59,59,56,56,1,72,64,64,64,4,4,25,25,46,46,46,43,40,64,64,64,39,72,69,69,43,19,19,40,26,47,47,36,57,23,44,62,62,0,0],"gold":45,"neow_bonus":"TRANSFORM_CARD","is_daily":false,"chose_seed":false,"campfire_upgraded":7,"win_rate":0.0,"timestamp":1613528855,"path_taken":["M","?","?","M","?","R","E","M","T","R","$","?","R","M","R","BOSS","M","?","M","?","?","R","?","R","T","R","M","M","?","$","R","BOSS","M","?","M","M","?","R","?","R","T","M","R","M","R","?","R","BOSS"],"items_purchased_type":["Card","Potion","Card","Relic","Card"],"build_version":"2020-12-22","purchased_purges":1,"victory":false,"max_hp_per_floor":[72,72,72,72,72,72,72,72,72,72,72,72,72,72,72,72,72,72,72,72,72,72,72,72,72,72,72,72,72,72,72,72,72,72,72,72,72,72,72,72,72,72,72,72,72,72,72,72,72,72,72],"card_choices":[{"not_picked":["JustLucky","Study"],"picked":"Protect","floor":1},{"not_picked":["Prostrate","Consecrate"],"picked":"ThirdEye","floor":4},{"not_picked":["Worship","JustLucky"],"picked":"PathToVictory","floor":7},{"not_picked":["Prostrate","ClearTheMind"],"picked":"Meditate","floor":8},{"not_picked":["FollowUp","Prostrate"],"picked":"Vault","floor":12},{"not_picked":["FollowUp","Halt"],"picked":"PathToVictory","floor":14},{"not_picked":["Brilliance","Blasphemy"],"picked":"DeusExMachina","floor":16},{"not_picked":["MentalFortress","LikeWater+1"],"picked":"Wallop","floor":18},{"not_picked":["Tantrum","Evaluate+1"],"picked":"Crescendo","floor":20},{"not_picked":["Indignation","Evaluate+1"],"picked":"EmptyBody+1","floor":21},{"not_picked":["Wallop","Pray"],"picked":"PathToVictory+1","floor":28},{"not_picked":["WreathOfFlame","Vengeance"],"picked":"SignatureMove+1","floor":29},{"not_picked":["Blasphemy","Omniscience"],"picked":"Judgement","floor":33},{"not_picked":["InnerPeace+1","FlyingSleeves+1"],"picked":"SashWhip+1","floor":35},{"not_picked":["Halt+1","ReachHeaven+1"],"picked":"FollowUp+1","floor":37},{"not_picked":["EmptyBody","SashWhip+1"],"picked":"TalkToTheHand","floor":38},{"not_picked":["BowlingBash","Pray"],"picked":"SandsOfTime+1","floor":41},{"not_picked":["Prostrate+1","SignatureMove"],"picked":"CutThroughFate+1","floor":44},{"not_picked":["Ragnarok","TalkToTheHand+1"],"picked":"FlurryOfBlows+1","floor":46}],"player_experience":161608,"relics_obtained":[{"floor":7,"key":"Lizard Tail"},{"floor":9,"key":"Letter Opener"},{"floor":26,"key":"Bottled Lightning"},{"floor":43,"key":"Kunai"}],"event_choices":[{"damage_healed":0,"gold_gain":0,"player_choice":"Left Gold","damage_taken":0,"max_hp_gain":0,"max_hp_loss":0,"event_name":"World of Goop","floor":2,"gold_loss":50},{"damage_healed":0,"gold_gain":0,"player_choice":"Grow","damage_taken":0,"max_hp_gain":0,"max_hp_loss":0,"event_name":"Living Wall","floor":3,"gold_loss":0,"cards_upgraded":["Eruption"]},{"cards_removed":["Defend_P"],"damage_healed":0,"gold_gain":0,"player_choice":"Card Removal","damage_taken":0,"max_hp_gain":0,"max_hp_loss":0,"event_name":"The Cleric","floor":5,"gold_loss":50},{"damage_healed":0,"gold_gain":0,"player_choice":"Got Potions","damage_taken":0,"max_hp_gain":0,"max_hp_loss":0,"event_name":"Lab","floor":19,"gold_loss":0},{"damage_healed":0,"gold_gain":0,"player_choice":"Simplicity","damage_taken":0,"max_hp_gain":0,"max_hp_loss":0,"event_name":"Back to Basics","floor":22,"gold_loss":0,"cards_upgraded":["Strike_P","Strike_P","Strike_P","Defend_P","Defend_P","Defend_P"]},{"damage_healed":0,"gold_gain":0,"player_choice":"Ignored","damage_taken":0,"max_hp_gain":0,"max_hp_loss":0,"event_name":"Cursed Tome","floor":24,"gold_loss":0},{"damage_healed":24,"gold_gain":0,"player_choice":"Heal","damage_taken":0,"max_hp_gain":0,"max_hp_loss":0,"event_name":"The Library","floor":30,"gold_loss":0},{"damage_healed":0,"gold_gain":0,"player_choice":"Forge","damage_taken":0,"max_hp_gain":0,"max_hp_loss":0,"event_name":"Accursed Blacksmith","floor":36,"gold_loss":0,"cards_upgraded":["Meditate"]},{"damage_healed":18,"gold_gain":0,"player_choice":"Writhe","damage_taken":0,"max_hp_gain":0,"max_hp_loss":0,"event_name":"Winding Halls","floor":48,"gold_loss":0,"cards_obtained":["Writhe"]}],"is_beta":false,"boss_relics":[{"not_picked":["Empty Cage","SlaversCollar"],"picked":"VioletLotus"},{"not_picked":["Calling Bell","Coffee Dripper"],"picked":"Sozu"}],"items_purged_floors":[31],"is_endless":false,"potions_floor_spawned":[4,12,16,20,28,29,33,35,37,41],"killed_by":"Awakened One","ascension_level":0}}