{"host":"2c84cb4cp1emursg","time":1613594277,"event":{"mods":["Act Like it!","BaseMod","Better Third Choice","Bossed Relics","Hermit","Mimic Mod","Minty Spire (QoL Compilation)","Permanent Neow","StSLib"],"gold_per_floor":[115,134,84,100,119,119,154,166,203,215,242,15,49,101,101,101,101],"floor_reached":16,"language":"ENG","playtime":984,"items_purged":[],"score":121,"play_id":"510f39e4-0652-4406-a5fb-28269b1f028c","local_time":"20210217133757","is_ascension_mode":true,"campfire_choices":[{"data":"hermit:HighNoon","floor":6,"key":"SMITH"},{"data":"hermit:FullyLoaded","floor":8,"key":"SMITH"},{"data":"hermit:Showdown","floor":15,"key":"SMITH"}],"circlet_count":0,"master_deck":["hermit:Strike_Hermit","hermit:Strike_Hermit","hermit:Strike_Hermit","hermit:Strike_Hermit","hermit:Defend_Hermit","hermit:Defend_Hermit","hermit:Defend_Hermit","hermit:Snapshot","hermit:Covet","hermit:Snipe","hermit:Vantage","hermit:HighNoon+1","hermit:FullyLoaded+1","hermit:BodyArmor+1","hermit:Glare","hermit:Showdown+1","hermit:Virtue"],"relics":["Black Star","Bag of Marbles","MawBank","Regal Pillow","Boot","Darkstone Periapt"],"acts_visited":["Exordium"],"potions_floor_usage":[5,5,11,13,16,16],"damage_taken":[{"damage":6,"enemies":"Jaw Worm","floor":1,"turns":4},{"damage":0,"enemies":"Small Slimes","floor":2,"turns":3},{"damage":1,"enemies":"Cultist","floor":4,"turns":3},{"damage":11,"enemies":"Lots of Slimes","floor":5,"turns":4},{"damage":34,"enemies":"Lagavulin","floor":7,"turns":8},{"damage":0,"enemies":"3 Louse","floor":11,"turns":3},{"damage":4,"enemies":"3 Sentries","floor":13,"turns":7},{"damage":25,"enemies":"Slime Boss","floor":16,"turns":6}],"seed_played":"1255362922025106735","potions_obtained":[{"floor":1,"key":"DuplicationPotion"},{"floor":2,"key":"Fire Potion"},{"floor":7,"key":"Energy Potion"},{"floor":11,"key":"hermit:Eclipse"}],"is_trial":false,"path_per_floor":["M","M","?","M","M","R","E","R","T","?","M","$","E","?","R","B"],"character_chosen":"HERMIT","items_purchased":["hermit:Showdown","hermit:Virtue","Strength Potion","LiquidMemories"],"campfire_rested":0,"item_purchase_floors":[12,12,12,12],"current_hp_per_floor":[69,69,69,68,57,57,23,23,23,23,23,23,19,19,19,0,0],"gold":101,"neow_bonus":"BOSS_RELIC","is_daily":false,"chose_seed":false,"campfire_upgraded":3,"win_rate":0.0,"timestamp":1613594277,"path_taken":["M","M","?","M","M","R","E","R","T","?","?","?","E","?","R","BOSS"],"items_purchased_type":["Card","Card","Potion","Potion"],"build_version":"2020-12-22","purchased_purges":0,"victory":false,"max_hp_per_floor":[75,75,75,75,75,75,75,75,75,75,75,75,75,75,75,75,75],"card_choices":[{"not_picked":["hermit:Horror","hermit:PistolWhip"],"picked":"hermit:Snipe","floor":1},{"not_picked":["hermit:Desperado","hermit:HoleUp"],"picked":"hermit:Vantage","floor":2},{"not_picked":["hermit:Feint","hermit:SprayPray"],"picked":"hermit:HighNoon","floor":4},{"not_picked":["hermit:LowProfile","hermit:Dive"],"picked":"hermit:FullyLoaded","floor":5},{"not_picked":["hermit:Roulette","hermit:Midnight"],"picked":"hermit:BodyArmor","floor":7},{"not_picked":["hermit:NoHoldsBarred","hermit:ItchyTrigger"],"picked":"hermit:Glare","floor":11},{"not_picked":["hermit:Manifest","hermit:Ricochet","hermit:ItchyTrigger"],"picked":"SKIP","floor":13}],"player_experience":527563,"relics_obtained":[{"floor":7,"key":"Bag of Marbles"},{"floor":7,"key":"MawBank"},{"floor":9,"key":"Regal Pillow"},{"floor":13,"key":"Boot"},{"floor":13,"key":"Darkstone Periapt"}],"event_choices":[{"cards_removed":["hermit:Defend_Hermit"],"damage_healed":0,"gold_gain":0,"player_choice":"Card Removal","damage_taken":0,"max_hp_gain":0,"max_hp_loss":0,"event_name":"The Cleric","floor":3,"gold_loss":50},{"damage_healed":0,"gold_gain":0,"player_choice":"Upgraded","damage_taken":0,"max_hp_gain":0,"max_hp_loss":0,"event_name":"Upgrade Shrine","floor":10,"gold_loss":0,"cards_upgraded":["hermit:BodyArmor"]},{"damage_healed":0,"gold_gain":52,"player_choice":"Gained Gold","damage_taken":0,"max_hp_gain":0,"max_hp_loss":0,"event_name":"Golden Wing","floor":14,"gold_loss":0}],"is_beta":false,"boss_relics":[],"items_purged_floors":[],"is_endless":false,"potions_floor_spawned":[1,2,7,11],"killed_by":"Slime Boss","ascension_level":2}}