{"host":"nz11ypxva4e39b7q","time":1613558129,"event":{"mods":["BaseMod","Better Third Choice","Better Vampires","Colored Map","Minty Spire (QoL Compilation)","Quick Restart","StSLib","The Marked"],"gold_per_floor":[111,111,136,160,28,28,61,61,61,61,77,92,92,113,113,211,211,231,146,146,164,164,164,199,199,254,292,292,317,341,355,355,449,449,473,473,157,173,192,226,226,241,241,276,294,294,319,335,335,335,335,335],"floor_reached":51,"language":"ENG","playtime":4802,"items_purged":["Defend_G","Defend_G"],"score":1902,"play_id":"6fa5171f-5fec-4a66-a609-37aecd766115","local_time":"20210217113529","is_ascension_mode":true,"campfire_choices":[{"data":"Blade Dance","floor":6.0,"key":"SMITH"},{"floor":8.0,"key":"REST"},{"data":"Dagger Spray","floor":10.0,"key":"SMITH"},{"data":"Glass Knife","floor":13.0,"key":"SMITH"},{"data":"Finisher","floor":15.0,"key":"SMITH"},{"data":"RitualDagger","floor":23.0,"key":"SMITH"},{"floor":25.0,"key":"REST"},{"data":"Phantasmal Killer","floor":28.0,"key":"SMITH"},{"floor":32.0,"key":"REST"},{"data":"Neutralize","floor":46.0,"key":"SMITH"},{"floor":49.0,"key":"RECALL"}],"circlet_count":0,"master_deck":["AscendersBane","Strike_G","Strike_G","Strike_G","Defend_G","Defend_G","Survivor","Neutralize+1","Blade Dance+1","Finisher+1","Backflip","PiercingWail","Dagger Spray+1","Endless Agony","Glass Knife+1","Phantasmal Killer+1","Venomology+1","After Image+1","Grand Finale+1","Prepared","RitualDagger+1","Blade Dance","PiercingWail+1","Well Laid Plans+1","Envenom","Backflip","Well Laid Plans+1"],"relics":["Ring of the Snake","Dream Catcher","Golden Idol","StrikeDummy","Strawberry","Astrolabe","Omamori","MutagenicStrength","Bronze Scales","Toy Ornithopter","HornCleat","Busted Crown","Bag of Marbles","Matryoshka","Vajra","Lantern"],"acts_visited":["TheCity","TheBeyond"],"potions_floor_usage":[51],"damage_taken":[{"damage":11.0,"enemies":"Jaw Worm","floor":1.0,"turns":8.0},{"damage":3.0,"enemies":"2 Louse","floor":3.0,"turns":4.0},{"damage":0.0,"enemies":"Small Slimes","floor":4.0,"turns":2.0},{"damage":25.0,"enemies":"3 Sentries","floor":7.0,"turns":8.0},{"damage":1.0,"enemies":"Blue Slaver","floor":11.0,"turns":4.0},{"damage":0.0,"enemies":"Exordium Thugs","floor":12.0,"turns":3.0},{"damage":0.0,"enemies":"Large Slime","floor":14.0,"turns":2.0},{"damage":15.0,"enemies":"Hexaghost","floor":16.0,"turns":8.0},{"damage":11.0,"enemies":"Chosen","floor":18.0,"turns":6.0},{"damage":7.0,"enemies":"3 Byrds","floor":21.0,"turns":4.0},{"damage":19.0,"enemies":"Gremlin Leader","floor":24.0,"turns":6.0},{"damage":0.0,"enemies":"Slavers","floor":27.0,"turns":4.0},{"damage":9.0,"enemies":"Shelled Parasite and Fungi","floor":29.0,"turns":5.0},{"damage":7.0,"enemies":"Centurion and Healer","floor":30.0,"turns":3.0},{"damage":0.0,"enemies":"Cultist and Chosen","floor":31.0,"turns":3.0},{"damage":25.0,"enemies":"Champ","floor":33.0,"turns":7.0},{"damage":0.0,"enemies":"3 Shapes","floor":35.0,"turns":2.0},{"damage":0.0,"enemies":"Orb Walker","floor":38.0,"turns":3.0},{"damage":0.0,"enemies":"3 Darklings","floor":39.0,"turns":3.0},{"damage":38.0,"enemies":"Nemesis","floor":40.0,"turns":5.0},{"damage":0.0,"enemies":"Jaw Worm Horde","floor":42.0,"turns":2.0},{"damage":15.0,"enemies":"Reptomancer","floor":44.0,"turns":4.0},{"damage":0.0,"enemies":"4 Shapes","floor":45.0,"turns":3.0},{"damage":0.0,"enemies":"Sphere and 2 Shapes","floor":47.0,"turns":4.0},{"damage":1.0,"enemies":"3 Darklings","floor":48.0,"turns":4.0},{"damage":73.0,"enemies":"Awakened One","floor":50.0,"turns":9.0},{"damage":16,"enemies":"Donu and Deca","floor":51,"turns":7}],"seed_played":"-8365648636428065080","potions_obtained":[{"floor":3.0,"key":"DuplicationPotion"},{"floor":11.0,"key":"Energy Potion"},{"floor":14.0,"key":"PowerPotion"},{"floor":24.0,"key":"DistilledChaos"},{"floor":27.0,"key":"SpeedPotion"},{"floor":31.0,"key":"FearPotion"},{"floor":33.0,"key":"Fire Potion"},{"floor":38.0,"key":"SteroidPotion"},{"floor":41.0,"key":"Energy Potion"},{"floor":45.0,"key":"GamblersBrew"}],"is_trial":false,"path_per_floor":["M","?","M","M","$","R","E","R","T","R","M","M","R","M","R","B",null,"M","?","?","M","?","R","E","R","T","E","R","M","M","M","R","B",null,"M","?","$","M","M","E","?","M","T","E","M","R","M","M","R","B","B"],"character_chosen":"THE_SILENT","items_purchased":["SteroidPotion","Bag of Marbles","Backflip"],"campfire_rested":3,"item_purchase_floors":[5,37,37],"current_hp_per_floor":[48,48,45,45,45,45,20,38,45,45,44,44,44,44,44,29,58,47,47,41,34,34,34,15,35,35,45,45,36,34,39,59,44,61,61,61,61,66,67,34,34,39,39,34,34,34,39,43,43,11,0,0],"gold":335,"neow_bonus":"RANDOM_COMMON_RELIC","is_daily":false,"chose_seed":false,"campfire_upgraded":7,"win_rate":0.0,"timestamp":1613558129,"path_taken":["M","?","M","M","$","R","E","R","T","R","M","M","R","M","R","BOSS","M","?","?","M","?","R","E","R","T","E","R","M","M","M","R","BOSS","M","?","$","M","M","E","?","M","T","E","M","R","M","?","R","BOSS","BOSS"],"items_purchased_type":["Potion","Relic","Card"],"build_version":"2020-12-22","purchased_purges":2,"victory":false,"max_hp_per_floor":[66,60,60,60,60,60,60,60,67,67,67,67,67,67,67,67,67,67,67,67,67,67,67,67,67,67,67,67,67,67,67,67,67,67,67,67,67,67,67,67,67,67,67,67,67,67,67,67,67,67,67,67],"card_choices":[{"not_picked":["Poisoned Stab","Outmaneuver"],"picked":"Blade Dance","floor":1.0},{"not_picked":["Acrobatics","Concentrate"],"picked":"Finisher","floor":3.0},{"not_picked":["Heel Hook","Finisher"],"picked":"Backflip","floor":4.0},{"not_picked":["Infinite Blades","Grand Finale"],"picked":"PiercingWail","floor":7.0},{"not_picked":["Prepared","Tactician"],"picked":"Dagger Spray","floor":8.0},{"not_picked":["Slice","Cloak And Dagger"],"picked":"Endless Agony","floor":11.0},{"not_picked":["Expertise","Backflip"],"picked":"Glass Knife","floor":12.0},{"not_picked":["Backflip","Dagger Throw","Sucker Punch"],"picked":"SKIP","floor":14.0},{"not_picked":["Unload","Tools of the Trade"],"picked":"Phantasmal Killer","floor":16.0},{"not_picked":["Backflip","Dodge and Roll"],"picked":"Prepared","floor":18.0},{"not_picked":["Expertise","Choke","Setup"],"picked":"SKIP","floor":21.0},{"not_picked":["Backflip","Cloak And Dagger"],"picked":"Blade Dance","floor":24.0},{"not_picked":["Heel Hook","Blur+1"],"picked":"PiercingWail+1","floor":25.0},{"not_picked":["Backflip","Dodge and Roll","Cloak And Dagger"],"picked":"SKIP","floor":27.0},{"not_picked":["Backstab","Underhanded Strike","All Out Attack"],"picked":"SKIP","floor":29.0},{"not_picked":["PiercingWail","Caltrops","Setup"],"picked":"SKIP","floor":30.0},{"not_picked":["Endless Agony","Dagger Throw"],"picked":"Well Laid Plans+1","floor":31.0},{"not_picked":["Venomology","Storm of Steel"],"picked":"Envenom","floor":33.0},{"not_picked":["Reflex"],"picked":"SKIP","floor":35.0},{"not_picked":["Skewer"],"picked":"SKIP","floor":38.0},{"not_picked":["Deflect"],"picked":"SKIP","floor":39.0},{"not_picked":["Outmaneuver"],"picked":"SKIP","floor":40.0},{"not_picked":["Dagger Spray"],"picked":"SKIP","floor":42.0},{"not_picked":[],"picked":"Well Laid Plans+1","floor":44.0},{"not_picked":["Sucker Punch"],"picked":"SKIP","floor":45.0},{"not_picked":["Blade Dance"],"picked":"SKIP","floor":47.0},{"not_picked":["Prepared"],"picked":"SKIP","floor":48.0}],"player_experience":1077546,"relics_obtained":[{"floor":7.0,"key":"StrikeDummy"},{"floor":9.0,"key":"Strawberry"},{"floor":24.0,"key":"Bronze Scales"},{"floor":26.0,"key":"Toy Ornithopter"},{"floor":27.0,"key":"HornCleat"},{"floor":40.0,"key":"Matryoshka"},{"floor":43.0,"key":"Vajra"},{"floor":44.0,"key":"Lantern"}],"event_choices":[{"damage_healed":0.0,"max_hp_gain":0.0,"max_hp_loss":6.0,"gold_gain":0.0,"event_name":"Golden Idol","player_choice":"Lose Max HP","floor":2.0,"gold_loss":0.0,"damage_taken":0.0,"relics_obtained":["Golden Idol"]},{"damage_healed":0.0,"max_hp_gain":0.0,"max_hp_loss":0.0,"gold_gain":0.0,"event_name":"Addict","player_choice":"Obtained Relic","floor":19.0,"gold_loss":85.0,"damage_taken":0.0,"relics_obtained":["Omamori"]},{"damage_healed":0.0,"max_hp_gain":0.0,"max_hp_loss":0.0,"gold_gain":0.0,"event_name":"betterThird:BetterNest","player_choice":"Dagger","floor":20.0,"gold_loss":0.0,"damage_taken":6.0,"cards_obtained":["RitualDagger"]},{"damage_healed":0.0,"max_hp_gain":0.0,"max_hp_loss":0.0,"gold_gain":0.0,"event_name":"Drug Dealer","player_choice":"Inject Mutagens","floor":22.0,"gold_loss":0.0,"damage_taken":0.0,"relics_obtained":["MutagenicStrength"]},{"damage_healed":0.0,"max_hp_gain":0.0,"max_hp_loss":0.0,"gold_gain":0.0,"event_name":"Tomb of Lord Red Mask","player_choice":"Ignored","floor":36.0,"gold_loss":0.0,"damage_taken":0.0},{"damage_healed":0.0,"max_hp_gain":0.0,"max_hp_loss":0.0,"gold_gain":0.0,"event_name":"Lab","player_choice":"Got Potions","floor":41.0,"gold_loss":0.0,"damage_taken":0.0}],"is_beta":false,"boss_relics":[{"not_picked":["Calling Bell","Philosopher\u0027s Stone"],"picked":"Astrolabe"},{"not_picked":["SacredBark","Coffee Dripper"],"picked":"Busted Crown"}],"items_purged_floors":[5,37],"is_endless":false,"potions_floor_spawned":[3,11,12,14,24,27,31,33,38,45,48],"killed_by":"Donu and Deca","ascension_level":20}}