{"host":"uxjsgyia3bdyayt0","time":1613531509,"event":{"mods":["Act Like it!","BaseMod","Downfall","Gensokyo","Marisa（霧雨　魔理沙）","Minty Spire (QoL Compilation)","Prisma Mod","Reimu（博??梦）","Remilia（蕾米莉?）","StSLib","The Animator","The Servant 0.9.4","Yakumo Yukari mod","Youmu（魂魄妖梦）","Yuyuko"],"gold_per_floor":[99,115,565,583,597,597,597,613,606,586,586,586],"floor_reached":10,"language":"ENG","playtime":599,"items_purged":[],"score":60,"play_id":"2d8e9280-dd87-4240-9562-7748b33668cb","local_time":"20210217031149","is_ascension_mode":false,"campfire_choices":[{"data":"Guardian:TwinSlam","floor":1,"key":"SMITH"}],"circlet_count":0,"master_deck":["Guardian:Strike_Guardian","Guardian:Strike_Guardian","Guardian:Strike_Guardian","Guardian:Strike_Guardian","Guardian:Defend_Guardian","Guardian:Defend_Guardian","Guardian:Defend_Guardian","Guardian:Defend_Guardian","Guardian:CurlUp","Guardian:TwinSlam+1","Guardian:Reroute","downfall:Icky","downfall:Icky","downfall:Icky","Guardian:CrystalBeam","Guardian:PolyBeam","Poor:ReiMu","Guardian:CrystalBeam","Guardian:Gem_Lightblue"],"relics":["Guardian:ModeShifter","YidongShenshe:ReiMu","Eternal Feather"],"acts_visited":["Exordium"],"potions_floor_usage":[],"damage_taken":[{"damage":3,"enemies":"Jaw Worm","floor":2,"turns":5},{"damage":5,"enemies":"Small Slimes","floor":4,"turns":3},{"damage":6,"enemies":"Cultist","floor":5,"turns":4},{"damage":4,"enemies":"2 Fungi Beasts","floor":8,"turns":3},{"damage":14,"enemies":"Large Slime","floor":9,"turns":7},{"damage":61,"enemies":"Lagavulin","floor":10,"turns":10}],"seed_played":"3192552622568665905","potions_obtained":[{"floor":2,"key":"Energy Potion"},{"floor":8,"key":"hexamod:SoulburnPotion"},{"floor":9,"key":"GamblersBrew"}],"is_trial":false,"path_per_floor":["R","M","?","M","M","?","T","M","M","E"],"character_chosen":"GUARDIAN","items_purchased":[],"campfire_rested":0,"item_purchase_floors":[],"current_hp_per_floor":[88,85,85,80,74,74,74,70,56,0,0,0],"gold":586,"neow_bonus":"TEN_PERCENT_HP_BONUS","is_daily":false,"chose_seed":false,"campfire_upgraded":1,"win_rate":0.0,"timestamp":1613531509,"path_taken":["R","M","?","M","M","?","T","M","M","E"],"items_purchased_type":[],"build_version":"2020-12-22","purchased_purges":0,"victory":false,"max_hp_per_floor":[88,88,88,88,88,88,88,88,88,88,88,88],"card_choices":[{"not_picked":["Guardian:VentSteam","Guardian:Gem_Lightblue"],"picked":"Guardian:Reroute","floor":2},{"not_picked":["Guardian:DecasProtection","Guardian:TemporalStrike"],"picked":"Guardian:CrystalBeam","floor":4},{"not_picked":["Guardian:Suspension","Guardian:BronzeArmor"],"picked":"Guardian:PolyBeam","floor":5},{"not_picked":["Guardian:WalkerClaw","Guardian:MultiBeam"],"picked":"Guardian:CrystalBeam","floor":8},{"not_picked":["Guardian:VentSteam","Guardian:ArmoredProtocol"],"picked":"Guardian:Gem_Lightblue","floor":9}],"player_experience":10508,"relics_obtained":[{"floor":7,"key":"Eternal Feather"}],"event_choices":[{"damage_healed":0,"gold_gain":0,"player_choice":"Take Tiny Shrine away","damage_taken":0,"relics_obtained":["YidongShenshe:ReiMu"],"max_hp_gain":0,"max_hp_loss":0,"event_name":"yidonshenshe","floor":6,"gold_loss":0,"cards_obtained":["Poor:ReiMu"]}],"is_beta":false,"boss_relics":[],"items_purged_floors":[],"is_endless":false,"potions_floor_spawned":[2,8,9],"killed_by":"Lagavulin","ascension_level":0}}