{"host":"dlqyscxstsnu98l1","time":1613548322,"event":{"mods":["AchievementEnabler","BaseMod","Colored Map","Colored Powertips","GifTheSpireLib","Highlight Path","Minty Spire (QoL Compilation)","Random Character Button","SacredBarkPlus","StSLib","everything is the same but u backflip on backflip"],"gold_per_floor":[368,46,46,62,62,62,74,99,178,178,188,188,215,232,232,327,327,344,344,357,317,12,12,43,60,128,53,73,73,73,73],"floor_reached":30,"language":"ENG","playtime":1039,"items_purged":[],"score":310,"play_id":"2e2c99c3-f711-4172-81d8-2d64f8896444","local_time":"20210217015202","is_ascension_mode":true,"campfire_choices":[{"data":"Rupture","floor":6.0,"key":"SMITH"},{"data":"Sword Boomerang","floor":10.0,"key":"SMITH"},{"data":"Hemokinesis","floor":12.0,"key":"SMITH"},{"floor":15.0,"key":"REST"},{"data":"Rupture","floor":23.0,"key":"SMITH"},{"floor":29,"key":"REST"}],"circlet_count":0,"master_deck":["Bash+1","Combust","Inflame","Rupture+1","Sword Boomerang+1","Hemokinesis+1","Twin Strike","Offering","Rupture+1","Burning Pact","Feel No Pain","Barricade","Disarm+1","Feed","Power Through+1","Fire Breathing","Evolve","Shrug It Off","Armaments+1"],"relics":["Burning Blood","Matryoshka","Dream Catcher","Red Skull","Nunchaku","Ornamental Fan","War Paint","Pandora\u0027s Box","Turnip","Omamori","Whetstone","MealTicket"],"acts_visited":["Exordium","TheCity"],"potions_floor_usage":[24,24,24],"damage_taken":[{"damage":10.0,"enemies":"2 Louse","floor":1.0,"turns":4.0},{"damage":2.0,"enemies":"Small Slimes","floor":4.0,"turns":4.0},{"damage":9.0,"enemies":"Jaw Worm","floor":7.0,"turns":5.0},{"damage":19.0,"enemies":"Exordium Wildlife","floor":11.0,"turns":3.0},{"damage":15.0,"enemies":"Lagavulin","floor":13.0,"turns":4.0},{"damage":2.0,"enemies":"Large Slime","floor":14.0,"turns":5.0},{"damage":36.0,"enemies":"Hexaghost","floor":16.0,"turns":7.0},{"damage":12.0,"enemies":"Spheric Guardian","floor":18.0,"turns":3.0},{"damage":22.0,"enemies":"Shell Parasite","floor":20.0,"turns":4.0},{"damage":26,"enemies":"Slavers","floor":24,"turns":4},{"damage":6,"enemies":"Chosen and Byrds","floor":25,"turns":5},{"damage":22,"enemies":"3 Cultists","floor":28,"turns":4},{"damage":40,"enemies":"Gremlin Leader","floor":30,"turns":2}],"seed_played":"-815080528614449306","potions_obtained":[{"floor":13.0,"key":"SteroidPotion"},{"floor":14.0,"key":"ColorlessPotion"},{"floor":16.0,"key":"Strength Potion"},{"floor":18.0,"key":"EssenceOfSteel"}],"is_trial":false,"path_per_floor":["M","$","?","M","?","R","M","T","T","R","M","R","E","M","R","B",null,"M","?","M","?","$","R","E","M","T","?","M","R","E"],"character_chosen":"IRONCLAD","items_purchased":["Matryoshka","Inflame","Omamori","Whetstone"],"campfire_rested":2,"item_purchase_floors":[2,2,22,22],"current_hp_per_floor":[68,68,68,72,77,77,74,74,74,74,61,61,52,56,77,47,70,64,64,48,48,48,48,28,28,28,28,12,35,0,0],"gold":73,"neow_bonus":"TWO_FIFTY_GOLD","is_daily":false,"chose_seed":false,"campfire_upgraded":4,"win_rate":0.0,"timestamp":1613548322,"path_taken":["M","$","?","M","?","R","M","?","T","R","?","R","E","M","R","BOSS","M","?","M","?","$","R","E","?","T","?","M","R","E"],"items_purchased_type":["Relic","Card","Relic","Relic"],"build_version":"2020-12-22","purchased_purges":0,"victory":false,"max_hp_per_floor":[72,72,72,72,77,77,77,77,77,77,77,77,77,77,77,77,77,77,77,77,77,77,77,77,77,77,77,77,77,77,77],"card_choices":[{"not_picked":["Armaments","Rupture"],"picked":"Combust","floor":1.0},{"not_picked":["Thunderclap","Blood for Blood"],"picked":"Rupture","floor":4.0},{"not_picked":["Clash","Wild Strike"],"picked":"Sword Boomerang","floor":7.0},{"not_picked":["Clash","Heavy Blade"],"picked":"Hemokinesis","floor":11.0},{"not_picked":["Warcry","Whirlwind","Searing Blow"],"picked":"SKIP","floor":13.0},{"not_picked":["Thunderclap","Dark Embrace"],"picked":"Twin Strike","floor":14.0},{"not_picked":["Immolate","Double Tap"],"picked":"Offering","floor":16.0},{"not_picked":["Sentinel","Thunderclap+1"],"picked":"Evolve","floor":18.0},{"not_picked":["Metallicize","Twin Strike+1","Perfected Strike"],"picked":"SKIP","floor":20.0},{"not_picked":["Headbutt","Twin Strike"],"picked":"Shrug It Off","floor":24},{"not_picked":["Flex","Brutality","Metallicize"],"picked":"SKIP","floor":25},{"not_picked":["Wild Strike+1","Anger","Pommel Strike"],"picked":"SKIP","floor":28},{"not_picked":["Wild Strike+1","Rampage"],"picked":"Armaments+1","floor":29}],"player_experience":227731,"relics_obtained":[{"floor":8.0,"key":"Dream Catcher"},{"floor":8.0,"key":"Red Skull"},{"floor":9.0,"key":"Nunchaku"},{"floor":9.0,"key":"Ornamental Fan"},{"floor":13.0,"key":"War Paint"},{"floor":24,"key":"MealTicket"}],"event_choices":[{"damage_healed":0.0,"max_hp_gain":0.0,"max_hp_loss":0.0,"gold_gain":0.0,"event_name":"Golden Wing","player_choice":"Ignored","floor":3.0,"gold_loss":0.0,"damage_taken":0.0},{"damage_healed":0.0,"max_hp_gain":5.0,"max_hp_loss":0.0,"gold_gain":0.0,"event_name":"Big Fish","player_choice":"Donut","floor":5.0,"gold_loss":0.0,"damage_taken":0.0},{"damage_healed":0.0,"max_hp_gain":0.0,"max_hp_loss":0.0,"gold_gain":0.0,"event_name":"The Mausoleum","player_choice":"Opened","floor":19.0,"gold_loss":0.0,"damage_taken":0.0,"relics_obtained":["Turnip"]},{"damage_healed":0.0,"max_hp_gain":0.0,"max_hp_loss":0.0,"gold_gain":0.0,"event_name":"Designer","player_choice":"Upgraded Two","floor":21.0,"gold_loss":40.0,"damage_taken":0.0,"cards_upgraded":["Disarm","Power Through"]},{"cards_removed":["Reckless Charge"],"damage_healed":0,"gold_gain":0,"player_choice":"Gave Gold","damage_taken":0,"max_hp_gain":0,"max_hp_loss":0,"event_name":"Beggar","floor":27,"gold_loss":75}],"is_beta":false,"boss_relics":[{"not_picked":["Runic Pyramid","Coffee Dripper"],"picked":"Pandora\u0027s Box"}],"items_purged_floors":[],"is_endless":false,"potions_floor_spawned":[13,14,16,18,20],"killed_by":"Gremlin Leader","ascension_level":5}}