{"host":"t1puqh5lxz8sp6fn","time":1613529981,"event":{"mods":["AchievementEnabler","BaseMod","Colored Powertips","Minty Spire (QoL Compilation)","Rare Cards Sparkle","Relic Stats","StSLib"],"gold_per_floor":[118,118,138,151,168,168,187,187,187,187,16,16,35,61,61,134,134,146,146,146,162,5,33,33,48,99,117,151,151,169,201,201,201,201],"floor_reached":33,"playtime":1237,"items_purged":[],"score":581,"play_id":"7b80eda2-f42c-492d-9bb0-cfbc9739b472","local_time":"20210216234621","is_ascension_mode":true,"campfire_choices":[{"floor":6.0,"key":"REST"},{"data":"Sunder","floor":8.0,"key":"SMITH"},{"floor":15.0,"key":"REST"},{"floor":29,"key":"REST"},{"data":"Fission","floor":32,"key":"SMITH"}],"circlet_count":0,"master_deck":["AscendersBane","Strike_B+1","Strike_B+1","Strike_B+1","Defend_B+1","Defend_B+1","Defend_B+1","Defend_B+1","Zap","Dualcast","Doom and Gloom","Aggregate","Sunder+1","Lockon","Dark Shackles","Leap","Recycle","Cold Snap","Fission+1","CurseOfTheBell","Ball Lightning","Sweeping Beam","Compile Driver+1","FTL+1","Buffer","Sweeping Beam+1","Chill","Beam Cell+1"],"relics":["Cracked Core","Boot","Ornamental Fan","Shuriken","Calling Bell","Potion Belt","Darkstone Periapt","CaptainsWheel","Lee\u0027s Waffle","Centennial Puzzle","Bronze Scales","Lantern","Omamori"],"acts_visited":["Exordium","TheCity"],"potions_floor_usage":[16,16,23,28,30,31],"damage_taken":[{"damage":1.0,"enemies":"Cultist","floor":1.0,"turns":3.0},{"damage":9.0,"enemies":"2 Louse","floor":3.0,"turns":2.0},{"damage":13.0,"enemies":"Jaw Worm","floor":4.0,"turns":4.0},{"damage":1.0,"enemies":"Looter","floor":5.0,"turns":2.0},{"damage":13.0,"enemies":"3 Louse","floor":7.0,"turns":3.0},{"damage":7.0,"enemies":"Exordium Wildlife","floor":13.0,"turns":2.0},{"damage":6.0,"enemies":"3 Sentries","floor":14.0,"turns":4.0},{"damage":19,"enemies":"Hexaghost","floor":16,"turns":9},{"damage":5,"enemies":"Chosen","floor":18,"turns":4},{"damage":3,"enemies":"Spheric Guardian","floor":21,"turns":4},{"damage":17,"enemies":"Gremlin Leader","floor":23,"turns":6},{"damage":1,"enemies":"Centurion and Healer","floor":25,"turns":6},{"damage":0,"enemies":"Snecko","floor":27,"turns":4},{"damage":34,"enemies":"Book of Stabbing","floor":28,"turns":5},{"damage":8,"enemies":"3 Cultists","floor":30,"turns":3},{"damage":0,"enemies":"Slavers","floor":31,"turns":4},{"damage":80,"enemies":"Collector","floor":33,"turns":7}],"seed_played":"-2301043342800274693","potions_obtained":[{"floor":4.0,"key":"Swift Potion"},{"floor":7.0,"key":"Explosive Potion"},{"floor":13.0,"key":"Fire Potion"},{"floor":14.0,"key":"LiquidBronze"},{"floor":16,"key":"SpeedPotion"},{"floor":21,"key":"Swift Potion"},{"floor":27,"key":"FairyPotion"},{"floor":28,"key":"DistilledChaos"},{"floor":30,"key":"SneckoOil"}],"is_trial":false,"path_per_floor":["M","?","M","M","M","R","M","R","T","?","$","?","M","E","R","B",null,"M","?","?","M","$","E","?","M","T","M","E","R","M","E","R","B"],"character_chosen":"DEFECT","items_purchased":["Dark Shackles","Leap","Strength Potion","Lee\u0027s Waffle"],"campfire_rested":3,"item_purchase_floors":[11,11,11,22],"current_hp_per_floor":[63,42,33,20,19,40,27,27,27,27,27,27,20,14,35,16,57,52,66,66,63,78,61,61,60,60,60,26,49,41,41,41,0,0],"gold":201,"neow_bonus":"RANDOM_COMMON_RELIC","is_daily":false,"chose_seed":false,"campfire_upgraded":2,"win_rate":0.0,"timestamp":1613529981,"path_taken":["M","?","M","M","M","R","M","R","T","?","$","?","M","E","R","BOSS","M","?","?","M","$","E","?","M","T","M","E","R","M","E","R","BOSS"],"items_purchased_type":["Card","Card","Potion","Relic"],"build_version":"2020-12-13","purchased_purges":0,"victory":false,"max_hp_per_floor":[71,71,71,71,71,71,71,71,71,71,71,71,71,71,71,71,71,71,71,71,71,78,78,78,78,78,78,78,78,78,78,78,78,78],"relic_stats":{"Darkstone Periapt":0,"Lee\u0027s Waffle":15,"Centennial Puzzle":[12],"counters":[17,72],"Ornamental Fan":[72],"Shuriken":[18],"Bronze Scales":[78],"Boot":[9],"obtain_stats":[{"Potion Belt":17,"Darkstone Periapt":17,"Lee\u0027s Waffle":22,"Lantern":28,"Omamori":31,"Boot":0,"Calling Bell":17,"CaptainsWheel":17,"Centennial Puzzle":23,"Ornamental Fan":9,"Shuriken":14,"Bronze Scales":26,"Cracked Core":0},{"Potion Belt":8,"Darkstone Periapt":8,"Lee\u0027s Waffle":10,"Lantern":14,"Omamori":16,"Boot":0,"Calling Bell":8,"CaptainsWheel":8,"Centennial Puzzle":11,"Ornamental Fan":5,"Shuriken":7,"Bronze Scales":12,"Cracked Core":0},{"Potion Belt":29,"Darkstone Periapt":29,"Lee\u0027s Waffle":37,"Lantern":58,"Omamori":65,"Boot":0,"Calling Bell":29,"CaptainsWheel":29,"Centennial Puzzle":43,"Ornamental Fan":14,"Shuriken":20,"Bronze Scales":49,"Cracked Core":0}]},"card_choices":[{"not_picked":["Hologram","Redo"],"picked":"Doom and Gloom","floor":1.0},{"not_picked":["Storm","Redo"],"picked":"Aggregate","floor":3.0},{"not_picked":["Lockon","Leap"],"picked":"Sunder","floor":4.0},{"not_picked":["Aggregate","Stack","Force Field"],"picked":"SKIP","floor":5.0},{"not_picked":["Stack","Redo","Doom and Gloom"],"picked":"SKIP","floor":7.0},{"not_picked":["Stack","Rebound"],"picked":"Recycle","floor":13.0},{"not_picked":["Rip and Tear","Barrage"],"picked":"Cold Snap","floor":14.0},{"not_picked":["All For One","Buffer"],"picked":"Fission","floor":16},{"not_picked":["Doom and Gloom","Hologram+1"],"picked":"Ball Lightning","floor":18},{"not_picked":["Double Energy","Steam Power"],"picked":"Sweeping Beam","floor":21},{"not_picked":["Aggregate","Leap"],"picked":"Compile Driver+1","floor":23},{"not_picked":["Streamline","Compile Driver"],"picked":"FTL+1","floor":25},{"not_picked":["Leap","Coolheaded"],"picked":"Buffer","floor":27},{"not_picked":["Creative AI","Gash"],"picked":"Sweeping Beam+1","floor":28},{"not_picked":["Sunder","Conserve Battery"],"picked":"Chill","floor":30},{"not_picked":["Double Energy","Coolheaded"],"picked":"Beam Cell+1","floor":31}],"player_experience":539399,"relics_obtained":[{"floor":9.0,"key":"Ornamental Fan"},{"floor":14.0,"key":"Shuriken"},{"floor":17,"key":"Potion Belt"},{"floor":17,"key":"Darkstone Periapt"},{"floor":17,"key":"CaptainsWheel"},{"floor":23,"key":"Centennial Puzzle"},{"floor":26,"key":"Bronze Scales"},{"floor":28,"key":"Lantern"},{"floor":31,"key":"Omamori"}],"event_choices":[{"damage_healed":0.0,"max_hp_gain":0.0,"max_hp_loss":0.0,"gold_gain":0.0,"event_name":"Shining Light","player_choice":"Entered Light","floor":2.0,"gold_loss":0.0,"damage_taken":21.0,"cards_upgraded":["Strike_B","Strike_B"]},{"damage_healed":0.0,"max_hp_gain":0.0,"max_hp_loss":0.0,"gold_gain":0.0,"cards_transformed":["Strike_B"],"event_name":"Living Wall","player_choice":"Change","floor":10.0,"gold_loss":0.0,"damage_taken":0.0,"cards_obtained":["Lockon"]},{"damage_healed":0.0,"max_hp_gain":0.0,"max_hp_loss":0.0,"gold_gain":0.0,"event_name":"Liars Game","player_choice":"Ignored","floor":12.0,"gold_loss":0.0,"damage_taken":0.0},{"damage_healed":14,"gold_gain":0,"player_choice":"Heal","damage_taken":0,"max_hp_gain":0,"max_hp_loss":0,"event_name":"The Library","floor":19,"gold_loss":0},{"damage_healed":0,"gold_gain":0,"player_choice":"Simplicity","damage_taken":0,"max_hp_gain":0,"max_hp_loss":0,"event_name":"Back to Basics","floor":20,"gold_loss":0,"cards_upgraded":["Strike_B","Defend_B","Defend_B","Defend_B","Defend_B"]},{"damage_healed":0,"gold_gain":0,"player_choice":"Ignored","damage_taken":0,"max_hp_gain":0,"max_hp_loss":0,"event_name":"Ghosts","floor":24,"gold_loss":0}],"is_beta":false,"boss_relics":[{"not_picked":["Coffee Dripper","Runic Pyramid"],"picked":"Calling Bell"}],"items_purged_floors":[],"is_endless":false,"potions_floor_spawned":[4,7,13,14,16,21,27,28,30],"killed_by":"Collector","ascension_level":15}}