{"host":"vhifjdba66khcqwn","time":1613587305,"event":{"mods":["AchievementEnabler","BaseMod","Bestiary","Energized Spire","Minty Spire (QoL Compilation)","Practice Mode","Relic Stats","Spicy Shops","StSLib","slay the spire mod where everything is the same but ironclad has a cowboy hat"],"gold_per_floor":[115,115,390,411,430,430,454,56,56,56],"floor_reached":9,"language":"ENG","playtime":406,"items_purged":["Regret"],"score":98,"play_id":"7b288c05-c579-4b86-86c3-a918932237e3","local_time":"20210217104145","is_ascension_mode":true,"campfire_choices":[],"circlet_count":0,"master_deck":["AscendersBane","Strike_R","Strike_R","Strike_R","Strike_R","Strike_R","Defend_R","Defend_R","Defend_R","Defend_R","Bash","Writhe","True Grit","Shrug It Off","Clothesline","Power Through","True Grit","Wild Strike","Sword Boomerang","Disarm","Intimidate"],"relics":["Burning Blood","Gambling Chip","Golden Idol","DollysMirror","Orrery"],"acts_visited":["Exordium"],"potions_floor_usage":[7,9],"damage_taken":[{"damage":10,"enemies":"Small Slimes","floor":1,"turns":3},{"damage":8,"enemies":"2 Louse","floor":4,"turns":2},{"damage":23,"enemies":"Cultist","floor":5,"turns":5},{"damage":25,"enemies":"Lots of Slimes","floor":7,"turns":7},{"damage":27,"enemies":"3 Sentries","floor":9,"turns":6}],"seed_played":"3063457791748327988","potions_obtained":[{"floor":1,"key":"Energy Potion"},{"floor":7,"key":"SkillPotion"}],"is_trial":false,"path_per_floor":["M","?","?","M","M","$","M","$","E"],"character_chosen":"IRONCLAD","items_purchased":["DollysMirror","Orrery","Intimidate"],"campfire_rested":0,"item_purchase_floors":[8,8,8],"current_hp_per_floor":[64,64,64,62,45,45,26,26,0,0],"gold":56,"neow_bonus":"ONE_RARE_RELIC","is_daily":false,"chose_seed":false,"campfire_upgraded":0,"win_rate":0.0,"timestamp":1613587305,"path_taken":["M","?","?","?","M","?","M","$","E"],"items_purchased_type":["Relic","Relic","Card"],"build_version":"2020-12-22","purchased_purges":1,"victory":false,"max_hp_per_floor":[75,68,68,68,68,68,68,68,68,68],"relic_stats":{"counters":[5,23],"Golden Idol":13,"Gambling Chip":[17],"obtain_stats":[{"Golden Idol":2,"DollysMirror":8,"Gambling Chip":0,"Orrery":8,"Burning Blood":0},{"Golden Idol":1,"DollysMirror":4,"Gambling Chip":0,"Orrery":4,"Burning Blood":0},{"Golden Idol":3,"DollysMirror":17,"Gambling Chip":0,"Orrery":17,"Burning Blood":0}],"Burning Blood":24},"card_choices":[{"not_picked":["Power Through","Iron Wave"],"picked":"True Grit","floor":1},{"not_picked":["Perfected Strike","Clash"],"picked":"Shrug It Off","floor":4},{"not_picked":["Battle Trance","Feel No Pain"],"picked":"Clothesline","floor":5},{"not_picked":["Body Slam","Iron Wave"],"picked":"Power Through","floor":7},{"not_picked":["Havoc","Headbutt"],"picked":"Wild Strike","floor":8},{"not_picked":["Rupture","Anger"],"picked":"Sword Boomerang","floor":8},{"not_picked":["Armaments","Sword Boomerang"],"picked":"Disarm","floor":8}],"player_experience":1191997,"relics_obtained":[],"event_choices":[{"damage_healed":0,"gold_gain":0,"player_choice":"Lose Max HP","damage_taken":0,"relics_obtained":["Golden Idol"],"max_hp_gain":0,"max_hp_loss":7,"event_name":"Golden Idol","floor":2,"gold_loss":0},{"damage_healed":0,"gold_gain":275,"player_choice":"Desecrate","damage_taken":0,"max_hp_gain":0,"max_hp_loss":0,"event_name":"Golden Shrine","floor":3,"gold_loss":0,"cards_obtained":["Regret"]}],"is_beta":false,"boss_relics":[],"items_purged_floors":[8],"is_endless":false,"potions_floor_spawned":[1,7],"killed_by":"3 Sentries","ascension_level":17}}