{"host":"ujyomg7d1f18u2we","time":1613596519,"event":{"mods":["AchievementEnabler","AlwaysNeverKeys","Aspiration","BaseMod","Colored Map","DeckTracker","Gremlin Skip","Highlight Path","Hubris","Minty Spire (QoL Compilation)","Quick Restart","Random Character Button","StSLib"],"gold_per_floor":[115,115,131,131,131,159,159,169,193,212,212,232,232,247,247,347,347,333,333,35,54,54,65,65,77,103,133,133,133,143,161,161,265,265,278,278,294,34,34,34,34,34,34,34,51,63,75,75,75,75],"floor_reached":51,"language":"ENG","playtime":1331,"items_purged":[],"score":669,"play_id":"3311b772-2f8e-473c-8f1b-cfd4f480bdba","local_time":"20210217181519","is_ascension_mode":false,"campfire_choices":[{"floor":13,"key":"REST"},{"floor":15,"key":"REST"},{"floor":24,"key":"REST"},{"data":"Envenom","floor":28,"key":"SMITH"},{"floor":32,"key":"REST"},{"data":"Corpse Explosion","floor":40,"key":"SMITH"},{"data":"Poisoned Stab","floor":42,"key":"SMITH"},{"data":"Survivor","floor":44,"key":"SMITH"},{"floor":49,"key":"REST"}],"circlet_count":0,"master_deck":["Armaments+1","Strike_G","Strike_G","Strike_G","Strike_G","Strike_G","Defend_G","Defend_G","Defend_G","Defend_G","Defend_G","Survivor+1","Neutralize+1","Flying Knee+1","Corpse Explosion+1","Bane+1","Poisoned Stab+1","Injury","Envenom+1","Crippling Poison+1","Burst+1","Bane+1","Poisoned Stab+1","Adrenaline+1","Bane+1","Crippling Poison+1"],"relics":["Ring of the Serpent","hubris:Towel","Snake Skull","Ancient Tea Set","Toxic Egg 2","aspiration:VileToxins","Medical Kit","Bronze Scales","PreservedInsect","hubris:MysteriousPyramids","hubris:RunicObelisk","Vajra","HornCleat"],"acts_visited":["Exordium","TheCity","TheBeyond"],"potions_floor_usage":[12,12,16,16,16,31,33,33,33,33,33,33,50,50,50],"damage_taken":[{"damage":0,"enemies":"Cultist","floor":1,"turns":5},{"damage":0,"enemies":"Jaw Worm","floor":3,"turns":4},{"damage":49,"enemies":"Gremlin Nob","floor":6,"turns":6},{"damage":2,"enemies":"Small Slimes","floor":8,"turns":3},{"damage":0,"enemies":"Exordium Wildlife","floor":10,"turns":4},{"damage":0,"enemies":"Looter","floor":12,"turns":2},{"damage":0,"enemies":"Blue Slaver","floor":14,"turns":4},{"damage":11,"enemies":"The Guardian","floor":16,"turns":6},{"damage":27,"enemies":"2 Thieves","floor":18,"turns":4},{"damage":1,"enemies":"Chosen","floor":21,"turns":3},{"damage":0,"enemies":"3 Cultists","floor":23,"turns":3},{"damage":2,"enemies":"Chosen and Byrds","floor":25,"turns":4},{"damage":6,"enemies":"Gremlin Leader","floor":27,"turns":5},{"damage":14,"enemies":"Sentry and Sphere","floor":30,"turns":5},{"damage":12,"enemies":"Shelled Parasite and Fungi","floor":31,"turns":2},{"damage":21,"enemies":"Collector","floor":33,"turns":7},{"damage":0,"enemies":"3 Shapes","floor":35,"turns":3},{"damage":2,"enemies":"Orb Walker","floor":37,"turns":3},{"damage":0,"enemies":"Maw","floor":45,"turns":4},{"damage":0,"enemies":"Sphere and 2 Shapes","floor":46,"turns":2},{"damage":7,"enemies":"Spire Growth","floor":47,"turns":2},{"damage":59,"enemies":"Awakened One","floor":50,"turns":13}],"seed_played":"2169385975580238819","potions_obtained":[{"floor":3,"key":"LiquidBronze"},{"floor":6,"key":"SteroidPotion"},{"floor":10,"key":"AttackPotion"},{"floor":12,"key":"Energy Potion"},{"floor":14,"key":"PowerPotion"},{"floor":23,"key":"Ancient Potion"},{"floor":27,"key":"EntropicBrew"},{"floor":30,"key":"DistilledChaos"},{"floor":31,"key":"Weak Potion"},{"floor":37,"key":"Ancient Potion"}],"is_trial":false,"path_per_floor":["M","?","M","?","?","E","?","M","T","M","?","M","R","M","R","B",null,"M","?","$","M","?","M","R","M","T","E","R","?","M","M","R","B",null,"M","?","M","$","?","R","$","R","T","R","M","M","M","?","R","B",null],"character_chosen":"THE_SILENT","items_purchased":["aspiration:VileToxins","Medical Kit","Vajra","PowerPotion","Block Potion"],"campfire_rested":5,"item_purchase_floors":[20,20,38,38,38],"current_hp_per_floor":[70,70,70,70,70,21,21,19,19,19,19,19,40,40,61,50,70,43,43,43,42,42,42,63,61,61,55,55,55,41,29,50,44,70,70,70,68,68,68,68,68,68,68,68,68,68,61,61,70,11],"gold":75,"neow_bonus":"UPGRADE_CARD","is_daily":false,"chose_seed":false,"campfire_upgraded":4,"win_rate":0.0,"timestamp":1613596519,"path_taken":["M","?","M","?","?","E","?","M","T","?","?","M","R","M","R","BOSS","M","?","$","M","?","M","R","M","T","E","R","?","M","M","R","BOSS","M","?","M","$","?","R","$","R","T","R","M","?","M","?","R","BOSS"],"items_purchased_type":["Relic","Relic","Relic","Potion","Potion"],"build_version":"2020-12-22","purchased_purges":0,"victory":true,"max_hp_per_floor":[70,70,70,70,70,70,70,70,70,70,70,70,70,70,70,70,70,70,70,70,70,70,70,70,70,70,70,70,70,70,70,70,70,70,70,70,70,70,70,70,70,70,70,70,70,70,70,70,70,70],"card_choices":[{"not_picked":["Backflip","Prepared"],"picked":"Flying Knee","floor":1},{"not_picked":["Calculated Gamble","Skewer","Deflect"],"picked":"SKIP","floor":3},{"not_picked":["Backflip","Dodge and Roll"],"picked":"Corpse Explosion","floor":6},{"not_picked":["hubris:SlightOfHand","Calculated Gamble"],"picked":"Bane","floor":8},{"not_picked":["Footwork","Sucker Punch"],"picked":"Poisoned Stab","floor":10},{"not_picked":["hubris:SlightOfHand+1","Underhanded Strike"],"picked":"Envenom","floor":12},{"not_picked":["Dagger Spray","Flying Knee"],"picked":"Crippling Poison+1","floor":14},{"not_picked":["Phantasmal Killer+1","Night Terror+1"],"picked":"Burst+1","floor":16},{"not_picked":["Calculated Gamble+1","Concentrate+1"],"picked":"Bane+1","floor":18},{"not_picked":["Prepared+1","Backflip+1","Endless Agony"],"picked":"SKIP","floor":21},{"not_picked":["Blade Dance+1","Eviscerate","Bullet Time+1"],"picked":"SKIP","floor":23},{"not_picked":["Dodge and Roll+1","Quick Slash"],"picked":"Poisoned Stab+1","floor":25},{"not_picked":["Sucker Punch","Cloak And Dagger+1","Acrobatics+1"],"picked":"SKIP","floor":27},{"not_picked":["Dodge and Roll+1","Flying Knee"],"picked":"Adrenaline+1","floor":30},{"not_picked":["Calculated Gamble+1","Caltrops","Skewer"],"picked":"SKIP","floor":31},{"not_picked":["Blade Dance+1","Eviscerate+1"],"picked":"Deadly Poison+1","floor":35},{"not_picked":["Masterful Stab","hubris:TrickCloak+1","hubris:Sniper+1"],"picked":"SKIP","floor":37},{"not_picked":["Backflip+1","Choke+1","Concentrate+1"],"picked":"SKIP","floor":45},{"not_picked":["Flying Knee+1","Prepared+1"],"picked":"Bane+1","floor":46},{"not_picked":["hubris:SlightOfHand+1","Venomology+1"],"picked":"Crippling Poison+1","floor":47}],"player_experience":1582862,"relics_obtained":[{"floor":6,"key":"Snake Skull"},{"floor":9,"key":"Ancient Tea Set"},{"floor":26,"key":"PreservedInsect"},{"floor":27,"key":"hubris:MysteriousPyramids"},{"floor":43,"key":"HornCleat"}],"event_choices":[{"damage_healed":0,"gold_gain":0,"player_choice":"Ignored","damage_taken":0,"max_hp_gain":0,"max_hp_loss":0,"event_name":"Shining Light","floor":4,"gold_loss":0},{"damage_healed":0,"gold_gain":0,"player_choice":"Grow","damage_taken":0,"max_hp_gain":0,"max_hp_loss":0,"event_name":"Living Wall","floor":5,"gold_loss":0,"cards_upgraded":["Flying Knee"]},{"damage_healed":0,"gold_gain":0,"player_choice":"Ignored","damage_taken":0,"max_hp_gain":0,"max_hp_loss":0,"event_name":"Vampires","floor":19,"gold_loss":0},{"damage_healed":0,"gold_gain":0,"player_choice":"Opened","damage_taken":0,"relics_obtained":["Bronze Scales"],"max_hp_gain":0,"max_hp_loss":0,"event_name":"The Mausoleum","floor":22,"gold_loss":0},{"damage_healed":0,"gold_gain":0,"player_choice":"Ignored","damage_taken":0,"max_hp_gain":0,"max_hp_loss":0,"event_name":"Cursed Tome","floor":29,"gold_loss":0},{"damage_healed":0,"gold_gain":0,"player_choice":"Ignored","damage_taken":0,"max_hp_gain":0,"max_hp_loss":0,"event_name":"Transmorgrifier","floor":39,"gold_loss":0},{"cards_removed":["Deadly Poison"],"damage_healed":0,"gold_gain":0,"player_choice":"Removed Skill","damage_taken":0,"max_hp_gain":0,"max_hp_loss":0,"event_name":"Falling","floor":48,"gold_loss":0}],"is_beta":false,"boss_relics":[{"not_picked":["hubris:VirtuousBlindfold","aspiration:DefectSkillbook"],"picked":"Ring of the Serpent"},{"not_picked":["Snecko Eye","aspiration:RitualDagger"],"picked":"hubris:RunicObelisk"}],"items_purged_floors":[],"is_endless":false,"potions_floor_spawned":[3,6,10,12,14,23,27,30,31,37,45,46],"ascension_level":0}}