{"host":"d0btaf6p0msba79e","time":1613548968,"event":{"mods":["BaseMod","BetterRewards","Minty Spire (QoL Compilation)"],"gold_per_floor":[113,133,133,308,319,347,147,147,147,17,36,54,79,92,92,192,192,207,225,225,25,38,73,92,123,201,201,201],"floor_reached":27,"language":"ENG","playtime":4339,"items_purged":["Doubt","Strike_P"],"score":456,"play_id":"824cdfa3-7912-4d74-9d2d-264efe31b9f2","local_time":"20210217190248","is_ascension_mode":true,"campfire_choices":[{"floor":8.0,"key":"REST"},{"floor":15.0,"key":"REST"}],"circlet_count":0,"master_deck":["Strike_P","Strike_P","Defend_P","Defend_P","Defend_P","Defend_P","Eruption","Vigilance","CutThroughFate","Wireheading","EmptyMind","Tantrum","CutThroughFate","Flash of Steel","Halt","Study","WheelKick","Establishment","ThirdEye","TalkToTheHand","Weave","Halt"],"relics":["HolyWater","CaptainsWheel","Torii","Mummified Hand","GoldenEye","Nunchaku","Pantograph","Smiling Mask","ClockworkSouvenir","Eternal Feather","Ginger","HornCleat"],"acts_visited":["Exordium","TheCity"],"potions_floor_usage":[22],"damage_taken":[{"damage":1.0,"enemies":"Jaw Worm","floor":1.0,"turns":4.0},{"damage":0.0,"enemies":"Small Slimes","floor":2.0,"turns":2.0},{"damage":6.0,"enemies":"Cultist","floor":5.0,"turns":5.0},{"damage":22.0,"enemies":"Gremlin Nob","floor":6.0,"turns":4.0},{"damage":1.0,"enemies":"Blue Slaver","floor":11.0,"turns":3.0},{"damage":0.0,"enemies":"Looter","floor":12.0,"turns":1.0},{"damage":3.0,"enemies":"3 Sentries","floor":13.0,"turns":5.0},{"damage":15.0,"enemies":"Lots of Slimes","floor":14.0,"turns":3.0},{"damage":3.0,"enemies":"The Guardian","floor":16.0,"turns":13.0},{"damage":0,"enemies":"Spheric Guardian","floor":18,"turns":2},{"damage":0,"enemies":"Chosen","floor":19,"turns":2},{"damage":1,"enemies":"Snake Plant","floor":22,"turns":5},{"damage":12,"enemies":"Gremlin Leader","floor":23,"turns":4},{"damage":12,"enemies":"Cultist and Chosen","floor":24,"turns":3},{"damage":78,"enemies":"Book of Stabbing","floor":25,"turns":7},{"damage":0,"enemies":"Gremlin Leader","floor":27,"turns":2}],"seed_played":"-4799217234186110220","potions_obtained":[{"floor":5.0,"key":"Weak Potion"},{"floor":6.0,"key":"Block Potion"},{"floor":11.0,"key":"PowerPotion"},{"floor":19,"key":"BlessingOfTheForge"},{"floor":22,"key":"FairyPotion"}],"is_trial":false,"path_per_floor":["M","M","?","?","M","E","$","R","T","$","M","M","E","M","R","B",null,"M","M","?","$","M","E","M","E","T","E"],"character_chosen":"WATCHER","items_purchased":["Torii","Mummified Hand","CutThroughFate","Tantrum","Strength Potion","CutThroughFate","Flash of Steel","ClockworkSouvenir"],"campfire_rested":2,"item_purchase_floors":[0,0,0,7,7,10,10,21],"current_hp_per_floor":[31,31,31,31,25,3,3,24,24,24,23,23,20,5,26,48,66,66,66,66,66,65,53,41,21,21,21,21],"gold":201,"neow_bonus":"","is_daily":false,"chose_seed":false,"campfire_upgraded":0,"win_rate":0.0,"timestamp":1613548968,"path_taken":["M","M","?","?","M","E","$","R","T","$","M","M","E","M","R","BOSS","M","M","?","$","M","E","M","E","T","E"],"items_purchased_type":["Relic","Relic","Card","Card","Potion","Card","Card","Relic"],"build_version":"2020-12-22","purchased_purges":2,"victory":false,"max_hp_per_floor":[72,72,72,72,72,72,72,72,72,72,72,72,72,72,72,72,72,72,72,72,72,72,72,72,72,72,72,72],"card_choices":[{"not_picked":["EmptyBody","Crescendo","InnerPeace"],"picked":"SKIP","floor":1.0},{"not_picked":["Halt","JustLucky"],"picked":"Wireheading","floor":2.0},{"not_picked":["Nirvana","SignatureMove"],"picked":"EmptyMind","floor":5.0},{"not_picked":["Devotion","WindmillStrike","ClearTheMind"],"picked":"SKIP","floor":6.0},{"not_picked":["Indignation","EmptyMind","JustLucky"],"picked":"SKIP","floor":11.0},{"not_picked":["Crescendo","EmptyBody"],"picked":"Halt","floor":12.0},{"not_picked":["Brilliance","Evaluate"],"picked":"Study","floor":13.0},{"not_picked":["Crescendo","CutThroughFate"],"picked":"WheelKick","floor":14.0},{"not_picked":["Scrawl","Omniscience"],"picked":"Establishment","floor":16.0},{"not_picked":["WindmillStrike","FlyingSleeves"],"picked":"ThirdEye","floor":18},{"not_picked":["SashWhip","EmptyBody"],"picked":"TalkToTheHand","floor":19},{"not_picked":["SashWhip","FollowUp+1","Prostrate"],"picked":"SKIP","floor":22},{"not_picked":["EmptyFist","CrushJoints"],"picked":"Weave","floor":23},{"not_picked":["SashWhip","Indignation"],"picked":"Halt","floor":24},{"not_picked":["Collect","SignatureMove","Study"],"picked":"SKIP","floor":25}],"player_experience":1034994,"relics_obtained":[{"floor":6.0,"key":"Nunchaku"},{"floor":9.0,"key":"Pantograph"},{"floor":13.0,"key":"Smiling Mask"},{"floor":23,"key":"Eternal Feather"},{"floor":25,"key":"Ginger"},{"floor":26,"key":"HornCleat"}],"event_choices":[{"damage_healed":0.0,"max_hp_gain":0.0,"max_hp_loss":0.0,"gold_gain":0.0,"event_name":"Shining Light","player_choice":"Ignored","floor":3.0,"gold_loss":0.0,"damage_taken":0.0},{"damage_healed":0.0,"max_hp_gain":0.0,"max_hp_loss":0.0,"gold_gain":175.0,"event_name":"Liars Game","player_choice":"AGREE","floor":4.0,"gold_loss":0.0,"damage_taken":0.0,"cards_obtained":["Doubt"]},{"cards_removed":["Strike_P"],"damage_healed":0,"gold_gain":0,"player_choice":"Card Removal","damage_taken":0,"max_hp_gain":0,"max_hp_loss":0,"event_name":"Wheel of Change","floor":20,"gold_loss":0}],"is_beta":false,"boss_relics":[{"not_picked":["Runic Dome","SlaversCollar"],"picked":"HolyWater"}],"items_purged_floors":[7,21],"is_endless":false,"potions_floor_spawned":[5,6,11,12,19,22],"killed_by":"Gremlin Leader","ascension_level":5}}