{"host":"js2su9tbbk4rmjfl","time":1613601992,"event":{"mods":["AchievementEnabler","BaseMod","Block Reminder","Colored Map","Colored Powertips","Highlight Path","Minty Spire (QoL Compilation)","Relic Stats"],"gold_per_floor":[110,110,120,140,152,152,152,152,178,197,36,52,52,27,27,101,101,116,116,6,22,22,22,32,32,79,79,90,90,15,33,33,33,33],"floor_reached":33,"language":"ENG","playtime":1290,"items_purged":["Strike_R"],"score":450,"play_id":"05ffa4b9-210b-45bc-8e03-fd22d0105663","local_time":"20210217234632","is_ascension_mode":true,"campfire_choices":[{"data":"Inflame","floor":6,"key":"SMITH"},{"data":"Juggernaut","floor":8,"key":"SMITH"},{"floor":13,"key":"REST"},{"data":"Thunderclap","floor":15,"key":"SMITH"},{"data":"True Grit","floor":23,"key":"SMITH"},{"data":"Seeing Red","floor":27,"key":"SMITH"},{"data":"Power Through","floor":29,"key":"SMITH"},{"data":"Cleave","floor":32,"key":"SMITH"}],"circlet_count":0,"master_deck":["AscendersBane","Strike_R","Strike_R","Strike_R","Defend_R","Defend_R","Defend_R","Defend_R","Bash","Juggernaut+1","Power Through+1","Inflame+1","Shrug It Off","Sword Boomerang+1","True Grit+1","Thunderclap+1","Barricade+1","Seeing Red+1","Cleave+1"],"relics":["Black Blood","Red Skull","Art of War","Brimstone","MealTicket"],"acts_visited":["Exordium","TheCity"],"potions_floor_usage":[5,5,16,33,33],"damage_taken":[{"damage":9,"enemies":"Jaw Worm","floor":1,"turns":4},{"damage":13,"enemies":"2 Louse","floor":3,"turns":3},{"damage":11,"enemies":"Cultist","floor":4,"turns":5},{"damage":9,"enemies":"2 Fungi Beasts","floor":5,"turns":6},{"damage":0,"enemies":"Large Slime","floor":10,"turns":5},{"damage":47,"enemies":"Gremlin Gang","floor":12,"turns":4},{"damage":22,"enemies":"The Guardian","floor":16,"turns":7},{"damage":20,"enemies":"2 Thieves","floor":18,"turns":3},{"damage":35,"enemies":"Chosen","floor":21,"turns":5},{"damage":25,"enemies":"Snake Plant","floor":24,"turns":3},{"damage":16,"enemies":"Sentry and Sphere","floor":28,"turns":4},{"damage":16,"enemies":"Centurion and Healer","floor":31,"turns":5},{"damage":53,"enemies":"Champ","floor":33,"turns":5}],"seed_played":"-3864046780499968786","potions_obtained":[{"floor":1,"key":"Weak Potion"},{"floor":4,"key":"SteroidPotion"},{"floor":5,"key":"Dexterity Potion"},{"floor":28,"key":"ColorlessPotion"},{"floor":31,"key":"GamblersBrew"}],"is_trial":false,"path_per_floor":["M","?","M","M","M","R","?","R","T","M","$","M","R","$","R","B",null,"M","?","?","M","?","R","M","?","T","R","M","R","$","M","R","B"],"character_chosen":"IRONCLAD","items_purchased":["Brimstone","Thunderclap"],"campfire_rested":1,"item_purchase_floors":[11,14],"current_hp_per_floor":[65,60,53,48,45,45,45,45,45,51,51,10,32,32,32,16,60,52,67,67,44,44,44,31,31,31,31,27,27,42,38,38,0,0],"gold":33,"neow_bonus":"ONE_RANDOM_RARE_CARD","is_daily":false,"chose_seed":false,"campfire_upgraded":7,"win_rate":0.0,"timestamp":1613601992,"path_taken":["M","?","M","M","M","R","?","R","T","?","$","M","R","$","R","BOSS","M","?","?","?","?","R","M","?","T","R","M","R","?","?","R","BOSS"],"items_purchased_type":["Relic","Card"],"build_version":"2020-12-22","purchased_purges":1,"victory":false,"max_hp_per_floor":[75,75,75,75,75,75,75,75,75,75,75,75,75,75,75,75,75,75,75,75,75,75,75,75,75,75,75,75,75,75,75,75,75,75],"relic_stats":{"counters":[13,59],"Black Blood":102,"MealTicket":15,"Art of War":[14],"obtain_stats":[{"Brimstone":11,"Black Blood":17,"MealTicket":26,"Art of War":9,"Burning Blood":0,"Red Skull":2},{"Brimstone":5,"Black Blood":7,"MealTicket":10,"Art of War":4,"Burning Blood":0,"Red Skull":1},{"Brimstone":23,"Black Blood":34,"MealTicket":45,"Art of War":18,"Burning Blood":0,"Red Skull":4}]},"card_choices":[{"not_picked":["Infernal Blade","Body Slam"],"picked":"Power Through","floor":1},{"not_picked":["Anger","Pummel"],"picked":"Inflame","floor":3},{"not_picked":["Pommel Strike","Anger"],"picked":"Shrug It Off","floor":4},{"not_picked":["Dark Embrace","Wild Strike"],"picked":"Sword Boomerang","floor":5},{"not_picked":["Twin Strike","Iron Wave"],"picked":"True Grit","floor":10},{"not_picked":["Burning Pact","Warcry","Thunderclap"],"picked":"SKIP","floor":12},{"not_picked":["Juggernaut","Corruption"],"picked":"Barricade","floor":16},{"not_picked":["Flex","Havoc","Headbutt"],"picked":"SKIP","floor":18},{"not_picked":["Heavy Blade","Dropkick","Combust"],"picked":"SKIP","floor":21},{"not_picked":["Flex","Iron Wave"],"picked":"Seeing Red","floor":24},{"not_picked":["Iron Wave","Clothesline","Rupture"],"picked":"SKIP","floor":28},{"not_picked":["Hemokinesis","Twin Strike"],"picked":"Cleave","floor":31}],"player_experience":826224,"relics_obtained":[{"floor":9,"key":"Art of War"},{"floor":26,"key":"MealTicket"}],"event_choices":[{"damage_healed":0,"gold_gain":0,"player_choice":"Success","damage_taken":5,"relics_obtained":["Red Skull"],"max_hp_gain":0,"max_hp_loss":0,"event_name":"Scrap Ooze","floor":2,"gold_loss":0},{"damage_healed":0,"gold_gain":0,"player_choice":"Upgraded","damage_taken":0,"max_hp_gain":0,"max_hp_loss":0,"event_name":"Upgrade Shrine","floor":7,"gold_loss":0,"cards_upgraded":["Sword Boomerang"]},{"damage_healed":15,"gold_gain":0,"player_choice":"Heal","damage_taken":0,"max_hp_gain":0,"max_hp_loss":0,"event_name":"The Library","floor":19,"gold_loss":0},{"cards_removed":["Strike_R"],"damage_healed":0,"gold_gain":0,"player_choice":"Upgrade and Remove","damage_taken":0,"max_hp_gain":0,"max_hp_loss":0,"event_name":"Designer","floor":20,"gold_loss":110,"cards_upgraded":["Barricade"]},{"damage_healed":0,"gold_gain":0,"player_choice":"Ignored","damage_taken":0,"max_hp_gain":0,"max_hp_loss":0,"event_name":"Ghosts","floor":25,"gold_loss":0}],"is_beta":false,"boss_relics":[{"not_picked":["Black Star","Pandora\u0027s Box"],"picked":"Black Blood"}],"items_purged_floors":[30],"is_endless":false,"potions_floor_spawned":[1,4,5,28,31],"killed_by":"Champ","ascension_level":18}}