{"host":"gyvm9iplrwbfzexe","time":1613527208,"event":{"mods":["BaseMod","Minty Spire (QoL Compilation)","StSLib"],"gold_per_floor":[116,116,65,84,84,128,128,128,206,239,253,278,302,337,337,457,457,480,494,41,41,62,105,105,141,141,56,99,99,120,158,158,279,279,299,299,45,69,89,127,146,484,484,524,557,587,599,625,637,649],"floor_reached":51,"language":"ENG","playtime":2557,"items_purged":[],"score":1107,"play_id":"ef57b014-68a1-4c60-92af-935bf110e190","local_time":"20210216200008","is_ascension_mode":true,"campfire_choices":[{"data":"Blade Dance","floor":8,"key":"SMITH"},{"data":"Blade Dance","floor":15,"key":"SMITH"},{"data":"After Image","floor":24,"key":"SMITH"},{"data":"Backflip","floor":32,"key":"SMITH"},{"data":"After Image","floor":47,"key":"SMITH"},{"data":"A Thousand Cuts","floor":49,"key":"SMITH"}],"circlet_count":0,"master_deck":["Strike_G","Strike_G","Strike_G","Strike_G+1","Defend_G+1","Defend_G","Defend_G","Defend_G","Defend_G+1","Survivor","Neutralize+1","Masterful Stab+1","Blade Dance+1","Backflip+1","Blade Dance+1","All Out Attack","Tools of the Trade+1","Terror+1","After Image+1","Prepared+1","Underhanded Strike+1","Apotheosis+1","Prepared+1","Tactician+1","Tactician+1","Underhanded Strike+1","A Thousand Cuts+1","Cloak And Dagger+1","Infinite Blades","After Image+1","Underhanded Strike+1","Infinite Blades+1","A Thousand Cuts"],"relics":["Ring of the Snake","NeowsBlessing","Golden Idol","MealTicket","HornCleat","Toxic Egg 2","Happy Flower","Lantern","Black Star","Ninja Scroll","Smiling Mask","Bag of Marbles","Centennial Puzzle","Toy Ornithopter","Molten Egg 2","White Beast Statue","Regal Pillow","Mercury Hourglass","Omamori","Orichalcum","WristBlade","Mummified Hand","Whetstone","InkBottle","War Paint","Old Coin","Potion Belt","PreservedInsect","MawBank"],"acts_visited":["Exordium","TheCity","TheBeyond"],"potions_floor_usage":[22,28,30,33,33,33,35,40,50,50],"damage_taken":[{"damage":0,"enemies":"Small Slimes","floor":1,"turns":1},{"damage":0,"enemies":"2 Louse","floor":4,"turns":1},{"damage":0,"enemies":"Lagavulin","floor":6,"turns":1},{"damage":13,"enemies":"Gremlin Nob","floor":10,"turns":5},{"damage":0,"enemies":"Cultist","floor":11,"turns":2},{"damage":8,"enemies":"Exordium Thugs","floor":13,"turns":5},{"damage":0,"enemies":"3 Sentries","floor":14,"turns":4},{"damage":4,"enemies":"Hexaghost","floor":16,"turns":7},{"damage":0,"enemies":"2 Thieves","floor":18,"turns":3},{"damage":0,"enemies":"Chosen","floor":19,"turns":3},{"damage":9,"enemies":"Snake Plant","floor":22,"turns":5},{"damage":0,"enemies":"Book of Stabbing","floor":23,"turns":4},{"damage":24,"enemies":"Gremlin Leader","floor":25,"turns":5},{"damage":0,"enemies":"Book of Stabbing","floor":28,"turns":3},{"damage":0,"enemies":"Cultist and Chosen","floor":30,"turns":6},{"damage":4,"enemies":"Slavers","floor":31,"turns":3},{"damage":7,"enemies":"Automaton","floor":33,"turns":8},{"damage":16,"enemies":"3 Darklings","floor":35,"turns":4},{"damage":0,"enemies":"Orb Walker","floor":38,"turns":1},{"damage":0,"enemies":"Maw","floor":39,"turns":5},{"damage":0,"enemies":"Reptomancer","floor":40,"turns":2},{"damage":0,"enemies":"3 Darklings","floor":41,"turns":1},{"damage":0,"enemies":"Giant Head","floor":42,"turns":3},{"damage":3,"enemies":"Nemesis","floor":44,"turns":4},{"damage":1,"enemies":"4 Shapes","floor":45,"turns":2},{"damage":0,"enemies":"Jaw Worm Horde","floor":46,"turns":1},{"damage":0,"enemies":"Spire Growth","floor":48,"turns":2},{"damage":13,"enemies":"Time Eater","floor":50,"turns":8}],"seed_played":"-6358332945291702841","potions_obtained":[{"floor":1,"key":"SpeedPotion"},{"floor":10,"key":"Weak Potion"},{"floor":14,"key":"SpeedPotion"},{"floor":18,"key":"BlessingOfTheForge"},{"floor":25,"key":"CunningPotion"},{"floor":28,"key":"SneckoOil"},{"floor":30,"key":"BlessingOfTheForge"},{"floor":31,"key":"Energy Potion"},{"floor":33,"key":"ColorlessPotion"},{"floor":35,"key":"Poison Potion"},{"floor":38,"key":"Ancient Potion"},{"floor":39,"key":"GamblersBrew"},{"floor":40,"key":"Explosive Potion"},{"floor":41,"key":"Weak Potion"},{"floor":44,"key":"AttackPotion"},{"floor":45,"key":"SpeedPotion"},{"floor":46,"key":"DuplicationPotion"}],"is_trial":false,"path_per_floor":["M","?","$","M","?","E","?","R","T","E","M","T","M","E","R","B",null,"M","M","$","?","M","E","R","E","T","?","E","?","M","E","R","B",null,"M","?","$","M","M","E","M","E","T","E","M","M","R","M","R","B",null],"character_chosen":"THE_SILENT","items_purchased":["Blade Dance","Apotheosis+1","Ninja Scroll","Mummified Hand"],"campfire_rested":0,"item_purchase_floors":[3,20,20,37],"current_hp_per_floor":[70,70,70,70,53,53,58,58,58,45,45,45,37,37,37,33,75,75,75,75,75,66,66,66,42,42,42,47,47,52,48,48,56,75,64,64,75,75,75,75,75,75,75,72,71,71,71,71,71,62],"gold":661,"neow_bonus":"THREE_ENEMY_KILL","is_daily":false,"chose_seed":false,"campfire_upgraded":6,"win_rate":0.0,"timestamp":1613527208,"path_taken":["M","?","$","M","?","E","?","R","T","E","M","?","M","E","R","BOSS","M","M","$","?","M","E","R","E","T","?","E","?","?","E","R","BOSS","M","?","$","M","M","E","M","E","T","E","M","M","R","M","R","BOSS"],"items_purchased_type":["Card","Card","Relic","Relic"],"build_version":"2020-12-22","purchased_purges":0,"victory":true,"max_hp_per_floor":[70,70,70,70,70,70,75,75,75,75,75,75,75,75,75,75,75,75,75,75,75,75,75,75,75,75,75,75,75,75,75,75,75,75,75,75,75,75,75,75,75,75,75,75,75,75,75,75,75,75],"card_choices":[{"not_picked":["Deflect","Dash"],"picked":"Masterful Stab","floor":1},{"not_picked":["Distraction","Flying Knee"],"picked":"Backflip","floor":4},{"not_picked":["Deadly Poison","Backflip"],"picked":"Blade Dance","floor":6},{"not_picked":["Choke","Leg Sweep+1"],"picked":"All Out Attack","floor":10},{"not_picked":["Dagger Throw","Bane","Slice"],"picked":"SKIP","floor":11},{"not_picked":["Poisoned Stab","Expertise+1"],"picked":"Tools of the Trade","floor":13},{"not_picked":["Distraction+1","Deflect+1"],"picked":"Terror+1","floor":14},{"not_picked":["Tools of the Trade","Corpse Explosion+1"],"picked":"After Image","floor":16},{"not_picked":["Eviscerate","Deadly Poison+1"],"picked":"Prepared+1","floor":18},{"not_picked":["Crippling Poison+1","PiercingWail+1"],"picked":"Underhanded Strike+1","floor":19},{"not_picked":["Dagger Throw+1","Acrobatics+1","Catalyst+1"],"picked":"SKIP","floor":22},{"not_picked":["Bane","Expertise+1"],"picked":"Prepared+1","floor":23},{"not_picked":["Quick Slash","Backstab"],"picked":"Tactician+1","floor":25},{"not_picked":["Bane+1","Bouncing Flask+1"],"picked":"Tactician+1","floor":28},{"not_picked":["Dash+1","Distraction+1"],"picked":"Underhanded Strike+1","floor":30},{"not_picked":["Caltrops+1","Outmaneuver+1","Riddle With Holes+1"],"picked":"SKIP","floor":31},{"not_picked":["Tools of the Trade","Bullet Time+1"],"picked":"A Thousand Cuts","floor":33},{"not_picked":["Quick Slash+1","Dagger Throw+1"],"picked":"Cloak And Dagger+1","floor":35},{"not_picked":["Backflip+1","Deadly Poison+1","Quick Slash+1"],"picked":"SKIP","floor":38},{"not_picked":["PiercingWail+1","Distraction+1","Sucker Punch+1"],"picked":"SKIP","floor":39},{"not_picked":["Bouncing Flask+1","Flying Knee+1"],"picked":"Infinite Blades","floor":40},{"not_picked":["Quick Slash+1","Flying Knee+1"],"picked":"After Image","floor":41},{"not_picked":["Sucker Punch+1","Deadly Poison+1"],"picked":"Underhanded Strike+1","floor":42},{"not_picked":["Deadly Poison+1","Expertise+1","Catalyst+1"],"picked":"SKIP","floor":44},{"not_picked":["Catalyst+1","Footwork+1"],"picked":"Infinite Blades+1","floor":45},{"not_picked":["Slice+1","Acrobatics+1"],"picked":"A Thousand Cuts","floor":46},{"not_picked":["Dodge and Roll+1","Poisoned Stab+1","Prepared+1"],"picked":"SKIP","floor":48}],"player_experience":42250,"relics_obtained":[{"floor":6,"key":"MealTicket"},{"floor":9,"key":"HornCleat"},{"floor":10,"key":"Toxic Egg 2"},{"floor":12,"key":"Happy Flower"},{"floor":14,"key":"Lantern"},{"floor":23,"key":"Smiling Mask"},{"floor":23,"key":"Bag of Marbles"},{"floor":25,"key":"Centennial Puzzle"},{"floor":25,"key":"Toy Ornithopter"},{"floor":26,"key":"Molten Egg 2"},{"floor":28,"key":"Regal Pillow"},{"floor":28,"key":"Mercury Hourglass"},{"floor":31,"key":"Omamori"},{"floor":31,"key":"Orichalcum"},{"floor":40,"key":"Whetstone"},{"floor":40,"key":"InkBottle"},{"floor":42,"key":"War Paint"},{"floor":42,"key":"Old Coin"},{"floor":43,"key":"Potion Belt"},{"floor":44,"key":"PreservedInsect"},{"floor":44,"key":"MawBank"}],"event_choices":[{"damage_healed":0,"gold_gain":0,"player_choice":"Grow","damage_taken":0,"max_hp_gain":0,"max_hp_loss":0,"event_name":"Living Wall","floor":2,"gold_loss":0,"cards_upgraded":["Neutralize"]},{"damage_healed":0,"gold_gain":0,"player_choice":"Take Damage","damage_taken":17,"relics_obtained":["Golden Idol"],"max_hp_gain":0,"max_hp_loss":0,"event_name":"Golden Idol","floor":5,"gold_loss":0},{"damage_healed":0,"gold_gain":0,"player_choice":"Donut","damage_taken":0,"max_hp_gain":5,"max_hp_loss":0,"event_name":"Big Fish","floor":7,"gold_loss":0},{"cards_removed":["Strike_G"],"damage_healed":0,"gold_gain":0,"player_choice":"Elegance","damage_taken":0,"max_hp_gain":0,"max_hp_loss":0,"event_name":"Back to Basics","floor":21,"gold_loss":0},{"damage_healed":0,"gold_gain":0,"player_choice":"Obtained Relic","damage_taken":0,"relics_obtained":["White Beast Statue"],"max_hp_gain":0,"max_hp_loss":0,"event_name":"Addict","floor":27,"gold_loss":85},{"damage_healed":0,"gold_gain":0,"player_choice":"Upgraded","damage_taken":0,"max_hp_gain":0,"max_hp_loss":0,"event_name":"Upgrade Shrine","floor":29,"gold_loss":0,"cards_upgraded":["Tools of the Trade"]},{"damage_healed":0,"gold_gain":0,"player_choice":"Ignored","damage_taken":0,"max_hp_gain":0,"max_hp_loss":0,"event_name":"Tomb of Lord Red Mask","floor":36,"gold_loss":0}],"is_beta":false,"boss_relics":[{"not_picked":["Velvet Choker","Runic Dome"],"picked":"Black Star"},{"not_picked":["SlaversCollar","Cursed Key"],"picked":"WristBlade"}],"items_purged_floors":[],"is_endless":false,"potions_floor_spawned":[1,10,14,18,25,28,30,31,33,35,38,39,40,41,42,44,45,46,48],"ascension_level":1}}