{"host":"lgow17wc5wawziz1","time":1613573348,"event":{"mods":["AchievementEnabler","Act Like it!","Aspiration","BaseMod","Better Third Choice","Colored Map","Colored Powertips","Gensokyo","Hubris","Minty Spire (QoL Compilation)","MostiFishMod","Permanent Neow","Quick Restart","Replay The Spire","StSLib","SuperFastMode","¡¼?Úª?ø«¡½REMEMod"],"gold_per_floor":[119,38,38,88,101,101,131,131,154,696,709,709,727,758,758,880,880,880,880,880,405,405,405,206,206,206,206,206,206,206,206,206,206,206,206,52,52,52,52,52,52,52,52,52,52,52,52,52,52,52],"floor_reached":51,"language":"KOR","playtime":2546,"items_purged":[],"score":1374,"play_id":"e38e6066-9d7a-4b3c-ad9a-3666dde43a75","local_time":"20210217234908","is_ascension_mode":true,"campfire_choices":[{"data":"MostiFishMod:Hijack","floor":6,"key":"SMITH"},{"data":"Skewer","floor":12,"key":"SMITH"},{"data":"MostiFishMod:KnuckleDown","floor":15,"key":"SMITH"},{"data":"True Grit","floor":25,"key":"SMITH"},{"data":"Gensokyo:ManorOfTheDishes","floor":32,"key":"SMITH"},{"data":"Eclipse","floor":40,"key":"SMITH"},{"data":"Shockwave","floor":42,"key":"SMITH"},{"data":"REME_ACTH","floor":44,"key":"SMITH"},{"data":"ReplayTheSpireMod:Strike From Hell","floor":49,"key":"SMITH"}],"circlet_count":0,"master_deck":["AscendersBane","Defend_R","Defend_R","Defend_R","Defend_R","MostiFishMod:Hijack+1","Skewer+1","Die Die Die","Predator","Clothesline","Wild Strike","ReplayTheSpireMod:Strike From Hell","Second Wind+1","MostiFishMod:BrandingRite","MostiFishMod:KnuckleDown+1","Eclipse+1","Perfected Strike","REME_SingleHolding","Gensokyo:ManorOfTheDishes+1","REME_ACTH+1","ReplayTheSpireMod:Strike From Hell+1","Battle Trance+1","Ghostly Armor+1","Evolve+1","Gensokyo:LockedMedkit","Shockwave+1","Reckless Charge","True Grit+1","ReplayTheSpireMod:Stacked+1","Finisher","Dagger Spray","hubris:Counter","Impervious","Dark Embrace+1","Feel No Pain+1","MostiFishMod:OrdinaryWorld+1","Reckless Charge+1","Gensokyo:UnlikelyAid+1","REME_TheLastStrike+1","ReplayTheSpireMod:Limb From Limb+1","Armaments+1","Pommel Strike+1","Entrench+1"],"relics":["Burning Blood","REME_ComplimentaryCards","DaveBox","SynthV:TestCard","Juzu Bracelet","REME_PuzzleBoxRelic","Chameleon Ring","hubris:SlimyHat","Magic Flower","Ectoplasm","Gensokyo:OccultBall","Orrery","aspiration:ChemicalBlood","Strange Spoon","MealTicket","Omamori","Red Skull","Molten Egg 2","Black Star","BirthdayGift-Tetrahedron","Gensokyo:EmptyGrave","Gensokyo:DualWield","aspiration:Lifesprig","Replay:Bandana","hubris:DisguiseKit"],"acts_visited":["Gensokyo:Gensokyo","Gensokyo:Gensokyoer","Gensokyo:Gensokyoest"],"potions_floor_usage":[10,29,31,33,35,38,38],"damage_taken":[{"damage":8,"enemies":"Gensokyo:Gryphon","floor":1,"turns":3},{"damage":0,"enemies":"Gensokyo:2_Kodama","floor":5,"turns":1},{"damage":23,"enemies":"Gensokyo:Cirno","floor":7,"turns":5},{"damage":12,"enemies":"Gensokyo:3_Fairies","floor":10,"turns":4},{"damage":0,"enemies":"Gensokyo:3_Kodama","floor":11,"turns":1},{"damage":0,"enemies":"Gensokyo:LivingMonolith","floor":13,"turns":1},{"damage":0,"enemies":"Gensokyo:Aya","floor":14,"turns":2},{"damage":37,"enemies":"Gensokyo:Kokoro","floor":16,"turns":7},{"damage":2,"enemies":"Gensokyo:3_Dogs","floor":18,"turns":5},{"damage":24,"enemies":"Gensokyo:CosmicMonolith","floor":20,"turns":4},{"damage":17,"enemies":"Gensokyo:Mirror_and_Dog","floor":22,"turns":4},{"damage":16,"enemies":"Gensokyo:Koishi","floor":23,"turns":6},{"damage":3,"enemies":"Gensokyo:Reisen","floor":27,"turns":4},{"damage":3,"enemies":"Gensokyo:Slime_Group","floor":29,"turns":4},{"damage":24,"enemies":"Gensokyo:Koishi","floor":30,"turns":5},{"damage":18,"enemies":"Gensokyo:Swordslinger","floor":31,"turns":3},{"damage":0,"enemies":"Gensokyo:Eiki","floor":33,"turns":6},{"damage":30,"enemies":"Gensokyo:AncientGuardian","floor":35,"turns":6},{"damage":29,"enemies":"Gensokyo:AncientGuardian","floor":38,"turns":4},{"damage":0,"enemies":"Gensokyo:3_Bats","floor":41,"turns":1},{"damage":2,"enemies":"Gensokyo:Sharpion","floor":45,"turns":2},{"damage":6,"enemies":"Gensokyo:SeedOfUnknown","floor":46,"turns":4},{"damage":6,"enemies":"Gensokyo:Rafflesia","floor":47,"turns":4},{"damage":6,"enemies":"Gensokyo:Doremy","floor":48,"turns":4},{"damage":8,"enemies":"Gensokyo:Scarlet_Devils","floor":50,"turns":5}],"seed_played":"-885414765418274379","potions_obtained":[{"floor":4,"key":"Reflective Coating"},{"floor":4,"key":"Venom Potion"},{"floor":5,"key":"Adrenaline Potion"},{"floor":7,"key":"REME_GoldPotion"},{"floor":16,"key":"SkillPotion"},{"floor":18,"key":"Dexterity Potion"},{"floor":29,"key":"Reflective Coating"},{"floor":30,"key":"LifebloodPotion"},{"floor":35,"key":"LifebloodPotion"},{"floor":38,"key":"Swift Potion"},{"floor":38,"key":"AttackPotion"}],"is_trial":false,"path_per_floor":["M","COS","?","?","M","R","E","$","T","M","M","R","M","E","R","B",null,"M","?","M","COS","M","E","$","R","T","E","?","M","E","M","R_BF","B",null,"M","COS","?","?","?","R","M","R","T","R","M","M","M","E","R","B",null],"character_chosen":"IRONCLAD","items_purchased":["True Grit","Strange Spoon"],"campfire_rested":0,"item_purchase_floors":[24,24],"current_hp_per_floor":[78,78,78,78,84,84,67,67,67,61,67,67,73,79,79,51,79,86,86,71,71,74,67,67,67,67,73,73,79,64,55,55,88,88,67,67,67,67,67,81,81,81,81,81,81,81,81,81,81,81],"gold":52,"neow_bonus":"TEN_PERCENT_HP_BONUS","is_daily":false,"chose_seed":false,"campfire_upgraded":9,"win_rate":0.0,"timestamp":1613573348,"path_taken":["M","COS","?","?","M","R","E","$","T","M","M","R","M","E","R","BOSS","M","?","M","COS","M","E","$","R","T","E","?","M","E","M","R_BF","BOSS","M","COS","?","?","?","R","M","R","T","R","M","M","M","E","R","BOSS"],"items_purchased_type":["Card","Relic"],"build_version":"2020-12-22","purchased_purges":0,"victory":true,"max_hp_per_floor":[88,88,88,88,88,88,88,88,88,88,88,88,88,88,88,88,88,88,88,88,88,88,88,88,88,88,88,88,88,88,88,88,88,88,88,88,81,81,81,81,81,81,81,81,81,81,81,81,81,81],"card_choices":[{"not_picked":["Dark Embrace","Anger","Warcry"],"picked":"SKIP","floor":1},{"not_picked":["Replay:Undeath\u0027s Touch","hubris:SharpeningStone","ReplayTheSpireMod:Strike From Hell","Run Through"],"picked":"Clothesline","floor":4},{"not_picked":["Warcry","Fire Breathing","Iron Wave","Havoc"],"picked":"Wild Strike","floor":5},{"not_picked":["Ghostly Armor","Thunderclap","Rupture","Sever Soul"],"picked":"ReplayTheSpireMod:Strike From Hell","floor":7},{"not_picked":["Blood for Blood+1","Bloodletting+1","hubris:SharpeningStone+1","Intimidate+1"],"picked":"Second Wind+1","floor":7},{"not_picked":["Twin Strike","Replay:Undeath\u0027s Touch","Pommel Strike","Heavy Blade"],"picked":"MostiFishMod:BrandingRite","floor":10},{"not_picked":["Second Wind","Warcry","ReplayTheSpireMod:Strike From Hell","Iron Wave","Havoc"],"picked":"SKIP","floor":11},{"not_picked":["Rampage","Sentinel","Clash","Sword Boomerang","Replay:Undeath\u0027s Touch"],"picked":"SKIP","floor":13},{"not_picked":["Flex","Thunderclap","Run Through","Rage"],"picked":"MostiFishMod:KnuckleDown","floor":14},{"not_picked":["MostiFishMod:Chiaki","Limit Break","REME_TheLastStrike","Corruption"],"picked":"Eclipse","floor":16},{"not_picked":["Iron Wave","Cleave","Warcry+1","Blood for Blood+1"],"picked":"Perfected Strike","floor":18},{"not_picked":["Body Slam","Clothesline","Anger","Sword Boomerang","Iron Wave+1"],"picked":"SKIP","floor":20},{"not_picked":["MostiFishMod:#F4004","ReplayTheSpireMod:Strike From Hell","hubris:ReadiedAction","Life Link"],"picked":"REME_ACTH","floor":21},{"not_picked":["Entrench","Spot Weakness","Anger+1","Body Slam"],"picked":"ReplayTheSpireMod:Strike From Hell","floor":21},{"not_picked":["ReplayTheSpireMod:Muscle Training","Uppercut","ReplayTheSpireMod:Strike From Hell","Flex"],"picked":"Battle Trance+1","floor":21},{"not_picked":["Twin Strike","Metallicize+1","REME_Scribble","Spot Weakness"],"picked":"Ghostly Armor+1","floor":21},{"not_picked":["Heavy Blade","Life Link","Shrug It Off","Dual Wield"],"picked":"Evolve+1","floor":21},{"not_picked":["Cleave","Replay:Undeath\u0027s Touch","Rupture","Run Through+1"],"picked":"Shockwave","floor":22},{"not_picked":["Cleave","Twin Strike","REME_FearOfPain","Replay:Many Hands"],"picked":"Reckless Charge","floor":23},{"not_picked":["Evolve","Run Through+1","Wild Strike","Body Slam+1"],"picked":"ReplayTheSpireMod:Stacked+1","floor":27},{"not_picked":["hubris:ReadiedAction","Dark Embrace","Clash","Twin Strike"],"picked":"Impervious","floor":29},{"not_picked":["hubris:ReadiedAction+1","Impervious","Wild Strike+1","REME_Scribble"],"picked":"Dark Embrace+1","floor":30},{"not_picked":["Entrench","MostiFishMod:#F4004","hubris:SharpeningStone","Havoc"],"picked":"Feel No Pain+1","floor":31},{"not_picked":["Exhume","Bludgeon+1","REME_Fury","Offering"],"picked":"MostiFishMod:OrdinaryWorld+1","floor":33},{"not_picked":["Anger+1","Dropkick+1","Pommel Strike+1","Flex"],"picked":"Reckless Charge+1","floor":35},{"not_picked":["Gensokyo:LifeSpringInfinity","Gensokyo:UnhurriedMind"],"picked":"Gensokyo:UnlikelyAid","floor":38},{"not_picked":["Dual Wield","Flex","Armaments","ReplayTheSpireMod:Strike From Hell+1"],"picked":"REME_TheLastStrike+1","floor":41},{"not_picked":["hubris:SharpeningStone","True Grit+1","Wild Strike+1","hubris:ReadiedAction"],"picked":"ReplayTheSpireMod:Limb From Limb+1","floor":45},{"not_picked":["Inflame+1","Pommel Strike+1","Wild Strike+1","Ghostly Armor+1"],"picked":"Armaments+1","floor":46},{"not_picked":["Disarm","ReplayTheSpireMod:Corrosion Curse","Iron Wave+1","Metallicize+1"],"picked":"Pommel Strike+1","floor":47},{"not_picked":["ReplayTheSpireMod:Strike From Hell+1","Replay:Undeath\u0027s Touch+1","Shockwave+1","Sword Boomerang+1"],"picked":"Entrench+1","floor":48}],"player_experience":320945,"relics_obtained":[{"floor":1,"key":"SynthV:TestCard"},{"floor":4,"key":"REME_PuzzleBoxRelic"},{"floor":7,"key":"Chameleon Ring"},{"floor":9,"key":"hubris:SlimyHat"},{"floor":14,"key":"Magic Flower"},{"floor":23,"key":"aspiration:ChemicalBlood"},{"floor":26,"key":"MealTicket"},{"floor":27,"key":"Gensokyo:OccultBall"},{"floor":27,"key":"Omamori"},{"floor":30,"key":"Molten Egg 2"},{"floor":33,"key":"Gensokyo:OccultBall"},{"floor":43,"key":"aspiration:Lifesprig"},{"floor":48,"key":"Replay:Bandana"},{"floor":48,"key":"hubris:DisguiseKit"}],"event_choices":[],"is_beta":false,"boss_relics":[{"not_picked":["Replay:Ancient Bell","ChiXiaoBlade"],"picked":"Ectoplasm"},{"not_picked":["Honey Jar","SacredBark"],"picked":"Black Star"}],"items_purged_floors":[],"is_endless":false,"potions_floor_spawned":[5,7,16,18,20,27,29,35,41,46],"ascension_level":11}}