{"host":"mz5qq3pkwvwcu15a","time":1613527589,"event":{"mods":["Act Like it!","BaseMod","Minty Spire (QoL Compilation)","Quick Restart","Rare Cards Sparkle"],"gold_per_floor":[119,119,136,136,151,176,176,210,210,224,234,234,249,259,259,361,361,380,400,7,20,20,52,52,85,85,85,102,122,42,56,56,157,157,170,21,31,31,44,44,62,94,176,176,209,229,229,229,229,229,229],"floor_reached":50,"language":"ENG","playtime":2633,"items_purged":["Strike_G"],"score":1011,"play_id":"90808657-f67f-4704-b042-ec216f355ab8","local_time":"20210216210629","is_ascension_mode":true,"campfire_choices":[{"floor":7.0,"key":"REST"},{"floor":12.0,"key":"DIG"},{"floor":15.0,"key":"DIG"},{"floor":24.0,"key":"DIG"},{"floor":27.0,"key":"DIG"},{"floor":32.0,"key":"DIG"},{"floor":40,"key":"DIG"},{"floor":44,"key":"DIG"},{"floor":47,"key":"DIG"},{"floor":49,"key":"DIG"}],"circlet_count":0,"master_deck":["Strike_G","Strike_G","Strike_G","Strike_G","Defend_G","Defend_G","Defend_G","Defend_G","Defend_G","Survivor","Neutralize","Dagger Throw","Acrobatics+1","Cloak And Dagger","Blade Dance","Blur","Blade Dance","Cloak And Dagger","Concentrate+1","PiercingWail","Infinite Blades","Secret Weapon","Leg Sweep","Dagger Throw","Glass Knife","Outmaneuver+1","Cloak And Dagger+1","Choke+1","Distraction","Cloak And Dagger","Storm of Steel+1","Infinite Blades+1","Cloak And Dagger+1","Infinite Blades+1","Blur","Blade Dance"],"relics":["Ring of the Snake","NeowsBlessing","Dead Branch","Meat on the Bone","White Beast Statue","Shovel","Blue Candle","Akabeko","Calling Bell","PreservedInsect","Gremlin Horn","Tingsha","Omamori","Frozen Egg 2","Bronze Scales","Bird Faced Urn","Blood Vial","Eternal Feather","WristBlade","Nunchaku","Bottled Tornado","Ginger","Ornamental Fan","Du-Vu Doll","Bottled Flame","Mango","HornCleat"],"acts_visited":["Exordium","TheCity","TheBeyond"],"potions_floor_usage":[33,33,50,50,50],"damage_taken":[{"damage":0.0,"enemies":"Jaw Worm","floor":1.0,"turns":1.0},{"damage":0.0,"enemies":"2 Louse","floor":3.0,"turns":1.0},{"damage":0.0,"enemies":"Cultist","floor":5.0,"turns":1.0},{"damage":34.0,"enemies":"Lagavulin","floor":6.0,"turns":7.0},{"damage":11.0,"enemies":"3 Sentries","floor":8.0,"turns":6.0},{"damage":8.0,"enemies":"Lots of Slimes","floor":10.0,"turns":4.0},{"damage":4.0,"enemies":"Gremlin Gang","floor":11.0,"turns":4.0},{"damage":0.0,"enemies":"Looter","floor":13.0,"turns":3.0},{"damage":0.0,"enemies":"Red Slaver","floor":14.0,"turns":2.0},{"damage":0.0,"enemies":"Hexaghost","floor":16.0,"turns":9.0},{"damage":17.0,"enemies":"Spheric Guardian","floor":18.0,"turns":4.0},{"damage":0.0,"enemies":"Shell Parasite","floor":19.0,"turns":3.0},{"damage":15.0,"enemies":"Centurion and Healer","floor":21.0,"turns":4.0},{"damage":9.0,"enemies":"Slavers","floor":23.0,"turns":5.0},{"damage":20.0,"enemies":"Book of Stabbing","floor":25.0,"turns":4.0},{"damage":33.0,"enemies":"Cultist and Chosen","floor":28.0,"turns":5.0},{"damage":17.0,"enemies":"Snake Plant","floor":29.0,"turns":4.0},{"damage":5.0,"enemies":"Shelled Parasite and Fungi","floor":31.0,"turns":3.0},{"damage":49,"enemies":"Champ","floor":33,"turns":9},{"damage":24,"enemies":"3 Darklings","floor":35,"turns":3},{"damage":0,"enemies":"3 Shapes","floor":37,"turns":2},{"damage":0,"enemies":"Sphere and 2 Shapes","floor":39,"turns":2},{"damage":5,"enemies":"Jaw Worm Horde","floor":41,"turns":3},{"damage":0,"enemies":"Reptomancer","floor":42,"turns":2},{"damage":16,"enemies":"Nemesis","floor":45,"turns":5},{"damage":0,"enemies":"Transient","floor":46,"turns":5},{"damage":126,"enemies":"Time Eater","floor":50,"turns":9}],"seed_played":"8905749857620693271","potions_obtained":[{"floor":5.0,"key":"PowerPotion"},{"floor":10.0,"key":"FearPotion"},{"floor":11.0,"key":"Fire Potion"},{"floor":13.0,"key":"DistilledChaos"},{"floor":14.0,"key":"EntropicBrew"},{"floor":16.0,"key":"EntropicBrew"},{"floor":18.0,"key":"EntropicBrew"},{"floor":19.0,"key":"GhostInAJar"},{"floor":21.0,"key":"Explosive Potion"},{"floor":23.0,"key":"LiquidBronze"},{"floor":25.0,"key":"Dexterity Potion"},{"floor":28.0,"key":"PowerPotion"},{"floor":33,"key":"Regen Potion"},{"floor":35,"key":"Weak Potion"}],"is_trial":false,"path_per_floor":["M","?","M","?","M","E","R","E","T","M","M","R","M","M","R","B",null,"M","M","$","M","?","E","R","E","T","R","M","M","$","M","R","B",null,"M","$","M","$","M","R","M","E","T","R","E","M","R","?","R","B"],"character_chosen":"THE_SILENT","items_purchased":["Infinite Blades","Secret Weapon","Leg Sweep","Distraction","Nunchaku"],"campfire_rested":1,"item_purchase_floors":[20,20,20,30,36],"current_hp_per_floor":[63,38,38,38,38,4,25,26,26,30,38,38,38,38,38,38,62,45,45,45,42,80,71,71,51,51,51,34,33,33,44,44,13,63,43,43,47,47,53,71,74,80,80,80,64,74,94,94,94,0,0],"gold":229,"neow_bonus":"THREE_ENEMY_KILL","is_daily":false,"chose_seed":false,"campfire_upgraded":0,"win_rate":0.0,"timestamp":1613527589,"path_taken":["M","?","M","?","?","E","R","E","T","?","M","R","M","?","R","BOSS","M","?","$","M","?","E","R","E","T","R","?","M","$","M","R","BOSS","M","$","M","$","M","R","M","E","T","R","E","M","R","?","R","BOSS"],"items_purchased_type":["Card","Card","Card","Card","Relic"],"build_version":"2020-12-22","purchased_purges":1,"victory":false,"max_hp_per_floor":[70,70,70,70,70,70,70,70,70,70,70,70,70,70,70,70,70,70,70,70,70,80,80,80,80,80,80,80,80,80,80,80,80,80,80,80,80,80,80,80,80,80,80,80,80,80,94,94,94,94,94],"card_choices":[{"not_picked":["Dash","Prepared"],"picked":"Dagger Throw","floor":1.0},{"not_picked":["Skewer","Blur"],"picked":"Acrobatics","floor":3.0},{"not_picked":["Quick Slash","Underhanded Strike"],"picked":"Cloak And Dagger","floor":5.0},{"not_picked":["Reflex","Predator"],"picked":"Blade Dance","floor":6.0},{"not_picked":["Dagger Throw","Bane","Terror"],"picked":"SKIP","floor":8.0},{"not_picked":["Caltrops","Sucker Punch"],"picked":"Blur","floor":10.0},{"not_picked":["Deflect","Underhanded Strike","Expertise"],"picked":"SKIP","floor":11.0},{"not_picked":["Escape Plan","Sucker Punch"],"picked":"Blade Dance","floor":13.0},{"not_picked":["Setup","Die Die Die"],"picked":"Cloak And Dagger","floor":14.0},{"not_picked":["Bullet Time","A Thousand Cuts"],"picked":"After Image","floor":16.0},{"not_picked":["Deflect+1","PiercingWail+1"],"picked":"Concentrate+1","floor":18.0},{"not_picked":["Sucker Punch","Riddle With Holes+1"],"picked":"PiercingWail","floor":19.0},{"not_picked":["Underhanded Strike","Flying Knee"],"picked":"Dagger Throw","floor":21.0},{"not_picked":["Acrobatics","Bane"],"picked":"Glass Knife","floor":23.0},{"not_picked":["Heel Hook","Underhanded Strike+1"],"picked":"Outmaneuver+1","floor":25.0},{"not_picked":["Dagger Throw","Outmaneuver"],"picked":"Cloak And Dagger+1","floor":28.0},{"not_picked":["Dagger Spray+1","All Out Attack+1"],"picked":"Choke+1","floor":29.0},{"not_picked":["Outmaneuver","Flying Knee+1"],"picked":"Cloak And Dagger","floor":31.0},{"not_picked":["After Image+1","Envenom+1"],"picked":"Storm of Steel","floor":33},{"not_picked":["Slice","Poisoned Stab"],"picked":"Infinite Blades+1","floor":35},{"not_picked":["Slice+1","Noxious Fumes+1"],"picked":"Cloak And Dagger+1","floor":37},{"not_picked":["Dodge and Roll+1","Skewer"],"picked":"Infinite Blades+1","floor":39},{"not_picked":["Flechettes+1","Flying Knee+1","Eviscerate"],"picked":"SKIP","floor":41},{"not_picked":["All Out Attack","Escape Plan"],"picked":"Blur","floor":42},{"not_picked":["Outmaneuver","Poisoned Stab","Flying Knee+1"],"picked":"SKIP","floor":45},{"not_picked":["Backflip","Slice"],"picked":"Blade Dance","floor":46}],"player_experience":830405,"relics_obtained":[{"floor":6.0,"key":"Meat on the Bone"},{"floor":8.0,"key":"White Beast Statue"},{"floor":9.0,"key":"Shovel"},{"floor":12.0,"key":"Blue Candle"},{"floor":15.0,"key":"Akabeko"},{"floor":17.0,"key":"PreservedInsect"},{"floor":17.0,"key":"Gremlin Horn"},{"floor":17.0,"key":"Tingsha"},{"floor":23.0,"key":"Omamori"},{"floor":24.0,"key":"Frozen Egg 2"},{"floor":25.0,"key":"Bronze Scales"},{"floor":26.0,"key":"Bird Faced Urn"},{"floor":27.0,"key":"Blood Vial"},{"floor":32.0,"key":"Eternal Feather"},{"floor":40,"key":"Bottled Tornado"},{"floor":42,"key":"Ginger"},{"floor":43,"key":"Ornamental Fan"},{"floor":44,"key":"Du-Vu Doll"},{"floor":45,"key":"Bottled Flame"},{"floor":47,"key":"Mango"},{"floor":49,"key":"HornCleat"}],"event_choices":[{"damage_healed":0.0,"max_hp_gain":0.0,"max_hp_loss":0.0,"gold_gain":0.0,"event_name":"Scrap Ooze","player_choice":"Success","floor":2.0,"gold_loss":0.0,"damage_taken":25.0,"relics_obtained":["Dead Branch"]},{"damage_healed":0.0,"max_hp_gain":0.0,"max_hp_loss":0.0,"gold_gain":0.0,"event_name":"Upgrade Shrine","player_choice":"Upgraded","floor":4.0,"gold_loss":0.0,"damage_taken":0.0,"cards_upgraded":["Acrobatics"]},{"cards_removed":["After Image"],"damage_healed":28.0,"max_hp_gain":10.0,"max_hp_loss":0.0,"gold_gain":0.0,"event_name":"Bonfire Elementals","player_choice":"Offered Rare","floor":22.0,"gold_loss":0.0,"damage_taken":0.0},{"damage_healed":0,"gold_gain":0,"player_choice":"Upgraded","damage_taken":0,"max_hp_gain":0,"max_hp_loss":0,"event_name":"Upgrade Shrine","floor":48,"gold_loss":0,"cards_upgraded":["Storm of Steel"]}],"is_beta":false,"boss_relics":[{"not_picked":["Busted Crown","Cursed Key"],"picked":"Calling Bell"},{"not_picked":["Velvet Choker","Empty Cage"],"picked":"WristBlade"}],"items_purged_floors":[20],"is_endless":false,"potions_floor_spawned":[5,10,11,13,14,16,18,19,21,23,25,28,29,31,33,35,37,39,41,42,45,46],"killed_by":"Time Eater","ascension_level":7}}