{"host":"a7grckwa7u7mv02n","time":1613602158,"event":{"mods":["BaseMod","Downfall","Minty Spire (QoL Compilation)","Replay The Spire","StSLib","The Animator","The Servant 0.9.4"],"gold_per_floor":[99,110,16,28,38,54,54,54,79,79,94,125,326,338,358,461,461,161,171,43,63,163,263,263,263,327,327,477,377,112,137,150,247,247,247,266,9,24,74,109,133,149,149,149,159,172,200,218,231,231,231,231],"floor_reached":50,"language":"ENG","playtime":9545,"items_purged":[],"score":663,"play_id":"b0dcf900-d025-4aee-aa8b-76004363a55a","local_time":"20210217154918","is_ascension_mode":false,"campfire_choices":[{"floor":1,"key":"RECALL"},{"floor":8,"key":"REST"},{"floor":10,"key":"REST"},{"data":"Slimebound:SplitBruiser","floor":18,"key":"SMITH"},{"floor":25,"key":"REST"},{"floor":27,"key":"REST"},{"floor":44,"key":"REST"}],"circlet_count":0,"master_deck":["Slimebound:Strike_Slimebound","Slimebound:Strike_Slimebound","Slimebound:Strike_Slimebound","Slimebound:Tackle","Slimebound:Defend_Slimebound","Slimebound:Defend_Slimebound","Slimebound:Defend_Slimebound","Slimebound:Defend_Slimebound","Slimebound:Split","Slimebound:GoopSpray","Slimebound:Repurpose","Slimebound:SplitBruiser+1","Slimebound:SplitBruiser","Slimebound:LeechEnergy","Slimebound:Equalize","Slimebound:GoopTackle","Slimebound:RollThrough","Slimebound:Prepare","Slimebound:ForwardTackle","Slimebound:LeadByExample","Slimebound:PressTheAttack","Slimebound:FirmFortitude","Slimebound:PrepareCrush","Slimebound:HauntingLick","Slimebound:Nibble","Slimebound:FormOfPuddle","Slimebound:SlimeSpikes","Slimebound:SplitBruiser","Slimebound:LeadByExample","J.A.X.","Slimebound:RallyTheTroops","Slimebound:Repurpose","Slimebound:SplitLeeching+1","Slimebound:LivingWall+1","Slimebound:Chomp","Slimebound:Schlurp","Slimebound:Nibble","Slimebound:Prepare","Slimebound:Grow","Slimebound:Dissolve","Slimebound:GoopSpray+1","Slimebound:MinionMaster","Slimebound:GoopTackle+1","Slimebound:Teamwork","expansioncontent:DashGenerateEvil","Slimebound:Schlurp","Slimebound:Darklings","Slimebound:MegaLick+1","Slimebound:SlimeBarrage+1","Parasite","Slimebound:Chomp","Slimebound:BestDefense+1","Slimebound:SlimeBarrage","Slimebound:SlimeTap+1","Slimebound:ViciousTackle+1"],"relics":["Slimebound:AbsorbEndCombat","Quantum Egg","Replay:Wax Seal","Honey Jar","downfall:HeartBlessingRed","downfall:HeartBlessingGreen","downfall:HeartBlessingBlue","MutagenicStrength","downfall:CloakOfManyFaces","CultistMask","FaceOfCleric","NlothsMask","GremlinMask","SsserpentHead","WingedGreaves","Chameleon Ring","Garlic","Ring of Chaos","Mango","ClockworkSouvenir","Replay:WaspNest","Potion Belt","Blood Vial"],"acts_visited":["Exordium","TheCity","TheBeyond"],"potions_floor_usage":[6,9,11,14,16,16,22,23,28,33,33,36,38,43,46,46],"damage_taken":[{"damage":11,"enemies":"Jaw Worm","floor":2,"turns":3},{"damage":13,"enemies":"downfall:FleeingMerchant","floor":3,"turns":4},{"damage":4,"enemies":"Cultist","floor":4,"turns":3},{"damage":3,"enemies":"2 Louse","floor":5,"turns":2},{"damage":25,"enemies":"Large Slime","floor":6,"turns":3},{"damage":27,"enemies":"Gremlin Nob","floor":9,"turns":4},{"damage":0,"enemies":"Lots of Slimes","floor":11,"turns":3},{"damage":17,"enemies":"Replay:BlueRogue","floor":12,"turns":4},{"damage":9,"enemies":"3 Louse","floor":14,"turns":2},{"damage":9,"enemies":"Large Slime","floor":15,"turns":3},{"damage":15,"enemies":"DF_ARCHETYPE_STREAMLINE","floor":16,"turns":8},{"damage":4,"enemies":"Spheric Guardian","floor":19,"turns":3},{"damage":6,"enemies":"downfall:FleeingMerchant","floor":20,"turns":4},{"damage":13,"enemies":"Shell Parasite","floor":21,"turns":3},{"damage":52,"enemies":"downfall:Augmenter","floor":22,"turns":4},{"damage":19,"enemies":"downfall:FaceTrader","floor":23,"turns":5},{"damage":36,"enemies":"Shelled Parasite and Fungi","floor":26,"turns":4},{"damage":10,"enemies":"SI_SHIV_ARCHETYPE","floor":28,"turns":3},{"damage":6,"enemies":"downfall:FleeingMerchant","floor":30,"turns":4},{"damage":11,"enemies":"Book of Stabbing","floor":31,"turns":5},{"damage":0,"enemies":"Cultist and Chosen","floor":32,"turns":5},{"damage":40,"enemies":"WA_ARCHETYPE_CALM","floor":33,"turns":8},{"damage":6,"enemies":"3 Darklings","floor":36,"turns":4},{"damage":21,"enemies":"downfall:FleeingMerchant","floor":37,"turns":3},{"damage":20,"enemies":"3 Shapes","floor":38,"turns":4},{"damage":28,"enemies":"Nemesis","floor":40,"turns":7},{"damage":27,"enemies":"Spire Growth","floor":42,"turns":4},{"damage":26,"enemies":"Maw","floor":43,"turns":6},{"damage":10,"enemies":"Writhing Mass","floor":45,"turns":4},{"damage":4,"enemies":"4 Shapes","floor":46,"turns":5},{"damage":23,"enemies":"Giant Head","floor":47,"turns":7},{"damage":32,"enemies":"Sphere and 2 Shapes","floor":48,"turns":5},{"damage":29,"enemies":"Jaw Worm Horde","floor":49,"turns":6},{"damage":42,"enemies":"IC_BLOCK_ARCHETYPE","floor":50,"turns":2}],"seed_played":"8209085059433725699","potions_obtained":[{"floor":4,"key":"BlessingOfTheForge"},{"floor":5,"key":"EssenceOfSteel"},{"floor":6,"key":"Block Potion"},{"floor":9,"key":"FearPotion"},{"floor":12,"key":"Elixir"},{"floor":14,"key":"SpeedPotion"},{"floor":21,"key":"Slimebound:SlimedPotion"},{"floor":22,"key":"champ:CounterPotion"},{"floor":26,"key":"LiquidMemories"},{"floor":31,"key":"FearPotion"},{"floor":32,"key":"Slimebound:SlimyTonguePotion"},{"floor":35,"key":"sneckomod:MuddlingPotion"},{"floor":35,"key":"SneckoOil"},{"floor":38,"key":"FearPotion"},{"floor":42,"key":"SmokeBomb"},{"floor":45,"key":"Energy Potion"}],"is_trial":false,"path_per_floor":["R","M","$","M","M","M","T","R","E","R","M","E","?","M","M","B",null,"R","M","$","M","?","?","T","R","M","R","?","?","$","E","M","B",null,"R","M","$","M","?","E","T","M","M","R","M","M","E","M","M","B"],"character_chosen":"SLIMEBOUND","items_purchased":["Slimebound:SplitBruiser","Slimebound:LeechEnergy","Slimebound:Nibble","Slimebound:FormOfPuddle","Slimebound:Schlurp","Slimebound:Nibble","Slimebound:Prepare","Slimebound:Grow","expansioncontent:DashGenerateEvil","Mango","ClockworkSouvenir"],"campfire_rested":5,"item_purchase_floors":[3,3,20,20,30,30,30,30,37,37,37],"current_hp_per_floor":[71,62,55,53,52,35,35,56,31,52,52,45,17,8,1,2,71,81,77,73,62,26,11,11,35,10,34,35,93,90,90,96,63,97,97,96,90,73,73,50,50,28,11,46,39,46,40,23,11,0,0,0],"gold":231,"neow_bonus":"TEN_PERCENT_HP_BONUS","is_daily":false,"chose_seed":false,"campfire_upgraded":1,"win_rate":0.0,"timestamp":1613602158,"path_taken":["R","M","$","M","M","M","T","R","E","R","M","E","?","M","M","BOSS","R","M","?","?","?","?","T","R","?","R","?","?","$","E","M","BOSS","R","M","?","M","?","E","T","M","M","R","M","M","E","M","M","BOSS"],"items_purchased_type":["Card","Card","Card","Card","Card","Card","Card","Card","Card","Relic","Relic"],"build_version":"2020-12-22","purchased_purges":0,"victory":false,"max_hp_per_floor":[71,71,71,71,71,71,71,71,71,71,71,71,71,71,71,71,71,81,81,81,81,81,81,81,81,82,82,83,93,94,95,96,97,97,97,98,113,114,114,115,115,116,117,117,118,119,120,121,122,122,122,122],"card_choices":[{"not_picked":["Slimebound:SplitBruiser","Slimebound:SplitLeeching"],"picked":"Slimebound:GoopSpray","floor":2},{"not_picked":["Slimebound:Dissolve","Slimebound:SplitAcid"],"picked":"Slimebound:Repurpose","floor":3},{"not_picked":["Slimebound:SamplingLick","Slimebound:Chomp"],"picked":"Slimebound:Equalize","floor":4},{"not_picked":["Slimebound:FlameTackle","Slimebound:ItLooksTasty"],"picked":"Slimebound:GoopTackle","floor":5},{"not_picked":["Slimebound:ComboTackle","Slimebound:GoopTackle"],"picked":"Slimebound:MassRepurpose","floor":6},{"not_picked":["Slimebound:LevelUp","Slimebound:SlimeBrawl"],"picked":"Slimebound:RollThrough","floor":9},{"not_picked":["Slimebound:LeechEnergy","Slimebound:GoopTackle"],"picked":"Slimebound:Prepare","floor":11},{"not_picked":["Slimebound:Gluttony","Slimebound:FinishingTackle"],"picked":"Slimebound:ForwardTackle","floor":12},{"not_picked":["Slimebound:RollThrough","Slimebound:LeechingTouch"],"picked":"Slimebound:LeadByExample","floor":13},{"not_picked":["Slimebound:SamplingLick","Slimebound:RainOfGoop"],"picked":"Slimebound:PressTheAttack","floor":14},{"not_picked":["Slimebound:ItLooksTasty","Slimebound:ProtectTheBoss"],"picked":"Slimebound:FirmFortitude","floor":15},{"not_picked":["Slimebound:DouseInSlime","Slimebound:MassFeed"],"picked":"Slimebound:PrepareCrush","floor":16},{"not_picked":["Slimebound:GoopTackle","Slimebound:SplitAcid","Slimebound:LeechingTouch"],"picked":"Slimebound:GrowthPunch","floor":19},{"not_picked":["Slimebound:SlimeSpikes","Slimebound:GoopSpray","Slimebound:SplitLeeching+1"],"picked":"Slimebound:HauntingLick","floor":20},{"not_picked":["Slimebound:Dissolve","Slimebound:ComboTackle","Slimebound:RollThrough"],"picked":"Slimebound:SlimeSpikes","floor":21},{"not_picked":[],"picked":"J.A.X.","floor":22},{"not_picked":["Slimebound:FinishingTackle","Slimebound:RejuvenatingLick","Slimebound:SlimeBarrage"],"picked":"Slimebound:RallyTheTroops","floor":22},{"not_picked":["Slimebound:SplitAcid","Slimebound:HauntingLick","Slimebound:RollThrough"],"picked":"Slimebound:Repurpose","floor":23},{"not_picked":["Slimebound:PressTheAttack","Slimebound:AcidTongue","Slimebound:Grow"],"picked":"Slimebound:SplitLeeching+1","floor":26},{"not_picked":["Slimebound:SpikyOuterGoop","Slimebound:GrowthPunch","Slimebound:LeadByExample"],"picked":"Slimebound:LivingWall+1","floor":28},{"not_picked":["Slimebound:FirmFortitude","Slimebound:SlimeBrawl","Slimebound:Prepare"],"picked":"Slimebound:Chomp","floor":30},{"not_picked":["Slimebound:RejuvenatingLick+1","Slimebound:FinishingTackle","Slimebound:MassRepurpose"],"picked":"Slimebound:Dissolve","floor":31},{"not_picked":["Slimebound:LeechEnergy","Slimebound:SplitLeeching+1","Slimebound:SplitBruiser"],"picked":"Slimebound:GoopSpray+1","floor":32},{"not_picked":["Slimebound:SelfFormingGoo","Slimebound:MassFeed","Slimebound:SlimeSlap"],"picked":"Slimebound:MinionMaster","floor":33},{"not_picked":["Slimebound:PressTheAttack","Slimebound:Equalize","Slimebound:ItLooksTasty"],"picked":"Slimebound:GoopTackle+1","floor":36},{"not_picked":["Slimebound:SlimeBarrage+1","Slimebound:FinishingTackle+1","Slimebound:Equalize"],"picked":"Slimebound:Teamwork","floor":37},{"not_picked":["Slimebound:SlimeSpikes","Slimebound:SplitAcid","Slimebound:LeadByExample"],"picked":"Slimebound:Schlurp","floor":38},{"not_picked":["Slimebound:Chomp","Slimebound:Overexert","Slimebound:ItLooksTasty+1"],"picked":"Slimebound:MegaLick+1","floor":40},{"not_picked":["Slimebound:Prepare+1","Slimebound:SamplingLick+1","Slimebound:SlimeSpikes"],"picked":"Slimebound:SlimeBarrage+1","floor":42},{"not_picked":["Slimebound:SplitAcid","Slimebound:SamplingLick","Slimebound:LevelUp"],"picked":"Slimebound:Chomp","floor":45},{"not_picked":["Slimebound:RejuvenatingLick+1","Slimebound:HauntingLick+1","Slimebound:SamplingLick"],"picked":"Slimebound:BestDefense+1","floor":46},{"not_picked":["Slimebound:TongueLash+1","Slimebound:SplitAcid+1","Slimebound:SelfFormingGoo"],"picked":"Slimebound:SlimeBarrage","floor":47},{"not_picked":["Slimebound:Chomp+1","Slimebound:Prepare","Slimebound:Grow+1"],"picked":"Slimebound:SlimeTap+1","floor":48},{"not_picked":["Slimebound:ItLooksTasty+1","Slimebound:LeechEnergy","Slimebound:PressTheAttack"],"picked":"Slimebound:ViciousTackle+1","floor":49}],"player_experience":26186,"relics_obtained":[{"floor":9,"key":"Quantum Egg"},{"floor":12,"key":"Replay:Wax Seal"},{"floor":22,"key":"MutagenicStrength"},{"floor":23,"key":"downfall:CloakOfManyFaces"},{"floor":28,"key":"WingedGreaves"},{"floor":28,"key":"Chameleon Ring"},{"floor":31,"key":"Garlic"},{"floor":40,"key":"Replay:WaspNest"},{"floor":41,"key":"Potion Belt"},{"floor":47,"key":"Blood Vial"}],"event_choices":[],"is_beta":false,"boss_relics":[{"not_picked":["SacredBark","Velvet Choker"],"picked":"Honey Jar"},{"not_picked":["Fusion Hammer","Philosopher\u0027s Stone"],"picked":"Ring of Chaos"}],"items_purged_floors":[],"is_endless":false,"potions_floor_spawned":[4,5,6,9,12,14,21,22,26,31,32,38,42,43,45],"killed_by":"IC_BLOCK_ARCHETYPE","ascension_level":0}}