{"host":"wmojtwekh6s3tor5","time":1613534759,"event":{"mods":["BaseMod","Colored Map","Colored Powertips","DeckTracker","Highlight Path","Minty Spire (QoL Compilation)","StSLib"],"gold_per_floor":[113,113,113,126,4,38,38,38,84,119,139,139,156,10,10,10,10],"floor_reached":16,"language":"ZHS","playtime":636,"items_purged":["Strike_G","Defend_G"],"score":173,"play_id":"23c54f68-0847-4fcd-a889-573f1d805165","local_time":"20210217120559","is_ascension_mode":true,"campfire_choices":[{"data":"Deflect","floor":7.0,"key":"SMITH"},{"data":"Neutralize","floor":12.0,"key":"SMITH"},{"data":"Tactician","floor":15,"key":"SMITH"}],"circlet_count":0,"master_deck":["Strike_G","Strike_G","Strike_G","Strike_G","Defend_G","Defend_G","Defend_G","Defend_G","Survivor","Neutralize+1","Acrobatics","Poisoned Stab","Deflect+1","Tactician+1","Poisoned Stab"],"relics":["Ring of the Snake","NeowsBlessing","TungstenRod","Paper Crane","Anchor","Dream Catcher"],"acts_visited":["Exordium"],"potions_floor_usage":[],"damage_taken":[{"damage":0.0,"enemies":"Jaw Worm","floor":1.0,"turns":1.0},{"damage":0.0,"enemies":"Cultist","floor":4.0,"turns":1.0},{"damage":0.0,"enemies":"Gremlin Nob","floor":6.0,"turns":1.0},{"damage":28.0,"enemies":"Lagavulin","floor":10.0,"turns":8.0},{"damage":0.0,"enemies":"2 Louse","floor":11.0,"turns":3.0},{"damage":10,"enemies":"Exordium Thugs","floor":13,"turns":5},{"damage":27,"enemies":"The Guardian","floor":16,"turns":8}],"seed_played":"3391419647819494585","potions_obtained":[{"floor":1.0,"key":"DistilledChaos"}],"is_trial":false,"path_per_floor":["M","?","T","M","$","E","R","$","T","E","M","R","M","$","R","B"],"character_chosen":"THE_SILENT","items_purchased":["Poisoned Stab","Poisoned Stab"],"campfire_rested":0,"item_purchase_floors":[5,14],"current_hp_per_floor":[63,68,68,68,68,68,68,68,68,40,40,40,30,30,30,3,3],"gold":10,"neow_bonus":"THREE_ENEMY_KILL","is_daily":false,"chose_seed":false,"campfire_upgraded":3,"win_rate":0.0,"timestamp":1613534759,"path_taken":["M","?","?","?","$","E","R","?","T","E","?","R","M","$","R","BOSS"],"items_purchased_type":["Card","Card"],"build_version":"2020-12-22","purchased_purges":2,"victory":false,"max_hp_per_floor":[70,75,75,75,75,75,75,75,75,75,75,75,75,75,75,75,75],"card_choices":[{"not_picked":["Masterful Stab","Bane"],"picked":"Acrobatics","floor":1.0},{"not_picked":["Noxious Fumes","Footwork","Prepared"],"picked":"SKIP","floor":4.0},{"not_picked":["PiercingWail","Crippling Poison"],"picked":"Deflect","floor":6.0},{"not_picked":["Setup","Wraith Form v2","Backflip"],"picked":"SKIP","floor":10.0},{"not_picked":["Distraction","Flechettes","Quick Slash"],"picked":"SKIP","floor":11.0},{"not_picked":["Backflip","Accuracy"],"picked":"Tactician","floor":13}],"player_experience":655692,"relics_obtained":[{"floor":3.0,"key":"TungstenRod"},{"floor":6.0,"key":"Paper Crane"},{"floor":9.0,"key":"Anchor"},{"floor":10.0,"key":"Dream Catcher"}],"event_choices":[{"damage_healed":0.0,"max_hp_gain":5.0,"max_hp_loss":0.0,"gold_gain":0.0,"event_name":"Big Fish","player_choice":"Donut","floor":2.0,"gold_loss":0.0,"damage_taken":0.0}],"is_beta":false,"boss_relics":[],"items_purged_floors":[5,14],"is_endless":false,"potions_floor_spawned":[1],"killed_by":"The Guardian","ascension_level":6}}