{"host":"dh4nu8nelr2izibb","time":1613598204,"event":{"mods":["BaseMod","Better Skull","Better Third Choice","Card Filter","Card Forge","Curses Come First","Displayed Cursed Tome","HololiveMod","Marisa????????","Minty Spire (QoL Compilation)","Poor People Problems","Quick Restart","Relic Filter","Reliquary","StSLib","The Servant 0.9.4","WarShipGirlsR/????R mod","Yakumo Yukari mod"],"gold_per_floor":[118,133,153,45,55,55,74,109,157,182,182,182,182,182,182,255,255,269,287,287,287,212,240,240,240,240,240,240,267,287,231,231,310,310,323,323,323,341,361,391,403,425,437,449,479,23,33,361,361,361,361],"floor_reached":50,"language":"ENG","playtime":2127,"items_purged":["Strike_G"],"score":1321,"play_id":"e84f1063-6480-48bf-a140-4bd5f4f0a611","local_time":"20210217164324","is_ascension_mode":true,"campfire_choices":[{"floor":6.0,"key":"REST"},{"data":"Dagger Spray","floor":11.0,"key":"SMITH"},{"data":"Phantasmal Killer","floor":13.0,"key":"SMITH"},{"data":"After Image","floor":15.0,"key":"SMITH"},{"data":"Survivor","floor":24.0,"key":"SMITH"},{"data":"Quick Slash","floor":27.0,"key":"SMITH"},{"data":"Underhanded Strike","floor":32.0,"key":"SMITH"},{"data":"Riddle With Holes","floor":41.0,"key":"SMITH"},{"data":"Dagger Throw","floor":44.0,"key":"SMITH"},{"data":"Dagger Throw","floor":49.0,"key":"SMITH"}],"circlet_count":0,"master_deck":["AscendersBane","Strike_G","Defend_G","Defend_G","Defend_G","Defend_G","Survivor+1","Neutralize+1","Terror","Endless Agony","Dagger Spray+1","Dagger Throw+1","Quick Slash+1","Phantasmal Killer+1","Sucker Punch+1","Riddle With Holes+1","PiercingWail","Phantasmal Killer","Dagger Throw+1","Underhanded Strike+1","Backflip","Well Laid Plans","Blur+1"],"relics":["Ring of the Snake","Hammer of Thor","Seething Fire","Anvil of the Gods","Unceasing Top","reliquary:Spinner","Du-Vu Doll","FaceOfCleric","Velvet Choker","MutagenicStrength","Shuriken","reliquary:PrincelyHelmet","Dream Catcher","Black Star","Thread and Needle","MawBank","Turnip","reliquary:BoilingFlask","Old Coin","reliquary:ExpiredCoupon"],"acts_visited":["Exordium","TheCity","TheBeyond"],"potions_floor_usage":[50],"damage_taken":[{"damage":6.0,"enemies":"Cultist","floor":1.0,"turns":5.0},{"damage":1.0,"enemies":"Small Slimes","floor":2.0,"turns":6.0},{"damage":2.0,"enemies":"Jaw Worm","floor":3.0,"turns":6.0},{"damage":23.0,"enemies":"Gremlin Gang","floor":5.0,"turns":4.0},{"damage":4.0,"enemies":"2 Fungi Beasts","floor":7.0,"turns":4.0},{"damage":5.0,"enemies":"Gremlin Nob","floor":8.0,"turns":4.0},{"damage":0.0,"enemies":"Lagavulin","floor":10.0,"turns":5.0},{"damage":0.0,"enemies":"The Guardian","floor":16.0,"turns":8.0},{"damage":0.0,"enemies":"Spheric Guardian","floor":18.0,"turns":2.0},{"damage":7.0,"enemies":"3 Byrds","floor":19.0,"turns":4.0},{"damage":10.0,"enemies":"Gremlin Leader","floor":23.0,"turns":3.0},{"damage":12.0,"enemies":"Slavers","floor":29.0,"turns":6.0},{"damage":0.0,"enemies":"Centurion and Healer","floor":30.0,"turns":3.0},{"damage":41.0,"enemies":"Automaton","floor":33.0,"turns":8.0},{"damage":0.0,"enemies":"Orb Walker","floor":35.0,"turns":2.0},{"damage":0.0,"enemies":"3 Darklings","floor":38.0,"turns":2.0},{"damage":0.0,"enemies":"Maw","floor":39.0,"turns":4.0},{"damage":0.0,"enemies":"Giant Head","floor":40.0,"turns":4.0},{"damage":0.0,"enemies":"Jaw Worm Horde","floor":42.0,"turns":3.0},{"damage":20.0,"enemies":"4 Shapes","floor":45.0,"turns":7.0},{"damage":0.0,"enemies":"Maw","floor":47.0,"turns":4.0},{"damage":8.0,"enemies":"Nemesis","floor":48.0,"turns":5.0},{"damage":48,"enemies":"Time Eater","floor":50,"turns":11}],"seed_played":"-4183382137747656665","potions_obtained":[{"floor":1.0,"key":"FairyPotion"},{"floor":7.0,"key":"GhostInAJar"},{"floor":10.0,"key":"Poison Potion"},{"floor":16.0,"key":"FearPotion"},{"floor":23.0,"key":"Block Potion"},{"floor":38.0,"key":"FearPotion"},{"floor":39.0,"key":"Regen Potion"},{"floor":45.0,"key":"Fruit Juice"}],"is_trial":false,"path_per_floor":["M","M","M","$","M","R","M","E","T","E","R","?","R","?","R","B",null,"M","M","?","?","$","E","R","$","T","R","?","E","M","$","R","B",null,"M","?","$","M","M","E","R","M","T","R","M","$","M","E","R","B"],"character_chosen":"THE_SILENT","items_purchased":["Dagger Spray","Dagger Throw","Underhanded Strike","Backflip","Well Laid Plans","reliquary:BoilingFlask","Block Potion"],"campfire_rested":1,"item_purchase_floors":[4,4,31,46,46,46,46],"current_hp_per_floor":[53,52,50,50,27,46,42,37,37,37,37,37,37,37,37,38,60,61,55,55,55,55,46,46,46,46,46,46,35,36,36,36,22,60,61,84,84,85,86,87,87,88,88,88,74,74,75,68,68,20,20],"gold":361,"neow_bonus":"TRANSFORM_CARD","is_daily":false,"chose_seed":false,"campfire_upgraded":9,"win_rate":0.0,"timestamp":1613598204,"path_taken":["M","M","?","$","M","R","M","E","T","E","R","?","R","?","R","BOSS","M","M","?","?","$","E","R","$","T","R","?","E","?","?","R","BOSS","M","?","$","M","M","E","R","?","T","R","M","$","M","E","R","BOSS"],"items_purchased_type":["Card","Card","Card","Card","Card","Relic","Potion"],"build_version":"2020-12-22","purchased_purges":1,"victory":false,"max_hp_per_floor":[66,66,66,66,66,66,66,66,66,66,66,66,66,66,66,67,67,68,69,69,69,69,70,70,70,70,70,70,71,72,72,72,73,73,74,84,84,85,86,87,87,88,88,88,94,94,95,96,96,96,96],"card_choices":[{"not_picked":["Catalyst","Deadly Poison"],"picked":"Terror","floor":1.0},{"not_picked":["Caltrops","Dodge and Roll","Setup"],"picked":"SKIP","floor":2.0},{"not_picked":["Backflip","Bane"],"picked":"Endless Agony","floor":3.0},{"not_picked":["Prepared","Slice"],"picked":"Quick Slash","floor":5.0},{"not_picked":["Acrobatics","Slice"],"picked":"Phantasmal Killer","floor":7.0},{"not_picked":["Dagger Spray","Quick Slash"],"picked":"Sucker Punch","floor":8.0},{"not_picked":["PiercingWail","Slice"],"picked":"Riddle With Holes","floor":10.0},{"not_picked":["Flying Knee","Finisher","Well Laid Plans"],"picked":"SKIP","floor":18.0},{"not_picked":["Prepared","Outmaneuver","Skewer"],"picked":"SKIP","floor":19.0},{"not_picked":["Bane","Dagger Throw"],"picked":"PiercingWail","floor":23.0},{"not_picked":["Finisher+1","Catalyst"],"picked":"Dagger Throw","floor":29.0},{"not_picked":["Blur","Sucker Punch","Outmaneuver"],"picked":"SKIP","floor":30.0},{"not_picked":["Dagger Throw","Dagger Spray+1","Quick Slash"],"picked":"SKIP","floor":35.0},{"not_picked":["Quick Slash","Deadly Poison+1","Poisoned Stab"],"picked":"SKIP","floor":38.0},{"not_picked":["Heel Hook","Dagger Spray","Blade Dance"],"picked":"SKIP","floor":39.0},{"not_picked":["Flechettes","Bouncing Flask","Infinite Blades"],"picked":"SKIP","floor":40.0},{"not_picked":["Well Laid Plans","All Out Attack","Dodge and Roll"],"picked":"SKIP","floor":42.0},{"not_picked":["Underhanded Strike","Bullet Time","Masterful Stab"],"picked":"SKIP","floor":45.0},{"not_picked":["Sucker Punch","Expertise+1","Flying Knee+1"],"picked":"SKIP","floor":47.0},{"not_picked":["Quick Slash","Poisoned Stab"],"picked":"Blur+1","floor":48.0}],"player_experience":1182735,"relics_obtained":[{"floor":8.0,"key":"Unceasing Top"},{"floor":9.0,"key":"reliquary:Spinner"},{"floor":10.0,"key":"Du-Vu Doll"},{"floor":23.0,"key":"Shuriken"},{"floor":26.0,"key":"reliquary:PrincelyHelmet"},{"floor":29.0,"key":"Dream Catcher"},{"floor":40.0,"key":"Thread and Needle"},{"floor":40.0,"key":"MawBank"},{"floor":43.0,"key":"Turnip"},{"floor":48.0,"key":"Old Coin"},{"floor":48.0,"key":"reliquary:ExpiredCoupon"}],"event_choices":[{"damage_healed":0.0,"max_hp_gain":0.0,"max_hp_loss":0.0,"gold_gain":0.0,"event_name":"betterThird:BetterSerpent","player_choice":"Ignored","floor":12.0,"gold_loss":0.0,"damage_taken":182.0},{"damage_healed":0.0,"max_hp_gain":0.0,"max_hp_loss":0.0,"gold_gain":0.0,"event_name":"FaceTrader","player_choice":"Trade","floor":14.0,"gold_loss":0.0,"damage_taken":0.0,"relics_obtained":["FaceOfCleric"]},{"damage_healed":0.0,"max_hp_gain":0.0,"max_hp_loss":0.0,"gold_gain":0.0,"event_name":"Drug Dealer","player_choice":"Inject Mutagens","floor":20.0,"gold_loss":0.0,"damage_taken":0.0,"relics_obtained":["MutagenicStrength"]},{"damage_healed":0.0,"max_hp_gain":0.0,"max_hp_loss":0.0,"gold_gain":0.0,"event_name":"Cursed Tome","player_choice":"Ignored","floor":21.0,"gold_loss":0.0,"damage_taken":0.0},{"damage_healed":0.0,"max_hp_gain":0.0,"max_hp_loss":0.0,"gold_gain":0.0,"cards_transformed":["Strike_G"],"event_name":"Transmorgrifier","player_choice":"Transformed","floor":28.0,"gold_loss":0.0,"damage_taken":0.0,"cards_obtained":["Phantasmal Killer"]},{"cards_removed":["After Image"],"damage_healed":13.0,"max_hp_gain":10.0,"max_hp_loss":0.0,"gold_gain":0.0,"event_name":"Bonfire Elementals","player_choice":"Offered Rare","floor":36.0,"gold_loss":0.0,"damage_taken":0.0}],"is_beta":false,"boss_relics":[{"not_picked":["Hololive_TopUpMoneyS","reliquary:KinkedSpring"],"picked":"Velvet Choker"},{"not_picked":["Pandora\u0027s Box","Cursed Key"],"picked":"Black Star"}],"items_purged_floors":[22],"is_endless":false,"potions_floor_spawned":[1,7,10,16,23,30,38,39,42,45,47],"killed_by":"Time Eater","ascension_level":20}}