{"host":"ydh61a5ftgdajrbo","time":1613564183,"event":{"mods":["BaseMod","Colored Map","Colored Powertips","DeckTracker","Downfall","Hermit","Koishi","Minty Spire (QoL Compilation)","Prisma Mod","Relic Stats","Spire Arcade","StSLib","SuperFastMode","The Cursed","The Jungle","The Mystic","The Runesmith","The Senshi","The Servant 0.9.4"],"gold_per_floor":[119,269,7,82,82,82,111,124,151,151,170,170,170,201,201,278,278,296,296,182,198,198,225,245,245,271,287,307,323,323,342,342,342,342],"floor_reached":33,"language":"ZHS","playtime":1167,"items_purged":["downfall:Haunted"],"score":570,"play_id":"9bfb39ad-e023-436c-ad7a-5afb721015d6","local_time":"20210217201623","is_ascension_mode":true,"campfire_choices":[{"data":"Survivor","floor":6.0,"key":"SMITH"},{"floor":10.0,"key":"REST"},{"data":"Flying Knee","floor":12.0,"key":"SMITH"},{"data":"Leg Sweep","floor":15.0,"key":"SMITH"},{"floor":25.0,"key":"REST"},{"floor":32,"key":"REST"}],"circlet_count":0,"master_deck":["AscendersBane","Strike_G+1","Strike_G+1","Strike_G+1","Strike_G+1","Strike_G+1","Defend_G+1","Defend_G+1","Defend_G+1","Defend_G+1","Defend_G+1","Survivor+1","Neutralize+1","Blade Dance","Doubt","Flying Knee+1","Backstab","Blade Dance","downfall:Haunted","Leg Sweep+1","A Thousand Cuts","CurseOfTheBell","Terror+1","Blade Dance+1","Underhanded Strike+1","Underhanded Strike"],"relics":["Ring of the Snake","NeowsBlessing","StrikeDummy","Ginger","Toy Ornithopter","Darkstone Periapt","Bag of Marbles","Calling Bell","Anchor","White Beast Statue","Unceasing Top","Gambling Chip","sneckomod:BlankCard","Enchiridion"],"acts_visited":["Exordium","TheCity"],"potions_floor_usage":[33,33],"damage_taken":[{"damage":0.0,"enemies":"Jaw Worm","floor":1.0,"turns":1.0},{"damage":0.0,"enemies":"Gremlin Nob","floor":7.0,"turns":1.0},{"damage":0.0,"enemies":"2 Louse","floor":8.0,"turns":1.0},{"damage":0.0,"enemies":"Small Slimes","floor":11.0,"turns":1.0},{"damage":12.0,"enemies":"3 Sentries","floor":14.0,"turns":6.0},{"damage":21.0,"enemies":"Slime Boss","floor":16.0,"turns":10.0},{"damage":20.0,"enemies":"3 Byrds","floor":18.0,"turns":6.0},{"damage":1.0,"enemies":"2 Thieves","floor":21.0,"turns":3.0},{"damage":18.0,"enemies":"Gremlin Leader","floor":23.0,"turns":6.0},{"damage":15.0,"enemies":"Cultist and Chosen","floor":24.0,"turns":5.0},{"damage":0.0,"enemies":"Snake Plant","floor":27.0,"turns":2.0},{"damage":12.0,"enemies":"Shelled Parasite and Fungi","floor":28.0,"turns":4.0},{"damage":2.0,"enemies":"Centurion and Healer","floor":29.0,"turns":4.0},{"damage":0,"enemies":"Snake Plant","floor":31,"turns":2},{"damage":61,"enemies":"Champ","floor":33,"turns":11}],"seed_played":"2570236264868938186","potions_obtained":[{"floor":7.0,"key":"Block Potion"},{"floor":11.0,"key":"Swift Potion"},{"floor":14.0,"key":"GhostInAJar"},{"floor":18.0,"key":"Block Potion"},{"floor":23.0,"key":"EssenceOfSteel"},{"floor":24.0,"key":"SkillPotion"}],"is_trial":false,"path_per_floor":["M","?","$","?","?","R","E","M","T","R","M","R","?","E","R","B",null,"M","?","$","M","?","E","M","R","T","M","M","M","?","M","R","B"],"character_chosen":"THE_SILENT","items_purchased":["StrikeDummy","Terror"],"campfire_rested":3,"item_purchase_floors":[3,20],"current_hp_per_floor":[59,59,59,48,28,28,28,28,28,47,47,47,59,47,47,31,72,52,52,52,51,51,43,28,53,53,53,41,39,18,18,43,0,0],"gold":342,"neow_bonus":"THREE_ENEMY_KILL","is_daily":false,"chose_seed":false,"campfire_upgraded":3,"win_rate":0.0,"timestamp":1613564183,"path_taken":["M","?","$","?","?","R","E","M","T","R","M","R","?","E","R","BOSS","M","?","$","M","?","E","M","R","T","?","M","?","?","M","R","BOSS"],"items_purchased_type":["Relic","Card"],"build_version":"2020-12-22","purchased_purges":1,"victory":false,"max_hp_per_floor":[66,66,66,66,66,66,66,66,66,66,66,66,78,78,78,78,84,84,84,84,84,84,84,84,84,84,84,84,84,84,84,84,84,84],"relic_stats":{"Darkstone Periapt":18,"counters":[15,63],"Gambling Chip":[9],"Ginger":[13],"obtain_stats":[{"Darkstone Periapt":13,"NeowsBlessing":0,"sneckomod:BlankCard":26,"Enchiridion":30,"Ginger":7,"White Beast Statue":17,"Calling Bell":17,"Anchor":17,"Gambling Chip":23,"Bag of Marbles":14,"StrikeDummy":3,"Toy Ornithopter":9,"Unceasing Top":17,"Ring of the Snake":0},{"Darkstone Periapt":4,"NeowsBlessing":0,"sneckomod:BlankCard":10,"Enchiridion":13,"Ginger":2,"White Beast Statue":6,"Calling Bell":6,"Anchor":6,"Gambling Chip":9,"Bag of Marbles":5,"StrikeDummy":1,"Toy Ornithopter":3,"Unceasing Top":6,"Ring of the Snake":0},{"Darkstone Periapt":4,"NeowsBlessing":0,"sneckomod:BlankCard":40,"Enchiridion":50,"Ginger":2,"White Beast Statue":20,"Calling Bell":20,"Anchor":20,"Gambling Chip":35,"Bag of Marbles":10,"StrikeDummy":1,"Toy Ornithopter":3,"Unceasing Top":20,"Ring of the Snake":0}],"Toy Ornithopter":25,"Unceasing Top":[4],"Ring of the Snake":[30]},"card_choices":[{"not_picked":["Calculated Gamble","Infinite Blades"],"picked":"Blade Dance","floor":1.0},{"not_picked":["Bane","Heel Hook"],"picked":"Flying Knee","floor":7.0},{"not_picked":["Grand Finale","Calculated Gamble"],"picked":"Backstab","floor":8.0},{"not_picked":["Deadly Poison","Bouncing Flask"],"picked":"Blade Dance","floor":11.0},{"not_picked":["Tactician","Dagger Spray"],"picked":"Leg Sweep","floor":14.0},{"not_picked":["Venomology","Malaise"],"picked":"A Thousand Cuts","floor":16.0},{"not_picked":["Catalyst","Slice","Outmaneuver"],"picked":"SKIP","floor":18.0},{"not_picked":["Dagger Spray","Flechettes","Dodge and Roll+1"],"picked":"SKIP","floor":21.0},{"not_picked":["Masterful Stab","Storm of Steel","Slice"],"picked":"SKIP","floor":23.0},{"not_picked":["Quick Slash","Dagger Throw"],"picked":"Blade Dance+1","floor":24.0},{"not_picked":["Dagger Spray","Blade Dance"],"picked":"Underhanded Strike+1","floor":27.0},{"not_picked":["Deadly Poison","Distraction+1"],"picked":"Underhanded Strike","floor":28.0},{"not_picked":["Dagger Throw+1","Poisoned Stab","Deflect+1"],"picked":"SKIP","floor":29.0},{"not_picked":["Outmaneuver","Sucker Punch","Underhanded Strike"],"picked":"SKIP","floor":31}],"player_experience":404458,"relics_obtained":[{"floor":7.0,"key":"Ginger"},{"floor":9.0,"key":"Toy Ornithopter"},{"floor":14.0,"key":"Bag of Marbles"},{"floor":17.0,"key":"Anchor"},{"floor":17.0,"key":"White Beast Statue"},{"floor":17.0,"key":"Unceasing Top"},{"floor":23.0,"key":"Gambling Chip"},{"floor":26.0,"key":"sneckomod:BlankCard"},{"floor":30,"key":"Enchiridion"}],"event_choices":[{"damage_healed":0.0,"max_hp_gain":0.0,"max_hp_loss":0.0,"gold_gain":150.0,"event_name":"Liars Game","player_choice":"AGREE","floor":2.0,"gold_loss":0.0,"damage_taken":0.0,"cards_obtained":["Doubt"]},{"damage_healed":0.0,"max_hp_gain":0.0,"max_hp_loss":0.0,"gold_gain":75.0,"event_name":"World of Goop","player_choice":"Gather Gold","floor":4.0,"gold_loss":0.0,"damage_taken":11.0},{"damage_healed":0.0,"max_hp_gain":0.0,"max_hp_loss":0.0,"gold_gain":0.0,"event_name":"Shining Light","player_choice":"Entered Light","floor":5.0,"gold_loss":0.0,"damage_taken":20.0,"cards_upgraded":["Neutralize","Defend_G"]},{"damage_healed":0.0,"max_hp_gain":0.0,"max_hp_loss":0.0,"gold_gain":0.0,"event_name":"Back to Basics","player_choice":"Simplicity","floor":19.0,"gold_loss":0.0,"damage_taken":0.0,"cards_upgraded":["Strike_G","Strike_G","Strike_G","Strike_G","Strike_G","Defend_G","Defend_G","Defend_G","Defend_G"]},{"damage_healed":0.0,"max_hp_gain":0.0,"max_hp_loss":0.0,"gold_gain":0.0,"event_name":"Accursed Blacksmith","player_choice":"Forge","floor":22.0,"gold_loss":0.0,"damage_taken":0.0,"cards_upgraded":["Terror"]},{"damage_healed":0,"gold_gain":0,"player_choice":"Obtained Book","damage_taken":21,"max_hp_gain":0,"max_hp_loss":0,"event_name":"Cursed Tome","floor":30,"gold_loss":0}],"is_beta":false,"boss_relics":[{"not_picked":["Velvet Choker","sneckomod:SneckoTalon"],"picked":"Calling Bell"}],"items_purged_floors":[20],"is_endless":false,"potions_floor_spawned":[7,11,14,18,21,23,24,27,28,29,31],"killed_by":"Champ","ascension_level":18}}