{"host":"lstr3pesnbx2qpzo","time":1613595682,"event":{"mods":["Aspiration","BaseMod","Conspire","Downfall","Hubris","Infinite Spire","Minty Spire (QoL Compilation)","Replay The Spire","StSLib"],"gold_per_floor":[99,117,129,15,15,44,44,69,69,69,69,69],"floor_reached":10,"language":"ENG","playtime":473,"items_purged":["bronze:Strike"],"score":99,"play_id":"4b339d8a-c293-4050-a9a7-af295ad82fb8","local_time":"20210217140122","is_ascension_mode":false,"campfire_choices":[{"data":"bronze:Replicate","floor":1,"key":"SMITH"}],"circlet_count":0,"master_deck":["bronze:Strike","bronze:Strike","bronze:Strike","bronze:Defend","bronze:Defend","bronze:Defend","bronze:Defend","bronze:Replicate+1","bronze:Goto","bronze:Shell","bronze:Terminator+1","bronze:Branch","bronze:Boost"],"relics":["bronze:BronzeCore","infinitespire:Lucky Rock","Centennial Puzzle","Shovel","Lantern"],"acts_visited":["Exordium"],"potions_floor_usage":[],"damage_taken":[{"damage":1,"enemies":"Jaw Worm","floor":2,"turns":3},{"damage":5,"enemies":"Cultist","floor":3,"turns":4},{"damage":5,"enemies":"downfall:FleeingMerchant","floor":4,"turns":4},{"damage":0,"enemies":"Lagavulin","floor":6,"turns":7},{"damage":44,"enemies":"3 Sentries","floor":8,"turns":10},{"damage":16,"enemies":"Gremlin Nob","floor":10,"turns":3}],"seed_played":"14146887026137961","potions_obtained":[{"floor":6,"key":"LiquidBronze"}],"is_trial":false,"path_per_floor":["R","M","M","$","?","E","T","E","?","E"],"character_chosen":"THE_AUTOMATON","items_purchased":["bronze:Branch"],"campfire_rested":0,"item_purchase_floors":[4],"current_hp_per_floor":[70,69,64,59,59,59,59,15,15,0,0,0],"gold":69,"neow_bonus":"RANDOM_COMMON_RELIC","is_daily":false,"chose_seed":false,"campfire_upgraded":1,"win_rate":0.0,"timestamp":1613595682,"path_taken":["R","M","M","$","?","E","T","E","?","E"],"items_purchased_type":["Card"],"build_version":"2020-12-22","purchased_purges":1,"victory":false,"max_hp_per_floor":[70,70,70,70,70,70,70,70,70,70,70,70],"card_choices":[{"not_picked":["bronze:DigitalCarnage","bronze:Iterate"],"picked":"bronze:Shell","floor":2},{"not_picked":["bronze:Turbo","bronze:Overload"],"picked":"bronze:Terminator","floor":3},{"not_picked":["bronze:BronzeOrb","bronze:BugBarrage","bronze:Overheat"],"picked":"SKIP","floor":4},{"not_picked":["bronze:DelayedSlice","bronze:ClassDefault","bronze:BuggyMess"],"picked":"SKIP","floor":6},{"not_picked":["bronze:FineTuning","bronze:DelayedSlice"],"picked":"bronze:Boost","floor":8}],"player_experience":259443,"relics_obtained":[{"floor":6,"key":"Centennial Puzzle"},{"floor":7,"key":"Shovel"},{"floor":8,"key":"Lantern"}],"event_choices":[{"damage_healed":0,"gold_gain":0,"player_choice":"Disagree","damage_taken":0,"max_hp_gain":0,"max_hp_loss":0,"event_name":"conspire:LoneGhost","floor":5,"gold_loss":0}],"is_beta":false,"boss_relics":[],"items_purged_floors":[4],"is_endless":false,"potions_floor_spawned":[6],"killed_by":"Gremlin Nob","ascension_level":0}}