{"host":"j1lpsl3dsviy43h8","time":1613536155,"event":{"mods":["AchievementEnabler","BaseMod","BetterRewards","Card Forge","Duelist Mod","GifTheSpireLib","Minty Spire (QoL Compilation)","Shop Mod","StSLib","The Wild Card"],"gold_per_floor":[145,145,76,89,103,131,146,172,197,217,367,367,382,414,414,486,486,503,516,226,258,69,69,20,31,31,31,31,41,41,87,87,163,163,176,176,176,125,138,163,44,44,95,12,28,28,43,60,60,60],"floor_reached":51,"language":"ENG","playtime":2277,"items_purged":[],"score":1829,"play_id":"f4ff4193-09cf-4148-93f2-34826a00659f","local_time":"20210216232915","is_ascension_mode":true,"campfire_choices":[{"floor":12,"key":"REST"},{"floor":15,"key":"REST"},{"floor":23,"key":"REST"},{"floor":30,"key":"REST"},{"floor":32,"key":"REST"},{"floor":42,"key":"REST"},{"floor":49,"key":"REST"}],"circlet_count":0,"master_deck":["theDuelist:FangCritias+1","theDuelist:BabyDragon+1","theDuelist:SurvivalFittest+1","theDuelist:Nameless:Magic:ForbiddenLance+6","theDuelist:RedEyesZombie+1","theDuelist:GravityLash+1","theDuelist:CaveDragon+1","theDuelist:Nameless:Power:AssaultArmor+1","theDuelist:BlackBrutdrago+1","theDuelist:CyberDragonCore+1","theDuelist:CastleWalls+1","theDuelist:BoosterDragon+1","theDuelist:CoralDragon+1","Echo Form+1","theDuelist:SilverDragon+1","theDuelist:BlueEyesUltimate+1","theDuelist:MetalDragon+1","theDuelist:Nameless:War:BerserkerCrush+4","theDuelist:MirageDragon+1","theDuelist:MaskedDragon+1","theDuelist:TotemDragon+1","Mayhem+1","theDuelist:DefenseDraw+6","AscendersBane","theDuelist:CaveDragon+1","theDuelist:MirageDragon+1","theDuelist:WingedDragonRa+1","theDuelist:GuardragonJusticia+1","theDuelist:SliferSky+1","theDuelist:Sparks+1","theDuelist:TyrantWing+1","theDuelist:HymnOfLight+1","theDuelist:DarkHorus+1","theDuelist:EyeTimaeus+1","theDuelist:BerserkScales+1","theDuelist:MadFlameKaiju+1","Mayhem+1","theDuelist:MaskedDragon+1","theDuelist:CastleWalls+1","theDuelist:YamataDragon+1","theDuelist:FangCritias+1","theDuelist:ChimeratechOverdragon+1","theDuelist:TailSwipe+1","theDuelist:BerserkScales+1"],"relics":["theDuelist:MillenniumPuzzle","theDuelist:CardPoolRelic","theDuelist:CardPoolBasicRelic","theDuelist:BoosterPackPoolRelic","theDuelist:CardPoolAddRelic","theDuelist:CardPoolMinusRelic","theDuelist:CardPoolSaveRelic","theDuelist:CardPoolOptionsRelic","Hammer of Thor","Seething Fire","Anvil of the Gods","Boot","MealTicket","Red Skull","Centennial Puzzle","Happy Flower","Fusion Hammer","Sling","Red Mask","theDuelist:MillenniumArmor","theDuelist:ShopToken","Anchor","theDuelist:ArmorPlateB","Sundial","MerchantsRug","Bottled Tornado","Bag of Marbles","Vajra"],"acts_visited":["Exordium","TheCity","TheBeyond"],"potions_floor_usage":[6,21,33],"damage_taken":[{"damage":3,"enemies":"Small Slimes","floor":1,"turns":4},{"damage":0,"enemies":"Cultist","floor":4,"turns":2},{"damage":1,"enemies":"Jaw Worm","floor":5,"turns":3},{"damage":0,"enemies":"Gremlin Nob","floor":6,"turns":3},{"damage":1,"enemies":"2 Fungi Beasts","floor":7,"turns":3},{"damage":1,"enemies":"Lagavulin","floor":8,"turns":3},{"damage":10,"enemies":"Exordium Wildlife","floor":10,"turns":4},{"damage":0,"enemies":"Large Slime","floor":13,"turns":4},{"damage":0,"enemies":"Gremlin Nob","floor":14,"turns":3},{"damage":16,"enemies":"The Guardian","floor":16,"turns":6},{"damage":1,"enemies":"Shell Parasite","floor":18,"turns":2},{"damage":32,"enemies":"2 Thieves","floor":19,"turns":4},{"damage":33,"enemies":"Masked Bandits","floor":21,"turns":4},{"damage":0,"enemies":"Chosen and Byrds","floor":25,"turns":3},{"damage":7,"enemies":"Shelled Parasite and Fungi","floor":29,"turns":4},{"damage":0,"enemies":"Champ","floor":33,"turns":7},{"damage":0,"enemies":"3 Shapes","floor":35,"turns":3},{"damage":4,"enemies":"3 Darklings","floor":39,"turns":4},{"damage":40,"enemies":"Nemesis","floor":40,"turns":5},{"damage":26,"enemies":"4 Shapes","floor":45,"turns":3},{"damage":0,"enemies":"Maw","floor":47,"turns":4},{"damage":0,"enemies":"Writhing Mass","floor":48,"turns":2},{"damage":42,"enemies":"Time Eater","floor":50,"turns":9}],"seed_played":"8591345451948934663","potions_obtained":[{"floor":8,"key":"theDuelist:BigTributeBottle"},{"floor":29,"key":"EssenceOfSteel"},{"floor":33,"key":"theDuelist:BabyPotion"}],"is_trial":false,"path_per_floor":["M","?","$","M","M","E","M","E","T","M","?","R","M","E","R","B",null,"M","M","$","?","$","R","$","M","T","?","?","M","R","T","R","B",null,"M","?","?","$","M","E","$","R","T","?","M","$","M","M","R","B",null],"character_chosen":"THE_DUELIST","items_purchased":["Mayhem","theDuelist:RedEyesZombie","theDuelist:CardRewardRelicI","Boot","theDuelist:BlueEyesUltimate","theDuelist:TotemDragon","SkillPotion","CultistPotion","theDuelist:WingedDragonRa","Sling","theDuelist:ChimeratechOverdragon","theDuelist:BoosterDragon","theDuelist:MillenniumArmor","theDuelist:ShopToken","PowerPotion","MerchantsRug","Bottled Tornado"],"campfire_rested":7,"item_purchase_floors":[0,0,0,0,0,0,0,0,3,20,20,22,22,24,38,41,41],"current_hp_per_floor":[60,60,60,60,59,59,58,57,57,47,47,68,68,68,70,54,66,65,33,48,15,30,51,66,66,66,66,80,73,84,84,84,84,84,84,96,96,96,92,52,67,95,95,95,69,84,84,84,96,54],"gold":60,"neow_bonus":"","is_daily":false,"chose_seed":false,"campfire_upgraded":0,"win_rate":0.0,"timestamp":1613536155,"path_taken":["M","?","$","M","M","E","M","E","T","?","?","R","M","E","R","BOSS","M","M","$","?","$","R","$","M","T","?","?","M","R","?","R","BOSS","M","?","?","$","?","E","?","R","T","?","M","$","M","?","R","BOSS"],"items_purchased_type":["Card","Card","Relic","Relic","Card","Card","Potion","Potion","Card","Relic","Card","Card","Relic","Relic","Potion","Relic","Relic"],"build_version":"2020-12-22","purchased_purges":0,"victory":true,"max_hp_per_floor":[70,70,70,70,70,70,70,70,70,70,70,70,70,70,70,70,70,70,70,70,70,70,70,70,70,70,70,84,84,84,84,84,84,84,84,96,96,96,96,96,96,96,96,96,96,96,96,96,96,96],"card_choices":[{"not_picked":["theDuelist:TwinBarrelDragon","theDuelist:CyberDragonDrei","theDuelist:BabyDragon","theDuelist:Earthquake"],"picked":"theDuelist:GuardragonJusticia","floor":1},{"not_picked":["theDuelist:FrostflameDragon","theDuelist:CaveDragon","theDuelist:GoldSarcophagus"],"picked":"SKIP","floor":1},{"not_picked":["theDuelist:YamataDragon","theDuelist:BusterBlader","theDuelist:BlackPtera","theDuelist:MythicWaterDragon"],"picked":"theDuelist:MirageDragon","floor":4},{"not_picked":["theDuelist:CyberDragonVier","theDuelist:MegafleetDragon"],"picked":"theDuelist:MaskedDragon","floor":4},{"not_picked":["theDuelist:TyrantWing","theDuelist:SpiralSpearStrike+1","theDuelist:DragonShield+1","theDuelist:DefenseZone+1"],"picked":"theDuelist:DefenseDraw","floor":5},{"not_picked":["theDuelist:RedEyesZombie","theDuelist:DefenseZone"],"picked":"theDuelist:SilverDragon","floor":5},{"not_picked":["theDuelist:ViceDragon","theDuelist:Kabazauls","theDuelist:BlackStego","theDuelist:BlueEyesUltimate"],"picked":"theDuelist:DarkHorus","floor":6},{"not_picked":["theDuelist:TornadoDragon","theDuelist:FireDarts"],"picked":"theDuelist:FangCritias","floor":6},{"not_picked":["theDuelist:VeilDarkness+1","theDuelist:SpiralSpearStrike+1","theDuelist:SafeZone","theDuelist:FireDarts"],"picked":"theDuelist:TyrantWing","floor":7},{"not_picked":["theDuelist:BabyDragon","theDuelist:ClawHermos"],"picked":"theDuelist:MaskedDragon","floor":7},{"not_picked":["theDuelist:YamataDragon","theDuelist:Duoterion","theDuelist:Anthrosaurus","theDuelist:ExploderDragon"],"picked":"theDuelist:CoralDragon","floor":8},{"not_picked":["theDuelist:CloudianGhost","theDuelist:AtomicScrapDragon"],"picked":"theDuelist:MetalDragon","floor":8},{"not_picked":["theDuelist:ViceDragon","theDuelist:Freezadon","theDuelist:Anthrosaurus","theDuelist:DefenseZone","theDuelist:Duoterion"],"picked":"SKIP","floor":10},{"not_picked":["theDuelist:MiraculousDescent","theDuelist:ThreateningRoar","theDuelist:Vandalgyon"],"picked":"SKIP","floor":10},{"not_picked":["theDuelist:DarkHorus","theDuelist:BlackPtera","theDuelist:LavaDragon","theDuelist:BabyDragon","theDuelist:BlackVeloci"],"picked":"SKIP","floor":13},{"not_picked":["theDuelist:BabyDragon","theDuelist:TwinHeadedFire","theDuelist:ArtifactSanctum"],"picked":"SKIP","floor":13},{"not_picked":["theDuelist:CyberDragonNachster","theDuelist:Anthrosaurus","theDuelist:Earthquake","theDuelist:DarkHorus"],"picked":"theDuelist:MirageDragon","floor":14},{"not_picked":["theDuelist:SnowDragon","theDuelist:DefenseZone","theDuelist:SuperStridentBlaze"],"picked":"SKIP","floor":14},{"not_picked":["theDuelist:LostWorld","theDuelist:BlasterDragonInfernos"],"picked":"theDuelist:SurvivalFittest","floor":16},{"not_picked":["theDuelist:CyberDragonInfinity","theDuelist:ChimeratechOverdragon","theDuelist:ArmedProtectorDragon","theDuelist:GravityLash"],"picked":"theDuelist:BerserkScales","floor":16},{"not_picked":["theDuelist:YamataDragon","theDuelist:TwinBarrelDragon+1","theDuelist:MadSwordBeast","theDuelist:CyberDinosaur","theDuelist:Earthquake"],"picked":"SKIP","floor":18},{"not_picked":["theDuelist:AncientRules","theDuelist:ArtifactSanctum","theDuelist:BlackStego+1"],"picked":"SKIP","floor":18},{"not_picked":["theDuelist:CurseDragon+1","theDuelist:DefenseZone"],"picked":"theDuelist:BlackBrutdrago","floor":19},{"not_picked":["theDuelist:Beatraptor","theDuelist:FrostflameDragon","theDuelist:CurseDragon","theDuelist:Earthquake","theDuelist:ScrapIronScarecrow+1"],"picked":"SKIP","floor":19},{"not_picked":["theDuelist:YamataDragon+1","theDuelist:BusterBlader","theDuelist:Duoterion","theDuelist:CyberEltanin"],"picked":"theDuelist:CyberDragonCore","floor":21},{"not_picked":["theDuelist:DefenseDraw","theDuelist:TyrantWing","theDuelist:Sparks","theDuelist:SurvivalFittest"],"picked":"theDuelist:FangCritias","floor":25},{"not_picked":["theDuelist:CurseDragon","theDuelist:DragonRavine+1","theDuelist:Duoterion+1"],"picked":"SKIP","floor":25},{"not_picked":["theDuelist:TwinBarrelDragon","theDuelist:CyberDragonCore","theDuelist:CyberDragonVier","theDuelist:CloudianGhost"],"picked":"theDuelist:EyeTimaeus","floor":29},{"not_picked":["theDuelist:CyberneticRevolution+1","theDuelist:BlackStego+1"],"picked":"theDuelist:HymnOfLight","floor":29},{"not_picked":["theDuelist:DefensiveTactics","theDuelist:WingedDragonRa"],"picked":"theDuelist:SliferSky","floor":33},{"not_picked":["theDuelist:StardustDragon","theDuelist:Scapegoat","theDuelist:LostWorld","theDuelist:ArmedProtectorDragon"],"picked":"theDuelist:BerserkScales","floor":33},{"not_picked":["theDuelist:Frostosaurus+1","theDuelist:Destroyersaurus+1","theDuelist:BlackStego","theDuelist:BlackPtera"],"picked":"theDuelist:MadFlameKaiju+1","floor":35},{"not_picked":["theDuelist:Freezadon+1","theDuelist:CyberValley","theDuelist:InfernityDoomDragon"],"picked":"SKIP","floor":35},{"not_picked":["theDuelist:ViceDragon","theDuelist:MaskedDragon","theDuelist:LesserDragon+1","theDuelist:Beatraptor","theDuelist:BlackBrutdrago"],"picked":"SKIP","floor":39},{"not_picked":["theDuelist:SystemDown+1","theDuelist:DefenseZone","theDuelist:ScrapIronScarecrow"],"picked":"SKIP","floor":39},{"not_picked":["theDuelist:StardustDragon","theDuelist:QueenDragunDjinn","theDuelist:BlasterDragonInfernos","theDuelist:ArmedProtectorDragon+1"],"picked":"theDuelist:GravityLash+1","floor":40},{"not_picked":["theDuelist:BackupSoldier","theDuelist:BlueEyesUltimate","theDuelist:SurvivalFittest"],"picked":"SKIP","floor":40},{"not_picked":["theDuelist:TwinHeadedFire+1","theDuelist:BlackBrutdrago+1","theDuelist:SafeZone","theDuelist:CyberDragonCore","theDuelist:Destroyersaurus"],"picked":"SKIP","floor":45},{"not_picked":["theDuelist:DarkfireDragon","theDuelist:DefenseZone","theDuelist:GalaxyTyranno"],"picked":"SKIP","floor":45},{"not_picked":["theDuelist:MadSwordBeast","theDuelist:Hydrogeddon","theDuelist:DarkHorus","theDuelist:Beatraptor","theDuelist:BlackPtera"],"picked":"SKIP","floor":47},{"not_picked":["theDuelist:InfernityDoomDragon","theDuelist:SafeZone","theDuelist:MadFlameKaiju"],"picked":"SKIP","floor":47},{"not_picked":["theDuelist:BusterBlader","theDuelist:RedRisingDragon+1","theDuelist:Freezadon","theDuelist:MoltenDestruction","theDuelist:LordD"],"picked":"SKIP","floor":48},{"not_picked":["theDuelist:GalaxySoldier","theDuelist:WhiteHowling","theDuelist:FrostflameDragon"],"picked":"SKIP","floor":48}],"player_experience":353009,"relics_obtained":[{"floor":6,"key":"MealTicket"},{"floor":8,"key":"Red Skull"},{"floor":9,"key":"Centennial Puzzle"},{"floor":14,"key":"Happy Flower"},{"floor":21,"key":"Red Mask"},{"floor":26,"key":"theDuelist:WhiteBowlRelic"},{"floor":31,"key":"Anchor"},{"floor":40,"key":"theDuelist:ArmorPlateB"},{"floor":40,"key":"Sundial"},{"floor":43,"key":"Bag of Marbles"}],"event_choices":[{"cards_removed":["theDuelist:Sparks"],"damage_healed":0,"gold_gain":0,"player_choice":"Offered Basic","damage_taken":0,"max_hp_gain":0,"max_hp_loss":0,"event_name":"Bonfire Elementals","floor":2,"gold_loss":0},{"damage_healed":0,"gold_gain":150,"player_choice":"AGREE","damage_taken":0,"max_hp_gain":0,"max_hp_loss":0,"event_name":"Liars Game","floor":11,"gold_loss":0,"cards_obtained":["Doubt"]},{"damage_healed":0,"gold_gain":0,"player_choice":"Fought Bandits","damage_taken":0,"max_hp_gain":0,"max_hp_loss":0,"event_name":"Masked Bandits","floor":21,"gold_loss":0},{"damage_healed":0,"gold_gain":0,"player_choice":"Simplicity","damage_taken":0,"max_hp_gain":0,"max_hp_loss":0,"event_name":"Back to Basics","floor":27,"gold_loss":0,"cards_upgraded":[]},{"power_reward":4,"total_magic_score":131,"gold_gain":0,"duelist":true,"damage_taken":0,"relics_obtained":[],"points":18,"war_reward":4,"max_hp_gain":14,"max_hp_loss":0,"spent_points":{"magic":4,"greed":0,"war":4,"power":4,"hunger":4},"event_name":"Nameless Tomb","hunger_reward":4,"floor":28,"gold_loss":0,"magic_reward":4,"cards_obtained":["theDuelist:Nameless:Magic:ForbiddenLance","theDuelist:Nameless:Power:AssaultArmor","theDuelist:Nameless:War:BerserkerCrush"]},{"power_reward":4,"total_magic_score":131,"gold_gain":0,"duelist":true,"damage_taken":0,"relics_obtained":[],"points":18,"war_reward":4,"max_hp_gain":14,"max_hp_loss":0,"spent_points":{"magic":4,"greed":0,"war":4,"power":4,"hunger":4},"event_name":"Nameless Tomb","hunger_reward":4,"floor":28,"gold_loss":0,"magic_reward":4,"cards_obtained":["theDuelist:Nameless:Magic:ForbiddenLance","theDuelist:Nameless:Power:AssaultArmor","theDuelist:Nameless:War:BerserkerCrush"]},{"power_reward":4,"total_magic_score":131,"gold_gain":0,"duelist":true,"damage_taken":0,"relics_obtained":[],"points":18,"war_reward":4,"max_hp_gain":14,"max_hp_loss":0,"spent_points":{"magic":4,"greed":0,"war":4,"power":4,"hunger":4},"event_name":"Nameless Tomb","hunger_reward":4,"floor":28,"gold_loss":0,"magic_reward":4,"cards_obtained":["theDuelist:Nameless:Magic:ForbiddenLance","theDuelist:Nameless:Power:AssaultArmor","theDuelist:Nameless:War:BerserkerCrush"]},{"power_reward":4,"total_magic_score":131,"gold_gain":0,"duelist":true,"damage_taken":0,"relics_obtained":[],"points":18,"war_reward":4,"max_hp_gain":14,"max_hp_loss":0,"spent_points":{"magic":4,"greed":0,"war":4,"power":4,"hunger":4},"event_name":"Nameless Tomb","hunger_reward":4,"floor":28,"gold_loss":0,"magic_reward":4,"cards_obtained":["theDuelist:Nameless:Magic:ForbiddenLance","theDuelist:Nameless:Power:AssaultArmor","theDuelist:Nameless:War:BerserkerCrush"]},{"damage_healed":0,"gold_gain":0,"player_choice":"Break - +12 Max HP","duelist":true,"damage_taken":0,"max_hp_gain":0,"max_hp_loss":0,"event_name":"Tomb of the Nameless","floor":36,"gold_loss":0},{"damage_healed":0,"gold_gain":0,"player_choice":"Copied","damage_taken":0,"max_hp_gain":0,"max_hp_loss":0,"event_name":"Duplicator","floor":37,"gold_loss":0,"cards_obtained":["Mayhem"]},{"damage_healed":0,"gold_gain":0,"player_choice":"Paid Gold","damage_taken":0,"relics_obtained":["Vajra"],"max_hp_gain":0,"max_hp_loss":0,"event_name":"WeMeetAgain","floor":44,"gold_loss":83}],"is_beta":false,"boss_relics":[{"not_picked":["Snecko Eye","Mark of Pain"],"picked":"Fusion Hammer"},{"not_picked":["theDuelist:ElectricKey","Sozu"],"picked":"Black Star"}],"items_purged_floors":[],"is_endless":false,"potions_floor_spawned":[1,5,8,13,14,29,33,40,47],"ascension_level":15}}