{"host":"8p5c6x4qt9411139","time":1613536663,"event":{"mods":["Aspiration","BaseMod","BetterRewards","Friendly Minions","Hubris","Infinite Spire","Minty Spire (QoL Compilation)","Quick Restart","Relic Stats","Replay The Spire","Shop Mod","StSLib","The Jungle"],"gold_per_floor":[114,124,135,35,35,35,63,63,87,87,103,103,138,164,184,184,289,289,304,496,496,505,532,532,567,567,593,593,692,692,42,80,95,95,190,217,235,90,90,114,123,152,152,166,166,166,181,181,181,196,196,196,196],"floor_reached":54,"language":"ENG","playtime":2050,"items_purged":["Strike_R","Defend_R","Strike_R","Strike_R"],"score":1408,"play_id":"931cfa91-11b5-45ed-bda3-109563d340c5","local_time":"20210216203743","is_ascension_mode":true,"campfire_choices":[{"data":"Searing Blow","floor":6.0,"key":"SMITH"},{"data":"Searing Blow+1","floor":8.0,"key":"SMITH"},{"data":"Searing Blow+2","floor":12.0,"key":"SMITH"},{"data":"Searing Blow+3","floor":16.0,"key":"SMITH"},{"data":"infinitespire:TheBestDefense","floor":24.0,"key":"SMITH"},{"data":"Searing Blow+4","floor":26.0,"key":"SMITH"},{"data":"Searing Blow+5","floor":28.0,"key":"SMITH"},{"data":"Searing Blow+6","floor":34.0,"key":"SMITH"},{"data":"hubris:ReadiedAction","floor":43,"key":"SMITH"},{"data":"Searing Blow+7","floor":48,"key":"SMITH"},{"data":"Searing Blow+8","floor":52,"key":"SMITH"}],"circlet_count":0,"master_deck":["AscendersBane","Defend_R","Defend_R","Bash+1","Searing Blow+9","Pommel Strike","Flex","Dropkick+1","hubris:ReadiedAction+1","Demonic Infusion","Feed","infinitespire:TheBestDefense+1","Metallicize+1","infinitespire:TheBestDefense+1","Pot Of Greed","Pot Of Greed","ReplayTheSpireMod:Stacked","Exhume+1","Reckless Charge+1","Havoc+1","infinitespire:SevenWalls"],"relics":["Burning Blood","Bag of Marbles","aspiration:HummingbirdHeart","aspiration:Lifesprig","Whetstone","infinitespire:BottledMercury","CeramicFish","Coffee Dripper","MutagenicStrength","aspiration:ChemicalBlood","hubris:IronBody","Tiny Chest","Toy Ornithopter","DollysMirror","Grinning Jar","Matryoshka","Ancient Tea Set","Astrolabe","PreservedInsect","hubris:Icosahedron","Juzu Bracelet","Lantern","hubris:64BitClover","Oddly Smooth Stone","Pen Nib","Blue Candle","MealTicket","hubris:Backtick","hubris:TinFlute"],"acts_visited":["Exordium","TheCity","TheBeyond"],"potions_floor_usage":[44,50,51,53],"damage_taken":[{"damage":1.0,"enemies":"Jaw Worm","floor":1.0,"turns":3.0},{"damage":0.0,"enemies":"2 Louse","floor":2.0,"turns":3.0},{"damage":4.0,"enemies":"Small Slimes","floor":3.0,"turns":2.0},{"damage":36.0,"enemies":"Lagavulin","floor":7.0,"turns":4.0},{"damage":3.0,"enemies":"3 Louse","floor":11.0,"turns":2.0},{"damage":8.0,"enemies":"Gremlin Nob","floor":13.0,"turns":3.0},{"damage":0.0,"enemies":"Large Slime","floor":14.0,"turns":4.0},{"damage":2.0,"enemies":"Red Slaver","floor":15.0,"turns":3.0},{"damage":38.0,"enemies":"The Guardian","floor":17.0,"turns":6.0},{"damage":0.0,"enemies":"2 Thieves","floor":19.0,"turns":2.0},{"damage":9.0,"enemies":"3 Byrds","floor":23.0,"turns":5.0},{"damage":40.0,"enemies":"Gremlin Leader","floor":25.0,"turns":5.0},{"damage":0.0,"enemies":"Book of Stabbing","floor":32.0,"turns":5.0},{"damage":0.0,"enemies":"Snake Plant","floor":33.0,"turns":1.0},{"damage":0.0,"enemies":"Automaton","floor":35.0,"turns":9.0},{"damage":0.0,"enemies":"3 Darklings","floor":37.0,"turns":5.0},{"damage":5.0,"enemies":"R_Hoarder","floor":42.0,"turns":5.0},{"damage":12,"enemies":"3 Shapes","floor":44,"turns":3},{"damage":0,"enemies":"Spire Growth","floor":47,"turns":2},{"damage":24,"enemies":"4 Shapes","floor":50,"turns":4},{"damage":16,"enemies":"Donu and Deca","floor":53,"turns":11}],"seed_played":"-3838865524300843787","potions_obtained":[{"floor":1.0,"key":"Dexterity Potion"},{"floor":2.0,"key":"SkillPotion"},{"floor":7.0,"key":"FearPotion"},{"floor":17.0,"key":"SteroidPotion"},{"floor":25.0,"key":"SteroidPotion"},{"floor":33.0,"key":"Dexterity Potion"},{"floor":35.0,"key":"SteroidPotion"},{"floor":42.0,"key":"DuplicationPotion"}],"is_trial":false,"path_per_floor":["M","M","M","$","?","R","E","R","T","T","M","R","E","M","M","R","B",null,"M","?","?","AVR","M","R","E","R","T","R","?","T","$","E","M","R","B",null,"M","$","?","T","?","E","R","M","T","T","M","R","AVR","M","?","R","B",null],"character_chosen":"IRONCLAD","items_purchased":["Bag of Marbles","aspiration:HummingbirdHeart","Searing Blow","Pommel Strike","DollysMirror","Grinning Jar","Matryoshka","PreservedInsect"],"campfire_rested":0,"item_purchase_floors":[0,0,0,0,31,31,31,38],"current_hp_per_floor":[61,67,69,69,69,69,39,39,39,39,42,42,40,46,50,50,18,65,71,51,51,51,51,51,17,17,17,17,17,17,17,23,34,34,45,74,80,80,80,80,60,65,65,67,67,67,76,76,76,69,93,93,85],"gold":196,"neow_bonus":"","is_daily":false,"chose_seed":false,"campfire_upgraded":11,"win_rate":0.0,"timestamp":1613536663,"path_taken":["M","M","M","$","?","R","E","R","T","T","M","R","E","M","M","R","BOSS","M","?","?","AVR","M","R","E","R","T","R","?","?","$","E","M","R","BOSS","M","$","?","?","?","E","R","M","T","T","M","R","AVR","M","?","R","BOSS"],"items_purchased_type":["Relic","Relic","Card","Card","Relic","Relic","Relic","Relic"],"build_version":"2020-12-22","purchased_purges":4,"victory":true,"max_hp_per_floor":[80,80,80,80,80,80,80,80,80,80,80,80,80,80,80,80,80,80,80,80,80,80,83,83,83,83,83,83,83,83,83,83,83,83,83,83,83,83,83,83,83,83,83,86,86,86,89,89,89,95,95,95,95],"relic_stats":{"counters":[21,87],"CeramicFish":108,"Astrolabe":["Exhume","Reckless Charge","Havoc"],"Blue Candle":[2],"PreservedInsect":1939,"Pen Nib":[2],"Juzu Bracelet":3,"Whetstone":["Bash","Dropkick"],"Burning Blood":126,"Tiny Chest":3,"MealTicket":0,"obtain_stats":[{"infinitespire:BottledMercury":10,"aspiration:Lifesprig":7,"Lantern":40,"CeramicFish":13,"Juzu Bracelet":40,"Whetstone":9,"Ancient Tea Set":32,"Burning Blood":0,"Matryoshka":31,"hubris:Icosahedron":39,"hubris:Backtick":49,"DollysMirror":31,"Tiny Chest":27,"MealTicket":49,"hubris:IronBody":25,"hubris:TinFlute":49,"aspiration:ChemicalBlood":22,"hubris:64BitClover":42,"Astrolabe":36,"Blue Candle":46,"Oddly Smooth Stone":45,"PreservedInsect":38,"Pen Nib":45,"aspiration:HummingbirdHeart":0,"Pondfish Scales":0,"MutagenicStrength":21,"Bag of Marbles":0,"Coffee Dripper":18,"Grinning Jar":31,"Toy Ornithopter":30},{"infinitespire:BottledMercury":4,"aspiration:Lifesprig":4,"Lantern":16,"CeramicFish":6,"Juzu Bracelet":16,"Whetstone":4,"Ancient Tea Set":13,"Burning Blood":0,"Matryoshka":12,"hubris:Icosahedron":16,"hubris:Backtick":19,"DollysMirror":12,"Tiny Chest":12,"MealTicket":19,"hubris:IronBody":12,"hubris:TinFlute":19,"aspiration:ChemicalBlood":10,"hubris:64BitClover":17,"Astrolabe":15,"Blue Candle":18,"Oddly Smooth Stone":18,"PreservedInsect":16,"Pen Nib":18,"aspiration:HummingbirdHeart":0,"Pondfish Scales":0,"MutagenicStrength":10,"Bag of Marbles":0,"Coffee Dripper":9,"Grinning Jar":12,"Toy Ornithopter":12},{"infinitespire:BottledMercury":12,"aspiration:Lifesprig":12,"Lantern":62,"CeramicFish":17,"Juzu Bracelet":62,"Whetstone":12,"Ancient Tea Set":47,"Burning Blood":0,"Matryoshka":42,"hubris:Icosahedron":62,"hubris:Backtick":72,"DollysMirror":42,"Tiny Chest":42,"MealTicket":72,"hubris:IronBody":42,"hubris:TinFlute":72,"aspiration:ChemicalBlood":32,"hubris:64BitClover":67,"Astrolabe":57,"Blue Candle":70,"Oddly Smooth Stone":70,"PreservedInsect":62,"Pen Nib":70,"aspiration:HummingbirdHeart":0,"Pondfish Scales":0,"MutagenicStrength":32,"Bag of Marbles":0,"Coffee Dripper":30,"Grinning Jar":42,"Toy Ornithopter":42}],"Toy Ornithopter":27},"card_choices":[{"not_picked":["Cleave","Perfected Strike"],"picked":"Flex","floor":1.0},{"not_picked":["Seeing Red","Armaments"],"picked":"Dropkick","floor":2.0},{"not_picked":["Anger","Heavy Blade","Havoc"],"picked":"SKIP","floor":3.0},{"not_picked":["Replay:Many Hands","Body Slam"],"picked":"hubris:ReadiedAction","floor":7.0},{"not_picked":["Heavy Blade","hubris:CleavingFinish","Body Slam"],"picked":"SKIP","floor":11.0},{"not_picked":["Intimidate","Flex","Thunderclap"],"picked":"SKIP","floor":13.0},{"not_picked":["Wild Strike","hubris:ReadiedAction"],"picked":"Demonic Infusion","floor":14.0},{"not_picked":["ReplayTheSpireMod:Muscle Training","Infernal Blade","ReplayReversal"],"picked":"SKIP","floor":15.0},{"not_picked":["Exhume","Bludgeon"],"picked":"Feed","floor":17.0},{"not_picked":["Fire Breathing","Spot Weakness","Replay:Undeath\u0027s Touch"],"picked":"SKIP","floor":19.0},{"not_picked":["Clash","Warcry+1"],"picked":"Metallicize+1","floor":23.0},{"not_picked":["Exhume","hubris:CleavingFinish","Shockwave"],"picked":"SKIP","floor":25.0},{"not_picked":["Burning Pact","Heavy Blade"],"picked":"ReplayTheSpireMod:Stacked","floor":32.0},{"not_picked":["Wild Strike+1","Searing Blow","Twin Strike"],"picked":"SKIP","floor":33.0},{"not_picked":["Armaments","Flex","Sentinel"],"picked":"SKIP","floor":37.0},{"not_picked":["infinitespire:Oblivion","infinitespire:TheBestDefense"],"picked":"infinitespire:SevenWalls","floor":41.0},{"not_picked":["Infernal Blade+1","Replay:Undeath\u0027s Touch+1","Cleave+1"],"picked":"SKIP","floor":42.0},{"not_picked":["Life Link+1","True Grit","Havoc+1"],"picked":"SKIP","floor":44},{"not_picked":["Reckless Charge","Body Slam","Demonic Infusion"],"picked":"SKIP","floor":47},{"not_picked":["Warcry","Replay:Undeath\u0027s Touch","Abandon+1"],"picked":"SKIP","floor":50}],"player_experience":431267,"relics_obtained":[{"floor":7.0,"key":"aspiration:Lifesprig"},{"floor":9.0,"key":"Whetstone"},{"floor":10.0,"key":"infinitespire:BottledMercury"},{"floor":13.0,"key":"CeramicFish"},{"floor":25.0,"key":"hubris:IronBody"},{"floor":27.0,"key":"Tiny Chest"},{"floor":30.0,"key":"Toy Ornithopter"},{"floor":32.0,"key":"Ancient Tea Set"},{"floor":40.0,"key":"Juzu Bracelet"},{"floor":40.0,"key":"Lantern"},{"floor":42.0,"key":"hubris:64BitClover"},{"floor":45,"key":"Oddly Smooth Stone"},{"floor":45,"key":"Pen Nib"},{"floor":46,"key":"Blue Candle"}],"event_choices":[{"damage_healed":0.0,"max_hp_gain":0.0,"max_hp_loss":0.0,"gold_gain":0.0,"event_name":"Drug Dealer","player_choice":"Inject Mutagens","floor":21.0,"gold_loss":0.0,"damage_taken":0.0,"relics_obtained":["MutagenicStrength"]},{"damage_healed":0.0,"max_hp_gain":0.0,"max_hp_loss":0.0,"gold_gain":99.0,"event_name":"Nest","player_choice":"Stole From Cult","floor":29.0,"gold_loss":0.0,"damage_taken":0.0},{"damage_healed":0,"gold_gain":0,"player_choice":"Bought 0 Potions","damage_taken":0,"max_hp_gain":0,"max_hp_loss":0,"event_name":"The Woman in Blue","floor":51,"gold_loss":0}],"is_beta":false,"boss_relics":[{"not_picked":["hubris:ScarierMask","ReplayTheSpireMod:DimensionalGlitch"],"picked":"Coffee Dripper"},{"not_picked":["Electric Blood","Fusion Hammer"],"picked":"Astrolabe"}],"items_purged_floors":[0,4,22,31],"is_endless":false,"potions_floor_spawned":[1,2,7,13,17,25,32,33,35,37,44],"ascension_level":12}}