{"host":"hk6dyp3pgs92n0l4","time":1613577531,"event":{"mods":["AchievementEnabler","BaseMod","Colored Powertips","GifTheSpireLib","Infinite Spire","Minty Spire (QoL Compilation)","Random Character Mod","StSLib","The Bug Knight","The Construct","The Cursed","The Disciple","The Hierophant","The Runesmith"],"gold_per_floor":[113,127,127,52,52,78,91,91,141,171,171,199,19,30,30,135,135,151,163,180,191,191,223,67,102,125,152,163,163,163,187,187,288,288,301,301,319,333,36,36,48,75,121,121,140,157,157,175,175,275,275,287,287,287,299,306,306,313,313,361,367,379,392,365,365,365,430,430,436,432,425,425,421,421,412,412],"floor_reached":75,"language":"ENG","playtime":4378,"items_purged":["Strike_B","Strike_B"],"score":1445,"play_id":"be4068e6-e7b9-4c34-b8c1-6594f6a1cce1","local_time":"20210217075851","is_ascension_mode":true,"campfire_choices":[{"data":"Barrage","floor":8.0,"key":"SMITH"},{"data":"Coolheaded","floor":11.0,"key":"SMITH"},{"data":"Barrage","floor":15.0,"key":"SMITH"},{"floor":29.0,"key":"REST"},{"data":"Creative AI","floor":32.0,"key":"SMITH"},{"data":"Barrage","floor":40.0,"key":"SMITH"},{"data":"Defragment","floor":44.0,"key":"SMITH"},{"floor":49.0,"key":"REST"},{"data":"Rainbow","floor":57,"key":"SMITH"},{"data":"White Noise","floor":59,"key":"SMITH"},{"floor":66,"key":"DIG"},{"floor":74,"key":"RECALL"}],"circlet_count":0,"master_deck":["Strike_B","Strike_B","Defend_B","Defend_B","Defend_B","Defend_B","Zap","Dualcast","Barrage+1","Barrage+1","Coolheaded+1","Defragment+1","Static Discharge","Coolheaded","Creative AI+1","Barrage+1","Stack+1","Chill","Rainbow+1","Decay","Chaos+1","Ball Lightning+1","Machine Learning","CurseOfTheBell","Tempest","White Noise+1","Cold Snap","Sweeping Beam","infinitespire:Gouge","Electrodynamics","Barrage+1"],"relics":["Cracked Core","NeowsBlessing","infinitespire:Freezer","infinitespire:WardingShard","Centennial Puzzle","CaptainsWheel","Velvet Choker","TungstenRod","Strawberry","Pear","Oddly Smooth Stone","MealTicket","Happy Flower","construct:WeddingRing","FossilizedHelix","Thread and Needle","Runesmith:AutoHammer","Calling Bell","Smiling Mask","InkBottle","Ginger","HollowMod:StagPassRelic","Art of War","Shovel","Odd Mushroom","infinitespire:ShieldingShard","infinitespire:Satchel","Black Star"],"acts_visited":["Exordium","TheCity","TheBeyond","TheCity"],"potions_floor_usage":[61,62,64,64,67],"damage_taken":[{"damage":0.0,"enemies":"Small Slimes","floor":1.0,"turns":1.0},{"damage":0.0,"enemies":"Jaw Worm","floor":2.0,"turns":1.0},{"damage":0.0,"enemies":"Lagavulin","floor":6.0,"turns":1.0},{"damage":0.0,"enemies":"Cultist","floor":7.0,"turns":3.0},{"damage":4.0,"enemies":"Gremlin Nob","floor":10.0,"turns":3.0},{"damage":8.0,"enemies":"Lagavulin","floor":12.0,"turns":5.0},{"damage":3.0,"enemies":"Looter","floor":14.0,"turns":2.0},{"damage":12.0,"enemies":"Slime Boss","floor":16.0,"turns":11.0},{"damage":14.0,"enemies":"Shell Parasite","floor":18.0,"turns":4.0},{"damage":0.0,"enemies":"Spheric Guardian","floor":19.0,"turns":4.0},{"damage":10.0,"enemies":"Cultist and Chosen","floor":20.0,"turns":6.0},{"damage":12.0,"enemies":"Snake Plant","floor":21.0,"turns":4.0},{"damage":9.0,"enemies":"HollowMod:Nosk","floor":23.0,"turns":9.0},{"damage":7.0,"enemies":"Nightmare","floor":25.0,"turns":7.0},{"damage":18.0,"enemies":"Slavers","floor":27.0,"turns":6.0},{"damage":5.0,"enemies":"3 Cultists","floor":28.0,"turns":5.0},{"damage":12.0,"enemies":"Champ","floor":33.0,"turns":7.0},{"damage":13.0,"enemies":"3 Darklings","floor":35.0,"turns":6.0},{"damage":18.0,"enemies":"3 Shapes","floor":37.0,"turns":4.0},{"damage":32.0,"enemies":"Transient","floor":38.0,"turns":5.0},{"damage":10.0,"enemies":"Writhing Mass","floor":41.0,"turns":8.0},{"damage":29.0,"enemies":"Reptomancer","floor":42.0,"turns":9.0},{"damage":14.0,"enemies":"Sphere and 2 Shapes","floor":45.0,"turns":6.0},{"damage":0.0,"enemies":"Maw","floor":46.0,"turns":8.0},{"damage":0.0,"enemies":"Spire Growth","floor":48.0,"turns":5.0},{"damage":28.0,"enemies":"Time Eater","floor":50.0,"turns":10.0},{"damage":0,"enemies":"2 Louse","floor":52,"turns":2},{"damage":0,"enemies":"Small Slimes","floor":54,"turns":3},{"damage":0,"enemies":"Cultist","floor":55,"turns":3},{"damage":0,"enemies":"2 Fungi Beasts","floor":56,"turns":3},{"damage":0,"enemies":"3 Sentries","floor":58,"turns":5},{"damage":0,"enemies":"3 Louse","floor":61,"turns":3},{"damage":3,"enemies":"Lagavulin","floor":62,"turns":5},{"damage":3,"enemies":"The Mushroom Lair","floor":63,"turns":3},{"damage":109,"enemies":"Nightmare","floor":64,"turns":11},{"damage":0,"enemies":"The Guardian","floor":67,"turns":7},{"damage":14,"enemies":"3 Byrds","floor":69,"turns":3},{"damage":0,"enemies":"Chosen","floor":70,"turns":4},{"damage":6,"enemies":"Snecko","floor":71,"turns":5},{"damage":11,"enemies":"Snake Plant","floor":72,"turns":4},{"damage":59,"enemies":"Shelled Parasite and Fungi","floor":73,"turns":4},{"damage":21,"enemies":"Book of Stabbing","floor":75,"turns":2}],"seed_played":"2354928875480604140","potions_obtained":[{"floor":7.0,"key":"PowerPotion"},{"floor":14.0,"key":"BlessingOfTheForge"},{"floor":16.0,"key":"Strength Potion"},{"floor":25.0,"key":"DuplicationPotion"},{"floor":27.0,"key":"Dexterity Potion"},{"floor":28.0,"key":"Regen Potion"},{"floor":38.0,"key":"EssenceOfDarkness"},{"floor":41.0,"key":"DuplicationPotion"},{"floor":42.0,"key":"LiquidBronze"},{"floor":46.0,"key":"Energy Potion"},{"floor":50.0,"key":"Fire Potion"},{"floor":52,"key":"CultistPotion"},{"floor":56,"key":"FairyPotion"},{"floor":61,"key":"EssenceOfSteel"},{"floor":63,"key":"PotionOfCapacity"},{"floor":65,"key":"PotionOfCapacity"},{"floor":65,"key":"SteroidPotion"},{"floor":65,"key":"FearPotion"},{"floor":67,"key":"SkillPotion"},{"floor":72,"key":"LiquidBronze"}],"is_trial":false,"path_per_floor":["M","M","?","$","?","E","M","R","T","E","R","E","$","M","R","B",null,"M","M","M","M","?","E","$","NM","T","E","M","R","?","T","R","B",null,"M","?","M","M","$","R","M","E","T","R","M","M","?","M","R","B",null,"M","?","M","M","M","R","E","R","T","M","E","?","NM","?","R","B",null,"M","M","M","M","M","R","E"],"character_chosen":"DEFECT","items_purchased":["Static Discharge","Strawberry","FossilizedHelix"],"campfire_rested":2,"item_purchase_floors":[13,24,39],"current_hp_per_floor":[75,75,68,68,75,75,75,75,75,71,71,63,63,60,60,48,75,61,61,51,39,39,30,37,40,40,22,17,44,74,74,74,62,92,79,79,61,44,59,59,49,20,20,20,6,6,6,6,33,5,92,92,97,97,97,97,97,97,97,97,97,94,91,29,29,29,29,97,83,83,77,66,7,7,0,0],"gold":412,"neow_bonus":"THREE_ENEMY_KILL","is_daily":false,"chose_seed":false,"campfire_upgraded":8,"win_rate":0.0,"timestamp":1613577531,"path_taken":["M","M","?","$","?","E","?","R","T","E","R","E","$","M","R","BOSS","M","M","M","M","?","E","?","NM","T","E","M","R","?","?","R","BOSS","M","?","M","M","$","R","?","E","T","R","M","?","?","M","R","BOSS","M","?","M","M","M","R","E","R","T","M","E","?","NM","?","R","BOSS","M","?","M","M","M","R","E"],"items_purchased_type":["Card","Relic","Relic"],"build_version":"2020-12-22","purchased_purges":2,"victory":false,"max_hp_per_floor":[75,75,75,75,75,75,75,75,75,75,75,75,75,75,75,75,75,75,75,75,75,75,75,82,92,92,92,92,92,92,92,92,92,92,92,92,92,92,92,92,92,92,92,92,92,92,92,92,92,92,92,92,97,97,97,97,97,97,97,97,97,97,97,97,97,97,97,97,97,97,97,97,97,97,97,97],"card_choices":[{"not_picked":["Turbo","Leap"],"picked":"Barrage","floor":1.0},{"not_picked":["Compile Driver","Aggregate"],"picked":"Barrage","floor":2.0},{"not_picked":["Leap","Hologram","Sweeping Beam"],"picked":"SKIP","floor":6.0},{"not_picked":["Auto Shields","Rebound","Force Field"],"picked":"SKIP","floor":7.0},{"not_picked":["Barrage","Scrape"],"picked":"Coolheaded","floor":10.0},{"not_picked":["Gash","Leap"],"picked":"Defragment","floor":12.0},{"not_picked":["Rebound","Go for the Eyes"],"picked":"Coolheaded","floor":14.0},{"not_picked":["Amplify","Reboot"],"picked":"Creative AI","floor":16.0},{"not_picked":["Reprogram","Compile Driver"],"picked":"Barrage","floor":18.0},{"not_picked":["Melter","Turbo"],"picked":"Stack+1","floor":19.0},{"not_picked":["Go for the Eyes","Turbo","Coolheaded"],"picked":"SKIP","floor":20.0},{"not_picked":["Hello World","Coolheaded","Stack"],"picked":"SKIP","floor":21.0},{"not_picked":["Leap","Multi-Cast","Meteor Strike"],"picked":"SKIP","floor":23.0},{"not_picked":["Conserve Battery","Hello World+1"],"picked":"Chill","floor":25.0},{"not_picked":["Hello World+1","Stack","Buffer"],"picked":"SKIP","floor":27.0},{"not_picked":["Conserve Battery","Streamline","Hologram"],"picked":"SKIP","floor":28.0},{"not_picked":["Thunder Strike","Seek"],"picked":"Rainbow","floor":33.0},{"not_picked":["Rip and Tear","Streamline+1","Compile Driver"],"picked":"SKIP","floor":35.0},{"not_picked":["Sunder+1","Beam Cell+1"],"picked":"Chaos+1","floor":37.0},{"not_picked":["Gash+1","Steam+1","Stack"],"picked":"SKIP","floor":38.0},{"not_picked":["Go for the Eyes","Beam Cell+1","Compile Driver"],"picked":"SKIP","floor":41.0},{"not_picked":["Turbo","Genetic Algorithm","Scrape"],"picked":"SKIP","floor":42.0},{"not_picked":["Turbo+1","All For One"],"picked":"Ball Lightning+1","floor":45.0},{"not_picked":["Gash","Consume+1","Stack+1"],"picked":"SKIP","floor":46.0},{"not_picked":["Compile Driver+1","Steam Power","Steam+1"],"picked":"SKIP","floor":48.0},{"not_picked":["Core Surge","Multi-Cast"],"picked":"Machine Learning","floor":50.0},{"not_picked":["Conserve Battery","Recycle","Turbo"],"picked":"SKIP","floor":52},{"not_picked":["Tempest","Go for the Eyes","Aggregate"],"picked":"SKIP","floor":54},{"not_picked":["Go for the Eyes","Aggregate"],"picked":"Tempest","floor":54},{"not_picked":["Beam Cell","Steam"],"picked":"White Noise","floor":55},{"not_picked":["Rebound","Gash"],"picked":"Cold Snap","floor":56},{"not_picked":["Electrodynamics","Chaos"],"picked":"Sweeping Beam","floor":58},{"not_picked":["Doom and Gloom","Compile Driver","Steam"],"picked":"SKIP","floor":61},{"not_picked":["Cold Snap","Force Field","Buffer"],"picked":"SKIP","floor":62},{"not_picked":["infinitespire:Fortify","infinitespire:Punishment"],"picked":"infinitespire:Gouge","floor":64},{"not_picked":["Auto Shields","Doom and Gloom","Recycle"],"picked":"SKIP","floor":64},{"not_picked":["Creative AI","Core Surge"],"picked":"Electrodynamics","floor":67},{"not_picked":["Fusion","Streamline","Coolheaded+1"],"picked":"SKIP","floor":69},{"not_picked":["Melter+1","Barrage","Chaos"],"picked":"SKIP","floor":70},{"not_picked":["Conserve Battery","Doom and Gloom+1","Steam"],"picked":"SKIP","floor":71},{"not_picked":["Coolheaded","Redo+1"],"picked":"Barrage+1","floor":72},{"not_picked":["Rebound","Reinforced Body","Go for the Eyes+1"],"picked":"SKIP","floor":73}],"player_experience":143695,"relics_obtained":[{"floor":6.0,"key":"infinitespire:WardingShard"},{"floor":10.0,"key":"Centennial Puzzle"},{"floor":12.0,"key":"CaptainsWheel"},{"floor":23.0,"key":"TungstenRod"},{"floor":25.0,"key":"Pear"},{"floor":26.0,"key":"Oddly Smooth Stone"},{"floor":27.0,"key":"MealTicket"},{"floor":31.0,"key":"Happy Flower"},{"floor":42.0,"key":"Thread and Needle"},{"floor":43.0,"key":"Runesmith:AutoHammer"},{"floor":51.0,"key":"Smiling Mask"},{"floor":51.0,"key":"InkBottle"},{"floor":51.0,"key":"Ginger"},{"floor":58,"key":"HollowMod:StagPassRelic"},{"floor":60,"key":"Art of War"},{"floor":62,"key":"Shovel"},{"floor":63,"key":"Odd Mushroom"},{"floor":64,"key":"infinitespire:ShieldingShard"},{"floor":66,"key":"infinitespire:Satchel"}],"event_choices":[{"damage_healed":0.0,"max_hp_gain":0.0,"max_hp_loss":0.0,"gold_gain":0.0,"event_name":"Scrap Ooze","player_choice":"Success","floor":3.0,"gold_loss":0.0,"damage_taken":7.0,"relics_obtained":["infinitespire:Freezer"]},{"damage_healed":7.0,"max_hp_gain":0.0,"max_hp_loss":0.0,"gold_gain":0.0,"event_name":"Wheel of Change","player_choice":"Full Heal","floor":5.0,"gold_loss":0.0,"damage_taken":0.0},{"damage_healed":30.0,"max_hp_gain":0.0,"max_hp_loss":0.0,"gold_gain":0.0,"event_name":"The Library","player_choice":"Heal","floor":30.0,"gold_loss":0.0,"damage_taken":0.0},{"damage_healed":0.0,"max_hp_gain":0.0,"max_hp_loss":0.0,"gold_gain":0.0,"event_name":"Wheel of Change","player_choice":"Cursed","floor":36.0,"gold_loss":0.0,"damage_taken":0.0,"cards_obtained":["Decay"]},{"damage_healed":0,"gold_gain":0,"player_choice":"Donut","damage_taken":0,"max_hp_gain":5,"max_hp_loss":0,"event_name":"Big Fish","floor":53,"gold_loss":0},{"damage_healed":0,"gold_gain":0,"player_choice":"Fought Mushrooms","damage_taken":0,"max_hp_gain":0,"max_hp_loss":0,"event_name":"Mushrooms","floor":63,"gold_loss":0},{"damage_healed":0,"gold_gain":0,"player_choice":"Got Potions","damage_taken":0,"max_hp_gain":0,"max_hp_loss":0,"event_name":"Lab","floor":65,"gold_loss":0}],"is_beta":false,"boss_relics":[{"not_picked":["Snecko Eye","Runic Dome"],"picked":"Velvet Choker"},{"not_picked":["Coffee Dripper","construct:ClawGrip"],"picked":"construct:WeddingRing"},{"not_picked":["Cursed Key","SlaversCollar"],"picked":"Calling Bell"},{"not_picked":["Runic Dome","Pandora\u0027s Box"],"picked":"Black Star"}],"items_purged_floors":[4,13],"is_endless":true,"potions_floor_spawned":[7,14,16,19,23,25,27,28,38,41,42,46,50,52,56,61,63,67,69,72],"killed_by":"Book of Stabbing","ascension_level":2}}