{"host":"vdohis8gfezcjpr9","time":1613576206,"event":{"mods":["2.2 Compatiblity","Abigail Mod","Act Like it!","BaseMod","BetterRewards","Colored Powertips","Custom Start","Friendly Minions","Gensokyo","Kiyohime£¨?ýï£©","Koishi","Marisa£¨Ùöéë¡¡Øª×âÞÞ£©","Minty Spire (QoL Compilation)","Permanent Neow","Prisma Mod","Rare Cards Sparkle","Reimu£¨ÚÏ???£©","Shop Mod","StSLib","Swap Starting Deck Mod","The Animator"],"gold_per_floor":[118,132,132,132,57,57,70,70,70,70,86,86,54,89,89,190,190,205,105,105,122,138,138,70,70,70,70,70,70,144,176,176,278,328,347,365,365,365,365,365,411,411,438,438,448,448,448,448,448,448],"floor_reached":51,"language":"KOR","playtime":3031,"items_purged":["Strike_Lin:ReiMu","Strike_Lin:ReiMu"],"score":1029,"play_id":"1a858ae2-79f2-4271-acf9-6ec9986111df","local_time":"20210218003646","is_ascension_mode":true,"campfire_choices":[{"floor":6,"key":"RECALL"},{"floor":10,"key":"REST"},{"floor":12,"key":"REST"},{"floor":15,"key":"REST"},{"floor":23,"key":"REST"},{"data":"MikOfLucky:ReiMu","floor":25,"key":"SMITH"},{"floor":32,"key":"REST"},{"data":"SubAcupoint:ReiMu","floor":40,"key":"SMITH"},{"data":"CardOfSanctity:ReiMu","floor":42,"key":"SMITH"},{"data":"SubAcupoint:ReiMu","floor":44,"key":"SMITH"},{"data":"CleanRite:ReiMu","floor":46,"key":"SMITH"},{"data":"Meditation:ReiMu","floor":49,"key":"SMITH"}],"circlet_count":0,"master_deck":["Strike_Lin:ReiMu+1","Strike_Lin:ReiMu","Defend_Lin:ReiMu","Defend_Lin:ReiMu","Defend_Lin:ReiMu","Defend_Lin:ReiMu","NB:ReiMu","Stagnation:ReiMu+1","SubAcupoint:ReiMu+1","TightArray:ReiMu+1","OctopathBindingBorder2:ReiMu","SubAcupoint:ReiMu+1","CareerPray:ReiMu","Meditation:ReiMu+1","Amulet:ReiMu","ShadowOfCrow2:ReiMu","CleanRite:ReiMu+1","TakeOff:ReiMu","CardOfSanctity:ReiMu+1","AirStrike:ReiMu","Meditation:ReiMu+1","MikOfLucky:ReiMu+1","Shame","UpKicking:ReiMu+1","SubcavityFantasy:ReiMu+1","Gensokyo:ShootingStar","LovePray:ReiMu","SafetyPray:ReiMu+1","Meditation:ReiMu+1","UniversalSpiritual:ReiMu+1"],"relics":["ShineYinYang:ReiMu","Medical Kit","Mastiff:ReiMu","Mercury Hourglass","Bag of Marbles","Nunchaku","Gensokyo:CelestialsFlawlessClothing","Shuriken","Matryoshka","Tiny Chest","Gensokyo:RedStar","BodyOfKamiR:ReiMu","Bronze Scales","Question Card","Tiny House","Lantern","Regal Pillow","Gensokyo:DualWield"],"acts_visited":["Gensokyo:Gensokyo","Gensokyo:Gensokyoer","Gensokyo:Gensokyoest"],"potions_floor_usage":[16,18,21,33,35,50],"damage_taken":[{"damage":0,"enemies":"Gensokyo:Gryphon","floor":1,"turns":4},{"damage":0,"enemies":"Gensokyo:2_Kodama","floor":2,"turns":3},{"damage":0,"enemies":"Gensokyo:3_Fairies","floor":7,"turns":4},{"damage":7,"enemies":"Gensokyo:LivingMonolith","floor":11,"turns":4},{"damage":0,"enemies":"Gensokyo:Aya","floor":14,"turns":5},{"damage":16,"enemies":"Gensokyo:Yukari","floor":16,"turns":9},{"damage":17,"enemies":"Gensokyo:CosmicMonolith","floor":18,"turns":7},{"damage":6,"enemies":"Gensokyo:3_Dogs","floor":21,"turns":5},{"damage":19,"enemies":"Gensokyo:Wraith","floor":22,"turns":7},{"damage":15,"enemies":"Gensokyo:Koishi","floor":31,"turns":6},{"damage":24,"enemies":"Gensokyo:Kaguya","floor":33,"turns":10},{"damage":0,"enemies":"Gensokyo:3_Bats","floor":35,"turns":1},{"damage":15,"enemies":"Gensokyo:3_Boulders","floor":36,"turns":5},{"damage":3,"enemies":"Gensokyo:Dusk_and_Dawn","floor":45,"turns":7},{"damage":90,"enemies":"Gensokyo:Dusk_and_Dawn","floor":47,"turns":11},{"damage":31,"enemies":"Gensokyo:Shinki","floor":50,"turns":12}],"seed_played":"7080092646219451854","potions_obtained":[{"floor":2,"key":"AttackPotion"},{"floor":11,"key":"Strength Potion"},{"floor":16,"key":"SkillPotion"},{"floor":21,"key":"Fire Potion"},{"floor":31,"key":"Fire Potion"},{"floor":34,"key":"PinkPotion"}],"is_trial":false,"path_per_floor":["M","M","?","?","$","R","M","?","T","R","M","R","COS","E","R","B",null,"M","$","?","M","M","R","$","R","T","?","?","?","T","E","R","B",null,"M","M","?","?","?","R","T","R","T","R","M","R","?","?","R","B",null],"character_chosen":"REIMU","items_purchased":["Medical Kit","Mastiff:ReiMu","Mercury Hourglass","SubAcupoint:ReiMu","TightArray:ReiMu","MikOfLucky:ReiMu"],"campfire_rested":5,"item_purchase_floors":[0,0,0,0,0,24],"current_hp_per_floor":[44,44,44,31,31,31,31,15,15,34,27,46,46,46,65,49,65,48,48,48,42,23,42,42,42,42,42,42,42,42,27,46,41,70,70,55,55,55,55,55,55,55,55,55,52,52,52,52,52,21],"gold":448,"neow_bonus":"","is_daily":false,"chose_seed":false,"campfire_upgraded":6,"win_rate":0.0,"timestamp":1613576206,"path_taken":["M","?","?","?","?","R","M","?","T","R","?","R","COS","E","R","BOSS","M","$","?","M","?","R","?","R","T","?","?","?","?","E","R","BOSS","M","M","?","?","?","R","?","R","T","R","?","R","?","?","R","BOSS"],"items_purchased_type":["Relic","Relic","Relic","Card","Card","Card"],"build_version":"2020-12-22","purchased_purges":2,"victory":true,"max_hp_per_floor":[65,65,65,65,65,65,65,65,65,65,65,65,65,65,65,65,65,65,65,65,65,65,65,65,65,65,65,65,65,65,65,65,65,70,70,70,70,70,70,70,70,70,70,70,70,70,70,70,70,70],"card_choices":[{"not_picked":["SafetyPray:ReiMu","SubcavityInstant:ReiMu"],"picked":"OctopathBindingBorder2:ReiMu","floor":1},{"not_picked":["DoubleButterfly:ReiMu","SubcavityInstant:ReiMu"],"picked":"SubAcupoint:ReiMu","floor":2},{"not_picked":["SpreadBorder2:ReiMu","CeremonyResonance:ReiMu"],"picked":"CareerPray:ReiMu","floor":3},{"not_picked":["RainPray2:ReiMu","Conquer:ReiMu"],"picked":"Meditation:ReiMu","floor":3},{"not_picked":["OrbThrow:ReiMu","SpringWay:ReiMu"],"picked":"Meditation:ReiMu","floor":7},{"not_picked":["CareerPray:ReiMu","TightArray:ReiMu"],"picked":"Amulet:ReiMu","floor":11},{"not_picked":["SpiritualOutbreak2:ReiMu","Conquer:ReiMu"],"picked":"ShadowOfCrow2:ReiMu","floor":14},{"not_picked":["OctopathSalyBorderN:ReiMu","YinYang:ReiMu"],"picked":"CleanRite:ReiMu","floor":16},{"not_picked":["OrbThrow:ReiMu","AlertArray:ReiMu"],"picked":"TakeOff:ReiMu","floor":18},{"not_picked":["NineCharacters:ReiMu","SealNeedle:ReiMu"],"picked":"AirStrike:ReiMu","floor":21},{"not_picked":["FantasyMoon:ReiMu","SafetyPray:ReiMu+1"],"picked":"Meditation:ReiMu+1","floor":22},{"not_picked":["SubcavityInstant:ReiMu+1","Intuition:ReiMu+1"],"picked":"UpKicking:ReiMu+1","floor":31},{"not_picked":["KyokaiOfKami:ReiMu","YinYang:ReiMu","Shading:ReiMu"],"picked":"SubcavityFantasy:ReiMu","floor":33},{"not_picked":[],"picked":"Gensokyo:ShootingStar","floor":33},{"not_picked":["FineLineFantasy:ReiMu","AirStrike:ReiMu","SubcavityInstant:ReiMu"],"picked":"LovePray:ReiMu","floor":34},{"not_picked":["Meditation:ReiMu","MikOfLucky:ReiMu","Revelation:ReiMu"],"picked":"SafetyPray:ReiMu+1","floor":35},{"not_picked":["TightArray:ReiMu","AlertArray:ReiMu+1","OrbThrow:ReiMu"],"picked":"Meditation:ReiMu+1","floor":36},{"not_picked":["SubcavityInstant:ReiMu+1","Crusade:ReiMu","MikOfLucky:ReiMu"],"picked":"UniversalSpiritual:ReiMu+1","floor":45}],"player_experience":144963,"relics_obtained":[{"floor":9,"key":"Shuriken"},{"floor":14,"key":"Matryoshka"},{"floor":26,"key":"Tiny Chest"},{"floor":30,"key":"BodyOfKamiR:ReiMu"},{"floor":30,"key":"Bronze Scales"},{"floor":31,"key":"Question Card"},{"floor":41,"key":"Lantern"},{"floor":43,"key":"Regal Pillow"}],"event_choices":[],"is_beta":false,"boss_relics":[{"not_picked":["Cursed Key","Fusion Hammer"],"picked":"ShineYinYang:ReiMu"},{"not_picked":["Sozu","Coffee Dripper"],"picked":"Tiny House"}],"items_purged_floors":[5,19],"is_endless":false,"potions_floor_spawned":[2,11,16,21,31],"ascension_level":3}}