{"host":"p55ahgraoahruc9a","time":1613544528,"event":{"mods":["AchievementEnabler","BaseMod","Colored Map","Keyboard Shortcuts","Minty Spire (QoL Compilation)","Permanent Neow","Quick Restart"],"gold_per_floor":[111,124,141,66,141,141,160,180,180,209,109,444,459,479,479,582,582,582,582],"floor_reached":18,"language":"KOR","playtime":1561,"items_purged":["Strike_G","Strike_G"],"score":219,"play_id":"4fffb253-697c-44cc-b4eb-e60aff704032","local_time":"20210217154848","is_ascension_mode":true,"campfire_choices":[{"data":"Backflip","floor":6.0,"key":"SMITH"},{"floor":15.0,"key":"REST"}],"circlet_count":0,"master_deck":["Strike_G","Strike_G","Strike_G","Defend_G","Defend_G","Defend_G","Defend_G","Defend_G","Survivor","Neutralize","Grand Finale","Masterful Stab","Backflip+1","PiercingWail","Dagger Throw"],"relics":["Ring of the Snake","Sundial","Bag of Marbles","Old Coin","HoveringKite"],"acts_visited":["Exordium","TheCity"],"potions_floor_usage":[],"damage_taken":[{"damage":0.0,"enemies":"2 Louse","floor":1.0,"turns":3.0},{"damage":0.0,"enemies":"Small Slimes","floor":2.0,"turns":4.0},{"damage":0.0,"enemies":"Cultist","floor":3.0,"turns":3.0},{"damage":0.0,"enemies":"Blue Slaver","floor":7.0,"turns":5.0},{"damage":3.0,"enemies":"Large Slime","floor":8.0,"turns":9.0},{"damage":31.0,"enemies":"Lagavulin","floor":10.0,"turns":11.0},{"damage":0.0,"enemies":"Gremlin Nob","floor":12.0,"turns":2.0},{"damage":4.0,"enemies":"Exordium Wildlife","floor":13.0,"turns":6.0},{"damage":0.0,"enemies":"Lots of Slimes","floor":14.0,"turns":2.0},{"damage":24.0,"enemies":"Hexaghost","floor":16.0,"turns":11.0},{"damage":15,"enemies":"Shell Parasite","floor":18,"turns":6}],"seed_played":"9162676746948855338","potions_obtained":[{"floor":2.0,"key":"Swift Potion"},{"floor":10.0,"key":"CunningPotion"},{"floor":13.0,"key":"Explosive Potion"},{"floor":16.0,"key":"Weak Potion"}],"is_trial":false,"path_per_floor":["M","M","M","$","?","R","M","M","T","E","$","E","M","M","R","B",null,"M"],"character_chosen":"THE_SILENT","items_purchased":[],"campfire_rested":1,"item_purchase_floors":[],"current_hp_per_floor":[63,63,63,63,52,52,52,49,49,18,18,18,14,14,32,8,63,48,48],"gold":582,"neow_bonus":"THREE_RARE_CARDS","is_daily":false,"chose_seed":false,"campfire_upgraded":1,"win_rate":0.0,"timestamp":1613544528,"path_taken":["M","M","M","$","?","R","M","M","T","E","$","E","M","M","R","BOSS","M"],"items_purchased_type":[],"build_version":"2020-12-22","purchased_purges":2,"victory":false,"max_hp_per_floor":[63,63,63,63,63,63,63,63,63,63,63,63,63,63,63,63,63,63,63],"card_choices":[{"not_picked":["Phantasmal Killer","Glass Knife"],"picked":"Grand Finale","floor":0.0},{"not_picked":["Flying Knee","Endless Agony","Dagger Throw"],"picked":"SKIP","floor":1.0},{"not_picked":["Eviscerate","Setup"],"picked":"Masterful Stab","floor":2.0},{"not_picked":["Blade Dance","Endless Agony"],"picked":"Backflip","floor":3.0},{"not_picked":["Choke","Underhanded Strike","Endless Agony"],"picked":"SKIP","floor":7.0},{"not_picked":["Prepared","Backstab"],"picked":"PiercingWail","floor":8.0},{"not_picked":["Deadly Poison","Dagger Spray","Poisoned Stab"],"picked":"SKIP","floor":10.0},{"not_picked":["Crippling Poison","Bouncing Flask","Storm of Steel"],"picked":"SKIP","floor":12.0},{"not_picked":["Sucker Punch","Flying Knee","Catalyst"],"picked":"SKIP","floor":13.0},{"not_picked":["Finisher","PiercingWail"],"picked":"Dagger Throw","floor":14.0}],"player_experience":109057,"relics_obtained":[{"floor":9.0,"key":"Sundial"},{"floor":10.0,"key":"Bag of Marbles"},{"floor":12.0,"key":"Old Coin"}],"event_choices":[{"damage_healed":0.0,"max_hp_gain":0.0,"max_hp_loss":0.0,"gold_gain":75.0,"event_name":"World of Goop","player_choice":"Gather Gold","floor":5.0,"gold_loss":0.0,"damage_taken":11.0}],"is_beta":false,"boss_relics":[{"not_picked":["Cursed Key","Coffee Dripper"],"picked":"HoveringKite"}],"items_purged_floors":[4,11],"is_endless":false,"potions_floor_spawned":[2,10,13,16],"killed_by":"Shell Parasite","ascension_level":2}}