{"host":"k02ivx6tjlda7sle","time":1613557894,"event":{"mods":["AchievementEnabler","BaseMod","Better Note","Better Third Choice","Downfall","Hubris","Infinite Spire","Minty Spire (QoL Compilation)","Permanent Neow","Quick Restart","Reliquary","Replay The Spire","Spicy Shops","StSLib","The IronCluck","slay the spire mod where everything is the same but ironclad has a cowboy hat"],"gold_per_floor":[112,112,125,125,144,144,155,183,238,249,249,260,287,287,287,392,392,403,403,423,423,433,464,475,502,525,543,561,561,561,561,561,662,662,681,681,681,354,0,0,29,29,55,55,90,113,136,136,136],"floor_reached":48,"language":"ENG","playtime":1941,"items_purged":[],"score":643,"play_id":"0e1f8166-7eeb-42bf-adf2-32ba052b2200","local_time":"20210217043134","is_ascension_mode":true,"campfire_choices":[{"data":"Neutralize","floor":6,"key":"SMITH"},{"data":"Feed","floor":11,"key":"SMITH"},{"data":"Burning Pact","floor":15,"key":"SMITH"},{"floor":32,"key":"REST"},{"data":"infinitespire:OneForAll","floor":40,"key":"SMITH"},{"data":"infinitespire:Gouge","floor":42,"key":"SMITH"},{"data":"Uppercut","floor":44,"key":"SMITH"}],"circlet_count":0,"master_deck":["Defend_R","Defend_R","Defend_R+1","Pummel","Survivor","Neutralize+1","Carnage+1","Anger","Searing Blow","Feed+1","ReplayReversal","Feel No Pain","Burning Pact+1","Impervious","CurseOfTheBell","Armaments+1","Uppercut+1","Feel No Pain","Twin Strike+1","Sword Boomerang","hubris:ReadiedAction+1","Demon Form","Disarm","Massacre+1","infinitespire:Gouge+1","Bite","Bite","Bite","Bite","Bite","Trip","ReplayTheSpireMod:Uncanny Aura","Inflame+1","Forethought","infinitespire:OneForAll+1","Inflame+1","Offering","Heavy Blade","Replay:Undeath\u0027s Touch+1"],"relics":["Burning Blood","NeowsBlessing","hubris:CrystalStatue","Simple Rune","Pocketwatch","Calling Bell","Red Skull","hubris:SphereOfDissonance","Charon\u0027s Ashes","reliquary:TuningFork","Question Card","infinitespire:Beetle Shell","infinitespire:Satchel","reliquary:KinkedSpring","infinitespire:Bottled Soul","Red Mask","reliquary:ExpiredCoupon","infinitespire:EvilPickle","Bag of Preparation","Happy Flower"],"acts_visited":["Exordium","TheCity","TheBeyond"],"potions_floor_usage":[8,16,23,25,25,27],"damage_taken":[{"damage":0,"enemies":"Small Slimes","floor":1,"turns":1},{"damage":0,"enemies":"2 Louse","floor":3,"turns":1},{"damage":0,"enemies":"Cultist","floor":5,"turns":1},{"damage":0,"enemies":"3 Louse","floor":7,"turns":5},{"damage":10,"enemies":"Gremlin Nob","floor":8,"turns":3},{"damage":5,"enemies":"Lots of Slimes","floor":10,"turns":4},{"damage":0,"enemies":"2 Fungi Beasts","floor":12,"turns":2},{"damage":13,"enemies":"3 Sentries","floor":13,"turns":6},{"damage":27,"enemies":"The Guardian","floor":16,"turns":12},{"damage":10,"enemies":"Chosen","floor":18,"turns":3},{"damage":15,"enemies":"Shell Parasite","floor":20,"turns":4},{"damage":25,"enemies":"Snecko","floor":22,"turns":5},{"damage":35,"enemies":"Book of Stabbing","floor":23,"turns":5},{"damage":20,"enemies":"Cultist and Chosen","floor":24,"turns":5},{"damage":9,"enemies":"Gremlin Leader","floor":25,"turns":6},{"damage":24,"enemies":"Sentry and Sphere","floor":27,"turns":5},{"damage":21,"enemies":"Snake Plant","floor":28,"turns":2},{"damage":29,"enemies":"Pondfish","floor":33,"turns":5},{"damage":19,"enemies":"3 Shapes","floor":35,"turns":3},{"damage":16,"enemies":"Nemesis","floor":41,"turns":7},{"damage":36,"enemies":"Reptomancer","floor":45,"turns":5},{"damage":2,"enemies":"Orb Walker","floor":46,"turns":2},{"damage":25,"enemies":"3 Darklings","floor":47,"turns":3},{"damage":6,"enemies":"infinitespire:Three Voidlings","floor":48,"turns":2},{"damage":55,"enemies":"Nightmare_Alpha","floor":48,"turns":6}],"seed_played":"-8665572636432975695","potions_obtained":[{"floor":3,"key":"DuplicationPotion"},{"floor":8,"key":"BlessingOfTheForge"},{"floor":13,"key":"Energy Potion"},{"floor":20,"key":"BloodPotion"},{"floor":22,"key":"Swift Potion"},{"floor":23,"key":"Weak Potion"},{"floor":24,"key":"EssenceOfSteel"},{"floor":47,"key":"Death Potion"}],"is_trial":false,"path_per_floor":["M","?","M","?","M","R","M","E","T","M","R","M","E","?","R","B",null,"M","?","M","?","M","E","M","E","T","M","M","AVR","?","?","R","B",null,"M","?","?","$","?","R","E","R","T","R","E","M","M","?"],"character_chosen":"IRONCLAD","items_purchased":["infinitespire:OneForAll","infinitespire:Bottled Soul"],"campfire_rested":1,"item_purchase_floors":[38,38],"current_hp_per_floor":[80,80,80,80,80,80,80,76,76,80,80,87,84,84,84,67,95,95,95,90,90,71,42,32,33,33,41,30,30,30,11,35,26,87,76,76,76,76,76,76,72,72,72,72,54,60,49,0,0],"gold":136,"neow_bonus":"THREE_ENEMY_KILL","is_daily":false,"chose_seed":false,"campfire_upgraded":6,"win_rate":0.0,"timestamp":1613557894,"path_taken":["M","?","M","?","M","R","M","E","T","M","R","M","E","?","R","BOSS","M","?","?","?","M","E","?","E","T","M","M","AVR","?","?","R","BOSS","M","?","?","$","?","R","E","R","T","R","E","M","M","?"],"items_purchased_type":["Card","Relic"],"build_version":"2020-12-22","purchased_purges":0,"victory":false,"max_hp_per_floor":[80,80,80,80,80,80,80,80,80,83,83,87,91,91,91,95,95,99,99,103,103,103,103,107,111,111,115,119,119,83,83,83,87,87,87,87,87,87,87,87,87,87,87,87,91,91,91,91,91],"card_choices":[{"not_picked":["Twin Strike","ReplayTheSpireMod:Corrosion Curse"],"picked":"Pummel","floor":1},{"not_picked":["Clash","hubris:ReadiedAction"],"picked":"Carnage","floor":3},{"not_picked":["Replay:Undeath\u0027s Touch","hubris:ReadiedAction"],"picked":"Anger","floor":5},{"not_picked":["Replay:Undeath\u0027s Touch","Massacre"],"picked":"Searing Blow","floor":7},{"not_picked":["True Grit","Rampage"],"picked":"Feed","floor":8},{"not_picked":["Armaments","Sever Soul"],"picked":"ReplayReversal","floor":10},{"not_picked":["Infernal Blade","hubris:CleavingFinish"],"picked":"Feel No Pain","floor":12},{"not_picked":["Clothesline","Whirlwind"],"picked":"Burning Pact","floor":13},{"not_picked":["Berserk","Brutality"],"picked":"Impervious","floor":16},{"not_picked":["Replay:Undeath\u0027s Touch","Sword Boomerang+1"],"picked":"Armaments+1","floor":18},{"not_picked":["ReplayReversal","hubris:ReadiedAction"],"picked":"Uppercut","floor":20},{"not_picked":["Pommel Strike","Clash"],"picked":"Twin Strike+1","floor":22},{"not_picked":["Searing Blow","hubris:CleavingFinish"],"picked":"Sword Boomerang","floor":23},{"not_picked":["Anger","Spot Weakness","Cleave+1"],"picked":"hubris:ReadiedAction+1","floor":24},{"not_picked":["Replay:Undeath\u0027s Touch","Heavy Blade+1","Twin Strike"],"picked":"Demon Form","floor":25},{"not_picked":["Flame Barrier","Run Through","Clothesline"],"picked":"Disarm","floor":27},{"not_picked":["Whirlwind+1","Rupture","Pummel"],"picked":"Massacre+1","floor":28},{"not_picked":["Corruption","hubris:StunningStrike","Fiend Fire"],"picked":"Juggernaut","floor":33},{"not_picked":["Armaments","Twin Strike","hubris:ReadiedAction"],"picked":"Inflame+1","floor":35},{"not_picked":["Chrysalis","ReplayTheSpireMod:Brewmster","Magnetism"],"picked":"Forethought","floor":36},{"not_picked":["Headbutt","Rage+1","ReplayReversal+1"],"picked":"Inflame+1","floor":41},{"not_picked":["Thunderclap+1","ReplayTheSpireMod:LeadingStrike+1","ReplayTheSpireMod:Strike From Hell+1"],"picked":"Offering","floor":45},{"not_picked":["Perfected Strike","Twin Strike","Intimidate+1"],"picked":"Heavy Blade","floor":46},{"not_picked":["ReplayReversal","Dropkick+1","Clash+1"],"picked":"Replay:Undeath\u0027s Touch+1","floor":47}],"player_experience":13445,"relics_obtained":[{"floor":8,"key":"hubris:CrystalStatue"},{"floor":9,"key":"Simple Rune"},{"floor":13,"key":"Pocketwatch"},{"floor":17,"key":"Red Skull"},{"floor":17,"key":"hubris:SphereOfDissonance"},{"floor":17,"key":"Charon\u0027s Ashes"},{"floor":23,"key":"Question Card"},{"floor":25,"key":"infinitespire:Beetle Shell"},{"floor":26,"key":"infinitespire:Satchel"},{"floor":41,"key":"reliquary:ExpiredCoupon"},{"floor":43,"key":"Bag of Preparation"},{"floor":45,"key":"Happy Flower"}],"event_choices":[{"damage_healed":0,"gold_gain":0,"player_choice":"Grow","damage_taken":0,"max_hp_gain":0,"max_hp_loss":0,"event_name":"Living Wall","floor":4,"gold_loss":0,"cards_upgraded":["Carnage"]},{"damage_healed":0,"gold_gain":0,"player_choice":"Gave Potion","damage_taken":0,"relics_obtained":["reliquary:TuningFork"],"max_hp_gain":0,"max_hp_loss":0,"event_name":"WeMeetAgain","floor":19,"gold_loss":0},{"damage_healed":0,"gold_gain":0,"player_choice":"Copied","damage_taken":0,"max_hp_gain":0,"max_hp_loss":0,"event_name":"Duplicator","floor":21,"gold_loss":0,"cards_obtained":["Feel No Pain"]},{"damage_healed":0,"gold_gain":0,"player_choice":"Became a vampire","damage_taken":0,"max_hp_gain":0,"max_hp_loss":36,"event_name":"Vampires","floor":30,"gold_loss":0,"cards_obtained":["Bite","Bite","Bite","Bite","Bite"]},{"damage_healed":0,"gold_gain":0,"player_choice":"CARD CARD ","damage_taken":19,"max_hp_gain":0,"max_hp_loss":0,"event_name":"Knowing Skull","floor":31,"potions_obtained":[],"gold_loss":0,"cards_obtained":["Trip","ReplayTheSpireMod:Uncanny Aura"]},{"damage_healed":0,"gold_gain":0,"player_choice":"Memory 1","damage_taken":0,"max_hp_gain":0,"max_hp_loss":0,"event_name":"SensoryStone","floor":36,"gold_loss":0},{"cards_removed":["Juggernaut"],"damage_healed":0,"gold_gain":0,"player_choice":"Removed Power","damage_taken":0,"max_hp_gain":0,"max_hp_loss":0,"event_name":"Falling","floor":37,"gold_loss":0},{"damage_healed":0,"gold_gain":0,"player_choice":"Paid","damage_taken":0,"relics_obtained":["Red Mask"],"max_hp_gain":0,"max_hp_loss":0,"event_name":"Tomb of Lord Red Mask","floor":39,"gold_loss":354}],"is_beta":false,"boss_relics":[{"not_picked":["hubris:ScarierMask","infinitespire:Cupcake"],"picked":"Calling Bell"},{"not_picked":["infinitespire:Burning Sword","SlaversCollar"],"picked":"reliquary:KinkedSpring"}],"items_purged_floors":[],"is_endless":false,"potions_floor_spawned":[3,8,13,20,22,23,24,47],"killed_by":"Nightmare_Alpha","ascension_level":1}}