{"host":"3jpcvpprzj9sjffh","time":1613571150,"event":{"mods":["AchievementEnabler","BaseMod","Colored Map","Minty Spire (QoL Compilation)","Rare Cards Sparkle","SuperFastMode","everything is the same but u backflip on backflip"],"gold_per_floor":[115,115,129,144,144,172,188,214,290,290,337,351,364,382,382,485,485,497,67,83,93,105,105,120,0,23,38,53,72,72,86,86,86,86],"floor_reached":33,"language":"KOR","playtime":1187,"items_purged":["Regret"],"score":267,"play_id":"65d501b9-28b5-4fdc-9e8b-ae964d7b310b","local_time":"20210217231230","is_ascension_mode":false,"campfire_choices":[{"floor":10,"key":"REST"},{"floor":15,"key":"REST"},{"floor":23,"key":"REST"},{"floor":30,"key":"REST"},{"data":"Body Slam","floor":32,"key":"SMITH"}],"circlet_count":0,"master_deck":["Bash","Fire Breathing","Sentinel+1","Cleave","Fiend Fire","Shrug It Off+1","Pommel Strike","Thunderclap","Dropkick","Bloodletting+1","Immolate","Juggernaut","Blood for Blood","Hemokinesis","Hemokinesis","Immolate","Bloodletting+1","Battle Trance+1","Searing Blow","Power Through+1","The Bomb+1","Shockwave+1","Body Slam+1","True Grit+1"],"relics":["Burning Blood","Smiling Mask","Paper Frog","Du-Vu Doll","Oddly Smooth Stone","Toxic Egg 2","Juzu Bracelet","Pandora\u0027s Box","War Paint","Akabeko"],"acts_visited":["Exordium","TheCity"],"potions_floor_usage":[6,8,8,16,22,22,24,33],"damage_taken":[{"damage":5,"enemies":"Cultist","floor":1,"turns":4},{"damage":2,"enemies":"2 Louse","floor":3,"turns":5},{"damage":8,"enemies":"Jaw Worm","floor":4,"turns":5},{"damage":31,"enemies":"3 Sentries","floor":6,"turns":5},{"damage":20,"enemies":"Exordium Wildlife","floor":7,"turns":5},{"damage":25,"enemies":"Lagavulin","floor":8,"turns":5},{"damage":5,"enemies":"Blue Slaver","floor":12,"turns":4},{"damage":8,"enemies":"Looter","floor":13,"turns":3},{"damage":12,"enemies":"Lots of Slimes","floor":14,"turns":2},{"damage":21,"enemies":"Slime Boss","floor":16,"turns":7},{"damage":25,"enemies":"3 Byrds","floor":18,"turns":4},{"damage":16,"enemies":"Chosen","floor":20,"turns":6},{"damage":17,"enemies":"Centurion and Healer","floor":21,"turns":3},{"damage":24,"enemies":"Snake Plant","floor":22,"turns":3},{"damage":3,"enemies":"3 Cultists","floor":24,"turns":2},{"damage":9,"enemies":"Centurion and Healer","floor":27,"turns":6},{"damage":4,"enemies":"Cultist and Chosen","floor":28,"turns":4},{"damage":21,"enemies":"3 Cultists","floor":29,"turns":4},{"damage":3,"enemies":"Snecko","floor":31,"turns":3},{"damage":76,"enemies":"Automaton","floor":33,"turns":8}],"seed_played":"8114089074623386368","potions_obtained":[{"floor":3,"key":"EssenceOfSteel"},{"floor":6,"key":"Dexterity Potion"},{"floor":7,"key":"DuplicationPotion"},{"floor":12,"key":"Energy Potion"},{"floor":14,"key":"DuplicationPotion"},{"floor":16,"key":"Energy Potion"},{"floor":18,"key":"BlessingOfTheForge"},{"floor":31,"key":"BloodPotion"}],"is_trial":false,"path_per_floor":["M","?","M","M","?","E","M","E","T","R","T","M","M","M","R","B",null,"M","$","M","M","M","R","M","?","T","M","M","M","R","M","R","B"],"character_chosen":"IRONCLAD","items_purchased":["Power Through+1","The Bomb+1","War Paint"],"campfire_rested":4,"item_purchase_floors":[19,19,19],"current_hp_per_floor":[80,80,80,78,78,53,39,20,20,44,44,45,43,37,61,46,80,61,61,51,40,22,46,49,49,49,46,48,33,57,60,60,0,0],"gold":86,"neow_bonus":"RANDOM_COMMON_RELIC","is_daily":false,"chose_seed":false,"campfire_upgraded":1,"win_rate":0.0,"timestamp":1613571150,"path_taken":["M","?","M","M","?","E","?","E","T","R","?","M","M","M","R","BOSS","M","$","M","M","M","R","M","?","T","M","M","M","R","M","R","BOSS"],"items_purchased_type":["Card","Card","Relic"],"build_version":"2020-12-22","purchased_purges":1,"victory":false,"max_hp_per_floor":[80,80,80,80,80,80,80,80,80,80,80,80,80,80,80,80,80,80,80,80,80,80,80,80,80,80,80,80,80,80,80,80,80,80],"card_choices":[{"not_picked":["Wild Strike","Anger"],"picked":"Fire Breathing","floor":1},{"not_picked":["Iron Wave","Anger"],"picked":"Cleave","floor":3},{"not_picked":["Clothesline","Burning Pact"],"picked":"Fiend Fire","floor":4},{"not_picked":["Headbutt","Armaments"],"picked":"Shrug It Off","floor":6},{"not_picked":["Fiend Fire","Headbutt"],"picked":"Pommel Strike","floor":7},{"not_picked":["Inflame","Twin Strike","Headbutt"],"picked":"SKIP","floor":8},{"not_picked":["Armaments+1","Cleave"],"picked":"Thunderclap","floor":12},{"not_picked":["Twin Strike","Dark Embrace"],"picked":"Dropkick","floor":13},{"not_picked":["Twin Strike","Dark Embrace"],"picked":"Bloodletting+1","floor":14},{"not_picked":["Impervious+1","Limit Break+1"],"picked":"Immolate","floor":16},{"not_picked":["Pommel Strike","Iron Wave","Battle Trance+1"],"picked":"SKIP","floor":18},{"not_picked":["Armaments+1","Sword Boomerang"],"picked":"Shockwave+1","floor":20},{"not_picked":["Shrug It Off+1","Headbutt"],"picked":"Body Slam","floor":21},{"not_picked":["Burning Pact+1","Body Slam"],"picked":"True Grit+1","floor":22},{"not_picked":["Thunderclap+1","Infernal Blade+1","Searing Blow"],"picked":"SKIP","floor":24},{"not_picked":["Havoc+1","Brutality","Cleave"],"picked":"SKIP","floor":27},{"not_picked":["True Grit+1","Sword Boomerang","Headbutt"],"picked":"SKIP","floor":28},{"not_picked":["Bloodletting+1","Perfected Strike","Twin Strike"],"picked":"SKIP","floor":29},{"not_picked":["Immolate","Clash","True Grit+1"],"picked":"SKIP","floor":31}],"player_experience":334970,"relics_obtained":[{"floor":6,"key":"Du-Vu Doll"},{"floor":8,"key":"Oddly Smooth Stone"},{"floor":9,"key":"Toxic Egg 2"},{"floor":11,"key":"Juzu Bracelet"},{"floor":26,"key":"Akabeko"}],"event_choices":[{"damage_healed":0,"gold_gain":0,"cards_transformed":["Strike_R"],"player_choice":"Change","damage_taken":0,"max_hp_gain":0,"max_hp_loss":0,"event_name":"Living Wall","floor":2,"gold_loss":0,"cards_obtained":["Sentinel"]},{"damage_healed":0,"gold_gain":0,"player_choice":"Box","damage_taken":0,"relics_obtained":["Paper Frog"],"max_hp_gain":0,"max_hp_loss":0,"event_name":"Big Fish","floor":5,"gold_loss":0,"cards_obtained":["Regret"]},{"damage_healed":0,"gold_gain":0,"player_choice":"Paid Fearfully","damage_taken":0,"max_hp_gain":0,"max_hp_loss":0,"event_name":"Masked Bandits","floor":25,"gold_loss":120}],"is_beta":false,"boss_relics":[{"not_picked":["Coffee Dripper","Mark of Pain"],"picked":"Pandora\u0027s Box"}],"items_purged_floors":[19],"is_endless":false,"potions_floor_spawned":[3,6,7,12,14,16,18,21,31],"killed_by":"Automaton","ascension_level":0}}