{"host":"cfqfeqi6u2qx5u0e","time":1613583148,"event":{"mods":["AchievementEnabler","BaseMod","Minty Spire (QoL Compilation)","Quick Restart","StSLib"],"gold_per_floor":[110,124,180,195,209,234,234,259,259,290,290,290,465,490,490,595,595,613,528,540,540,125,125,34,50,73,73,99,99,99,119,119,119,119],"floor_reached":33,"language":"ENG","playtime":2078,"items_purged":[],"score":331,"play_id":"18e33177-f2fc-4a5d-b08d-74af7754b2f5","local_time":"20210217093228","is_ascension_mode":true,"campfire_choices":[{"floor":7,"key":"REST"},{"floor":11,"key":"REST"},{"floor":15,"key":"REST"},{"data":"1","floor":23,"key":"LIFT"},{"floor":30,"key":"REST"},{"data":"2","floor":32,"key":"LIFT"}],"circlet_count":0,"master_deck":["Strike_R","Strike_R","Strike_R","Strike_R","Strike_R","Defend_R","Defend_R","Defend_R","Defend_R","Bash","Clothesline","Metallicize+1","Rampage","Flex","Flame Barrier","Offering","Cleave","Doubt","Offering","Berserk","Perfected Strike","Impervious","RitualDagger","Rupture","Uppercut","Finesse","Perfected Strike+1","Heavy Blade+1","Infernal Blade","Dual Wield+1"],"relics":["Burning Blood","Pocketwatch","InkBottle","Vajra","Girya","Strawberry","Mark of Pain","Meat on the Bone","Du-Vu Doll","Pen Nib","Prayer Wheel"],"acts_visited":["Exordium","TheCity"],"potions_floor_usage":[6,10,16,18,28,28,33],"damage_taken":[{"damage":0,"enemies":"Small Slimes","floor":1,"turns":3},{"damage":6,"enemies":"Jaw Worm","floor":2,"turns":3},{"damage":8,"enemies":"2 Louse","floor":4,"turns":4},{"damage":17,"enemies":"Exordium Wildlife","floor":5,"turns":6},{"damage":40,"enemies":"Gremlin Nob","floor":6,"turns":5},{"damage":23,"enemies":"Lagavulin","floor":8,"turns":7},{"damage":17,"enemies":"3 Sentries","floor":10,"turns":7},{"damage":39,"enemies":"Gremlin Nob","floor":14,"turns":4},{"damage":40,"enemies":"Hexaghost","floor":16,"turns":9},{"damage":35,"enemies":"Shell Parasite","floor":18,"turns":6},{"damage":12,"enemies":"Spheric Guardian","floor":20,"turns":3},{"damage":27,"enemies":"3 Cultists","floor":25,"turns":5},{"damage":33,"enemies":"Slavers","floor":28,"turns":5},{"damage":10,"enemies":"Cultist and Chosen","floor":31,"turns":6},{"damage":58,"enemies":"Champ","floor":33,"turns":6}],"seed_played":"2282089364513102548","potions_obtained":[{"floor":2,"key":"Dexterity Potion"},{"floor":6,"key":"SpeedPotion"},{"floor":14,"key":"Explosive Potion"},{"floor":16,"key":"Weak Potion"},{"floor":18,"key":"SpeedPotion"},{"floor":25,"key":"Weak Potion"},{"floor":28,"key":"Ancient Potion"}],"is_trial":false,"path_per_floor":["M","M","?","M","M","E","R","E","T","E","R","T","?","E","R","B",null,"M","?","M","?","$","R","$","M","T","$","E","?","R","M","R","B"],"character_chosen":"IRONCLAD","items_purchased":["Du-Vu Doll","Rupture","Uppercut","Finesse"],"campfire_rested":4,"item_purchase_floors":[22,22,22,24],"current_hp_per_floor":[88,88,88,86,75,41,67,50,50,39,65,65,65,39,67,33,95,66,66,60,54,54,54,54,45,45,45,30,30,58,54,54,0,0],"gold":119,"neow_bonus":"TEN_PERCENT_HP_BONUS","is_daily":false,"chose_seed":false,"campfire_upgraded":0,"win_rate":0.0,"timestamp":1613583148,"path_taken":["M","M","?","M","M","E","R","E","T","E","R","?","?","E","R","BOSS","M","?","M","?","?","R","$","M","T","$","E","?","R","M","R","BOSS"],"items_purchased_type":["Relic","Card","Card","Card"],"build_version":"2020-12-22","purchased_purges":0,"victory":false,"max_hp_per_floor":[88,88,88,88,88,88,88,88,88,88,88,88,88,95,95,95,95,95,95,95,95,95,95,95,95,95,95,95,95,95,95,95,95,95],"card_choices":[{"not_picked":["Warcry","Second Wind"],"picked":"Clothesline","floor":1},{"not_picked":["Twin Strike","Blood for Blood"],"picked":"Metallicize","floor":2},{"not_picked":["Blood for Blood","Thunderclap"],"picked":"Rampage","floor":4},{"not_picked":["Anger","True Grit"],"picked":"Flex","floor":5},{"not_picked":["Blood for Blood","Searing Blow"],"picked":"Flame Barrier","floor":6},{"not_picked":["Pummel","Power Through"],"picked":"Offering","floor":8},{"not_picked":["Sword Boomerang","Body Slam"],"picked":"Cleave","floor":10},{"not_picked":["Perfected Strike","Cleave"],"picked":"Offering","floor":14},{"not_picked":["Limit Break","Double Tap"],"picked":"Berserk","floor":16},{"not_picked":["Clash+1","Sword Boomerang"],"picked":"Perfected Strike","floor":18},{"not_picked":["Sword Boomerang+1","Blood for Blood"],"picked":"Impervious","floor":20},{"not_picked":["Thunderclap","Twin Strike"],"picked":"Perfected Strike+1","floor":25},{"not_picked":["Perfected Strike","Clash"],"picked":"Heavy Blade+1","floor":28},{"not_picked":["Pommel Strike","Offering"],"picked":"Infernal Blade","floor":31},{"not_picked":["Headbutt","Sword Boomerang"],"picked":"Dual Wield+1","floor":31}],"player_experience":69273,"relics_obtained":[{"floor":6,"key":"Pocketwatch"},{"floor":8,"key":"InkBottle"},{"floor":10,"key":"Vajra"},{"floor":12,"key":"Girya"},{"floor":14,"key":"Strawberry"},{"floor":26,"key":"Pen Nib"},{"floor":28,"key":"Prayer Wheel"}],"event_choices":[{"damage_healed":0,"gold_gain":56,"player_choice":"Gained Gold","damage_taken":0,"max_hp_gain":0,"max_hp_loss":0,"event_name":"Golden Wing","floor":3,"gold_loss":0},{"damage_healed":0,"gold_gain":175,"player_choice":"AGREE","damage_taken":0,"max_hp_gain":0,"max_hp_loss":0,"event_name":"Liars Game","floor":13,"gold_loss":0,"cards_obtained":["Doubt"]},{"damage_healed":0,"gold_gain":0,"player_choice":"Obtained Relic","damage_taken":0,"relics_obtained":["Meat on the Bone"],"max_hp_gain":0,"max_hp_loss":0,"event_name":"Addict","floor":19,"gold_loss":85},{"damage_healed":0,"gold_gain":0,"player_choice":"Joined the Cult","damage_taken":6,"max_hp_gain":0,"max_hp_loss":0,"event_name":"Nest","floor":21,"gold_loss":0,"cards_obtained":["RitualDagger"]},{"damage_healed":0,"gold_gain":0,"player_choice":"Upgraded","damage_taken":0,"max_hp_gain":0,"max_hp_loss":0,"event_name":"Upgrade Shrine","floor":29,"gold_loss":0,"cards_upgraded":["Metallicize"]}],"is_beta":false,"boss_relics":[{"not_picked":["SlaversCollar","Runic Cube"],"picked":"Mark of Pain"}],"items_purged_floors":[],"is_endless":false,"potions_floor_spawned":[2,6,14,16,18,25,28],"killed_by":"Champ","ascension_level":1}}