{"host":"glqsg3p5q4u9u1ra","time":1613557906,"event":{"mods":["Act Like it!","Arknights","BaseMod","Better Third Choice","BetterRewards","Colored Map","Downfall","Friendly Minions","GifTheSpireLib","Hallownest","Highlight Path","Infinite Spire","Lobotomy","LobotomyExtend","Mimic Mod","Minty Spire (QoL Compilation)","Pale of the Ancients","Reliquary","Replay The Spire","Ruina","Spicy Shops","Spire Birthday Party","StSLib","The Blackbeard","The Blue Laboratory","The Bug Knight","The Exalted","The Servant 0.9.4","Wandering Minibosses"],"gold_per_floor":[109,109,109,109,129,129,162,5,28,4,4,62,128,168,168,258,258],"floor_reached":16,"language":"ENG","playtime":730,"items_purged":[],"score":133,"play_id":"4edf2cad-12c5-4d16-b11d-76d2c44930e2","local_time":"20210217023146","is_ascension_mode":false,"campfire_choices":[{"data":"ats:Emotion Absorption","floor":6,"key":"SMITH"},{"floor":15,"key":"REST"}],"circlet_count":0,"master_deck":["ats:Strike C","ats:Strike G","ats:Strike S","ats:Strike V","ats:Armor Crushing Shot","ats:Emotion Absorption+1","ats:Poison Spread","Hallownest:skillSlugHide","Hallownest:skillSlugHide","Hallownest:skillSlugHide","Hallownest:skillSlugHide","Hallownest:skillSlugHide","ats:Consecutive Shot Auto","ats:Healing Drone","ats:Consecutive Shot Auto","ats:Calcification"],"relics":["ats:Sanity","infinitespire:Lucky Rock","LetterFromLob","ats:Originium","Blue Doll","Membership Card","Replay:Bandana"],"acts_visited":["Exordium"],"potions_floor_usage":[7,7,12,14],"damage_taken":[{"damage":20,"enemies":"Hallownest:monsterHuskGuard","floor":1,"turns":5},{"damage":0,"enemies":"2_ Uuma","floor":5,"turns":4},{"damage":31,"enemies":"Hallownest:eliteMossKnight","floor":7,"turns":14},{"damage":2,"enemies":"Hallownest:2_MossCreeps","floor":12,"turns":4},{"damage":7,"enemies":"Hallownest:MossCreep_and_Mosskin","floor":13,"turns":6},{"damage":8,"enemies":"Hallownest:eliteCrystalGuardian","floor":14,"turns":5},{"damage":81,"enemies":"Hallownest:BossFalseKnight","floor":16,"turns":12}],"seed_played":"5289886817911232982","potions_obtained":[{"floor":1,"key":"Dexterity Potion"},{"floor":5,"key":"blueLaboratory:FruitPunch"},{"floor":13,"key":"SmokeBomb"}],"is_trial":false,"path_per_floor":["M","?","?","?","M","R","E","$","T","$","?","M","M","E","R","B"],"character_chosen":"DOCTOR_CLASS","items_purchased":["Membership Card","SteroidPotion"],"campfire_rested":1,"item_purchase_floors":[8,10],"current_hp_per_floor":[52,52,52,52,52,52,23,23,23,23,13,17,22,22,44,0,0],"gold":258,"neow_bonus":"RANDOM_COMMON_RELIC","is_daily":false,"chose_seed":false,"campfire_upgraded":1,"win_rate":0.0,"timestamp":1613557906,"path_taken":["M","?","?","?","?","R","E","$","T","$","?","?","?","E","R","BOSS"],"items_purchased_type":["Relic","Potion"],"build_version":"2020-12-22","purchased_purges":0,"victory":false,"max_hp_per_floor":[72,72,72,72,72,72,74,74,74,74,74,74,74,74,74,74,74],"card_choices":[{"not_picked":["ats:Closed Bolt Burst Fire","ats:Phantom"],"picked":"ats:Poison Spread","floor":1},{"not_picked":["ats:Assault Order","ats:Apocalypse"],"picked":"ats:Consecutive Shot Auto","floor":5},{"not_picked":["ats:Support Order","ats:Closed Bolt Burst Fire"],"picked":"ats:Healing Drone","floor":7},{"not_picked":["ats:Flexible Camouflage","ats:Explosion Area Strengthen"],"picked":"ats:Consecutive Shot Auto","floor":12},{"not_picked":["ats:Thermite Blade","ats:Leaping Hammer"],"picked":"ats:Calcification","floor":13}],"player_experience":1227771,"relics_obtained":[{"floor":1,"key":"LetterFromLob"},{"floor":7,"key":"ats:Originium"},{"floor":7,"key":"Blue Doll"},{"floor":9,"key":"Replay:Bandana"}],"event_choices":[],"is_beta":false,"boss_relics":[],"items_purged_floors":[],"is_endless":false,"potions_floor_spawned":[1,5,13],"killed_by":"Hallownest:BossFalseKnight","ascension_level":0}}