{"host":"x8s7139x96bc3le0","time":1613602041,"event":{"mods":["AchievementEnabler","BaseMod","Bestiary","Minty Spire (QoL Compilation)","Relic Stats","ojb\u0027s Better Paths Mod","ojb\u0027s Info Mod"],"gold_per_floor":[115,126,301,316,12,42,42,76,150,181,192,192,192,18,18,122,122,135,60,60,80,92,127,127,45,69,97,97,121,121,156,156,257,257,273,327,327,338,26,51,51,83,95,124,152,191,203,175,187,199],"floor_reached":51,"language":"ENG","playtime":4164,"items_purged":["Doubt","Writhe"],"score":1293,"play_id":"9ea18806-0eb0-4b9f-a4da-5559982c900d","local_time":"20210217234721","is_ascension_mode":true,"campfire_choices":[{"data":"Dash","floor":7.0,"key":"SMITH"},{"data":"Footwork","floor":12.0,"key":"SMITH"},{"data":"Footwork","floor":15.0,"key":"SMITH"},{"data":"Eviscerate","floor":24.0,"key":"SMITH"},{"data":"Eviscerate","floor":30.0,"key":"SMITH"},{"data":"After Image","floor":32.0,"key":"SMITH"},{"data":"Wraith Form v2","floor":41.0,"key":"SMITH"},{"floor":49,"key":"RECALL"}],"circlet_count":0,"master_deck":["Survivor+1","Neutralize+1","Deadly Poison+1","All Out Attack+1","Quick Slash+1","Dash+1","Eviscerate+1","Leg Sweep+1","After Image+1","Footwork+1","Footwork+1","Backflip+1","Poisoned Stab+1","Malaise+1","Prepared+1","Acrobatics+1","Eviscerate+1","Deadly Poison+1","Terror+1","Backstab+1","Wraith Form v2+1","Infinite Blades+1","Calculated Gamble+1","Calculated Gamble+1","Glass Knife+1","Flying Knee+1","Expertise+1","Tactician+1","Poisoned Stab+1","Bane+1","Dash+1","Well Laid Plans+1","Venomology+1","Dash+1","Backflip+1"],"relics":["Ring of the Snake","StoneCalendar","Thread and Needle","MealTicket","Mummified Hand","Lantern","Eternal Feather","Philosopher\u0027s Stone","TungstenRod","Bag of Marbles","Shuriken","Dream Catcher","Lizard Tail","Pandora\u0027s Box","Pen Nib","Chemical X","Regal Pillow","MawBank","Bottled Flame","Toy Ornithopter","Mark of the Bloom"],"acts_visited":["Exordium","TheCity","TheBeyond"],"potions_floor_usage":[45,46,50,50],"damage_taken":[{"damage":0.0,"enemies":"Cultist","floor":1.0,"turns":5.0},{"damage":0.0,"enemies":"Jaw Worm","floor":2.0,"turns":4.0},{"damage":4.0,"enemies":"2 Louse","floor":4.0,"turns":3.0},{"damage":9.0,"enemies":"Gremlin Nob","floor":6.0,"turns":5.0},{"damage":8.0,"enemies":"Lagavulin","floor":8.0,"turns":6.0},{"damage":2.0,"enemies":"3 Sentries","floor":10.0,"turns":7.0},{"damage":0.0,"enemies":"Looter","floor":11.0,"turns":3.0},{"damage":0.0,"enemies":"The Guardian","floor":16.0,"turns":11.0},{"damage":8.0,"enemies":"3 Byrds","floor":18.0,"turns":7.0},{"damage":0.0,"enemies":"Shell Parasite","floor":21.0,"turns":5.0},{"damage":5.0,"enemies":"3 Cultists","floor":22.0,"turns":7.0},{"damage":12.0,"enemies":"Gremlin Leader","floor":23.0,"turns":8.0},{"damage":0.0,"enemies":"Book of Stabbing","floor":27.0,"turns":6.0},{"damage":9.0,"enemies":"Gremlin Leader","floor":31.0,"turns":5.0},{"damage":63.0,"enemies":"Automaton","floor":33.0,"turns":10.0},{"damage":0.0,"enemies":"3 Shapes","floor":35.0,"turns":5.0},{"damage":3.0,"enemies":"3 Darklings","floor":38.0,"turns":5.0},{"damage":2.0,"enemies":"Nemesis","floor":40.0,"turns":7.0},{"damage":3.0,"enemies":"Reptomancer","floor":42.0,"turns":5.0},{"damage":0,"enemies":"Sphere and 2 Shapes","floor":44,"turns":5},{"damage":0,"enemies":"Maw","floor":45,"turns":5},{"damage":0,"enemies":"Giant Head","floor":46,"turns":5},{"damage":22,"enemies":"Time Eater","floor":50,"turns":9}],"seed_played":"-7139957936812753652","potions_obtained":[{"floor":2.0,"key":"SteroidPotion"},{"floor":4.0,"key":"Regen Potion"},{"floor":6.0,"key":"AttackPotion"},{"floor":11.0,"key":"DuplicationPotion"},{"floor":18.0,"key":"LiquidBronze"},{"floor":21.0,"key":"Explosive Potion"},{"floor":38.0,"key":"AttackPotion"}],"is_trial":false,"path_per_floor":["M","M","?","M","$","E","R","E","T","E","M","R","?","$","R","B",null,"M","?","?","M","M","E","R","$","T","E","?","T","R","E","R","B",null,"M","T","?","M","$","E","R","E","T","M","M","E","?","?","R","B",null],"character_chosen":"THE_SILENT","items_purchased":["Dash","Eviscerate","Leg Sweep","AttackPotion","Backflip","Poisoned Stab","Eviscerate","Well Laid Plans","Chemical X","EntropicBrew"],"campfire_rested":0,"item_purchase_floors":[5,5,5,5,14,14,25,39,39,39],"current_hp_per_floor":[63,63,63,59,59,50,50,57,57,55,55,55,55,70,70,70,70,62,62,49,49,44,32,47,62,62,62,62,62,75,66,75,12,59,59,59,59,56,71,69,75,72,72,72,72,72,72,72,72,50],"gold":211,"neow_bonus":"ONE_RARE_RELIC","is_daily":false,"chose_seed":false,"campfire_upgraded":7,"win_rate":0.0,"timestamp":1613602041,"path_taken":["M","M","?","M","$","E","R","E","T","E","M","R","?","$","R","BOSS","M","?","?","M","M","E","R","$","T","E","?","?","R","E","R","BOSS","M","?","?","M","$","E","R","E","T","M","M","E","?","?","R","BOSS"],"items_purchased_type":["Card","Card","Card","Potion","Card","Card","Card","Card","Relic","Potion"],"build_version":"2020-12-22","purchased_purges":2,"victory":true,"max_hp_per_floor":[70,70,70,70,70,70,70,70,70,70,70,70,70,70,70,70,70,70,70,75,75,75,75,75,75,75,75,75,75,75,75,75,75,75,75,75,75,75,75,75,75,75,75,75,75,75,75,75,75,75],"relic_stats":{"Regal Pillow":0,"Mark of the Bloom":31,"counters":[23,138],"StoneCalendar":[314],"Eternal Feather":43,"Pen Nib":[11],"MawBank":108,"Dream Catcher":0,"Lizard Tail":0,"Mummified Hand":[90],"Shuriken":[28],"MealTicket":45,"Pandora\u0027s Box":["Infinite Blades","Calculated Gamble","Endless Agony","Calculated Gamble","Glass Knife","Flying Knee","Expertise","Tactician","Poisoned Stab"],"Chemical X":[4],"obtain_stats":[{"Lantern":10,"Regal Pillow":40,"Mark of the Bloom":47,"StoneCalendar":0,"Thread and Needle":6,"Eternal Feather":13,"Pen Nib":36,"MawBank":42,"Dream Catcher":29,"Lizard Tail":31,"Bottled Flame":43,"Mummified Hand":9,"Shuriken":27,"MealTicket":8,"Philosopher\u0027s Stone":17,"Pandora\u0027s Box":34,"Bag of Marbles":26,"Chemical X":39,"TungstenRod":23,"Toy Ornithopter":46,"Ring of the Snake":0},{"Lantern":6,"Regal Pillow":18,"Mark of the Bloom":22,"StoneCalendar":0,"Thread and Needle":4,"Eternal Feather":7,"Pen Nib":16,"MawBank":19,"Dream Catcher":13,"Lizard Tail":14,"Bottled Flame":19,"Mummified Hand":5,"Shuriken":13,"MealTicket":5,"Philosopher\u0027s Stone":8,"Pandora\u0027s Box":15,"Bag of Marbles":12,"Chemical X":17,"TungstenRod":12,"Toy Ornithopter":22,"Ring of the Snake":0},{"Lantern":30,"Regal Pillow":109,"Mark of the Bloom":129,"StoneCalendar":0,"Thread and Needle":17,"Eternal Feather":33,"Pen Nib":97,"MawBank":114,"Dream Catcher":77,"Lizard Tail":82,"Bottled Flame":114,"Mummified Hand":23,"Shuriken":77,"MealTicket":23,"Philosopher\u0027s Stone":44,"Pandora\u0027s Box":92,"Bag of Marbles":71,"Chemical X":102,"TungstenRod":71,"Toy Ornithopter":129,"Ring of the Snake":0}],"TungstenRod":12,"Toy Ornithopter":0,"Ring of the Snake":[46]},"card_choices":[{"not_picked":["Choke","Bane"],"picked":"Deadly Poison","floor":1.0},{"not_picked":["Underhanded Strike","Expertise"],"picked":"All Out Attack","floor":2.0},{"not_picked":["Deflect","Infinite Blades"],"picked":"Quick Slash","floor":4.0},{"not_picked":["Dodge and Roll","Accuracy","Blur"],"picked":"SKIP","floor":6.0},{"not_picked":["Acrobatics","Backflip"],"picked":"After Image","floor":8.0},{"not_picked":["Slice","Dodge and Roll"],"picked":"Footwork","floor":10.0},{"not_picked":["Sucker Punch","Heel Hook"],"picked":"Footwork","floor":11.0},{"not_picked":["Unload","Glass Knife"],"picked":"Malaise","floor":16.0},{"not_picked":["Choke+1","Dash","Outmaneuver"],"picked":"SKIP","floor":18.0},{"not_picked":["Tactician+1","Well Laid Plans","Deadly Poison"],"picked":"SKIP","floor":21.0},{"not_picked":["Flying Knee","Backflip"],"picked":"Prepared+1","floor":22.0},{"not_picked":["Prepared","Backflip"],"picked":"Acrobatics","floor":23.0},{"not_picked":["Deflect","Flying Knee"],"picked":"Deadly Poison","floor":27.0},{"not_picked":["Doppelganger","Bane"],"picked":"Backstab","floor":31.0},{"not_picked":["Storm of Steel","Die Die Die"],"picked":"Wraith Form v2","floor":33.0},{"not_picked":["Dodge and Roll","All Out Attack"],"picked":"Bane+1","floor":35.0},{"not_picked":["Calculated Gamble+1","Sucker Punch+1"],"picked":"Dash+1","floor":38.0},{"not_picked":["Underhanded Strike","Poisoned Stab+1"],"picked":"Venomology","floor":40.0},{"not_picked":["Flechettes","Glass Knife"],"picked":"Dash+1","floor":42.0},{"not_picked":["Deadly Poison+1","Flechettes","Quick Slash+1"],"picked":"SKIP","floor":44},{"not_picked":["Dodge and Roll+1","Underhanded Strike"],"picked":"Backflip+1","floor":45},{"not_picked":["Dagger Spray+1","Slice+1","Heel Hook"],"picked":"SKIP","floor":46}],"player_experience":854916,"relics_obtained":[{"floor":6.0,"key":"Thread and Needle"},{"floor":8.0,"key":"MealTicket"},{"floor":9.0,"key":"Mummified Hand"},{"floor":10.0,"key":"Lantern"},{"floor":23.0,"key":"TungstenRod"},{"floor":26.0,"key":"Bag of Marbles"},{"floor":27.0,"key":"Shuriken"},{"floor":29.0,"key":"Dream Catcher"},{"floor":31.0,"key":"Lizard Tail"},{"floor":36.0,"key":"Pen Nib"},{"floor":40.0,"key":"Regal Pillow"},{"floor":42.0,"key":"MawBank"},{"floor":43.0,"key":"Bottled Flame"},{"floor":46,"key":"Toy Ornithopter"}],"event_choices":[{"damage_healed":0.0,"max_hp_gain":0.0,"max_hp_loss":0.0,"gold_gain":175.0,"event_name":"Liars Game","player_choice":"AGREE","floor":3.0,"gold_loss":0.0,"damage_taken":0.0,"cards_obtained":["Doubt"]},{"damage_healed":0.0,"max_hp_gain":0.0,"max_hp_loss":0.0,"gold_gain":0.0,"event_name":"WeMeetAgain","player_choice":"Gave Potion","floor":13.0,"gold_loss":0.0,"damage_taken":0.0,"relics_obtained":["Eternal Feather"]},{"cards_removed":["Strike_G"],"damage_healed":0.0,"max_hp_gain":0.0,"max_hp_loss":0.0,"gold_gain":0.0,"event_name":"Beggar","player_choice":"Gave Gold","floor":19.0,"gold_loss":75.0,"damage_taken":0.0},{"damage_healed":0.0,"max_hp_gain":5.0,"max_hp_loss":0.0,"gold_gain":0.0,"event_name":"Forgotten Altar","player_choice":"Shed Blood","floor":20.0,"gold_loss":0.0,"damage_taken":18.0},{"damage_healed":0.0,"max_hp_gain":0.0,"max_hp_loss":0.0,"gold_gain":0.0,"event_name":"The Library","player_choice":"Read","floor":28.0,"gold_loss":0.0,"damage_taken":0.0,"cards_obtained":["Terror"]},{"cards_removed":["Endless Agony"],"damage_healed":0.0,"max_hp_gain":0.0,"max_hp_loss":0.0,"gold_gain":0.0,"event_name":"Falling","player_choice":"Removed Attack","floor":37.0,"gold_loss":0.0,"damage_taken":0.0},{"damage_healed":0,"gold_gain":0,"player_choice":"Upgrade","damage_taken":0,"relics_obtained":["Mark of the Bloom"],"max_hp_gain":0,"max_hp_loss":0,"event_name":"MindBloom","floor":47,"gold_loss":0,"cards_upgraded":["Survivor","Neutralize","Deadly Poison","All Out Attack","Quick Slash","Leg Sweep","Backflip","Poisoned Stab","Malaise","Acrobatics","Deadly Poison","Terror","Backstab","Infinite Blades","Calculated Gamble","Calculated Gamble","Glass Knife","Flying Knee","Expertise","Tactician","Poisoned Stab","Well Laid Plans","Venomology"]},{"damage_healed":0,"gold_gain":0,"player_choice":"Bought 3 Potions","damage_taken":0,"max_hp_gain":0,"max_hp_loss":0,"event_name":"The Woman in Blue","floor":48,"gold_loss":0}],"is_beta":false,"boss_relics":[{"not_picked":["Calling Bell","Sozu"],"picked":"Philosopher\u0027s Stone"},{"not_picked":["Coffee Dripper","Cursed Key"],"picked":"Pandora\u0027s Box"}],"items_purged_floors":[5,14],"is_endless":false,"potions_floor_spawned":[2,4,6,11,18,21,38,44,46],"ascension_level":9}}