{"host":"4kmvpqjeiacgn1pr","time":1613522465,"event":{"mods":["A Penny For Your Troubles","AchievementEnabler","AlwaysNeverKeys","Aspiration","BaseMod","Bestiary","Better Altar","Better Match","Better Note","Better Sensory Stone","Better Skull","Better Third Choice","Better Vampires","BetterRewards","Colored Map","Colored Powertips","Conspire","Curses Come First","Downfall","Halation","Highlight Path","Infinite Spire","Minty Spire (QoL Compilation)","Permanent Neow","Quick Restart","Rare Cards Sparkle","Relic Sorter","Relic Stats","Replay The Spire","Reworked Bosses","Shop Mod","Smile Girya","Spicy Shops","Spikes Relics","StSLib","Waifu the Spire"],"gold_per_floor":[363,378,398,142,142,142,142,158,209,244,244,263,19,19,19],"floor_reached":14,"language":"ENG","playtime":477,"items_purged":[],"score":113,"play_id":"21036e14-fbc6-41c9-9d03-d19fdb2f8e73","local_time":"20210216194105","is_ascension_mode":true,"campfire_choices":[{"data":"Mayhem","floor":6,"key":"SMITH"},{"data":"TalkToTheHand","floor":11,"key":"SMITH"}],"circlet_count":0,"master_deck":["Strike_P","Strike_P","Strike_P","Strike_P","Defend_P","Defend_P","Defend_P","Defend_P","Eruption","Vigilance","bronze:Goto","Strike_R","FlyingSleeves","TalkToTheHand+1","WindmillStrike","Mayhem+1","Consecrate","EmptyBody","Conclude","Vault","Panacea"],"relics":["PureWater","Anchor","Golden Idol","aspiration:Lifesprig","Damaru","Replay:Wax Seal","conspire:GiftBox"],"acts_visited":["Exordium"],"potions_floor_usage":[3],"damage_taken":[{"damage":0,"enemies":"Cultist","floor":1,"turns":3},{"damage":4,"enemies":"Small Slimes","floor":2,"turns":3},{"damage":0,"enemies":"Jaw Worm","floor":3,"turns":5},{"damage":18,"enemies":"Gremlin Gang","floor":8,"turns":5},{"damage":19,"enemies":"3 Sentries","floor":10,"turns":9},{"damage":1,"enemies":"Red Slaver","floor":12,"turns":4},{"damage":33,"enemies":"Gremlin Nob","floor":14,"turns":2}],"seed_played":"-3311544176103288509","potions_obtained":[{"floor":1,"key":"LifebloodPotion"},{"floor":10,"key":"Toxic Potion"}],"is_trial":false,"path_per_floor":["M","M","M","$","?","R","?","M","T","E","R","M","$","E"],"character_chosen":"WATCHER","items_purchased":["Mayhem","Replay:Wax Seal","conspire:GiftBox","Panacea"],"campfire_rested":0,"item_purchase_floors":[4,13,13,13],"current_hp_per_floor":[72,68,68,68,68,68,67,49,49,30,30,29,29,0,0],"gold":19,"neow_bonus":"TWO_FIFTY_GOLD","is_daily":false,"chose_seed":false,"campfire_upgraded":2,"win_rate":0.0,"timestamp":1613522465,"path_taken":["M","M","M","?","?","R","?","?","T","E","R","?","$","E"],"items_purchased_type":["Card","Relic","Relic","Card"],"build_version":"2020-12-22","purchased_purges":0,"victory":false,"max_hp_per_floor":[72,72,72,72,72,72,67,67,67,67,67,67,67,67,67],"relic_stats":{"counters":[7,31],"Golden Idol":14,"obtain_stats":[{"Anchor":5,"aspiration:Lifesprig":9,"conspire:GiftBox":13,"Golden Idol":7,"Damaru":10,"PureWater":0,"Replay:Wax Seal":13},{"Anchor":3,"aspiration:Lifesprig":4,"conspire:GiftBox":6,"Golden Idol":3,"Damaru":5,"PureWater":0,"Replay:Wax Seal":6},{"Anchor":11,"aspiration:Lifesprig":16,"conspire:GiftBox":29,"Golden Idol":11,"Damaru":25,"PureWater":0,"Replay:Wax Seal":29}]},"card_choices":[{"not_picked":["Vengeance","Crescendo"],"picked":"FlyingSleeves","floor":1},{"not_picked":["Protect","EmptyFist"],"picked":"TalkToTheHand","floor":2},{"not_picked":["InnerPeace","Replay:DivineShield"],"picked":"WindmillStrike","floor":3},{"not_picked":["Adaptation","FlurryOfBlows"],"picked":"Consecrate","floor":8},{"not_picked":["Replay:AllIn","Indignation"],"picked":"EmptyBody","floor":10},{"not_picked":["EmptyMind","Replay:AtTheReady"],"picked":"Conclude","floor":12},{"not_picked":["Devotion","Scrawl"],"picked":"Vault","floor":13}],"player_experience":485717,"relics_obtained":[{"floor":5,"key":"Anchor"},{"floor":9,"key":"aspiration:Lifesprig"},{"floor":10,"key":"Damaru"}],"event_choices":[{"damage_healed":0,"gold_gain":0,"player_choice":"Lose Max HP","damage_taken":0,"relics_obtained":["Golden Idol"],"max_hp_gain":0,"max_hp_loss":5,"event_name":"Golden Idol","floor":7,"gold_loss":0}],"is_beta":false,"boss_relics":[],"items_purged_floors":[],"is_endless":false,"potions_floor_spawned":[1,10],"killed_by":"Gremlin Nob","ascension_level":5}}