{"host":"rb2p2z6v6vieend5","time":1613594751,"event":{"mods":["BaseMod","Block Reminder","Colored Map","DeckTracker","Highlight Path","Minty Spire (QoL Compilation)","Random Character Button","Relic Stats"],"gold_per_floor":[114,264,264,264,289,289,322,322,322,362,50,50,50,71,71,162,162,143,143,143,158,178,194,34,34,107,107,146,146,171,194,194,290,290,303,327,351,376,435,435,435,435,460,479,497,79,93,124,124,124],"floor_reached":51,"language":"ENG","playtime":7734,"items_purged":["Doubt"],"score":1302,"play_id":"c2fb2b55-d302-44df-9757-10a8c680efbb","local_time":"20210217214550","is_ascension_mode":true,"campfire_choices":[{"data":"True Grit","floor":6,"key":"SMITH"},{"data":"Anger","floor":8,"key":"SMITH"},{"data":"Reaper","floor":13,"key":"SMITH"},{"data":"Clothesline","floor":15,"key":"SMITH"},{"data":"Immolate","floor":25,"key":"SMITH"},{"floor":29,"key":"REST"},{"floor":32,"key":"REST"},{"floor":40,"key":"REST"},{"data":"Uppercut","floor":42,"key":"SMITH"},{"data":"Bludgeon","floor":49,"key":"SMITH"}],"circlet_count":0,"master_deck":["AscendersBane","Strike_R","Strike_R","Defend_R","Defend_R","Defend_R+1","Defend_R","Bash","True Grit+1","Shrug It Off+1","Anger+1","Reaper+1","Dark Embrace+1","Clothesline+1","Demon Form+1","Immolate+1","Battle Trance+1","Feed","Dual Wield+1","Fire Breathing+1","Reckless Charge","Intimidate+1","Battle Trance+1","Corruption+1","Uppercut+1","True Grit+1","Shrug It Off+1","Disarm+1","Metallicize+1","Bludgeon+1","Sentinel+1","Disarm+1","True Grit+1","Shockwave+1"],"relics":["Burning Blood","NeowsBlessing","Golden Idol","Bag of Marbles","Toxic Egg 2","Bronze Scales","War Paint","Frozen Egg 2","Black Star","Self Forming Clay","Gremlin Horn","Darkstone Periapt","Blue Candle","Snecko Eye","Gambling Chip","PreservedInsect","Orrery","Oddly Smooth Stone","StoneCalendar"],"acts_visited":["Exordium","TheCity","TheBeyond"],"potions_floor_usage":[16,21,33,36,39,50],"damage_taken":[{"damage":0,"enemies":"2 Louse","floor":1,"turns":1},{"damage":0,"enemies":"Jaw Worm","floor":5,"turns":1},{"damage":0,"enemies":"Lagavulin","floor":7,"turns":1},{"damage":22,"enemies":"3 Sentries","floor":10,"turns":9},{"damage":2,"enemies":"Small Slimes","floor":14,"turns":4},{"damage":58,"enemies":"Slime Boss","floor":16,"turns":11},{"damage":21,"enemies":"2 Thieves","floor":18,"turns":4},{"damage":1,"enemies":"Chosen","floor":21,"turns":7},{"damage":34,"enemies":"Snake Plant","floor":22,"turns":6},{"damage":41,"enemies":"Chosen and Byrds","floor":23,"turns":7},{"damage":30,"enemies":"Gremlin Leader","floor":28,"turns":7},{"damage":19,"enemies":"Snecko","floor":30,"turns":7},{"damage":15,"enemies":"Snake Plant","floor":31,"turns":5},{"damage":78,"enemies":"Collector","floor":33,"turns":8},{"damage":6,"enemies":"Orb Walker","floor":35,"turns":3},{"damage":27,"enemies":"3 Darklings","floor":36,"turns":4},{"damage":49,"enemies":"Maw","floor":37,"turns":8},{"damage":7,"enemies":"Sphere and 2 Shapes","floor":38,"turns":5},{"damage":41,"enemies":"2 Orb Walkers","floor":39,"turns":4},{"damage":0,"enemies":"3 Darklings","floor":44,"turns":1},{"damage":39,"enemies":"Spire Growth","floor":45,"turns":6},{"damage":1,"enemies":"Sphere and 2 Shapes","floor":47,"turns":3},{"damage":0,"enemies":"Mind Bloom Boss Battle","floor":48,"turns":10},{"damage":59,"enemies":"Time Eater","floor":50,"turns":13}],"seed_played":"5910967841459036611","potions_obtained":[{"floor":1,"key":"Fire Potion"},{"floor":5,"key":"SpeedPotion"},{"floor":7,"key":"Fruit Juice"},{"floor":16,"key":"SteroidPotion"},{"floor":21,"key":"FairyPotion"},{"floor":33,"key":"GamblersBrew"},{"floor":38,"key":"ColorlessPotion"},{"floor":44,"key":"SteroidPotion"},{"floor":47,"key":"Dexterity Potion"}],"is_trial":false,"path_per_floor":["M","?","?","?","M","R","E","R","T","E","$","$","R","M","R","B",null,"M","?","?","M","M","M","$","R","T","T","E","R","M","M","R","B",null,"M","M","M","M","?","R","?","R","T","M","M","$","M","?","R","B",null],"character_chosen":"IRONCLAD","items_purchased":["Frozen Egg 2","Dark Embrace+1","Fire Breathing+1","Orrery","Oddly Smooth Stone","Shockwave+1"],"campfire_rested":3,"item_purchase_floors":[11,11,24,46,46,46],"current_hp_per_floor":[74,74,68,50,56,56,62,62,62,46,46,46,46,64,64,22,57,52,52,52,65,43,31,31,31,31,31,15,40,30,24,51,9,71,78,60,25,27,38,68,68,68,68,95,86,86,94,109,109,56],"gold":124,"neow_bonus":"THREE_ENEMY_KILL","is_daily":false,"chose_seed":false,"campfire_upgraded":7,"win_rate":0.0,"timestamp":1613594750,"path_taken":["M","?","?","?","M","R","E","R","T","E","?","$","R","M","R","BOSS","M","?","?","?","?","M","?","R","T","?","E","R","M","M","R","BOSS","M","?","M","M","?","R","?","R","T","M","M","?","M","?","R","BOSS"],"items_purchased_type":["Relic","Card","Card","Relic","Relic","Card"],"build_version":"2020-12-22","purchased_purges":1,"victory":true,"max_hp_per_floor":[75,75,68,68,68,68,68,68,68,68,68,68,68,68,68,68,68,68,68,68,76,79,82,82,82,82,82,85,85,88,91,91,91,91,91,94,94,97,100,100,100,100,100,100,103,103,106,109,109,109],"relic_stats":{"Darkstone Periapt":0,"Gremlin Horn":[15,18],"counters":[24,135],"Golden Idol":159,"Self Forming Clay":[132],"Blue Candle":[0],"StoneCalendar":[32],"PreservedInsect":0,"War Paint":["Defend_R","Shrug It Off"],"Burning Blood":138,"Bronze Scales":[356],"Gambling Chip":[28],"Snecko Eye":[141,131,124,112],"Black Star":1,"obtain_stats":[{"Darkstone Periapt":28,"NeowsBlessing":0,"Gremlin Horn":27,"Golden Idol":3,"Self Forming Clay":26,"Blue Candle":28,"Oddly Smooth Stone":46,"StoneCalendar":48,"PreservedInsect":43,"War Paint":10,"Frozen Egg 2":11,"Burning Blood":0,"Bronze Scales":9,"Gambling Chip":39,"Snecko Eye":34,"Orrery":46,"Bag of Marbles":4,"Black Star":17,"Toxic Egg 2":7},{"Darkstone Periapt":11,"NeowsBlessing":0,"Gremlin Horn":10,"Golden Idol":1,"Self Forming Clay":10,"Blue Candle":11,"Oddly Smooth Stone":21,"StoneCalendar":23,"PreservedInsect":19,"War Paint":4,"Frozen Egg 2":4,"Burning Blood":0,"Bronze Scales":3,"Gambling Chip":19,"Snecko Eye":14,"Orrery":21,"Bag of Marbles":1,"Black Star":6,"Toxic Egg 2":3},{"Darkstone Periapt":58,"NeowsBlessing":0,"Gremlin Horn":51,"Golden Idol":1,"Self Forming Clay":51,"Blue Candle":58,"Oddly Smooth Stone":109,"StoneCalendar":122,"PreservedInsect":102,"War Paint":12,"Frozen Egg 2":12,"Burning Blood":0,"Bronze Scales":3,"Gambling Chip":102,"Snecko Eye":78,"Orrery":109,"Bag of Marbles":1,"Black Star":27,"Toxic Egg 2":3}]},"card_choices":[{"not_picked":["Dual Wield","Iron Wave"],"picked":"True Grit","floor":1},{"not_picked":["Heavy Blade","Clothesline"],"picked":"Shrug It Off","floor":5},{"not_picked":["Wild Strike","Combust"],"picked":"Anger","floor":7},{"not_picked":["Warcry+1","Iron Wave"],"picked":"Reaper","floor":10},{"not_picked":["Body Slam","Sever Soul"],"picked":"Clothesline","floor":14},{"not_picked":["Double Tap+1","Reaper"],"picked":"Demon Form+1","floor":16},{"not_picked":["Warcry+1","Wild Strike","Flex+1"],"picked":"SKIP","floor":18},{"not_picked":["Headbutt","Cleave"],"picked":"Dual Wield+1","floor":21},{"not_picked":["Headbutt","Thunderclap","Carnage"],"picked":"SKIP","floor":22},{"not_picked":["Combust+1","Sword Boomerang","Iron Wave"],"picked":"SKIP","floor":23},{"not_picked":["Clothesline+1","Dark Embrace+1"],"picked":"Reckless Charge","floor":28},{"not_picked":["Twin Strike","Bloodletting+1"],"picked":"Intimidate+1","floor":30},{"not_picked":["Anger","Rampage"],"picked":"Battle Trance+1","floor":31},{"not_picked":["Brutality+1","Reaper"],"picked":"Corruption+1","floor":33},{"not_picked":["Headbutt","Sever Soul"],"picked":"Uppercut","floor":35},{"not_picked":["Battle Trance+1","Sword Boomerang"],"picked":"True Grit+1","floor":36},{"not_picked":["Pommel Strike","Havoc+1"],"picked":"Shrug It Off+1","floor":37},{"not_picked":["Second Wind+1","Clash"],"picked":"Disarm+1","floor":38},{"not_picked":["Iron Wave","Wild Strike"],"picked":"True Grit+1","floor":39},{"not_picked":["Thunderclap","Battle Trance+1"],"picked":"Metallicize+1","floor":44},{"not_picked":["Wild Strike","Flex+1","Seeing Red+1"],"picked":"SKIP","floor":45},{"not_picked":["Clash+1","True Grit+1"],"picked":"Bludgeon","floor":46},{"not_picked":["Heavy Blade","Iron Wave"],"picked":"Sentinel+1","floor":46},{"not_picked":["Flex+1","Clash"],"picked":"Disarm+1","floor":46},{"not_picked":["Exhume+1","Twin Strike"],"picked":"True Grit+1","floor":46},{"not_picked":["Perfected Strike","Shrug It Off+1","Iron Wave+1"],"picked":"SKIP","floor":47}],"player_experience":763041,"relics_obtained":[{"floor":7,"key":"Toxic Egg 2"},{"floor":9,"key":"Bronze Scales"},{"floor":10,"key":"War Paint"},{"floor":26,"key":"Self Forming Clay"},{"floor":27,"key":"Gremlin Horn"},{"floor":28,"key":"Darkstone Periapt"},{"floor":28,"key":"Blue Candle"},{"floor":39,"key":"Gambling Chip"},{"floor":43,"key":"PreservedInsect"},{"floor":48,"key":"StoneCalendar"}],"event_choices":[{"damage_healed":0,"gold_gain":150,"player_choice":"AGREE","damage_taken":0,"max_hp_gain":0,"max_hp_loss":0,"event_name":"Liars Game","floor":2,"gold_loss":0,"cards_obtained":["Doubt"]},{"damage_healed":0,"gold_gain":0,"player_choice":"Lose Max HP","damage_taken":0,"relics_obtained":["Golden Idol"],"max_hp_gain":0,"max_hp_loss":7,"event_name":"Golden Idol","floor":3,"gold_loss":0},{"damage_healed":0,"gold_gain":0,"player_choice":"Success","damage_taken":18,"relics_obtained":["Bag of Marbles"],"max_hp_gain":0,"max_hp_loss":0,"event_name":"Scrap Ooze","floor":4,"gold_loss":0},{"damage_healed":0,"gold_gain":0,"cards_transformed":["Strike_R","Strike_R"],"player_choice":"Became Test Subject","damage_taken":0,"max_hp_gain":0,"max_hp_loss":0,"event_name":"Drug Dealer","floor":19,"gold_loss":0,"cards_obtained":["Immolate","Battle Trance"]},{"damage_healed":0,"gold_gain":0,"cards_transformed":["Strike_R"],"player_choice":"Transformed","damage_taken":0,"max_hp_gain":0,"max_hp_loss":0,"event_name":"Transmorgrifier","floor":20,"gold_loss":0,"cards_obtained":["Feed"]},{"damage_healed":0,"gold_gain":0,"player_choice":"Fight","damage_taken":0,"max_hp_gain":0,"max_hp_loss":0,"event_name":"Mysterious Sphere","floor":39,"gold_loss":0},{"cards_removed":["True Grit"],"damage_healed":0,"gold_gain":0,"player_choice":"Removed Skill","damage_taken":0,"max_hp_gain":0,"max_hp_loss":0,"event_name":"Falling","floor":41,"gold_loss":0},{"damage_healed":0,"gold_gain":0,"player_choice":"Fight","damage_taken":0,"max_hp_gain":0,"max_hp_loss":0,"event_name":"MindBloom","floor":48,"gold_loss":0}],"is_beta":false,"boss_relics":[{"not_picked":["Runic Cube","SlaversCollar"],"picked":"Black Star"},{"not_picked":["Calling Bell","Sozu"],"picked":"Snecko Eye"}],"items_purged_floors":[24],"is_endless":false,"potions_floor_spawned":[1,5,7,16,21,22,33,38,44,47],"ascension_level":17}}