{"host":"63uc7iyb40dnlk3k","time":1613585070,"event":{"mods":["2.2 Compatiblity","AchievementEnabler","BaseMod","Defuse TimeMaze Blight","Downfall","Jorbs\u0027s Wanderer Trilogy","Minty Spire (QoL Compilation)","Random Character Button","StSLib"],"gold_per_floor":[118,118,128,140,65,90,90,90,90,125,139,139,139,159,159,254,254,264,264,264,282,197,197,229,65,92,121,203,234,234,283,283,410,410,454,561,35,145,218,341,353,445,445,518,518,518,579,624,624,654,654,654,87,145,145],"floor_reached":56,"language":"ENG","playtime":3340,"items_purged":["Defend_P","Strike_P"],"score":1478,"play_id":"9f05899f-71d4-42e2-b9b0-f3720b1e315b","local_time":"20210217200430","is_ascension_mode":false,"campfire_choices":[{"data":"Meditate","floor":7,"key":"SMITH"},{"data":"Protect","floor":12,"key":"SMITH"},{"data":"InnerPeace","floor":15,"key":"SMITH"},{"floor":23,"key":"RECALL"},{"data":"Wish","floor":30,"key":"SMITH"},{"data":"Wish","floor":32,"key":"SMITH"},{"data":"Vengeance","floor":46,"key":"SMITH"},{"data":"SandsOfTime","floor":49,"key":"SMITH"},{"data":"WheelKick","floor":52,"key":"SMITH"}],"circlet_count":0,"master_deck":["Strike_P+1","Strike_P+1","Defend_P","Defend_P+1","Defend_P+1","Eruption","Vigilance+1","Protect+1","Meditate+1","InnerPeace+1","Vengeance+1","SandsOfTime+1","Ragnarok+1","WindmillStrike+1","Wish+1","Wish+1","WheelKick+1","Omniscience","SandsOfTime+1","Ragnarok+1"],"relics":["Snecko Eye","Darkstone Periapt","Singing Bowl","War Paint","Sozu","Vajra","Eternal Feather","Kunai","The Courier","Whetstone","Busted Crown","PreservedInsect","Happy Flower","Gremlin Horn","Calipers","Du-Vu Doll","Boot","Bronze Scales","Centennial Puzzle","DollysMirror","InkBottle","Mango","Art of War"],"acts_visited":["Exordium","TheCity","TheBeyond","TheEnding"],"potions_floor_usage":[24,55],"damage_taken":[{"damage":2,"enemies":"2 Louse","floor":1,"turns":3},{"damage":0,"enemies":"Cultist","floor":3,"turns":2},{"damage":0,"enemies":"Small Slimes","floor":4,"turns":2},{"damage":12,"enemies":"3 Sentries","floor":6,"turns":7},{"damage":4,"enemies":"Lagavulin","floor":10,"turns":7},{"damage":1,"enemies":"Red Slaver","floor":11,"turns":4},{"damage":1,"enemies":"Exordium Wildlife","floor":14,"turns":4},{"damage":18,"enemies":"The Guardian","floor":16,"turns":7},{"damage":12,"enemies":"2 Thieves","floor":18,"turns":2},{"damage":0,"enemies":"Shell Parasite","floor":21,"turns":2},{"damage":0,"enemies":"Slavers","floor":24,"turns":2},{"damage":0,"enemies":"Book of Stabbing","floor":27,"turns":2},{"damage":8,"enemies":"Slavers","floor":29,"turns":2},{"damage":0,"enemies":"Snake Plant","floor":31,"turns":2},{"damage":39,"enemies":"Champ","floor":33,"turns":6},{"damage":0,"enemies":"3 Darklings","floor":35,"turns":2},{"damage":0,"enemies":"Orb Walker","floor":36,"turns":3},{"damage":0,"enemies":"Mind Bloom Boss Battle","floor":38,"turns":6},{"damage":8,"enemies":"Spire Growth","floor":39,"turns":3},{"damage":0,"enemies":"Giant Head","floor":40,"turns":4},{"damage":0,"enemies":"Jaw Worm Horde","floor":41,"turns":2},{"damage":37,"enemies":"Nemesis","floor":42,"turns":7},{"damage":0,"enemies":"4 Shapes","floor":44,"turns":4},{"damage":0,"enemies":"Reptomancer","floor":47,"turns":5},{"damage":0,"enemies":"Sphere and 2 Shapes","floor":48,"turns":2},{"damage":0,"enemies":"Awakened One","floor":50,"turns":4},{"damage":12,"enemies":"Shield and Spear","floor":54,"turns":2},{"damage":94,"enemies":"The Heart","floor":55,"turns":5}],"seed_played":"9017995797068167805","potions_obtained":[{"floor":1,"key":"SmokeBomb"},{"floor":6,"key":"Strength Potion"},{"floor":10,"key":"Ambrosia"}],"is_trial":false,"path_per_floor":["M","?","M","M","$","E","R","?","T","E","M","R","?","M","R","B",null,"M","?","?","M","?","R","E","$","T","E","T","E","R","M","R","B",null,"M","M","$","?","M","E","M","E","T","M","?","R","E","M","R","B",null,"R","$","E","B",null],"character_chosen":"WATCHER","items_purchased":["Wish","PreservedInsect","Happy Flower","Gremlin Horn","DollysMirror","InkBottle","Mango"],"campfire_rested":0,"item_purchase_floors":[25,37,37,37,53,53,53],"current_hp_per_floor":[70,70,70,70,70,58,58,51,51,47,48,48,48,47,47,29,74,64,64,64,64,64,64,64,64,64,64,64,58,67,69,78,39,80,82,84,84,86,80,82,84,47,47,49,49,58,60,62,71,71,93,93,107,97,3],"gold":145,"neow_bonus":"BOSS_RELIC","is_daily":false,"chose_seed":false,"campfire_upgraded":8,"win_rate":0.0,"timestamp":1613585070,"path_taken":["M","?","M","?","$","E","R","?","T","E","M","R","?","M","R","BOSS","M","?","?","?","?","R","E","$","T","E","?","E","R","M","R","BOSS","M","M","$","?","M","E","M","E","T","M","?","R","E","M","R","BOSS","R","$","E","BOSS"],"items_purchased_type":["Card","Relic","Relic","Relic","Relic","Relic","Relic"],"build_version":"2020-12-22","purchased_purges":2,"victory":true,"max_hp_per_floor":[72,72,72,72,72,72,72,72,72,72,74,74,74,74,74,74,74,76,76,76,76,76,76,76,76,76,76,76,78,78,80,80,80,80,82,84,84,86,88,90,92,92,92,94,89,89,91,93,93,93,93,93,107,109,109],"card_choices":[{"not_picked":["ForeignInfluence","FlurryOfBlows","ThirdEye"],"picked":"SKIP","floor":1},{"not_picked":["SashWhip","Pray"],"picked":"Protect","floor":3},{"not_picked":["Halt","FlyingSleeves"],"picked":"Meditate","floor":4},{"not_picked":["Protect","FlyingSleeves"],"picked":"InnerPeace","floor":6},{"not_picked":["Halt","Meditate"],"picked":"Vengeance","floor":10},{"not_picked":["FlyingSleeves","BattleHymn","WreathOfFlame"],"picked":"Singing Bowl","floor":11},{"not_picked":["JustLucky","Tantrum"],"picked":"SandsOfTime","floor":14},{"not_picked":["ConjureBlade","LessonLearned"],"picked":"Ragnarok","floor":16},{"not_picked":["Consecrate+1","Protect","CarveReality"],"picked":"Singing Bowl","floor":18},{"not_picked":["Collect","Halt"],"picked":"WindmillStrike+1","floor":21},{"not_picked":["Devotion","InnerPeace+1"],"picked":"Wish","floor":24},{"not_picked":["WaveOfTheHand","Pray+1"],"picked":"WheelKick","floor":27},{"not_picked":["BowlingBash","Evaluate","WindmillStrike"],"picked":"Singing Bowl","floor":29},{"not_picked":["Adaptation","Crescendo+1","FollowUp"],"picked":"Singing Bowl","floor":31},{"not_picked":["Establishment","Brilliance"],"picked":"Omniscience","floor":33},{"not_picked":["Tantrum+1"],"picked":"Singing Bowl","floor":35},{"not_picked":["BowlingBash+1"],"picked":"Singing Bowl","floor":36},{"not_picked":["Consecrate+1"],"picked":"Singing Bowl","floor":38},{"not_picked":["Sanctity+1"],"picked":"Singing Bowl","floor":39},{"not_picked":["Tantrum"],"picked":"Singing Bowl","floor":40},{"not_picked":["JustLucky+1"],"picked":"Singing Bowl","floor":41},{"not_picked":[],"picked":"SandsOfTime+1","floor":42},{"not_picked":["ClearTheMind+1"],"picked":"Singing Bowl","floor":44},{"not_picked":["EmptyFist"],"picked":"Singing Bowl","floor":47},{"not_picked":["PathToVictory"],"picked":"Singing Bowl","floor":48},{"not_picked":["Evaluate"],"picked":"Singing Bowl","floor":54}],"player_experience":383573,"relics_obtained":[{"floor":6,"key":"Darkstone Periapt"},{"floor":9,"key":"Singing Bowl"},{"floor":10,"key":"War Paint"},{"floor":24,"key":"Eternal Feather"},{"floor":27,"key":"Kunai"},{"floor":28,"key":"The Courier"},{"floor":29,"key":"Whetstone"},{"floor":38,"key":"Calipers"},{"floor":40,"key":"Du-Vu Doll"},{"floor":42,"key":"Boot"},{"floor":43,"key":"Bronze Scales"},{"floor":47,"key":"Centennial Puzzle"},{"floor":54,"key":"Art of War"}],"event_choices":[{"damage_healed":0,"gold_gain":0,"player_choice":"Forge","damage_taken":0,"max_hp_gain":0,"max_hp_loss":0,"event_name":"Accursed Blacksmith","floor":2,"gold_loss":0,"cards_upgraded":["Vigilance"]},{"cards_removed":["Strike_P"],"damage_healed":0,"gold_gain":0,"player_choice":"Card Removal","damage_taken":7,"max_hp_gain":0,"max_hp_loss":0,"event_name":"Golden Wing","floor":8,"gold_loss":0},{"damage_healed":0,"gold_gain":0,"player_choice":"Bought 0 Potions","damage_taken":0,"max_hp_gain":0,"max_hp_loss":0,"event_name":"The Woman in Blue","floor":13,"gold_loss":0},{"damage_healed":0,"gold_gain":0,"player_choice":"Ignored","damage_taken":0,"max_hp_gain":0,"max_hp_loss":0,"event_name":"Vampires","floor":19,"gold_loss":0},{"damage_healed":0,"gold_gain":0,"player_choice":"Upgraded","damage_taken":0,"max_hp_gain":0,"max_hp_loss":0,"event_name":"Upgrade Shrine","floor":20,"gold_loss":0,"cards_upgraded":["Ragnarok"]},{"damage_healed":0,"gold_gain":0,"player_choice":"Obtained Relic","damage_taken":0,"relics_obtained":["Vajra"],"max_hp_gain":0,"max_hp_loss":0,"event_name":"Addict","floor":22,"gold_loss":85},{"damage_healed":0,"gold_gain":0,"player_choice":"Fight","damage_taken":0,"max_hp_gain":0,"max_hp_loss":0,"event_name":"MindBloom","floor":38,"gold_loss":0},{"damage_healed":0,"gold_gain":0,"player_choice":"Max HP","damage_taken":0,"max_hp_gain":0,"max_hp_loss":5,"event_name":"Winding Halls","floor":45,"gold_loss":0}],"is_beta":false,"boss_relics":[{"not_picked":["SlaversCollar","Ectoplasm"],"picked":"Sozu"},{"not_picked":["bronze:MakeshiftBattery","Empty Cage"],"picked":"Busted Crown"}],"items_purged_floors":[5,37],"is_endless":false,"potions_floor_spawned":[1,6,10,14,18,27,33,35,36,41,42,48,54],"ascension_level":0}}