{"host":"dn6kke80v5f7isus","time":1613521374,"event":{"mods":["AchievementEnabler","Act Like it!","Astrologer","BaseMod","Colored Powertips","Custom Start","Defuse TimeMaze Blight","Energized Spire","Gremlin Skip","Highlight Path","Hubris","Infinite Spire","Marisa????????","Marked Mod","Minty Spire (QoL Compilation)","Quick Restart","Rare Cards Sparkle","Reliquary","Replay The Spire","StSLib","The Servant 0.9.4","Uncapped","Unceasing Turn Reminder"],"gold_per_floor":[109,4535,4535,4535,4551,4578,4590,3934,3957,3957,4026,4026,3517,3530,3530,3631,3631,3660,3669,3245,3264,3288,3288,3313,3313,3313,3364,3376,3411,3434,3455,3455,3563,3563,3577,3577,3606,3388,3388,3388],"floor_reached":39,"language":"ENG","playtime":1222,"items_purged":["Evaluate"],"score":512,"play_id":"3fa3d7a9-5d67-49b0-a7b5-58a4a2b57478","local_time":"20210216192254","is_ascension_mode":true,"campfire_choices":[{"data":"PathToVictory","floor":15.0,"key":"SMITH"},{"data":"PathToVictory","floor":23.0,"key":"SMITH"},{"data":"FlurryOfBlows","floor":25.0,"key":"SMITH"},{"floor":32.0,"key":"REST"}],"circlet_count":0,"master_deck":["Strike_P+1","Defend_P+1","Vigilance+1","JustLucky+1","Panache+1","MarkedMod:PinPointDefense+1","Weave+1","PathToVictory+1","PathToVictory+1","FlurryOfBlows+1","MarkedMod:GracefulMovements","Replay:Cycle+1","Replay:ManipulateFuture","JustLucky+1","PathToVictory+1","Weave","MarkedMod:OneThousandNeedles+1","Devotion","MarkedMod:OneThousandNeedles"],"relics":["PureWater","NeowsBlessing","BargainBundle","hubris:64BitClover","Ice Cream","Gremlin Food","Chameleon Ring","Guide Book","CeramicFish","ReplayTheSpireMod:TigerMarble","Boot","Replay:Accelerometer","hubris:FunFungus","Replay:Lucky Slots","hubris:ScarierMask","Membership Card","hubris:GlazedTorus","Gremlin Horn","Kunai","infinitespire:Beetle Shell","Matryoshka","reliquary:Solitaire","ReplayFunnel","Gambling Chip"],"acts_visited":["Exordium","TheCity","TheBeyond"],"potions_floor_usage":[],"damage_taken":[{"damage":0.0,"enemies":"Small Slimes","floor":1.0,"turns":1.0},{"damage":0.0,"enemies":"Jaw Worm","floor":5.0,"turns":1.0},{"damage":0.0,"enemies":"3 Sentries","floor":6.0,"turns":2.0},{"damage":0.0,"enemies":"Cultist","floor":7.0,"turns":3.0},{"damage":0.0,"enemies":"Blue Slaver","floor":14.0,"turns":2.0},{"damage":0.0,"enemies":"The Guardian","floor":16.0,"turns":1.0},{"damage":0.0,"enemies":"3 Byrds","floor":18.0,"turns":2.0},{"damage":2.0,"enemies":"2 Thieves","floor":21.0,"turns":2.0},{"damage":0.0,"enemies":"3 Cultists","floor":22.0,"turns":3.0},{"damage":3.0,"enemies":"Book of Stabbing","floor":24.0,"turns":3.0},{"damage":26.0,"enemies":"Replay:Snechameleon","floor":27.0,"turns":4.0},{"damage":0.0,"enemies":"Sentry and Sphere","floor":28.0,"turns":2.0},{"damage":4.0,"enemies":"Slavers","floor":29.0,"turns":3.0},{"damage":7.0,"enemies":"Snake Plant","floor":30.0,"turns":2.0},{"damage":0.0,"enemies":"Centurion and Healer","floor":31.0,"turns":2.0},{"damage":13.0,"enemies":"Pondfish","floor":33.0,"turns":6.0},{"damage":0.0,"enemies":"3 Shapes","floor":35.0,"turns":2.0},{"damage":0.0,"enemies":"Orb Walker","floor":37.0,"turns":1.0}],"seed_played":"6523123043738920393","potions_obtained":[{"floor":4.0,"key":"LiquidMemories"},{"floor":16.0,"key":"BlessingOfTheForge"},{"floor":21.0,"key":"DuplicationPotion"},{"floor":27.0,"key":"SteroidPotion"}],"is_trial":false,"path_per_floor":["M","$","?","?","M","E","M","$","T","?","T","?","$","M","R","B",null,"M","?","$","M","M","R","E","R","T","E","M","E","M","M","R","B",null,"M","?","M","$","?"],"character_chosen":"WATCHER","items_purchased":["BargainBundle","hubris:64BitClover","Ice Cream","Panache","MarkedMod:PinPointDefense","infinitespire:BlackPotion","BlessingOfTheForge","ColorlessPotion","Chameleon Ring","Weave","Guide Book","CeramicFish","MarkedMod:PinPointDefense","hubris:FunFungus","Replay:Lucky Slots","PathToVictory","Membership Card","FlurryOfBlows","MarkedMod:GracefulMovements","Replay:Cycle","Replay:ManipulateFuture","hubris:GlazedTorus","ReplayFunnel","Gambling Chip"],"campfire_rested":1,"item_purchase_floors":[2,2,2,2,2,2,2,2,8,8,8,8,8,13,13,13,20,20,20,20,20,20,38,38],"current_hp_per_floor":[72,100,100,100,100,100,100,100,100,100,100,100,100,100,100,100,100,100,100,100,99,100,100,97,97,97,74,74,71,64,64,94,88,100,100,100,100,100,100,100],"gold":3388,"neow_bonus":"THREE_ENEMY_KILL","is_daily":false,"chose_seed":false,"campfire_upgraded":3,"win_rate":0.0,"timestamp":1613521374,"path_taken":["M","$","?","?","?","E","M","$","T","?","?","?","$","?","R","BOSS","M","?","$","?","M","R","E","R","T","E","?","E","M","M","R","BOSS","M","?","M","$","?"],"items_purchased_type":["Relic","Relic","Relic","Card","Card","Potion","Potion","Potion","Relic","Card","Relic","Relic","Card","Relic","Relic","Card","Relic","Card","Card","Card","Card","Relic","Relic","Relic"],"build_version":"2020-12-22","purchased_purges":1,"victory":false,"max_hp_per_floor":[72,100,100,100,100,100,100,100,100,100,100,100,100,100,100,100,100,100,100,100,100,100,100,100,100,100,100,100,100,100,100,100,100,100,100,100,100,100,100,100],"card_choices":[{"not_picked":["FollowUp","Replay:Battleflow"],"picked":"JustLucky","floor":1.0},{"not_picked":["Replay:DivineShield","EmptyBody","Replay:BluntJabs"],"picked":"SKIP","floor":5.0},{"not_picked":["Collect","Replay:ManipulateFuture","FearNoEvil"],"picked":"SKIP","floor":6.0},{"not_picked":["EmptyFist","Protect","ClearTheMind"],"picked":"SKIP","floor":7.0},{"not_picked":["Replay:Hum","Worship","Brilliance"],"picked":"SKIP","floor":14.0},{"not_picked":["Swivel","FlurryOfBlows"],"picked":"PathToVictory","floor":18.0},{"not_picked":["ClearTheMind","Replay:ManipulateFuture","MarkedMod:GentlePulse+1"],"picked":"SKIP","floor":21.0},{"not_picked":["BattleHymn","FollowUp+1"],"picked":"JustLucky+1","floor":22.0},{"not_picked":["Pray","MarkedMod:FirstStrike","MarkedMod:Acupuncture+1"],"picked":"SKIP","floor":24.0},{"not_picked":["MarkedMod:ChiBlock","CutThroughFate+1"],"picked":"PathToVictory+1","floor":27.0},{"not_picked":["ClearTheMind","WreathOfFlame","FlyingSleeves"],"picked":"SKIP","floor":28.0},{"not_picked":["Crescendo+1","Replay:BluntJabs","TalkToTheHand"],"picked":"SKIP","floor":29.0},{"not_picked":["MarkedMod:Acupuncture+1","Consecrate"],"picked":"Weave","floor":30.0},{"not_picked":["MarkedMod:Acupuncture","Replay:ManipulateFuture+1"],"picked":"MarkedMod:OneThousandNeedles","floor":31.0},{"not_picked":["Blasphemy","Replay:AllIn"],"picked":"Devotion","floor":33.0},{"not_picked":["Sanctity+1","Evaluate","ThirdEye"],"picked":"SKIP","floor":35.0},{"not_picked":["EmptyBody","MarkedMod:Acupuncture"],"picked":"MarkedMod:OneThousandNeedles","floor":37.0}],"player_experience":453453,"relics_obtained":[{"floor":6.0,"key":"Gremlin Food"},{"floor":9.0,"key":"ReplayTheSpireMod:TigerMarble"},{"floor":10.0,"key":"Boot"},{"floor":11.0,"key":"Replay:Accelerometer"},{"floor":22.0,"key":"Gremlin Horn"},{"floor":24.0,"key":"Kunai"},{"floor":26.0,"key":"infinitespire:Beetle Shell"},{"floor":27.0,"key":"Matryoshka"}],"event_choices":[{"damage_healed":0.0,"max_hp_gain":0.0,"max_hp_loss":0.0,"gold_gain":0.0,"event_name":"Lab","player_choice":"Got Potions","floor":4.0,"gold_loss":0.0,"damage_taken":0.0},{"cards_removed":["MarkedMod:PinPointDefense"],"damage_healed":0.0,"max_hp_gain":0.0,"max_hp_loss":0.0,"gold_gain":0.0,"event_name":"Bonfire Elementals","player_choice":"Offered Uncommon","floor":12.0,"gold_loss":0.0,"damage_taken":0.0},{"damage_healed":0.0,"max_hp_gain":0.0,"max_hp_loss":0.0,"gold_gain":0.0,"cards_transformed":["Eruption"],"event_name":"Transmorgrifier","player_choice":"Transformed","floor":19.0,"gold_loss":0.0,"damage_taken":0.0,"cards_obtained":["Evaluate"]},{"damage_healed":0.0,"max_hp_gain":0.0,"max_hp_loss":0.0,"gold_gain":0.0,"event_name":"Tomb of Lord Red Mask","player_choice":"Ignored","floor":36.0,"gold_loss":0.0,"damage_taken":0.0}],"is_beta":false,"boss_relics":[{"not_picked":["energizedSpire:BlackCloud","Calling Bell"],"picked":"hubris:ScarierMask"},{"not_picked":["HolyWater","Replay:Wanted Poster"],"picked":"reliquary:Solitaire"}],"items_purged_floors":[20],"is_endless":false,"potions_floor_spawned":[5,6,16,21,27,29,30,33],"ascension_level":1}}