{"host":"tzwikg9s6mkzv6w0","time":1613532552,"event":{"mods":["BaseMod","Good Game Mod","Minty Spire (QoL Compilation)","Spicy Shops","StSLib"],"gold_per_floor":[112,112,112,131,131,169,169,210,210,210,231,262,278,301,301,424,424,444,27,50,149,149,188,202,243,267,267,285,285,325,325,325,465,465,495,522,583,916,725,752,802,828,1128,1137,1152,1168,1199,787,787,787,787,787,251,282,282],"floor_reached":56,"language":"ZHS","playtime":2841,"items_purged":["Bouncing Flask","Outmaneuver","Skewer+1"],"score":2215,"play_id":"f81be577-6239-4e6f-a554-adddaa1f4524","local_time":"20210217112912","is_ascension_mode":true,"campfire_choices":[{"data":"Skewer","floor":7.0,"key":"SMITH"},{"data":"Blade Dance","floor":10.0,"key":"SMITH"},{"data":"Tactician","floor":15.0,"key":"SMITH"},{"data":"Apotheosis","floor":27.0,"key":"SMITH"},{"floor":29.0,"key":"RECALL"},{"data":"Scrawl","floor":32.0,"key":"SMITH"},{"data":"Terror","floor":49,"key":"SMITH"},{"data":"Venomology","floor":52,"key":"SMITH"}],"circlet_count":0,"master_deck":["Survivor","Neutralize+1","Scrawl+1","Footwork","Prepared","Blur","Venomology+1","Blur","Quick Slash+1","Terror+1","Backstab","Acrobatics","Underhanded Strike","Blade Dance+1","Concentrate","Tactician+1","Burst","Apotheosis+1","Expertise","After Image+1","Blade Dance+1","Acrobatics","Flash of Steel","Magnetism+1"],"relics":["REME:ComplimentaryCards","Pandora\u0027s Box","Bronze Scales","StrikeDummy","Ninja Scroll","Torii","Runic Dome","Nunchaku","Omamori","Frozen Egg 2","CeramicFish","White Beast Statue","Dead Branch","Regal Pillow","Calling Bell","Vajra","Shuriken","Prayer Wheel","WingedGreaves","Membership Card","Bag of Preparation","Gambling Chip","Oddly Smooth Stone","Old Coin","Pear","Paper Crane","Sling","Pocketwatch","Medical Kit","Mummified Hand","Letter Opener","Centennial Puzzle","Whetstone"],"acts_visited":["Exordium","TheCity","TheBeyond","TheEnding"],"potions_floor_usage":[45,54,55,55],"damage_taken":[{"damage":2.0,"enemies":"2 Louse","floor":1.0,"turns":3.0},{"damage":4.0,"enemies":"Jaw Worm","floor":4.0,"turns":3.0},{"damage":9.0,"enemies":"3 Sentries","floor":6.0,"turns":10.0},{"damage":11.0,"enemies":"Lagavulin","floor":8.0,"turns":6.0},{"damage":0.0,"enemies":"Cultist","floor":11.0,"turns":2.0},{"damage":0.0,"enemies":"Gremlin Nob","floor":12.0,"turns":1.0},{"damage":0.0,"enemies":"2 Fungi Beasts","floor":13.0,"turns":2.0},{"damage":0.0,"enemies":"Looter","floor":14.0,"turns":1.0},{"damage":6.0,"enemies":"Hexaghost","floor":16.0,"turns":6.0},{"damage":6.0,"enemies":"2 Thieves","floor":18.0,"turns":3.0},{"damage":0.0,"enemies":"Chosen","floor":20.0,"turns":2.0},{"damage":0.0,"enemies":"Book of Stabbing","floor":23.0,"turns":2.0},{"damage":0.0,"enemies":"Centurion and Healer","floor":24.0,"turns":3.0},{"damage":16.0,"enemies":"Slavers","floor":25.0,"turns":4.0},{"damage":0.0,"enemies":"3 Cultists","floor":28.0,"turns":3.0},{"damage":1.0,"enemies":"Book of Stabbing","floor":30.0,"turns":2.0},{"damage":0.0,"enemies":"Champ","floor":33.0,"turns":7.0},{"damage":0.0,"enemies":"3 Shapes","floor":35.0,"turns":3.0},{"damage":0.0,"enemies":"Orb Walker","floor":36.0,"turns":1.0},{"damage":1.0,"enemies":"2 Orb Walkers","floor":37.0,"turns":3.0},{"damage":0.0,"enemies":"Giant Head","floor":40.0,"turns":2.0},{"damage":0.0,"enemies":"Mind Bloom Boss Battle","floor":41.0,"turns":2.0},{"damage":0.0,"enemies":"Reptomancer","floor":42.0,"turns":1.0},{"damage":0,"enemies":"Transient","floor":45,"turns":5},{"damage":0,"enemies":"3 Darklings","floor":46,"turns":2},{"damage":0,"enemies":"Nemesis","floor":47,"turns":1},{"damage":0,"enemies":"Donu and Deca","floor":50,"turns":1},{"damage":0,"enemies":"Shield and Spear","floor":54,"turns":1},{"damage":1,"enemies":"The Heart","floor":55,"turns":3}],"seed_played":"-7778678813699276326","potions_obtained":[{"floor":6.0,"key":"SkillPotion"},{"floor":16.0,"key":"SkillPotion"},{"floor":24.0,"key":"SpeedPotion"},{"floor":28.0,"key":"Regen Potion"},{"floor":33.0,"key":"EssenceOfSteel"},{"floor":35.0,"key":"Swift Potion"},{"floor":42.0,"key":"Poison Potion"},{"floor":46,"key":"Swift Potion"}],"is_trial":false,"path_per_floor":["M","?","?","M","$","E","R","E","T","R","M","E","M","M","R","B",null,"M","$","M","?","?","E","M","E","T","R","M","R","E","T","R","B",null,"M","M","?","?","$","E","?","E","T","?","M","M","E","$","R","B",null,"R","$","E","B",null],"character_chosen":"THE_SILENT","items_purchased":["Apotheosis","Nunchaku","Omamori","Membership Card","Paper Crane","Sling","Pocketwatch","Medical Kit","Mummified Hand","Letter Opener","Centennial Puzzle","Magnetism+1"],"campfire_rested":0,"item_purchase_floors":[19,19,19,39,48,48,48,53,53,53,53,53],"current_hp_per_floor":[61,61,61,57,57,48,48,37,37,37,37,37,37,37,37,31,57,51,51,51,51,51,51,51,35,35,35,35,35,39,39,39,53,62,62,62,61,61,61,61,61,61,61,61,61,61,71,71,71,71,74,74,74,74,73],"gold":282,"neow_bonus":"BOSS_RELIC","is_daily":false,"chose_seed":false,"campfire_upgraded":7,"win_rate":0.0,"timestamp":1613532552,"path_taken":["M","?","?","M","?","E","R","E","T","R","M","E","M","?","R","BOSS","M","$","M","?","?","E","M","E","T","R","M","R","E","?","R","BOSS","M","M","?","?","$","E","?","E","T","?","M","M","E","$","R","BOSS","R","$","E","BOSS"],"items_purchased_type":["Card","Relic","Relic","Relic","Relic","Relic","Relic","Relic","Relic","Relic","Relic","Card"],"build_version":"2020-12-22","purchased_purges":3,"victory":true,"max_hp_per_floor":[70,70,65,65,65,65,65,65,65,65,65,65,65,65,65,65,65,65,65,65,65,65,65,65,65,65,65,65,65,65,65,65,65,65,65,65,65,65,65,65,65,65,65,65,65,65,75,75,75,75,75,75,75,75,75],"card_choices":[{"not_picked":["Slice","Deadly Poison"],"picked":"Backstab","floor":1.0},{"not_picked":["Dodge and Roll","Cloak And Dagger"],"picked":"Acrobatics","floor":4.0},{"not_picked":["Choke","Flying Knee"],"picked":"Underhanded Strike","floor":6.0},{"not_picked":["Flying Knee","Deflect"],"picked":"Blade Dance","floor":8.0},{"not_picked":["Prepared","Flechettes","Blur"],"picked":"SKIP","floor":11.0},{"not_picked":["Dagger Spray","Well Laid Plans"],"picked":"Concentrate","floor":12.0},{"not_picked":["Flying Knee","Prepared","Poisoned Stab"],"picked":"SKIP","floor":13.0},{"not_picked":["Backstab","Blade Dance"],"picked":"Tactician","floor":14.0},{"not_picked":["Die Die Die","Wraith Form v2"],"picked":"Burst","floor":16.0},{"not_picked":["Poisoned Stab","Outmaneuver","Bane"],"picked":"SKIP","floor":18.0},{"not_picked":["Poisoned Stab","Skewer"],"picked":"Expertise","floor":20.0},{"not_picked":["Finisher","Skewer","Underhanded Strike+1"],"picked":"SKIP","floor":23.0},{"not_picked":["Footwork+1","Blur+1","Outmaneuver+1"],"picked":"SKIP","floor":24.0},{"not_picked":["Eviscerate","Finisher","Poisoned Stab"],"picked":"SKIP","floor":25.0},{"not_picked":["Distraction","Dagger Spray","Catalyst"],"picked":"SKIP","floor":28.0},{"not_picked":["All Out Attack","PiercingWail","Burst"],"picked":"SKIP","floor":30.0},{"not_picked":["Doppelganger","Wraith Form v2+1"],"picked":"After Image+1","floor":33.0},{"not_picked":["Backflip","Choke"],"picked":"Blade Dance+1","floor":35.0},{"not_picked":["Slice","Deflect+1","Dagger Spray+1"],"picked":"SKIP","floor":35.0},{"not_picked":["Slice","Deflect+1","Dagger Spray+1"],"picked":"SKIP","floor":35.0},{"not_picked":["Prepared+1","Outmaneuver"],"picked":"Acrobatics","floor":36.0},{"not_picked":["Die Die Die","Outmaneuver","Dagger Throw+1"],"picked":"SKIP","floor":36.0},{"not_picked":["Dodge and Roll","Night Terror","Flechettes"],"picked":"SKIP","floor":40.0},{"not_picked":["Finisher+1","Skewer","Outmaneuver"],"picked":"SKIP","floor":42.0},{"not_picked":["Chrysalis","Madness"],"picked":"Flash of Steel","floor":44},{"not_picked":["Blade Dance+1","PiercingWail+1","Slice"],"picked":"SKIP","floor":45},{"not_picked":["Blade Dance+1","Bane+1","Quick Slash"],"picked":"SKIP","floor":45},{"not_picked":["Sucker Punch","Deflect+1","Crippling Poison"],"picked":"SKIP","floor":46},{"not_picked":["Dagger Spray+1","PiercingWail+1","Choke+1"],"picked":"SKIP","floor":46},{"not_picked":["Endless Agony","Unload","Infinite Blades+1"],"picked":"SKIP","floor":47},{"not_picked":["Prepared","Finisher","Cloak And Dagger"],"picked":"SKIP","floor":54}],"player_experience":108406,"relics_obtained":[{"floor":6.0,"key":"Bronze Scales"},{"floor":8.0,"key":"StrikeDummy"},{"floor":9.0,"key":"Ninja Scroll"},{"floor":12.0,"key":"Torii"},{"floor":23.0,"key":"CeramicFish"},{"floor":25.0,"key":"White Beast Statue"},{"floor":30.0,"key":"Dead Branch"},{"floor":31.0,"key":"Regal Pillow"},{"floor":34.0,"key":"Vajra"},{"floor":34.0,"key":"Shuriken"},{"floor":34.0,"key":"Prayer Wheel"},{"floor":37.0,"key":"WingedGreaves"},{"floor":40.0,"key":"Bag of Preparation"},{"floor":41.0,"key":"Gambling Chip"},{"floor":42.0,"key":"Oddly Smooth Stone"},{"floor":43.0,"key":"Old Coin"},{"floor":47,"key":"Pear"},{"floor":54,"key":"Whetstone"}],"event_choices":[{"damage_healed":0.0,"max_hp_gain":0.0,"max_hp_loss":0.0,"gold_gain":0.0,"event_name":"Liars Game","player_choice":"Ignored","floor":2.0,"gold_loss":0.0,"damage_taken":0.0},{"damage_healed":0.0,"max_hp_gain":0.0,"max_hp_loss":5.0,"gold_gain":0.0,"event_name":"Golden Idol","player_choice":"Lose Max HP","floor":3.0,"gold_loss":0.0,"damage_taken":0.0,"relics_obtained":["Golden Idol"]},{"damage_healed":0.0,"max_hp_gain":0.0,"max_hp_loss":0.0,"gold_gain":99.0,"event_name":"Nest","player_choice":"Stole From Cult","floor":21.0,"gold_loss":0.0,"damage_taken":0.0},{"damage_healed":0.0,"max_hp_gain":0.0,"max_hp_loss":0.0,"gold_gain":0.0,"event_name":"Addict","player_choice":"Stole Relic","floor":22.0,"gold_loss":0.0,"damage_taken":0.0,"relics_obtained":["Frozen Egg 2"],"cards_obtained":["Shame"]},{"damage_healed":0.0,"max_hp_gain":0.0,"max_hp_loss":0.0,"gold_gain":0.0,"event_name":"Mysterious Sphere","player_choice":"Fight","floor":37.0,"gold_loss":0.0,"damage_taken":0.0},{"damage_healed":0.0,"max_hp_gain":0.0,"max_hp_loss":0.0,"gold_gain":333.0,"event_name":"The Moai Head","player_choice":"Gave Idol","floor":38.0,"relics_lost":["Golden Idol"],"gold_loss":0.0,"damage_taken":0.0},{"damage_healed":0.0,"max_hp_gain":0.0,"max_hp_loss":0.0,"gold_gain":0.0,"event_name":"MindBloom","player_choice":"Fight","floor":41.0,"gold_loss":0.0,"damage_taken":0.0},{"damage_healed":0,"gold_gain":0,"player_choice":"Memory 1","damage_taken":0,"max_hp_gain":0,"max_hp_loss":0,"event_name":"SensoryStone","floor":44,"gold_loss":0}],"is_beta":false,"boss_relics":[{"not_picked":["Coffee Dripper","Fusion Hammer"],"picked":"Runic Dome"},{"not_picked":["Philosopher\u0027s Stone","SacredBark"],"picked":"Calling Bell"}],"items_purged_floors":[39,48,53],"is_endless":false,"potions_floor_spawned":[6,11,16,20,24,28,30,33,35,36,37,40,41,42,45,46,47,54],"ascension_level":9}}