{"host":"x05n69rv5q9mps34","time":1613538315,"event":{"mods":["AchievementEnabler","BaseMod","Colored Map","Minty Spire (QoL Compilation)","SuperFastMode"],"gold_per_floor":[119,119,4,4,4,4,31,31,83,83,98,173,198,211,211,313,313,327,252,266,22,33,33,60,60,129,129,156,156,156,166,166,266,266,277,295,295,13,23,23,55,69,69,87,87,117,117,117,117,117,117],"floor_reached":50,"language":"ENG","playtime":3483,"items_purged":["Strike_P","Strike_P","Writhe"],"score":651,"play_id":"9d34d90b-29c1-4719-b38f-f6581787059b","local_time":"20210217030515","is_ascension_mode":true,"campfire_choices":[{"data":"Eruption","floor":6,"key":"SMITH"},{"data":"TalkToTheHand","floor":8,"key":"SMITH"},{"data":"CarveReality","floor":10,"key":"SMITH"},{"data":"JustLucky","floor":15,"key":"SMITH"},{"floor":23,"key":"REST"},{"floor":25,"key":"REST"},{"floor":27,"key":"RECALL"},{"floor":32,"key":"REST"},{"floor":40,"key":"REST"},{"floor":45,"key":"REST"},{"floor":47,"key":"REST"},{"floor":49,"key":"REST"}],"circlet_count":0,"master_deck":["Strike_P","Defend_P+1","Defend_P+1","Eruption+1","Vigilance","CurseOfTheBell","TalkToTheHand+1","CarveReality+1","CutThroughFate","EmptyFist","EmptyFist","JustLucky+1","Ragnarok","CutThroughFate","ClearTheMind+1","Nirvana","Tantrum","FollowUp","Vengeance","Halt+1","SignatureMove","FearNoEvil","EmptyFist+1","Devotion+1","TalkToTheHand+1","Wireheading","WaveOfTheHand","JustLucky+1","EmptyBody+1","EmptyBody+1"],"relics":["Calling Bell","PreservedInsect","Mercury Hourglass","Lizard Tail","Pear","Boot","War Paint","Juzu Bracelet","Fusion Hammer","Blood Vial","Question Card","Oddly Smooth Stone","Black Star","Melange","Lantern","Toxic Egg 2","Omamori","Darkstone Periapt"],"acts_visited":["Exordium","TheCity","TheBeyond"],"potions_floor_usage":[7,28,33,33,34,35,35,41,46,46],"damage_taken":[{"damage":3,"enemies":"Small Slimes","floor":1,"turns":3},{"damage":11,"enemies":"Lagavulin","floor":7,"turns":6},{"damage":0,"enemies":"Cultist","floor":11,"turns":2},{"damage":0,"enemies":"Gremlin Nob","floor":13,"turns":3},{"damage":12,"enemies":"Jaw Worm","floor":14,"turns":2},{"damage":13,"enemies":"The Guardian","floor":16,"turns":7},{"damage":0,"enemies":"Spheric Guardian","floor":18,"turns":3},{"damage":8,"enemies":"2 Thieves","floor":20,"turns":3},{"damage":3,"enemies":"Centurion and Healer","floor":22,"turns":3},{"damage":9,"enemies":"Slavers","floor":24,"turns":4},{"damage":9,"enemies":"Gremlin Leader","floor":28,"turns":4},{"damage":6,"enemies":"Snake Plant","floor":31,"turns":2},{"damage":27,"enemies":"Champ","floor":33,"turns":8},{"damage":14,"enemies":"3 Shapes","floor":35,"turns":3},{"damage":24,"enemies":"3 Darklings","floor":36,"turns":4},{"damage":0,"enemies":"Maw","floor":39,"turns":7},{"damage":20,"enemies":"Giant Head","floor":41,"turns":7},{"damage":0,"enemies":"4 Shapes","floor":42,"turns":11},{"damage":28,"enemies":"Sphere and 2 Shapes","floor":44,"turns":8},{"damage":56,"enemies":"Reptomancer","floor":46,"turns":6},{"damage":122,"enemies":"Time Eater","floor":50,"turns":10}],"seed_played":"1037616291564033200","potions_obtained":[{"floor":2,"key":"LiquidMemories"},{"floor":2,"key":"ColorlessPotion"},{"floor":2,"key":"DuplicationPotion"},{"floor":7,"key":"LiquidMemories"},{"floor":14,"key":"GamblersBrew"},{"floor":16,"key":"BottledMiracle"},{"floor":22,"key":"Block Potion"},{"floor":33,"key":"EntropicBrew"},{"floor":36,"key":"BottledMiracle"},{"floor":41,"key":"StancePotion"},{"floor":42,"key":"SpeedPotion"},{"floor":44,"key":"LiquidMemories"}],"is_trial":false,"path_per_floor":["M","?","$","T","$","R","E","R","T","R","M","?","E","M","R","B",null,"M","?","M","$","M","R","E","R","T","R","E","?","?","M","R","B",null,"M","M","?","$","M","R","E","M","T","M","R","E","R","?","R","B"],"character_chosen":"WATCHER","items_purchased":["CarveReality","Nirvana","Tantrum","Melange"],"campfire_rested":7,"item_purchase_floors":[3,21,21,38],"current_hp_per_floor":[69,69,69,79,79,79,68,68,68,68,68,57,57,45,45,32,82,82,82,74,74,71,82,73,82,82,82,73,73,57,53,79,54,87,73,51,73,73,75,87,67,69,69,43,69,15,41,41,67,0,0],"gold":117,"neow_bonus":"BOSS_RELIC","is_daily":false,"chose_seed":false,"campfire_upgraded":4,"win_rate":0.0,"timestamp":1613538315,"path_taken":["M","?","?","?","?","R","E","R","T","R","?","?","E","M","R","BOSS","M","?","M","$","M","R","E","R","T","R","E","?","?","M","R","BOSS","M","M","?","$","M","R","E","M","T","M","R","E","R","?","R","BOSS"],"items_purchased_type":["Card","Card","Card","Relic"],"build_version":"2020-12-22","purchased_purges":3,"victory":false,"max_hp_per_floor":[72,72,72,82,82,82,82,82,82,82,82,82,82,82,82,82,82,82,82,82,82,82,82,82,82,82,82,82,82,87,87,87,87,87,87,87,87,87,87,87,87,87,87,87,87,87,87,87,87,87,87],"card_choices":[{"not_picked":["Indignation","PathToVictory"],"picked":"TalkToTheHand","floor":1},{"not_picked":["Fasting2","ThirdEye"],"picked":"CutThroughFate","floor":7},{"not_picked":["Halt","WreathOfFlame"],"picked":"EmptyFist","floor":11},{"not_picked":["Alpha","Protect"],"picked":"EmptyFist","floor":13},{"not_picked":["CrushJoints","EmptyFist"],"picked":"JustLucky","floor":14},{"not_picked":["Vault","DeusExMachina"],"picked":"Ragnarok","floor":16},{"not_picked":["ThirdEye","Prostrate+1"],"picked":"CutThroughFate","floor":18},{"not_picked":["ThirdEye","Consecrate"],"picked":"ClearTheMind+1","floor":20},{"not_picked":["EmptyFist","FlyingSleeves"],"picked":"FollowUp","floor":22},{"not_picked":["Conclude","PathToVictory"],"picked":"Vengeance","floor":24},{"not_picked":["SpiritShield","ClearTheMind","FlyingSleeves+1"],"picked":"Halt+1","floor":28},{"not_picked":["Vengeance+1","Prostrate","Tantrum+1"],"picked":"EmptyFist+1","floor":31},{"not_picked":["Alpha","Scrawl","DevaForm"],"picked":"Devotion","floor":33},{"not_picked":["EmptyFist","Weave+1","BattleHymn"],"picked":"TalkToTheHand+1","floor":35},{"not_picked":["Sanctity+1","Evaluate+1","BowlingBash+1"],"picked":"Wireheading","floor":36},{"not_picked":["EmptyBody","ClearTheMind","ThirdEye"],"picked":"WaveOfTheHand","floor":39},{"not_picked":["EmptyBody+1","Prostrate+1","Brilliance","Worship+1"],"picked":"SKIP","floor":41},{"not_picked":["Prostrate+1","Wireheading","Crescendo+1"],"picked":"JustLucky+1","floor":42},{"not_picked":["WaveOfTheHand+1","Halt+1","Adaptation+1"],"picked":"EmptyBody+1","floor":44},{"not_picked":["Crescendo+1","JustLucky","ClearTheMind+1"],"picked":"EmptyBody+1","floor":46}],"player_experience":1012428,"relics_obtained":[{"floor":0,"key":"PreservedInsect"},{"floor":0,"key":"Mercury Hourglass"},{"floor":0,"key":"Lizard Tail"},{"floor":4,"key":"Pear"},{"floor":7,"key":"Boot"},{"floor":9,"key":"War Paint"},{"floor":13,"key":"Juzu Bracelet"},{"floor":24,"key":"Blood Vial"},{"floor":26,"key":"Question Card"},{"floor":28,"key":"Oddly Smooth Stone"},{"floor":41,"key":"Lantern"},{"floor":41,"key":"Toxic Egg 2"},{"floor":46,"key":"Omamori"},{"floor":46,"key":"Darkstone Periapt"}],"event_choices":[{"damage_healed":0,"gold_gain":0,"player_choice":"Got Potions","damage_taken":0,"max_hp_gain":0,"max_hp_loss":0,"event_name":"Lab","floor":2,"gold_loss":0},{"damage_healed":0,"gold_gain":75,"player_choice":"Gather Gold","damage_taken":11,"max_hp_gain":0,"max_hp_loss":0,"event_name":"World of Goop","floor":12,"gold_loss":0},{"cards_removed":["Defend_P"],"damage_healed":0,"gold_gain":0,"player_choice":"Gave Gold","damage_taken":0,"max_hp_gain":0,"max_hp_loss":0,"event_name":"Beggar","floor":19,"gold_loss":75},{"damage_healed":0,"gold_gain":0,"cards_transformed":["Defend_P","Strike_P"],"player_choice":"Became Test Subject","damage_taken":0,"max_hp_gain":0,"max_hp_loss":0,"event_name":"Drug Dealer","floor":29,"gold_loss":0,"cards_obtained":["SignatureMove","FearNoEvil"]},{"damage_healed":0,"gold_gain":0,"player_choice":"Shed Blood","damage_taken":21,"max_hp_gain":5,"max_hp_loss":0,"event_name":"Forgotten Altar","floor":30,"gold_loss":0},{"damage_healed":22,"gold_gain":0,"player_choice":"Writhe","damage_taken":0,"max_hp_gain":0,"max_hp_loss":0,"event_name":"Winding Halls","floor":37,"gold_loss":0,"cards_obtained":["Writhe"]},{"damage_healed":0,"gold_gain":0,"player_choice":"Forge","damage_taken":0,"max_hp_gain":0,"max_hp_loss":0,"event_name":"Accursed Blacksmith","floor":48,"gold_loss":0,"cards_upgraded":["Devotion"]}],"is_beta":false,"boss_relics":[{"not_picked":["Tiny House","Velvet Choker"],"picked":"Fusion Hammer"},{"not_picked":["Pandora\u0027s Box","SacredBark"],"picked":"Black Star"}],"items_purged_floors":[3,21,38],"is_endless":false,"potions_floor_spawned":[7,14,16,22,24,33,36,41,42,44],"killed_by":"Time Eater","ascension_level":2}}