{"host":"76qcaerkv4ktjkdu","time":1613584420,"event":{"mods":["ATMod(°¢èªMod)","BaseMod","Lobotomy","LobotomyExtend","Minty Spire (QoL Compilation)","MostiFishMod","Reliquary","StSLib","¡¾ÒÅÎï¿¨ÅÆ¡¿REMEMod"],"gold_per_floor":[118,193,812,621,635,635,645,661,733,768,768,780,799,799,799,899,899,912,930,575,575,93,93,110,110,110,128,143,143,157,157,157,157,157,157,32,46,46,146,146,160,75,75,94,94,94,144,144,144,160,10,30,30,30,30,135,135,135,155,155,177,123,123,185,185,185,185,205,221,274,0,0,0],"floor_reached":51,"language":"ZHS","playtime":5993,"items_purged":["Decay","DreamingCurrent","Bloodbath","NakedNest","DreamingCurrent"],"score":889,"play_id":"3b39060f-60a1-40da-8dbf-d36778b87dbb","local_time":"20210218015340","is_ascension_mode":false,"campfire_choices":[{"floor":8.0,"key":"RECALL"}],"circlet_count":0,"master_deck":["CentralCode","AT_FamilyPortrait","MostiFishMod:FrostNova","ForeignInfluence","ShyLook","Soda","SomewhereSpear","REME_FirmDetermination","Beak","Horn","MeatLantern","Lamp+8","GoldRush","Woodsman","GreenStem","DisciplinaryCode","Mimicry","FourthMatchFlame","Moonlight","OSAHOGD","SwordSharpenedByTears","SpecialBullet","LongBird","GoldRush","SpecialBullet","SpecialBullet","PunishingBird","Hypocrisy","SingingMachine","Regret_ego+1","WelfareCode","Penitence","BloodyDesire+1","TheSmile","QueenOfHatred","TodaysExpression+1","SolemnVow+1","REME_BodyOfCthun","Reverberation","ControlCode","TT2Protocol","Soda+1","FourthMatchFlame+1","BloodyDesire+1","SummonCall"],"relics":["CogitoBucket","AT_ATBox","DaveBox","REME_ComplimentaryCards","FrostBlade","SynthV:TestCard","reliquary:TatteredRug","Ginger","LuminousBracelet","Busted Crown","DianPoetry","Dead Branch","HonorFeather","AdjustmentMirror","SynthV:TestCard","LetterFromLob","Ice Cream","reliquary:WritOfMandamus","ChangeAnything","AT_BellDemon","StrikeDummy","Eternal Feather","REME_ChargedStone","MagicBullet_r","Amita_r","DiscerningMonocle","Vajra","Shovel","reliquary:FerryPass","Regal Pillow","Red Mask"],"acts_visited":["Exordium","TheCity","TheCity","TheBeyond"],"potions_floor_usage":[18,36,51,51,51],"damage_taken":[{"damage":0.0,"enemies":"Cultist","floor":1.0,"turns":2.0},{"damage":8.0,"enemies":"Small Slimes","floor":3.0,"turns":5.0},{"damage":0.0,"enemies":"2 Louse","floor":5.0,"turns":1.0},{"damage":12.0,"enemies":"Blue Slaver","floor":7.0,"turns":3.0},{"damage":6.0,"enemies":"Exordium Thugs","floor":8.0,"turns":4.0},{"damage":28.0,"enemies":"3 Sentries","floor":10.0,"turns":4.0},{"damage":133.0,"enemies":"Gremlin Gang","floor":12.0,"turns":15.0},{"damage":20.0,"enemies":"Large Slime","floor":13.0,"turns":5.0},{"damage":167.0,"enemies":"Hexaghost","floor":16.0,"turns":13.0},{"damage":10.0,"enemies":"Chosen","floor":18.0,"turns":3.0},{"damage":34.0,"enemies":"Shell Parasite","floor":19.0,"turns":3.0},{"damage":4.0,"enemies":"Snake Plant","floor":24.0,"turns":1.0},{"damage":82.0,"enemies":"Small Slimes","floor":1.0,"turns":3.0},{"damage":5.0,"enemies":"Jaw Worm","floor":4.0,"turns":2.0},{"damage":0.0,"enemies":"2 Louse","floor":5.0,"turns":1.0},{"damage":0.0,"enemies":"Red Slaver","floor":7.0,"turns":1.0},{"damage":0.0,"enemies":"2 Fungi Beasts","floor":14.0,"turns":2.0},{"damage":5.0,"enemies":"Slime Boss","floor":16.0,"turns":3.0},{"damage":14,"enemies":"2 Thieves","floor":18,"turns":4},{"damage":0,"enemies":"Spheric Guardian","floor":21,"turns":2},{"damage":51,"enemies":"Centurion and Healer","floor":27,"turns":2},{"damage":5,"enemies":"Snake Plant","floor":29,"turns":2},{"damage":1,"enemies":"Collector","floor":33,"turns":4},{"damage":4,"enemies":"3 Darklings","floor":36,"turns":2},{"damage":12,"enemies":"3 Shapes","floor":38,"turns":2},{"damage":63,"enemies":"2 Orb Walkers","floor":41,"turns":2},{"damage":51,"enemies":"Transient","floor":45,"turns":5},{"damage":1,"enemies":"Jaw Worm Horde","floor":46,"turns":3},{"damage":5,"enemies":"Reptomancer","floor":47,"turns":3},{"damage":38,"enemies":"FixerMidnight","floor":50,"turns":7},{"damage":10,"enemies":"Malkuth","floor":51,"turns":6},{"damage":67,"enemies":"Netzach","floor":51,"turns":2},{"damage":70,"enemies":"Geburah","floor":51,"turns":15},{"damage":38,"enemies":"Binah","floor":51,"turns":17},{"damage":101,"enemies":"Angela","floor":51,"turns":6}],"seed_played":"757469507016469097","potions_obtained":[{"floor":3.0,"key":"champ:CounterPotion"},{"floor":5.0,"key":"CultistPotion"},{"floor":8.0,"key":"Weak Potion"},{"floor":13.0,"key":"EssenceOfSteel"},{"floor":16.0,"key":"DuplicationPotion"},{"floor":4.0,"key":"Strength Potion"},{"floor":16.0,"key":"DistilledChaos"},{"floor":18,"key":"SkillPotion"},{"floor":33,"key":"REME_GoldPotion"},{"floor":36,"key":"BlessingOfTheForge"}],"is_trial":false,"path_per_floor":["M","?","M","$","M","R","M","M","T","E","?","M","M","?","R","B",null,"M","M","$","?","$","R","M","M","?","?","M","M","R","M","R","T","R","?","R","$","M","R","B",null,"M","?","?","M","?","R","?","R","T","M","$","M","$","?","R","B",null,"M","M","?","M","$","R","?","R","T","R","M","M","E","?","R","B",null],"character_chosen":"Angela","items_purchased":["reliquary:TatteredRug","REME_FirmDetermination","DianPoetry","SteroidPotion","REME_GoldPotion","SkillPotion","Dead Branch","SolemnVow","DiscerningMonocle","REME_BodyOfCthun","Vajra","EntropicBrew","FairyPotion","Reverberation"],"campfire_rested":0,"item_purchase_floors":[4,4,20,20,20,20,22,22,39,39,39,39,39,39],"current_hp_per_floor":[77,66,68,68,76,76,72,77,77,63,56,44,62,62,62,76,100,100,104,104,104,104,104,59,64,96,103,119,121,125,125,125,125,125,125,125,129,129,133,133,137,137,137,141,141,141,141,141,141,104,104,111,111,111,145,145,145,145,149,149,145,145,149,105,151,151,151,117,135,153,153,156,157],"gold":200,"neow_bonus":"TEN_PERCENT_HP_BONUS","is_daily":false,"chose_seed":false,"campfire_upgraded":0,"win_rate":0.0,"timestamp":1613584420,"path_taken":["M","?","M","$","M","R","M","M","T","E","?","M","M","?","R","BOSS","M","?","$","?","$","R","M","M","?","?","M","?","R","?","R","T","R","?","R","?","M","R","BOSS","M","?","?","M","?","R","?","R","T","M","$","?","$","?","R","BOSS","M","M","?","?","?","R","?","R","T","R","M","M","E","?","R","BOSS"],"items_purchased_type":["Relic","Card","Relic","Potion","Potion","Potion","Relic","Card","Relic","Card","Relic","Potion","Potion","Card"],"build_version":"2020-12-22","purchased_purges":5,"victory":true,"max_hp_per_floor":[77,77,77,77,77,77,77,77,77,77,77,92,96,96,96,100,100,100,104,104,104,104,104,108,113,113,117,121,121,125,125,125,125,125,125,125,129,129,133,133,137,137,137,141,141,141,141,141,141,141,141,145,145,145,145,145,145,145,149,149,149,149,149,151,151,151,151,152,155,156,156,156,157],"card_choices":[{"not_picked":["FairyFestival","FieryBird"],"picked":"ShyLook","floor":1.0},{"not_picked":["Loneliness"],"picked":"Soda","floor":1.0},{"not_picked":["SpiderBud","Wellcheers"],"picked":"Mercenary","floor":3.0},{"not_picked":["Tough","GrinderMk4","Penitence"],"picked":"SomewhereSpear","floor":3.0},{"not_picked":["WhitesApple","MeatLantern"],"picked":"DespairKnight","floor":5.0},{"not_picked":["Christmas","Regret_ego","CherryBlossom"],"picked":"Beak","floor":5.0},{"not_picked":["Mimicry","Christmas","Hornet"],"picked":"Penitence","floor":7.0},{"not_picked":["VoidDream","CherryBlossoms"],"picked":"QueenBee","floor":8.0},{"not_picked":["RedEyes","Soda","Harmony"],"picked":"Horn","floor":8.0},{"not_picked":["BeautyBeast","Murderer"],"picked":"DreamingCurrent","floor":10.0},{"not_picked":["Reverberation","Heaven","BloodyDesire","LifeForTheDareDevil"],"picked":"SKIP","floor":10.0},{"not_picked":["Reverberation","Heaven","BloodyDesire","LifeForTheDareDevil"],"picked":"SKIP","floor":10.0},{"not_picked":["VoidDream","HeroicMonk"],"picked":"MeatLantern","floor":12.0},{"not_picked":["Noise","FourthMatchFlame","RapturousDream"],"picked":"Lamp","floor":12.0},{"not_picked":["VoidDream","CrumblingArmor"],"picked":"SingingMachine","floor":13.0},{"not_picked":["BloodyDesire","Beak","MagicBullet"],"picked":"Penitence","floor":13.0},{"not_picked":["LittleHelper","Scorched"],"picked":"GreedKing","floor":16.0},{"not_picked":["Twilight","Justitia","Mimicry"],"picked":"GoldRush","floor":16.0},{"not_picked":["Horn"],"picked":"Soda+1","floor":18.0},{"not_picked":["FieryBird","Laetitia"],"picked":"Woodsman","floor":19.0},{"not_picked":["Adoration"],"picked":"BearPaw","floor":19.0},{"not_picked":["SpiderBud","WallGazer"],"picked":"Porccubus","floor":1.0},{"not_picked":["Noise","CUTE"],"picked":"SKIP","floor":1.0},{"not_picked":["Noise","CUTE"],"picked":"SKIP","floor":1.0},{"not_picked":["UniverseFragment","SpiderBud"],"picked":"NakedNest","floor":4.0},{"not_picked":["Spore","Horn","Penitence"],"picked":"GreenStem","floor":4.0},{"not_picked":["BigBird","OldLady"],"picked":"MHz","floor":5.0},{"not_picked":["Tough","Beak","CUTE"],"picked":"Mimicry","floor":5.0},{"not_picked":["QueenBee","LittleHelper"],"picked":"Bloodbath","floor":7.0},{"not_picked":["Wingbeat","CUTE","RedEyes"],"picked":"FourthMatchFlame","floor":7.0},{"not_picked":["LittlePrince","VoidDream"],"picked":"OSAHOGD","floor":14.0},{"not_picked":["RapturousDream","Beak","Lantern"],"picked":"SwordSharpenedByTears","floor":14.0},{"not_picked":["WallGazer","Bloodbath"],"picked":"LongBird","floor":16.0},{"not_picked":["Twilight","CENSORED_ego","SoundOfStar"],"picked":"GoldRush","floor":16.0},{"not_picked":["Laetitia","Rudolta"],"picked":"PunishingBird","floor":18},{"not_picked":["Wingbeat","ScreamingWedge+1","CUTE"],"picked":"Hypocrisy","floor":18},{"not_picked":["Mercenary","BeautyBeast"],"picked":"SingingMachine","floor":21},{"not_picked":["GreenStem","RapturousDream+1","Tough+1"],"picked":"Regret_ego+1","floor":21},{"not_picked":["Lantern","SoundOfStar","Moonlight"],"picked":"Penitence","floor":27},{"not_picked":["VoidDream","BlackSwan"],"picked":"DreamingCurrent","floor":29},{"not_picked":["CUTE+1","WristCuter","Tough"],"picked":"BloodyDesire+1","floor":29},{"not_picked":["Justitia","DaCapo","CENSORED_ego"],"picked":"TheSmile","floor":33},{"not_picked":["Laetitia","Scarecrow"],"picked":"QueenOfHatred","floor":36},{"not_picked":["Beak","Laetitia_ego+1","Soda"],"picked":"TodaysExpression+1","floor":36},{"not_picked":["InTheNameOfLoveAndHate","Lantern+1","Tough"],"picked":"SolemnVow+1","floor":38},{"not_picked":["Loneliness+1","Discord","MagicBullet+1"],"picked":"Soda+1","floor":45},{"not_picked":["Hornet","RapturousDream","Regret_ego+1"],"picked":"FourthMatchFlame+1","floor":46},{"not_picked":["Harmony","RapturousDream+1","BlueScar+1"],"picked":"BloodyDesire+1","floor":47}],"player_experience":99514,"relics_obtained":[{"floor":1.0,"key":"SynthV:TestCard"},{"floor":1.0,"key":"LetterFromLob"},{"floor":10.0,"key":"Ginger"},{"floor":1.0,"key":"SynthV:TestCard"},{"floor":1.0,"key":"LetterFromLob"},{"floor":9.0,"key":"Ice Cream"},{"floor":26,"key":"StrikeDummy"},{"floor":41,"key":"Shovel"},{"floor":43,"key":"reliquary:FerryPass"},{"floor":47,"key":"Regal Pillow"}],"event_choices":[{"damage_healed":0.0,"max_hp_gain":0.0,"max_hp_loss":0.0,"gold_gain":75.0,"event_name":"World of Goop","player_choice":"Gather Gold","floor":2.0,"gold_loss":0.0,"damage_taken":11.0},{"cards_removed":["QueenBee"],"damage_healed":0.0,"max_hp_gain":0.0,"max_hp_loss":0.0,"gold_gain":0.0,"event_name":"Golden Wing","player_choice":"Card Removal","floor":11.0,"gold_loss":0.0,"damage_taken":7.0},{"damage_healed":0.0,"max_hp_gain":0.0,"max_hp_loss":0.0,"gold_gain":0.0,"event_name":"Wheel of Change","player_choice":"Cursed","floor":14.0,"gold_loss":0.0,"damage_taken":0.0,"cards_obtained":["Decay"]},{"damage_healed":0.0,"max_hp_gain":0.0,"max_hp_loss":0.0,"gold_gain":0.0,"event_name":"Ghosts","player_choice":"Ignored","floor":21.0,"gold_loss":0.0,"damage_taken":0.0},{"damage_healed":0.0,"max_hp_gain":5.0,"max_hp_loss":0.0,"gold_gain":0.0,"event_name":"Big Fish","player_choice":"Donut","floor":2.0,"gold_loss":0.0,"damage_taken":0.0},{"damage_healed":0.0,"max_hp_gain":0.0,"max_hp_loss":0.0,"gold_gain":0.0,"cards_transformed":["MHz"],"event_name":"Transmorgrifier","player_choice":"Transformed","floor":11.0,"gold_loss":0.0,"damage_taken":0.0,"cards_obtained":["Moonlight"]},{"damage_healed":0,"gold_gain":0,"player_choice":"Obtained Relic","damage_taken":0,"relics_obtained":["AT_BellDemon"],"max_hp_gain":0,"max_hp_loss":0,"event_name":"Addict","floor":19,"gold_loss":85},{"damage_healed":0,"gold_gain":0,"player_choice":"Ignored","damage_taken":0,"max_hp_gain":0,"max_hp_loss":0,"event_name":"Vampires","floor":20,"gold_loss":0},{"damage_healed":0,"gold_gain":0,"player_choice":"Ignored","damage_taken":0,"max_hp_gain":0,"max_hp_loss":0,"event_name":"Ghosts","floor":22,"gold_loss":0},{"damage_healed":0,"gold_gain":100,"player_choice":"Bet on Murderer","damage_taken":0,"max_hp_gain":0,"max_hp_loss":0,"event_name":"The Joust","floor":24,"gold_loss":50},{"damage_healed":0,"gold_gain":0,"player_choice":"Opened","damage_taken":0,"relics_obtained":["Eternal Feather"],"max_hp_gain":0,"max_hp_loss":0,"event_name":"The Mausoleum","floor":31,"gold_loss":0,"cards_obtained":["Writhe"]},{"damage_healed":0,"gold_gain":0,"player_choice":"Bought 0 Potions","damage_taken":0,"max_hp_gain":0,"max_hp_loss":0,"event_name":"The Woman in Blue","floor":37,"gold_loss":0},{"damage_healed":0,"gold_gain":0,"player_choice":"Fight","damage_taken":0,"max_hp_gain":0,"max_hp_loss":0,"event_name":"Mysterious Sphere","floor":41,"gold_loss":0},{"damage_healed":0,"gold_gain":0,"player_choice":"Paid","damage_taken":0,"relics_obtained":["Red Mask"],"max_hp_gain":0,"max_hp_loss":0,"event_name":"Tomb of Lord Red Mask","floor":48,"gold_loss":274}],"is_beta":false,"boss_relics":[{"not_picked":["RhineFirstAidKit","xbg"],"picked":"Busted Crown"},{"not_picked":["BloodWine","Cursed Key"],"picked":"reliquary:WritOfMandamus"},{"not_picked":["REME_DuelDisc","Velvet Choker"],"picked":"REME_ChargedStone"}],"items_purged_floors":[20,22,13,28,39],"is_endless":false,"potions_floor_spawned":[3,5,8,13,16,24,4,16,18,33,36,45,46],"ascension_level":0}}