{"host":"s41rn2jhghpwfrvz","time":1613604075,"event":{"mods":["BaseMod","Minty Spire (QoL Compilation)","Quick Restart","Relic Stats","SuperFastMode"],"gold_per_floor":[109,120,133,147,157,190,28,56,56,6,21,40,65,15,15,92,92,103,121,121,171,29,63,63,73,73,73,23,41,66,81,81,155,155,171,171,183,203,203,203,238,238,238,238,258,269,303,332,332,332,332,332,332,30,61,61],"floor_reached":57,"language":"ENG","playtime":1720,"items_purged":["FTL","Wallop","WheelKick","Quick Slash","PiercingWail"],"score":3558,"play_id":"68584d2b-1d49-41b6-b2cd-2643f208a742","local_time":"20210218012115","daily_mods":["SealedDeck","Diverse","DeadlyEvents"],"is_ascension_mode":true,"campfire_choices":[{"data":"Flex","floor":15,"key":"SMITH"},{"data":"Blade Dance","floor":24,"key":"SMITH"},{"data":"Offering","floor":27,"key":"SMITH"},{"data":"Tactician","floor":32,"key":"SMITH"},{"data":"Shrug It Off","floor":40,"key":"SMITH"},{"data":"Backflip","floor":42,"key":"SMITH"},{"data":"Offering","floor":44,"key":"SMITH"},{"floor":49,"key":"RECALL"},{"data":"Dodge and Roll","floor":53,"key":"SMITH"}],"circlet_count":0,"master_deck":["AscendersBane","Dagger Throw","Blade Dance+1","Flex+1","Tactician+1","Backflip+1","Shrug It Off+1","Offering+1","Flash of Steel","Offering+1","Dodge and Roll+1","Panacea","Barricade"],"relics":["Burning Blood","Smiling Mask","Nunchaku","Thread and Needle","Kunai","Blue Candle","Runic Cube","Blood Vial","Bag of Marbles","Calling Bell","Regal Pillow","Pear","Ginger","Red Skull","Champion Belt","Orichalcum","HornCleat","Toy Ornithopter","Lantern"],"acts_visited":["Exordium","TheCity","TheBeyond","TheEnding"],"potions_floor_usage":[56,56],"damage_taken":[{"damage":0,"enemies":"Cultist","floor":1,"turns":2},{"damage":0,"enemies":"Jaw Worm","floor":2,"turns":1},{"damage":0,"enemies":"Small Slimes","floor":3,"turns":2},{"damage":0,"enemies":"Looter","floor":4,"turns":1},{"damage":0,"enemies":"Exordium Wildlife","floor":5,"turns":3},{"damage":26,"enemies":"3 Sentries","floor":6,"turns":8},{"damage":0,"enemies":"Gremlin Nob","floor":8,"turns":2},{"damage":0,"enemies":"Large Slime","floor":11,"turns":3},{"damage":1,"enemies":"Exordium Thugs","floor":12,"turns":4},{"damage":9,"enemies":"Lagavulin","floor":13,"turns":4},{"damage":19,"enemies":"The Guardian","floor":16,"turns":9},{"damage":6,"enemies":"3 Byrds","floor":18,"turns":3},{"damage":6,"enemies":"2 Thieves","floor":19,"turns":2},{"damage":6,"enemies":"Gremlin Leader","floor":23,"turns":4},{"damage":6,"enemies":"Centurion and Healer","floor":25,"turns":2},{"damage":6,"enemies":"Shelled Parasite and Fungi","floor":29,"turns":2},{"damage":7,"enemies":"Book of Stabbing","floor":30,"turns":1},{"damage":6,"enemies":"Snecko","floor":31,"turns":3},{"damage":6,"enemies":"Collector","floor":33,"turns":2},{"damage":14,"enemies":"3 Shapes","floor":35,"turns":3},{"damage":6,"enemies":"Orb Walker","floor":37,"turns":1},{"damage":6,"enemies":"Jaw Worm Horde","floor":38,"turns":1},{"damage":6,"enemies":"Nemesis","floor":41,"turns":1},{"damage":6,"enemies":"4 Shapes","floor":45,"turns":1},{"damage":6,"enemies":"Sphere and 2 Shapes","floor":46,"turns":1},{"damage":6,"enemies":"Giant Head","floor":47,"turns":1},{"damage":6,"enemies":"Nemesis","floor":48,"turns":1},{"damage":12,"enemies":"Donu and Deca","floor":50,"turns":3},{"damage":12,"enemies":"Awakened One","floor":51,"turns":7},{"damage":12,"enemies":"Shield and Spear","floor":55,"turns":1},{"damage":28,"enemies":"The Heart","floor":56,"turns":9}],"seed_played":"-2145951810147216023","potions_obtained":[{"floor":1,"key":"FairyPotion"},{"floor":4,"key":"FearPotion"},{"floor":11,"key":"Ancient Potion"}],"is_trial":true,"path_per_floor":["M","M","M","M","M","E","$","E","T","$","M","M","E","$","R","B",null,"M","M","?","?","$","E","R","M","T","R","$","M","E","M","R","B",null,"M","?","M","M","$","R","E","R","T","R","M","M","E","E","R","B","B",null,"R","$","E","B",null],"character_chosen":"IRONCLAD","items_purchased":["Nunchaku","Flash of Steel","Panacea","Toy Ornithopter"],"campfire_rested":0,"item_purchase_floors":[7,22,54,54],"current_hp_per_floor":[74,75,75,75,75,55,55,61,61,61,67,72,69,69,69,56,70,70,70,70,70,70,70,70,72,72,72,72,74,74,75,75,75,85,77,77,79,81,81,81,83,83,83,83,85,85,85,85,85,79,75,83,83,83,79,63],"gold":61,"neow_bonus":"","is_daily":false,"chose_seed":false,"campfire_upgraded":8,"win_rate":0.0,"timestamp":1613604075,"path_taken":["M","M","M","M","M","E","$","E","T","$","?","M","E","?","R","BOSS","M","M","?","?","$","E","R","?","T","R","$","M","E","M","R","BOSS","M","?","M","?","$","R","E","R","T","R","M","M","E","?","R","BOSS","BOSS","R","$","E","BOSS"],"items_purchased_type":["Relic","Card","Card","Relic"],"build_version":"2020-12-22","purchased_purges":5,"victory":true,"max_hp_per_floor":[75,75,75,75,75,75,75,75,75,75,75,75,75,75,75,75,75,75,75,75,75,75,75,75,75,75,75,75,75,75,75,75,75,85,85,85,85,85,85,85,85,85,85,85,85,85,85,85,85,85,85,85,85,85,85,85],"relic_stats":{"Regal Pillow":0,"counters":[31,88],"Blue Candle":[1],"Ginger":[2],"Orichalcum":[0],"Smiling Mask":375,"Burning Blood":163,"Blood Vial":20,"Nunchaku":[48],"Kunai":[136],"Champion Belt":[13],"obtain_stats":[{"Regal Pillow":34,"Lantern":55,"Pear":34,"Blue Candle":13,"Thread and Needle":8,"Ginger":34,"Orichalcum":47,"Smiling Mask":6,"Burning Blood":0,"Blood Vial":23,"Calling Bell":34,"Nunchaku":7,"HornCleat":48,"Bag of Marbles":30,"Kunai":9,"Champion Belt":43,"Red Skull":41,"Toy Ornithopter":54,"Runic Cube":17},{"Regal Pillow":19,"Lantern":30,"Pear":19,"Blue Candle":10,"Thread and Needle":7,"Ginger":19,"Orichalcum":26,"Smiling Mask":6,"Burning Blood":0,"Blood Vial":14,"Calling Bell":19,"Nunchaku":6,"HornCleat":27,"Bag of Marbles":17,"Kunai":7,"Champion Belt":23,"Red Skull":23,"Toy Ornithopter":29,"Runic Cube":11},{"Regal Pillow":58,"Lantern":79,"Pear":58,"Blue Candle":30,"Thread and Needle":19,"Ginger":58,"Orichalcum":67,"Smiling Mask":17,"Burning Blood":0,"Blood Vial":48,"Calling Bell":58,"Nunchaku":17,"HornCleat":68,"Bag of Marbles":53,"Kunai":19,"Champion Belt":64,"Red Skull":64,"Toy Ornithopter":78,"Runic Cube":39}],"Toy Ornithopter":4,"Runic Cube":[36]},"card_choices":[{"not_picked":["ThirdEye","Headbutt","LikeWater"],"picked":"SKIP","floor":1},{"not_picked":["Perfected Strike","Quick Slash"],"picked":"Turbo","floor":2},{"not_picked":["JustLucky","EmptyBody","Sucker Punch"],"picked":"SKIP","floor":3},{"not_picked":["Spot Weakness","Rebound"],"picked":"Shrug It Off","floor":4},{"not_picked":["Barrage","Streamline","Distraction"],"picked":"SKIP","floor":5},{"not_picked":["Concentrate","Endless Agony","Dual Wield"],"picked":"SKIP","floor":6},{"not_picked":["InnerPeace","Poisoned Stab","Rainbow"],"picked":"SKIP","floor":8},{"not_picked":["JustLucky","FlyingSleeves","Catalyst"],"picked":"SKIP","floor":11},{"not_picked":["Compile Driver","Sword Boomerang","Clothesline"],"picked":"SKIP","floor":12},{"not_picked":["Fission","WreathOfFlame","Backstab"],"picked":"SKIP","floor":13},{"not_picked":["Biased Cognition","A Thousand Cuts"],"picked":"Offering","floor":16},{"not_picked":["Crescendo","Evaluate","Bane"],"picked":"SKIP","floor":18},{"not_picked":["Conclude","Bane+1","Iron Wave"],"picked":"SKIP","floor":19},{"not_picked":["Berserk","Dagger Throw","SashWhip"],"picked":"SKIP","floor":23},{"not_picked":["Heavy Blade","Turbo","PathToVictory"],"picked":"SKIP","floor":25},{"not_picked":["Infernal Blade","Poisoned Stab+1","Clothesline"],"picked":"SKIP","floor":29},{"not_picked":["Dagger Throw","Wish","WaveOfTheHand+1"],"picked":"SKIP","floor":30},{"not_picked":["JustLucky","Thunderclap","Halt"],"picked":"SKIP","floor":31},{"not_picked":["WindmillStrike","Ball Lightning","Recycle"],"picked":"SKIP","floor":35},{"not_picked":["WindmillStrike","Ball Lightning","Recycle"],"picked":"SKIP","floor":35},{"not_picked":["Warcry","ClearTheMind+1","FlurryOfBlows"],"picked":"SKIP","floor":37},{"not_picked":["Leg Sweep","Armaments","Shrug It Off+1"],"picked":"SKIP","floor":38},{"not_picked":["Streamline","Reboot"],"picked":"Offering","floor":41},{"not_picked":["Wild Strike","Poisoned Stab"],"picked":"Dodge and Roll","floor":45},{"not_picked":["CrushJoints","Bouncing Flask","Wild Strike+1"],"picked":"SKIP","floor":46},{"not_picked":["Havoc+1","Shrug It Off","Skim+1"],"picked":"SKIP","floor":47},{"not_picked":["Warcry","Sucker Punch","MentalFortress"],"picked":"SKIP","floor":48},{"not_picked":["All For One","FollowUp+1"],"picked":"Barricade","floor":55}],"player_experience":1929323,"relics_obtained":[{"floor":6,"key":"Smiling Mask"},{"floor":8,"key":"Thread and Needle"},{"floor":9,"key":"Kunai"},{"floor":13,"key":"Blue Candle"},{"floor":23,"key":"Blood Vial"},{"floor":30,"key":"Bag of Marbles"},{"floor":34,"key":"Regal Pillow"},{"floor":34,"key":"Pear"},{"floor":34,"key":"Ginger"},{"floor":41,"key":"Red Skull"},{"floor":43,"key":"Champion Belt"},{"floor":47,"key":"Orichalcum"},{"floor":48,"key":"HornCleat"},{"floor":55,"key":"Lantern"}],"event_choices":[{"damage_healed":0,"gold_gain":0,"player_choice":"Ignored","damage_taken":0,"max_hp_gain":0,"max_hp_loss":0,"event_name":"Vampires","floor":20,"gold_loss":0},{"damage_healed":0,"gold_gain":50,"player_choice":"Stole From Cult","damage_taken":0,"max_hp_gain":0,"max_hp_loss":0,"event_name":"Nest","floor":21,"gold_loss":0},{"cards_removed":["Turbo"],"damage_healed":0,"gold_gain":0,"player_choice":"Removed Skill","damage_taken":0,"max_hp_gain":0,"max_hp_loss":0,"event_name":"Falling","floor":36,"gold_loss":0}],"is_beta":false,"boss_relics":[{"not_picked":["Fusion Hammer","Snecko Eye"],"picked":"Runic Cube"},{"not_picked":["Tiny House","Black Blood"],"picked":"Calling Bell"}],"items_purged_floors":[10,14,22,28,54],"is_endless":false,"potions_floor_spawned":[1,4,6,11,12,16,18,25,29,37,41,48],"ascension_level":20}}