{"host":"a6ztjasp7lxlo10n","time":1613538561,"event":{"mods":["Act Like it!","BaseMod","Colored Map","Marisa£®ÏF”Í°°ƒß¿Ì…≥£©","Minty Spire (QoL Compilation)","Quick Restart","StSLib","SuperFastMode","UnlockEverythingMod"],"gold_per_floor":[110,185,185,185,25,64,88,107,107,142,142,167,167,210,210,210,210],"floor_reached":16,"language":"ZHS","playtime":804,"items_purged":["Strike_R"],"score":286,"play_id":"52b27506-ce28-45dd-b984-f5759cda8d05","local_time":"20210217130921","is_ascension_mode":true,"campfire_choices":[{"data":"True Grit","floor":13,"key":"SMITH"},{"data":"Barricade","floor":15,"key":"SMITH"}],"circlet_count":0,"master_deck":["AscendersBane","Strike_R","Strike_R","Strike_R","Defend_R","Defend_R","Defend_R","Defend_R","Bash","Rampage","Hemokinesis","Ghostly Armor","Barricade+1","Evolve","True Grit+1"],"relics":["Burning Blood","NeowsBlessing","Golden Idol","Letter Opener","Meat on the Bone","CaptainsWheel","Lantern","Ice Cream"],"acts_visited":["Exordium"],"potions_floor_usage":[14,16,16],"damage_taken":[{"damage":0.0,"enemies":"2 Louse","floor":1.0,"turns":2.0},{"damage":0.0,"enemies":"Lagavulin","floor":6.0,"turns":1.0},{"damage":0.0,"enemies":"Cultist","floor":7.0,"turns":1.0},{"damage":4,"enemies":"Jaw Worm","floor":8,"turns":3},{"damage":57,"enemies":"Gremlin Nob","floor":10,"turns":6},{"damage":8,"enemies":"2 Fungi Beasts","floor":12,"turns":3},{"damage":16,"enemies":"Lagavulin","floor":14,"turns":10},{"damage":42,"enemies":"Hexaghost","floor":16,"turns":12}],"seed_played":"3765418661647062108","potions_obtained":[{"floor":10,"key":"Energy Potion"},{"floor":12,"key":"ColorlessPotion"},{"floor":14,"key":"DuplicationPotion"}],"is_trial":false,"path_per_floor":["M","?","?","?","$","E","M","M","T","E","?","M","R","E","R","B"],"character_chosen":"IRONCLAD","items_purchased":["Rampage"],"campfire_rested":0,"item_purchase_floors":[5],"current_hp_per_floor":[74,63,63,63,63,68,68,68,68,29,29,39,39,41,41,0,0],"gold":210,"neow_bonus":"THREE_ENEMY_KILL","is_daily":false,"chose_seed":false,"campfire_upgraded":2,"win_rate":0.0,"timestamp":1613538561,"path_taken":["M","?","?","?","$","E","M","?","T","E","?","M","R","E","R","BOSS"],"items_purchased_type":["Card"],"build_version":"2020-12-22","purchased_purges":1,"victory":false,"max_hp_per_floor":[75,75,68,68,68,68,68,68,68,68,68,68,68,68,68,68,68],"card_choices":[{"not_picked":["Twin Strike","Warcry","Clothesline"],"picked":"SKIP","floor":1.0},{"not_picked":["Warcry","Perfected Strike"],"picked":"Hemokinesis","floor":6.0},{"not_picked":["Spot Weakness","Body Slam"],"picked":"Ghostly Armor","floor":7},{"not_picked":["Blood for Blood","Anger"],"picked":"Barricade","floor":8},{"not_picked":["Anger","Headbutt","Whirlwind"],"picked":"SKIP","floor":10},{"not_picked":["Battle Trance","Iron Wave"],"picked":"True Grit","floor":12},{"not_picked":["Sword Boomerang","Ghostly Armor","Cleave"],"picked":"SKIP","floor":14}],"player_experience":243328,"relics_obtained":[{"floor":4.0,"key":"Letter Opener"},{"floor":6.0,"key":"Meat on the Bone"},{"floor":9,"key":"CaptainsWheel"},{"floor":10,"key":"Lantern"},{"floor":14,"key":"Ice Cream"}],"event_choices":[{"damage_healed":0.0,"max_hp_gain":0.0,"max_hp_loss":0.0,"gold_gain":75.0,"event_name":"World of Goop","player_choice":"Gather Gold","floor":2.0,"gold_loss":0.0,"damage_taken":11.0},{"damage_healed":0.0,"max_hp_gain":0.0,"max_hp_loss":7.0,"gold_gain":0.0,"event_name":"Golden Idol","player_choice":"Lose Max HP","floor":3.0,"gold_loss":0.0,"damage_taken":0.0,"relics_obtained":["Golden Idol"]},{"damage_healed":0.0,"max_hp_gain":0.0,"max_hp_loss":0.0,"gold_gain":0.0,"event_name":"Wheel of Change","player_choice":"Relic","floor":4.0,"gold_loss":0.0,"damage_taken":0.0},{"damage_healed":0,"gold_gain":0,"cards_transformed":["Strike_R"],"player_choice":"Change","damage_taken":0,"max_hp_gain":0,"max_hp_loss":0,"event_name":"Living Wall","floor":11,"gold_loss":0,"cards_obtained":["Evolve"]}],"is_beta":false,"boss_relics":[],"items_purged_floors":[5],"is_endless":false,"potions_floor_spawned":[10,12,14],"killed_by":"Hexaghost","ascension_level":20}}