{"host":"uxjsgyia3bdyayt0","time":1613522205,"event":{"mods":["Act Like it!","BaseMod","Downfall","Gensokyo","Marisa（霧雨　魔理沙）","Minty Spire (QoL Compilation)","Prisma Mod","Reimu（博??梦）","Remilia（蕾米莉?）","StSLib","The Animator","The Servant 0.9.4","Yakumo Yukari mod","Youmu（魂魄妖梦）","Yuyuko"],"gold_per_floor":[110,39,39,49,66,97,97,117,140,48,48,25,25,50,50,149,149,159,9,19,19,19,19,38,67,67,387,387,401,417,417,417,417,417],"floor_reached":33,"language":"ENG","playtime":1633,"items_purged":[],"score":450,"play_id":"80ba7164-b573-41e9-bb38-42f1055cbf8f","local_time":"20210217003645","is_ascension_mode":false,"campfire_choices":[{"data":"PrismaMod:ChloeExcalibur","floor":7,"key":"SMITH"},{"data":"PrismaMod:ChloeExcalibur","floor":11,"key":"SMITH"},{"data":"PrismaMod:ChloeCheapAttack","floor":13,"key":"SMITH"},{"data":"PrismaMod:ChloeCarnivalAOEAttack","floor":15,"key":"SMITH"},{"floor":23,"key":"REST"},{"floor":28,"key":"REST"},{"floor":32,"key":"REST"}],"circlet_count":0,"master_deck":["PrismaMod:ChloeCommonAttack","PrismaMod:ChloeCommonAttack","PrismaMod:ChloeCommonAttack","PrismaMod:ChloeCommonAttack","PrismaMod:ChloeCommonAttack","PrismaMod:ChloeCommonDefend","PrismaMod:ChloeCommonDefend","PrismaMod:ChloeCommonDefend","PrismaMod:ChloeCommonDefend","PrismaMod:ChloeCommonDefend","PrismaMod:ChloeCheapAttack","PrismaMod:ChloeCheapDefend","PrismaMod:ChloeCommonAOEAttack","PrismaMod:ChloeCheapAttack+1","PrismaMod:ChloeCheapDefendTwo","Pain","PrismaMod:ChloeExcalibur+1","PrismaMod:ChloeExcalibur+1","PrismaMod:ChloeCheapDefendTwo","PrismaMod:ChloeEyeOfTheEuryale","PrismaMod:ChloeCheapAttackTwo","PrismaMod:ChloeCheapDefend","PrismaMod:ChloeCommonAOEAttack","PrismaMod:ChloeCarnivalAOEAttack+1","PrismaMod:ChloeUnlimitedBladeWorks","CurseOfTheBell","PrismaMod:ChloeCommonAOEAttack","PrismaMod:ChloeEyeOfTheEuryale+1","PrismaMod:ChloeGaeBolg","PrismaMod:ChloeCheapDefend","PrismaMod:ChloeCheapDefendTwo+1","PrismaMod:ChloeCaladbolg+1","PrismaMod:ChloeCheapAttack","PrismaMod:ChloeCheapDefendTwo+1","PrismaMod:ChloeCheapAttackTwo+1","PrismaMod:ChloeCheapDefend","PrismaMod:ChloeCheapAttack"],"relics":["PrismaMod:PrismaTraceOn","NeowsBlessing","Gensokyo:LunaticRedEyes","Lantern","Ancient Tea Set","Anchor","Calling Bell","Dream Catcher","Frozen Egg 2","PureWhite:ReiMu","Gensokyo:ConquerorOfFear","Gensokyo:MosesMiracle","ScarletDevilRocket","Kunai","Happy Flower"],"acts_visited":["Gensokyo:Gensokyo","Gensokyo:Gensokyoer"],"potions_floor_usage":[16,16,20,25],"damage_taken":[{"damage":0.0,"enemies":"Gensokyo:2_Kodama","floor":1.0,"turns":1.0},{"damage":1,"enemies":"Gensokyo:Python","floor":4,"turns":1},{"damage":0,"enemies":"Gensokyo:3_Fairies","floor":5,"turns":1},{"damage":0,"enemies":"Gensokyo:Aya","floor":6,"turns":2},{"damage":4,"enemies":"Gensokyo:2_Rabbits","floor":8,"turns":3},{"damage":3,"enemies":"Gensokyo:Mamizou","floor":14,"turns":4},{"damage":12,"enemies":"Gensokyo:Reimu","floor":16,"turns":6},{"damage":16,"enemies":"Gensokyo:CosmicMonolith","floor":18,"turns":4},{"damage":23,"enemies":"Gensokyo:2_Gloops","floor":20,"turns":6},{"damage":45,"enemies":"Gensokyo:Wraith","floor":24,"turns":6},{"damage":0,"enemies":"Gensokyo:Koishi","floor":25,"turns":2},{"damage":0,"enemies":"Gensokyo:Swordslinger","floor":27,"turns":2},{"damage":9,"enemies":"Gensokyo:Slime_Group","floor":29,"turns":2},{"damage":13,"enemies":"Gensokyo:Monolith_and_Dog","floor":30,"turns":3},{"damage":44,"enemies":"Gensokyo:Eternal_Rivals","floor":33,"turns":4}],"seed_played":"-8813593006113710036","potions_obtained":[{"floor":5,"key":"hexamod:SoulburnPotion"},{"floor":8,"key":"BlessingOfTheForge"},{"floor":14,"key":"PowerPotion"},{"floor":20,"key":"ZuzhouPotion:ReiMu"},{"floor":29,"key":"sneckomod:MuddlingPotion"}],"is_trial":false,"path_per_floor":["M","$","?","M","M","E","R","M","T","$","R","$","R","E","R","B",null,"M","COS","M","?","?","R","M","E","T","M","R","M","M","?","R","B"],"character_chosen":"CHLOE","items_purchased":["PrismaMod:ChloeCheapAttack","PrismaMod:ChloeCheapDefendTwo","PrismaMod:ChloeCheapAttackTwo","PrismaMod:ChloeCheapDefend","PrismaMod:ChloeCommonAOEAttack"],"campfire_rested":3,"item_purchase_floors":[2,2,10,10,12],"current_hp_per_floor":[75,75,75,74,74,74,74,70,70,70,70,70,70,67,67,55,75,59,59,36,36,36,58,13,13,13,13,35,26,13,18,42,0,0],"gold":417,"neow_bonus":"THREE_ENEMY_KILL","is_daily":false,"chose_seed":false,"campfire_upgraded":4,"win_rate":0.0,"timestamp":1613522205,"path_taken":["M","?","?","?","M","E","R","M","T","?","R","$","R","E","R","BOSS","M","COS","M","?","?","R","M","E","T","M","R","M","M","?","R","BOSS"],"items_purchased_type":["Card","Card","Card","Card","Card"],"build_version":"2020-12-22","purchased_purges":0,"victory":false,"max_hp_per_floor":[75,75,75,75,75,75,75,75,75,75,75,75,75,75,75,75,75,75,75,75,75,75,75,75,75,75,75,75,75,75,80,80,80,80],"card_choices":[{"not_picked":["PrismaMod:ChloeExhaustOne","PrismaMod:ChloeMordred"],"picked":"PrismaMod:ChloeCommonAOEAttack","floor":1.0},{"not_picked":["PrismaMod:ChloeBetterTracePools","PrismaMod:ChloeCommonAOEAttack"],"picked":"PrismaMod:ChloeExcalibur","floor":4},{"not_picked":["PrismaMod:ChloeDiscardRecovery","PrismaMod:ChloeCommonAOEAttack"],"picked":"PrismaMod:ChloeExcalibur","floor":5},{"not_picked":["PrismaMod:ChloeCommonAOEAttack","PrismaMod:ChloeCheapAttack"],"picked":"PrismaMod:ChloeCheapDefendTwo","floor":6},{"not_picked":["PrismaMod:ChloeExhaustTwo","PrismaMod:ChloeBetterTracePools"],"picked":"PrismaMod:ChloeEyeOfTheEuryale","floor":8},{"not_picked":["PrismaMod:ChloeBetterTracePools","PrismaMod:ChloeExhaustTwo"],"picked":"PrismaMod:ChloeCarnivalAOEAttack","floor":14},{"not_picked":["PrismaMod:ChloeAnyPowerTrace","PrismaMod:ChloeExhaustThree"],"picked":"PrismaMod:ChloeUnlimitedBladeWorks","floor":16},{"not_picked":["PrismaMod:ChloeDiscardRecovery","PrismaMod:ChloeUncommonAttack"],"picked":"PrismaMod:ChloeCommonAOEAttack","floor":18},{"not_picked":["PrismaMod:ChloeBetterTracePools+1","PrismaMod:ChloeCommonAOEAttack+1"],"picked":"PrismaMod:ChloeEyeOfTheEuryale+1","floor":20},{"not_picked":["PrismaMod:ChloeChristmas+1","PrismaMod:ChloeCommonAOEAttack"],"picked":"PrismaMod:ChloeGaeBolg","floor":20},{"not_picked":["PrismaMod:ChloeCheapDefendTwo","PrismaMod:ChloeBetterTracePools+1"],"picked":"PrismaMod:ChloeCheapDefend","floor":23},{"not_picked":["PrismaMod:ChloeCheapDefend","PrismaMod:ChloeRitsuka"],"picked":"PrismaMod:ChloeCheapDefendTwo+1","floor":24},{"not_picked":["PrismaMod:ChloeCarnivalAttack","PrismaMod:ChloeCheapAttack+1"],"picked":"PrismaMod:ChloeCaladbolg+1","floor":25},{"not_picked":["PrismaMod:ChloeDiscardRecovery","PrismaMod:ChloeExhaustOne+1"],"picked":"PrismaMod:ChloeCheapAttack","floor":27},{"not_picked":["PrismaMod:ChloeCheapAttack+1","PrismaMod:ChloeCommonAOEAttack"],"picked":"PrismaMod:ChloeCheapDefendTwo+1","floor":28},{"not_picked":["PrismaMod:ChloeCheapDefend","PrismaMod:ChloeCheapDefendTwo"],"picked":"PrismaMod:ChloeCheapAttackTwo+1","floor":29},{"not_picked":["PrismaMod:ChloeRitsuka","PrismaMod:ChloeDiscardRecovery"],"picked":"PrismaMod:ChloeCheapDefend","floor":30},{"not_picked":["PrismaMod:ChloeDiscardRecovery+1","PrismaMod:ChloeUncommonAOEAttack"],"picked":"PrismaMod:ChloeCheapAttack","floor":32}],"player_experience":451,"relics_obtained":[{"floor":6,"key":"Lantern"},{"floor":9,"key":"Ancient Tea Set"},{"floor":14,"key":"Anchor"},{"floor":17,"key":"Dream Catcher"},{"floor":17,"key":"Frozen Egg 2"},{"floor":17,"key":"PureWhite:ReiMu"},{"floor":24,"key":"Gensokyo:ConquerorOfFear"},{"floor":25,"key":"Kunai"},{"floor":27,"key":"Gensokyo:MosesMiracle"}],"event_choices":[],"is_beta":false,"boss_relics":[{"not_picked":["Sozu","Tiny House"],"picked":"Calling Bell"}],"items_purged_floors":[],"is_endless":false,"potions_floor_spawned":[5,8,14,20,29],"killed_by":"Gensokyo:Eternal_Rivals","ascension_level":0}}