{"host":"dtl4sgkqbf83b8n2","time":1613532512,"event":{"mods":["BaseMod","Colored Map","Colored Powertips","Minty Spire (QoL Compilation)","Replay The Spire","StSLib"],"gold_per_floor":[114,129,144,219,219,219,249,249,249,264,264,279,294,264,264,364,364,379,394,94,109,124,124,139,139,164,194,109,124,154,253,253,353,353,368,0,15,30,45,75,75,90,90,105,120,220,235,265,265,265,265],"floor_reached":50,"language":"ENG","playtime":13660,"items_purged":[],"score":750,"play_id":"bdb22e44-c6d3-48f2-affb-63108d3896db","local_time":"20210216212832","daily_mods":["Specialized","ControlledChaos","Lethality"],"is_ascension_mode":false,"campfire_choices":[{"data":"TalkToTheHand","floor":6.0,"key":"SMITH"},{"floor":8.0,"key":"REST"},{"data":"WheelKick","floor":11.0,"key":"SMITH"},{"floor":15.0,"key":"REST"},{"data":"FollowUp","floor":23,"key":"SMITH"},{"data":"Eruption","floor":25,"key":"SMITH"},{"floor":32,"key":"DIG"},{"floor":41,"key":"DIG"},{"floor":49,"key":"REST"}],"circlet_count":0,"master_deck":["Strike_P","Strike_P","Strike_P","Strike_P","Defend_P","Defend_P","Defend_P","Defend_P","Eruption+1","Vigilance","DeusExMachina","DeusExMachina","DeusExMachina","DeusExMachina","DeusExMachina","TalkToTheHand+1","Prostrate","FollowUp+1","Replay:Hum","WheelKick+1","Devotion","Omniscience","Replay:Cycle","EmptyBody+1","Devotion"],"relics":["PureWater","Frozen Eye","Vajra","PreservedInsect","Bronze Scales","Busted Crown","Happy Flower","Lee\u0027s Waffle","Pen Nib","White Beast Statue","Shovel","Divine Protection","Centennial Puzzle","Black Star","Red Mask","CeramicFish","Akabeko","Boot","Snack Pack","Replay:PocketPolymizer","ReplayTheSpireMod:TigerMarble"],"acts_visited":["Exordium","TheCity","TheBeyond"],"potions_floor_usage":[27,29,30,33,40,40,40,47,48,50],"damage_taken":[{"damage":0.0,"enemies":"Small Slimes","floor":1.0,"turns":1.0},{"damage":0.0,"enemies":"Jaw Worm","floor":2.0,"turns":1.0},{"damage":0.0,"enemies":"Cultist","floor":3.0,"turns":4.0},{"damage":18.0,"enemies":"Replay:BlueRogue","floor":7.0,"turns":5.0},{"damage":14.0,"enemies":"3 Louse","floor":10.0,"turns":3.0},{"damage":9.0,"enemies":"2 Fungi Beasts","floor":12.0,"turns":2.0},{"damage":20.0,"enemies":"Exordium Wildlife","floor":13.0,"turns":4.0},{"damage":0.0,"enemies":"Fading Forest","floor":16.0,"turns":11.0},{"damage":0.0,"enemies":"Shell Parasite","floor":18.0,"turns":2.0},{"damage":33.0,"enemies":"Spheric Guardian","floor":19.0,"turns":5.0},{"damage":16,"enemies":"Snake Plant","floor":21,"turns":3},{"damage":0,"enemies":"Shelled Parasite and Fungi","floor":22,"turns":2},{"damage":2,"enemies":"Cultist and Chosen","floor":24,"turns":3},{"damage":0,"enemies":"Gremlin Leader","floor":27,"turns":1},{"damage":2,"enemies":"Centurion and Healer","floor":29,"turns":3},{"damage":0,"enemies":"Slavers","floor":30,"turns":2},{"damage":35,"enemies":"Collector","floor":33,"turns":6},{"damage":10,"enemies":"3 Shapes","floor":35,"turns":3},{"damage":0,"enemies":"Orb Walker","floor":37,"turns":3},{"damage":11,"enemies":"Spire Growth","floor":38,"turns":4},{"damage":0,"enemies":"4 Shapes","floor":39,"turns":4},{"damage":0,"enemies":"Giant Head","floor":40,"turns":5},{"damage":0,"enemies":"Sphere and 2 Shapes","floor":42,"turns":3},{"damage":24,"enemies":"Spire Growth","floor":44,"turns":4},{"damage":0,"enemies":"Jaw Worm Horde","floor":45,"turns":4},{"damage":20,"enemies":"3 Darklings","floor":47,"turns":5},{"damage":0,"enemies":"Nemesis","floor":48,"turns":1},{"damage":60,"enemies":"Time Eater","floor":50,"turns":2}],"seed_played":"2711566965655028651","potions_obtained":[{"floor":1.0,"key":"Swift Potion"},{"floor":3.0,"key":"Fire Potion"},{"floor":10.0,"key":"Doom Potion"},{"floor":14.0,"key":"LiquidBronze"},{"floor":14.0,"key":"SmokeBomb"},{"floor":16.0,"key":"FearPotion"},{"floor":19.0,"key":"FearPotion"},{"floor":22,"key":"Fire Potion"},{"floor":29,"key":"Explosive Potion"},{"floor":30,"key":"Reflective Coating"},{"floor":33,"key":"Ancient Potion"},{"floor":35,"key":"LiquidMemories"},{"floor":37,"key":"BlessingOfTheForge"},{"floor":38,"key":"ColorlessPotion"},{"floor":40,"key":"SteroidPotion"},{"floor":42,"key":"Explosive Potion"},{"floor":44,"key":"SkillPotion"},{"floor":45,"key":"DuplicationPotion"},{"floor":47,"key":"Explosive Potion"},{"floor":48,"key":"FearPotion"}],"is_trial":false,"path_per_floor":["M","M","M","?","T","R","E","R","T","M","R","M","M","?","R","B",null,"M","M","$","M","M","R","M","R","T","E","?","M","E","?","R","B",null,"M","?","M","M","M","E","R","M","T","M","M","?","M","E","R","B"],"character_chosen":"WATCHER","items_purchased":["Happy Flower","Lee\u0027s Waffle"],"campfire_rested":3,"item_purchase_floors":[20,20],"current_hp_per_floor":[72,72,72,61,61,61,43,64,64,50,50,41,21,21,42,54,72,72,39,79,63,63,63,61,61,61,61,61,59,59,59,59,24,79,69,69,69,58,58,58,58,58,58,34,38,38,24,26,49,0,0],"gold":265,"neow_bonus":"","is_daily":true,"chose_seed":false,"campfire_upgraded":4,"win_rate":0.0,"timestamp":1613532512,"path_taken":["M","M","M","?","?","R","E","R","T","M","R","M","M","?","R","BOSS","M","M","$","M","M","R","M","R","T","E","?","M","E","?","R","BOSS","M","?","M","M","M","E","R","M","T","M","M","?","M","E","R","BOSS"],"items_purchased_type":["Relic","Relic"],"build_version":"2020-12-22","purchased_purges":0,"victory":false,"max_hp_per_floor":[72,72,72,72,72,72,72,72,72,72,72,72,72,72,72,72,72,72,72,79,79,79,79,79,79,79,79,79,79,79,79,79,79,79,79,79,79,79,79,79,79,79,79,79,79,79,79,79,79,79,79],"card_choices":[{"not_picked":["EmptyBody","Vengeance"],"picked":"TalkToTheHand","floor":1.0},{"not_picked":["Halt","CarveReality"],"picked":"Prostrate","floor":2.0},{"not_picked":["Halt","Adaptation"],"picked":"FollowUp","floor":3.0},{"not_picked":["Crescendo","BowlingBash"],"picked":"Replay:Hum","floor":7.0},{"not_picked":["EmptyBody","MentalFortress"],"picked":"WheelKick","floor":10.0},{"not_picked":["Replay:ManipulateFuture","CrushJoints","ClearTheMind"],"picked":"SKIP","floor":12.0},{"not_picked":["Wallop","PathToVictory"],"picked":"Devotion","floor":13.0},{"not_picked":["Replay:LoomingThreat","Vault"],"picked":"Omniscience","floor":16.0},{"not_picked":["CutThroughFate"],"picked":"SKIP","floor":18.0},{"not_picked":["PathToVictory"],"picked":"SKIP","floor":19.0},{"not_picked":["EmptyBody"],"picked":"SKIP","floor":21},{"not_picked":[],"picked":"Replay:Cycle","floor":22},{"not_picked":["EmptyBody"],"picked":"SKIP","floor":24},{"not_picked":[],"picked":"EmptyBody+1","floor":27},{"not_picked":["Replay:Hum+1"],"picked":"SKIP","floor":29},{"not_picked":[],"picked":"Devotion","floor":30},{"not_picked":["Wireheading+1"],"picked":"SKIP","floor":35},{"not_picked":["PathToVictory"],"picked":"SKIP","floor":37},{"not_picked":["Wireheading+1"],"picked":"SKIP","floor":38},{"not_picked":["BattleHymn"],"picked":"SKIP","floor":39},{"not_picked":["Study"],"picked":"SKIP","floor":40},{"not_picked":["ClearTheMind+1"],"picked":"SKIP","floor":42},{"not_picked":["Evaluate"],"picked":"SKIP","floor":44},{"not_picked":["ThirdEye"],"picked":"SKIP","floor":45},{"not_picked":["EmptyMind"],"picked":"SKIP","floor":47},{"not_picked":["Wireheading+1"],"picked":"SKIP","floor":48}],"player_experience":463797,"relics_obtained":[{"floor":5.0,"key":"Vajra"},{"floor":7.0,"key":"PreservedInsect"},{"floor":9.0,"key":"Bronze Scales"},{"floor":26,"key":"Pen Nib"},{"floor":27,"key":"White Beast Statue"},{"floor":30,"key":"Divine Protection"},{"floor":32,"key":"Centennial Puzzle"},{"floor":40,"key":"CeramicFish"},{"floor":40,"key":"Akabeko"},{"floor":41,"key":"Boot"},{"floor":43,"key":"Snack Pack"},{"floor":48,"key":"Replay:PocketPolymizer"},{"floor":48,"key":"ReplayTheSpireMod:TigerMarble"}],"event_choices":[{"damage_healed":0.0,"max_hp_gain":0.0,"max_hp_loss":0.0,"gold_gain":75.0,"event_name":"World of Goop","player_choice":"Gather Gold","floor":4.0,"gold_loss":0.0,"damage_taken":11.0},{"damage_healed":0.0,"max_hp_gain":0.0,"max_hp_loss":0.0,"gold_gain":0.0,"event_name":"The Woman in Blue","player_choice":"Bought 2 Potions","floor":14.0,"gold_loss":0.0,"damage_taken":0.0},{"damage_healed":0,"gold_gain":0,"player_choice":"Obtained Relic","damage_taken":0,"relics_obtained":["Shovel"],"max_hp_gain":0,"max_hp_loss":0,"event_name":"Addict","floor":28,"gold_loss":85},{"damage_healed":0,"gold_gain":99,"player_choice":"Stole From Cult","damage_taken":0,"max_hp_gain":0,"max_hp_loss":0,"event_name":"Nest","floor":31,"gold_loss":0},{"damage_healed":0,"gold_gain":0,"player_choice":"Paid","damage_taken":0,"relics_obtained":["Red Mask"],"max_hp_gain":0,"max_hp_loss":0,"event_name":"Tomb of Lord Red Mask","floor":36,"gold_loss":368},{"damage_healed":0,"gold_gain":100,"player_choice":"Pray","damage_taken":0,"max_hp_gain":0,"max_hp_loss":0,"event_name":"Golden Shrine","floor":46,"gold_loss":0}],"is_beta":false,"boss_relics":[{"not_picked":["Replay:Grab Bag","VioletLotus"],"picked":"Busted Crown"},{"not_picked":["Replay:Bronze Core","Abe\u0027s Treasure"],"picked":"Black Star"}],"items_purged_floors":[],"is_endless":false,"potions_floor_spawned":[1,3,10,16,19,22,29,30,33,35,37,38,39,40,42,44,45,47,48],"killed_by":"Time Eater","ascension_level":0}}