{"host":"3qkmyeoym75lj4wn","time":1613594580,"event":{"mods":["2.2 Compatiblity","BaseMod","Block Reminder","Colored Powertips","Highlight Path","Minty Spire (QoL Compilation)","Permanent Neow","Potion Indicator Mod","Rare Cards Sparkle","Relic Stats","StSLib","Unceasing Turn Reminder"],"gold_per_floor":[114,132,132,132,79,106,117,117,117,117,15,32,32,61,61,135,135,150,164,9,26,0,0,29,29,54,54,54,77,77,3,3,3,3],"floor_reached":33,"language":"ENG","playtime":739,"items_purged":["Strike_B"],"score":588,"play_id":"4f94221a-8c32-4f7b-bdfd-2fd033678452","local_time":"20210217204300","is_ascension_mode":true,"campfire_choices":[{"data":"Defragment","floor":8,"key":"SMITH"},{"data":"Zap","floor":10,"key":"SMITH"},{"data":"Darkness","floor":15,"key":"SMITH"},{"floor":23,"key":"REST"},{"floor":25,"key":"REST"},{"data":"Chill","floor":27,"key":"SMITH"},{"floor":32,"key":"REST"}],"circlet_count":0,"master_deck":["AscendersBane","Strike_B+1","Strike_B+1","Strike_B","Defend_B","Defend_B+1","Defend_B","Defend_B","Zap+1","Dualcast","Sweeping Beam","Darkness+1","Compile Driver+1","Defragment+1","Dramatic Entrance","Cold Snap","Electrodynamics","Ball Lightning+1","Cold Snap","Ball Lightning","Ball Lightning","Chill+1","Defragment"],"relics":["Cracked Core","NeowsBlessing","Singing Bowl","InkBottle","Akabeko","Whetstone","Potion Belt","Strawberry"],"acts_visited":["Exordium","TheCity"],"potions_floor_usage":[16,19,19],"damage_taken":[{"damage":0,"enemies":"Jaw Worm","floor":1,"turns":1},{"damage":0,"enemies":"Cultist","floor":2,"turns":1},{"damage":0,"enemies":"Gremlin Nob","floor":6,"turns":1},{"damage":0,"enemies":"Small Slimes","floor":7,"turns":3},{"damage":11,"enemies":"Blue Slaver","floor":12,"turns":3},{"damage":9,"enemies":"3 Sentries","floor":14,"turns":4},{"damage":13,"enemies":"The Guardian","floor":16,"turns":7},{"damage":35,"enemies":"Chosen","floor":18,"turns":5},{"damage":14,"enemies":"Shell Parasite","floor":19,"turns":4},{"damage":4,"enemies":"3 Cultists","floor":21,"turns":3},{"damage":15,"enemies":"Gremlin Leader","floor":24,"turns":5},{"damage":70,"enemies":"Champ","floor":33,"turns":11}],"seed_played":"-6486459349693095307","potions_obtained":[{"floor":1,"key":"EssenceOfSteel"},{"floor":14,"key":"GamblersBrew"},{"floor":18,"key":"DuplicationPotion"}],"is_trial":false,"path_per_floor":["M","M","?","?","$","E","M","R","T","R","$","M","?","E","R","B",null,"M","M","$","M","$","R","E","R","T","R","?","T","?","$","R","B"],"character_chosen":"DEFECT","items_purchased":["Compile Driver","Dramatic Entrance","Cold Snap","Ball Lightning","Ball Lightning","Defragment"],"campfire_rested":3,"item_purchase_floors":[5,11,20,20,22,31],"current_hp_per_floor":[64,64,64,43,43,43,43,43,43,43,43,32,71,64,64,51,68,33,21,21,19,19,42,27,50,50,50,50,57,33,33,59,0,0],"gold":3,"neow_bonus":"THREE_ENEMY_KILL","is_daily":false,"chose_seed":false,"campfire_upgraded":4,"win_rate":0.0,"timestamp":1613594580,"path_taken":["M","M","?","?","$","E","M","R","T","R","?","?","?","E","R","BOSS","M","M","?","?","$","R","E","R","T","R","?","?","?","$","R","BOSS"],"items_purchased_type":["Card","Card","Card","Card","Card","Card"],"build_version":"2020-12-22","purchased_purges":1,"victory":false,"max_hp_per_floor":[71,71,71,71,71,71,71,71,71,71,71,71,71,73,73,73,73,73,75,75,77,77,77,77,77,77,77,77,84,89,89,89,89,89],"relic_stats":{"Singing Bowl":6,"counters":[12,48],"Whetstone":["Compile Driver","Strike_B"],"obtain_stats":[{"Potion Belt":26,"NeowsBlessing":0,"Singing Bowl":6,"Strawberry":29,"Whetstone":24,"Cracked Core":0,"InkBottle":9,"Akabeko":14},{"Potion Belt":11,"NeowsBlessing":0,"Singing Bowl":3,"Strawberry":11,"Whetstone":11,"Cracked Core":0,"InkBottle":4,"Akabeko":6},{"Potion Belt":37,"NeowsBlessing":0,"Singing Bowl":3,"Strawberry":37,"Whetstone":37,"Cracked Core":0,"InkBottle":6,"Akabeko":13}],"InkBottle":[13]},"card_choices":[{"not_picked":["Sunder","Rebound"],"picked":"Sweeping Beam","floor":1},{"not_picked":["Stack","Recycle"],"picked":"Darkness","floor":2},{"not_picked":["Turbo","Beam Cell"],"picked":"Rip and Tear","floor":6},{"not_picked":["Force Field","Conserve Battery"],"picked":"Defragment","floor":7},{"not_picked":["Sweeping Beam","Self Repair"],"picked":"Cold Snap","floor":12},{"not_picked":["BootSequence","Rebound","Rainbow"],"picked":"Singing Bowl","floor":14},{"not_picked":["Hyperbeam","Echo Form"],"picked":"Electrodynamics","floor":16},{"not_picked":["Reinforced Body","Skim"],"picked":"Ball Lightning+1","floor":18},{"not_picked":["Coolheaded","Heatsinks","Turbo"],"picked":"Singing Bowl","floor":19},{"not_picked":["Undo+1","Beam Cell+1","Reprogram"],"picked":"Singing Bowl","floor":21},{"not_picked":["White Noise","Steam Power"],"picked":"Chill","floor":24}],"player_experience":1761691,"relics_obtained":[{"floor":6,"key":"Singing Bowl"},{"floor":9,"key":"InkBottle"},{"floor":14,"key":"Akabeko"},{"floor":24,"key":"Whetstone"},{"floor":26,"key":"Potion Belt"},{"floor":29,"key":"Strawberry"}],"event_choices":[{"damage_healed":0,"gold_gain":0,"player_choice":"Leave","damage_taken":0,"max_hp_gain":0,"max_hp_loss":0,"event_name":"The Cleric","floor":3,"gold_loss":0},{"damage_healed":0,"gold_gain":0,"player_choice":"Entered Light","damage_taken":21,"max_hp_gain":0,"max_hp_loss":0,"event_name":"Shining Light","floor":4,"gold_loss":0,"cards_upgraded":["Defend_B","Strike_B"]},{"cards_removed":["Rip and Tear"],"damage_healed":39,"gold_gain":0,"player_choice":"Offered Uncommon","damage_taken":0,"max_hp_gain":0,"max_hp_loss":0,"event_name":"Bonfire Elementals","floor":13,"gold_loss":0},{"damage_healed":0,"gold_gain":0,"player_choice":"Shed Blood","damage_taken":29,"max_hp_gain":5,"max_hp_loss":0,"event_name":"Forgotten Altar","floor":30,"gold_loss":0}],"is_beta":false,"boss_relics":[{"not_picked":["Snecko Eye","Runic Dome","Coffee Dripper"]}],"items_purged_floors":[20],"is_endless":false,"potions_floor_spawned":[1,14,18],"killed_by":"Champ","ascension_level":20}}