{"host":"nbofzmb1hl9rnais","time":1613543258,"event":{"mods":["BaseMod","Colored Map","Minty Spire (QoL Compilation)","StSLib"],"gold_per_floor":[116,116,130,58,72,72,104,104,173,173,203,203,219,250,250,353,353,398,455,47,84,123,123,181,201,201,201,46,46,99,9,9,123,123,164,64,79,117,130,157,157,211,238,281,293,168,186,228,228,228],"floor_reached":51,"language":"ENG","playtime":3971,"items_purged":["Shrug It Off","Dagger Spray","True Grit+1"],"score":1378,"play_id":"d4738457-990d-42b4-8a69-60b0d2abd49a","local_time":"20210216222738","daily_mods":["SealedDeck","Red Cards","Green Cards","Blue Cards","Purple Cards"],"is_ascension_mode":true,"campfire_choices":[{"data":"True Grit","floor":6,"key":"SMITH"},{"data":"Beam Cell","floor":8,"key":"SMITH"},{"data":"Battle Trance","floor":15,"key":"SMITH"},{"data":"Bouncing Flask","floor":23,"key":"SMITH"},{"floor":27,"key":"DIG"},{"floor":29,"key":"DIG"},{"floor":32,"key":"DIG"},{"floor":41,"key":"DIG"},{"floor":49,"key":"DIG"}],"circlet_count":0,"master_deck":["AscendersBane","Carnage","Bouncing Flask+1","Conserve Battery","Battle Trance+1","JustLucky+1","Caltrops+1","Feel No Pain+1","Beam Cell+1","Catalyst+1","Force Field","Wish+1","Streamline+1","Panache+1","Prostrate+1","Nirvana+1","Genetic Algorithm+1","Judgement","LessonLearned+1","Vault+1"],"relics":["Ring of the Snake","Potion Belt","White Beast Statue","HornCleat","Shovel","MealTicket","Runic Pyramid","Red Mask","Bronze Scales","Tough Bandages","Gambling Chip","Nunchaku","Ancient Tea Set","CeramicFish","Eternal Feather","Black Star","Du-Vu Doll","Juzu Bracelet","Oddly Smooth Stone","Blue Candle","Regal Pillow","Toy Ornithopter","Shuriken","Prayer Wheel","Calipers"],"acts_visited":["Exordium","TheCity","TheBeyond"],"potions_floor_usage":[21,24,25,25],"damage_taken":[{"damage":0,"enemies":"Cultist","floor":1,"turns":2},{"damage":1,"enemies":"Jaw Worm","floor":3,"turns":2},{"damage":0,"enemies":"Small Slimes","floor":5,"turns":3},{"damage":15,"enemies":"Lagavulin","floor":7,"turns":4},{"damage":1,"enemies":"3 Sentries","floor":11,"turns":6},{"damage":3,"enemies":"Exordium Thugs","floor":13,"turns":4},{"damage":0,"enemies":"Gremlin Nob","floor":14,"turns":2},{"damage":3,"enemies":"Hexaghost","floor":16,"turns":7},{"damage":2,"enemies":"Chosen","floor":18,"turns":4},{"damage":53,"enemies":"Masked Bandits","floor":19,"turns":6},{"damage":1,"enemies":"Spheric Guardian","floor":21,"turns":4},{"damage":0,"enemies":"3 Cultists","floor":22,"turns":4},{"damage":5,"enemies":"Slavers","floor":24,"turns":5},{"damage":0,"enemies":"Snake Plant","floor":25,"turns":2},{"damage":14,"enemies":"Cultist and Chosen","floor":30,"turns":6},{"damage":21,"enemies":"Collector","floor":33,"turns":6},{"damage":3,"enemies":"3 Shapes","floor":35,"turns":7},{"damage":2,"enemies":"Orb Walker","floor":37,"turns":4},{"damage":0,"enemies":"Transient","floor":38,"turns":5},{"damage":6,"enemies":"Sphere and 2 Shapes","floor":39,"turns":7},{"damage":42,"enemies":"Nemesis","floor":40,"turns":5},{"damage":0,"enemies":"Giant Head","floor":42,"turns":6},{"damage":0,"enemies":"4 Shapes","floor":44,"turns":6},{"damage":0,"enemies":"Maw","floor":45,"turns":6},{"damage":0,"enemies":"Sphere and 2 Shapes","floor":47,"turns":4},{"damage":6,"enemies":"Nemesis","floor":48,"turns":5},{"damage":23,"enemies":"Donu and Deca","floor":50,"turns":7}],"seed_played":"-5892236389994737217","potions_obtained":[{"floor":3,"key":"GamblersBrew"},{"floor":7,"key":"Explosive Potion"},{"floor":11,"key":"Explosive Potion"},{"floor":13,"key":"Ancient Potion"},{"floor":14,"key":"SkillPotion"},{"floor":21,"key":"Strength Potion"},{"floor":22,"key":"LiquidMemories"},{"floor":24,"key":"DuplicationPotion"},{"floor":25,"key":"GamblersBrew"},{"floor":30,"key":"FairyPotion"},{"floor":33,"key":"EssenceOfSteel"},{"floor":35,"key":"Swift Potion"},{"floor":40,"key":"Dexterity Potion"},{"floor":47,"key":"FairyPotion"}],"is_trial":true,"path_per_floor":["M","T","M","$","M","R","E","R","T","?","E","?","M","E","R","B",null,"M","?","$","M","M","R","E","M","T","R","$","R","M","?","R","B",null,"M","$","M","M","M","E","R","E","T","M","M","$","M","E","R","B",null],"character_chosen":"THE_SILENT","items_purchased":["Feel No Pain","Panache","Bronze Scales","Ancient Tea Set"],"campfire_rested":0,"item_purchase_floors":[4,20,20,28],"current_hp_per_floor":[63,63,62,62,62,62,47,47,47,40,39,39,36,36,36,33,61,59,6,21,20,20,20,15,15,15,15,30,30,16,16,16,21,58,55,70,68,68,62,20,32,32,32,32,32,47,47,41,53,30],"gold":228,"neow_bonus":"","is_daily":false,"chose_seed":false,"campfire_upgraded":4,"win_rate":0.0,"timestamp":1613543258,"path_taken":["M","?","M","$","M","R","E","R","T","?","E","?","M","E","R","BOSS","M","?","$","M","M","R","E","M","T","R","$","R","M","?","R","BOSS","M","$","?","M","M","E","R","E","T","M","M","$","M","E","R","BOSS"],"items_purchased_type":["Card","Card","Relic","Relic"],"build_version":"2020-12-22","purchased_purges":3,"victory":true,"max_hp_per_floor":[70,70,70,70,70,70,70,70,70,70,70,70,70,70,70,70,70,70,70,70,70,70,70,70,70,70,70,70,70,70,70,70,70,70,70,70,70,70,70,70,70,70,70,70,70,70,70,70,70,70],"card_choices":[{"not_picked":["Flying Knee","Crescendo","Heavy Blade"],"picked":"SKIP","floor":1},{"not_picked":["FlyingSleeves","Rage"],"picked":"Caltrops","floor":3},{"not_picked":["Static Discharge","Quick Slash"],"picked":"Beam Cell","floor":5},{"not_picked":["Sword Boomerang","Consecrate","Lockon"],"picked":"SKIP","floor":7},{"not_picked":["Exhume","Underhanded Strike"],"picked":"Catalyst","floor":11},{"not_picked":["Consecrate","Barrage","FollowUp"],"picked":"SKIP","floor":13},{"not_picked":["JustLucky","Consecrate"],"picked":"Force Field","floor":14},{"not_picked":["Malaise","Burst"],"picked":"Wish","floor":16},{"not_picked":["Concentrate","Sucker Punch","Cloak And Dagger+1"],"picked":"SKIP","floor":18},{"not_picked":["CutThroughFate","Adaptation"],"picked":"Streamline+1","floor":19},{"not_picked":["Wireheading+1","Leap"],"picked":"Prostrate+1","floor":21},{"not_picked":["Rebound+1","Barrage"],"picked":"Nirvana","floor":22},{"not_picked":["Defragment+1","CarveReality"],"picked":"Genetic Algorithm+1","floor":24},{"not_picked":["CrushJoints","Fasting2","Cloak And Dagger"],"picked":"SKIP","floor":25},{"not_picked":["Burning Pact+1","Underhanded Strike"],"picked":"Judgement","floor":30},{"not_picked":["Corruption","DevaForm"],"picked":"LessonLearned","floor":33},{"not_picked":["Cleave","Steam+1","Outmaneuver+1"],"picked":"SKIP","floor":35},{"not_picked":["Pummel+1","Dark Embrace","Intimidate+1"],"picked":"SKIP","floor":37},{"not_picked":["Sucker Punch","CutThroughFate","PiercingWail"],"picked":"SKIP","floor":38},{"not_picked":["Double Energy","Sword Boomerang","Crescendo"],"picked":"SKIP","floor":39},{"not_picked":["Shockwave+1","Flex","Tactician+1"],"picked":"SKIP","floor":40},{"not_picked":["Steam+1","Dual Wield","Seeing Red"],"picked":"SKIP","floor":42},{"not_picked":["Thunderclap","Sword Boomerang+1","Die Die Die"],"picked":"SKIP","floor":44},{"not_picked":["White Noise+1","Go for the Eyes+1","Bane+1"],"picked":"SKIP","floor":45},{"not_picked":["Armaments","FlyingSleeves","Uppercut"],"picked":"SKIP","floor":47},{"not_picked":["Aggregate+1","Perfected Strike"],"picked":"Vault","floor":48}],"player_experience":120061,"relics_obtained":[{"floor":2,"key":"Potion Belt"},{"floor":7,"key":"White Beast Statue"},{"floor":9,"key":"HornCleat"},{"floor":11,"key":"Shovel"},{"floor":14,"key":"MealTicket"},{"floor":19,"key":"Red Mask"},{"floor":24,"key":"Tough Bandages"},{"floor":26,"key":"Gambling Chip"},{"floor":27,"key":"Nunchaku"},{"floor":29,"key":"CeramicFish"},{"floor":32,"key":"Eternal Feather"},{"floor":40,"key":"Du-Vu Doll"},{"floor":40,"key":"Juzu Bracelet"},{"floor":41,"key":"Oddly Smooth Stone"},{"floor":42,"key":"Blue Candle"},{"floor":42,"key":"Regal Pillow"},{"floor":43,"key":"Toy Ornithopter"},{"floor":48,"key":"Shuriken"},{"floor":48,"key":"Prayer Wheel"},{"floor":49,"key":"Calipers"}],"event_choices":[{"cards_removed":["Deadly Poison"],"damage_healed":0,"gold_gain":0,"player_choice":"Card Removal","damage_taken":7,"max_hp_gain":0,"max_hp_loss":0,"event_name":"Golden Wing","floor":10,"gold_loss":0},{"damage_healed":0,"gold_gain":0,"player_choice":"Forge","damage_taken":0,"max_hp_gain":0,"max_hp_loss":0,"event_name":"Accursed Blacksmith","floor":12,"gold_loss":0,"cards_upgraded":["Catalyst"]},{"damage_healed":0,"gold_gain":0,"player_choice":"Fought Bandits","damage_taken":0,"max_hp_gain":0,"max_hp_loss":0,"event_name":"Masked Bandits","floor":19,"gold_loss":0},{"cards_removed":["JustLucky"],"damage_healed":0,"gold_gain":0,"player_choice":"Upgrade and Remove","damage_taken":0,"max_hp_gain":0,"max_hp_loss":0,"event_name":"Designer","floor":31,"gold_loss":90,"cards_upgraded":["Panache"]}],"is_beta":false,"boss_relics":[{"not_picked":["Velvet Choker","Coffee Dripper"],"picked":"Runic Pyramid"},{"not_picked":["Tiny House","Ring of the Serpent"],"picked":"Black Star"}],"items_purged_floors":[20,36,46],"is_endless":false,"potions_floor_spawned":[3,7,11,13,14,16,18,19,21,22,24,25,30,33,35,37,38,39,40,42,44,45,47,48],"ascension_level":10}}