{"host":"0rxdudjy6rylha1k","time":1613596096,"event":{"mods":["Aspiration","BaseMod","Colored Map","Colored Powertips","Downfall","Highlight Path","Hubris","Minty Spire (QoL Compilation)","StSLib"],"gold_per_floor":[99,99,99,99,122,22,72,72,103,103,20,30,30,63,76,180,180,180,200,214,232,232,244,244,4,17,17,47,47,65,90,110,110,110,110],"floor_reached":33,"language":"ENG","playtime":2873,"items_purged":["Injury"],"score":366,"play_id":"ae5b8c98-ff67-4660-a505-24ac684480ba","local_time":"20210217140816","is_ascension_mode":true,"campfire_choices":[{"floor":1,"key":"RECALL"},{"data":"bronze:Goto","floor":6,"key":"SMITH"},{"data":"bronze:Optimize","floor":13,"key":"SMITH"},{"data":"bronze:Verify","floor":18,"key":"SMITH"},{"data":"Inflame","floor":27,"key":"SMITH"},{"floor":29,"key":"REST"}],"circlet_count":0,"master_deck":["bronze:Strike","bronze:Strike","bronze:Strike","bronze:Strike","bronze:Defend","bronze:Defend","bronze:Defend","bronze:Defend","bronze:Replicate","bronze:Goto+1","bronze:OilSpill","bronze:Frontload","bronze:FineTuning","bronze:Iterate+1","bronze:Optimize+1","bronze:ChildClass","bronze:ChosenStrike+1","bronze:Verify+1","bronze:Shield","Reaper+1","bronze:GetLatest","bronze:OilSpill+1","Inflame+1","Shockwave","bronze:Iterate+1","bronze:Flail+1"],"relics":["bronze:BronzeCore","downfall:HeartsMalice","hubris:OldNail","downfall:HeartBlessingRed","hubris:TenFootPole","Darkstone Periapt","Molten Egg 2","hubris:DisguiseKit","hubris:ScarierMask","Shuriken","Regal Pillow","Peace Pipe","Smiling Mask"],"acts_visited":["Exordium","TheCity"],"potions_floor_usage":[23,23,26,31,33,33],"damage_taken":[{"damage":0,"enemies":"2 Louse","floor":2,"turns":1},{"damage":0,"enemies":"Cultist","floor":4,"turns":1},{"damage":0,"enemies":"Gremlin Nob","floor":9,"turns":1},{"damage":0,"enemies":"downfall:FleeingMerchant","floor":11,"turns":4},{"damage":5,"enemies":"Small Slimes","floor":12,"turns":3},{"damage":5,"enemies":"3 Sentries","floor":14,"turns":8},{"damage":9,"enemies":"Blue Slaver","floor":15,"turns":3},{"damage":10,"enemies":"WA_ARCHETYPE_RETAIN","floor":16,"turns":4},{"damage":0,"enemies":"downfall:LooterAlt2","floor":19,"turns":1},{"damage":0,"enemies":"Chosen","floor":20,"turns":5},{"damage":14,"enemies":"Centurion and Healer","floor":21,"turns":4},{"damage":0,"enemies":"Cultist and Chosen","floor":23,"turns":3},{"damage":1,"enemies":"downfall:FleeingMerchant","floor":25,"turns":4},{"damage":16,"enemies":"Shelled Parasite and Fungi","floor":26,"turns":3},{"damage":4,"enemies":"Slavers","floor":28,"turns":3},{"damage":0,"enemies":"3 Cultists","floor":30,"turns":4},{"damage":32,"enemies":"Book of Stabbing","floor":31,"turns":5},{"damage":0,"enemies":"Centurion and Healer","floor":32,"turns":2},{"damage":86,"enemies":"IC_MUSHROOM_ARCHETYPE","floor":33,"turns":6}],"seed_played":"-4735990900450491619","potions_obtained":[{"floor":9,"key":"Ancient Potion"},{"floor":14,"key":"hexamod:SoulburnPotion"},{"floor":15,"key":"SteroidPotion"},{"floor":21,"key":"ColorlessPotion"},{"floor":23,"key":"Dexterity Potion"},{"floor":26,"key":"SmokeBomb"},{"floor":31,"key":"SpeedPotion"},{"floor":32,"key":"sneckomod:MuddlingPotion"}],"is_trial":false,"path_per_floor":["R","M","?","M","T","R","T","?","E","?","$","M","R","E","M","B",null,"R","M","M","M","?","M","T","$","M","R","E","R","M","E","M","B"],"character_chosen":"THE_AUTOMATON","items_purchased":["bronze:FineTuning","bronze:Iterate+1","Regal Pillow"],"campfire_rested":1,"item_purchase_floors":[11,11,25],"current_hp_per_floor":[70,70,70,70,70,70,70,70,70,76,76,71,71,66,57,47,76,76,76,76,62,62,62,62,67,51,51,47,76,76,54,54,0,0,0],"gold":110,"neow_bonus":"THREE_ENEMY_KILL","is_daily":false,"chose_seed":false,"campfire_upgraded":4,"win_rate":0.0,"timestamp":1613596096,"path_taken":["R","M","?","?","?","R","T","?","E","?","$","M","R","E","M","BOSS","R","M","M","M","?","M","T","$","M","R","E","R","M","E","M","BOSS"],"items_purchased_type":["Card","Card","Relic"],"build_version":"2020-12-22","purchased_purges":1,"victory":false,"max_hp_per_floor":[70,70,70,70,70,70,70,70,70,76,76,76,76,76,76,76,76,76,76,76,76,76,76,76,76,76,76,76,76,76,76,76,76,76,76],"card_choices":[{"not_picked":["bronze:BugBarrage","bronze:ForceShield"],"picked":"bronze:DarkDash","floor":2},{"not_picked":["bronze:Overheat","bronze:WildBeam","bronze:Deprecate"],"picked":"SKIP","floor":4},{"not_picked":["bronze:Invalidate","bronze:NullPointer"],"picked":"bronze:OilSpill","floor":9},{"not_picked":["bronze:Shield","bronze:Return"],"picked":"bronze:Frontload","floor":11},{"not_picked":["bronze:Turbo","bronze:WhirlingStrike+1"],"picked":"bronze:Optimize","floor":12},{"not_picked":["bronze:BronzeArmor","bronze:Turbo"],"picked":"bronze:ChildClass","floor":14},{"not_picked":["bronze:WildBeam+1","bronze:FineTuning","Infernal Blade"],"picked":"bronze:ChosenStrike+1","floor":15},{"not_picked":["bronze:Format","bronze:SpaghettiCode","Exhume"],"picked":"bronze:Verify","floor":16},{"not_picked":["bronze:Separator+1","bronze:WildBeam+1","Perfected Strike"],"picked":"bronze:Shield","floor":19},{"not_picked":["bronze:Separator+1","bronze:DelayedSlice+1","bronze:DigitalCarnage+1"],"picked":"Reaper","floor":20},{"not_picked":["bronze:Overload","bronze:BitShift","bronze:Repulsor","Flex"],"picked":"SKIP","floor":21},{"not_picked":["bronze:Optimize","bronze:NullPointer+1","Brutality"],"picked":"bronze:GetLatest","floor":23},{"not_picked":["bronze:CutThrough+1","bronze:Hardcode","Twin Strike"],"picked":"bronze:OilSpill+1","floor":25},{"not_picked":["bronze:Deprecate+1","bronze:Invalidate","bronze:Branch+1"],"picked":"Inflame","floor":26},{"not_picked":["bronze:DelayedGuard+1","bronze:OilSpill+1","bronze:Overload"],"picked":"Shockwave","floor":28},{"not_picked":["bronze:NullPointer+1","bronze:InfiniteBeams","Perfected Strike"],"picked":"bronze:Iterate+1","floor":30},{"not_picked":["bronze:Backtrace+1","bronze:DarkDash+1","bronze:Terminator+1","hubris:CleavingFinish"],"picked":"SKIP","floor":31},{"not_picked":["bronze:Overheat+1","bronze:BitShift","Iron Wave"],"picked":"bronze:Flail+1","floor":32}],"player_experience":2990607,"relics_obtained":[{"floor":5,"key":"hubris:OldNail"},{"floor":7,"key":"hubris:TenFootPole"},{"floor":9,"key":"Darkstone Periapt"},{"floor":14,"key":"hubris:DisguiseKit"},{"floor":28,"key":"Peace Pipe"},{"floor":31,"key":"Smiling Mask"}],"event_choices":[{"cards_removed":["bronze:DarkDash"],"damage_healed":0,"gold_gain":0,"player_choice":"Offered Uncommon","damage_taken":0,"max_hp_gain":0,"max_hp_loss":0,"event_name":"Bonfire Elementals","floor":3,"gold_loss":0}],"is_beta":false,"boss_relics":[{"not_picked":["hubris:VirtuousBlindfold","hubris:RunicObelisk"],"picked":"hubris:ScarierMask"}],"items_purged_floors":[25],"is_endless":false,"potions_floor_spawned":[9,14,15,16,21,23,26,31,32],"killed_by":"IC_MUSHROOM_ARCHETYPE","ascension_level":3}}