{"host":"xp5rvh2jwe2ejyfm","time":1613525850,"event":{"mods":["2.2 Compatiblity","Aspiration","BaseMod","Better Altar","Better Match","Better Note","Better Sensory Stone","Better Skull","BetterRewards","Colored Powertips","Conspire","Downfall","GifTheSpireLib","Gremlin Mod","GungeonMod","Hermit","Hubris","Jorbs\u0027s Wanderer Trilogy","Minty Spire (QoL Compilation)","Potionbrewer","Quick Restart","Replay The Spire","Robot Space Explorer","Shade Mod","Somnambulant","StSLib","The Bug Knight","The Clintock","The Construct","The Cursed","The Disciple","The Forsaken","The Hierophant","The Marked","The Necromancer","The Runesmith","The Servant 0.9.4","The Valiant","The Witch","TheFirefly","thorton"],"gold_per_floor":[119,134,134,149,149,192,217,238,238,238,257,272,272,295,295,419,419,439,103,124,143,163,163,18,18,42,42,56,81,81,81,81,209,209,225,238,238,238],"floor_reached":37,"language":"ENG","playtime":1313,"items_purged":[],"score":552,"play_id":"f5e9cdbd-b0b2-4c13-bd99-767b3bbc0d57","local_time":"20210216203730","is_ascension_mode":false,"campfire_choices":[{"floor":10,"key":"REST"},{"floor":13,"key":"REST"},{"floor":15,"key":"REST"},{"floor":23,"key":"REST"},{"floor":27,"key":"REST"},{"floor":30,"key":"REST"},{"floor":32,"key":"REST"}],"circlet_count":0,"master_deck":["theMarked:Strike","theMarked:Strike","theMarked:Strike","theMarked:Strike","theMarked:Strike","theMarked:Defend","theMarked:Defend","theMarked:Defend","theMarked:Defend","theMarked:SoldierOfQuellstein+1","theMarked:SwordAndMagic","theMarked:BanishingStrike","Injury","theMarked:AttractMetal","theMarked:StartUp","theMarked:EnhanceMovement","theMarked:ChainLightning","theMarked:GodGivenPower","theMarked:EmpowerWeapon","theMarked:ParalyzingBlade","theMarked:Defy","theMarked:ResourceFulStrike+1","theMarked:MysticalArsenal","theMarked:BanishingStrike","theMarked:ContemptForTheProud","Sadistic Nature","Bandage Up","ReplayTheSpireMod:Brewmster","theMarked:EmpowerWeapon","theMarked:ResourceFulStrike","theMarked:Memento+1","theMarked:ResourceFulStrike+1","theMarked:TakeCover","theMarked:FavorableWinds","theMarked:TheMission","theMarked:EmpowerWeapon+1"],"relics":["theMarked:ArtifactOfAir","Golden Idol","NlothsMask","Counterbalance","hubris:VirtuousBlindfold","ReplayTheSpireMod:ShopPack","Oddly Smooth Stone","conspire:SlowCooker","DemoMod:GlassGuonStoneRelic"],"acts_visited":["Exordium","TheCity","TheBeyond"],"potions_floor_usage":[14,16,16,16,21,22,22,28,29,33,33,33,33,35,36,37],"damage_taken":[{"damage":5,"enemies":"Small Slimes","floor":1,"turns":3},{"damage":11,"enemies":"Jaw Worm","floor":2,"turns":2},{"damage":0,"enemies":"Cultist","floor":4,"turns":3},{"damage":23,"enemies":"HollowMod:MossKnight","floor":6,"turns":10},{"damage":12,"enemies":"Exordium Thugs","floor":7,"turns":4},{"damage":9,"enemies":"2 Fungi Beasts","floor":8,"turns":3},{"damage":10,"enemies":"3 Louse","floor":11,"turns":2},{"damage":6,"enemies":"Blue Slaver","floor":12,"turns":3},{"damage":11,"enemies":"Large Slime","floor":14,"turns":2},{"damage":43,"enemies":"The Guardian","floor":16,"turns":9},{"damage":24,"enemies":"Spheric Guardian","floor":18,"turns":4},{"damage":34,"enemies":"Shelled Parasite and Fungi","floor":20,"turns":5},{"damage":14,"enemies":"3 Cultists","floor":21,"turns":5},{"damage":0,"enemies":"Snake Plant","floor":22,"turns":3},{"damage":17,"enemies":"Shelled Parasite and Fungi","floor":28,"turns":5},{"damage":25,"enemies":"Cultist and Chosen","floor":29,"turns":6},{"damage":46,"enemies":"Pondfish","floor":33,"turns":8},{"damage":26,"enemies":"Orb Walker","floor":35,"turns":5},{"damage":41,"enemies":"3 Darklings","floor":36,"turns":5},{"damage":22,"enemies":"Transient","floor":37,"turns":4}],"seed_played":"8981103913766181821","potions_obtained":[{"floor":6,"key":"DuplicationPotion"},{"floor":7,"key":"SteroidPotion"},{"floor":8,"key":"potionbrewer:ToxicPotion"},{"floor":14,"key":"Explosive Potion"},{"floor":20,"key":"SpeedPotion"},{"floor":22,"key":"DemoMod:LeadSkinPotion"}],"is_trial":false,"path_per_floor":["M","M","?","M","?","E","M","M","T","R","M","M","R","M","R","B",null,"M","$","M","M","M","R","$","?","T","R","M","M","R","?","R","B",null,"M","M","M"],"character_chosen":"THE_DEFAULT","items_purchased":["theMarked:MysticalArsenal","ReplayTheSpireMod:ShopPack","theMarked:BanishingStrike","theMarked:ContemptForTheProud","Oddly Smooth Stone"],"campfire_rested":7,"item_purchase_floors":[19,19,19,19,24],"current_hp_per_floor":[65,54,54,54,54,31,19,10,10,31,21,15,36,25,46,3,70,46,46,16,6,6,27,27,27,27,48,35,14,35,35,56,14,70,44,7,0,0],"gold":238,"neow_bonus":"RANDOM_EVENT","is_daily":false,"chose_seed":false,"campfire_upgraded":0,"win_rate":0.0,"timestamp":1613525850,"path_taken":["M","M","?","M","?","E","M","M","T","R","M","M","R","M","R","BOSS","M","$","M","M","?","R","$","?","T","R","M","M","R","?","R","BOSS","M","M","M"],"items_purchased_type":["Card","Relic","Card","Card","Relic"],"build_version":"2020-12-22","purchased_purges":0,"victory":false,"max_hp_per_floor":[70,70,70,70,70,70,70,70,70,70,70,70,70,70,70,70,70,70,70,70,70,70,70,70,70,70,70,70,70,70,70,70,70,70,70,70,70,70],"card_choices":[{"not_picked":["theMarked:TwofoldDefense","theMarked:ResourceFulStrike"],"picked":"theMarked:SwordAndMagic","floor":1},{"not_picked":["theMarked:Static","theMarked:Improvise"],"picked":"theMarked:BanishingStrike","floor":2},{"not_picked":["theMarked:TwofoldDefense","theMarked:Memento"],"picked":"theMarked:AttractMetal","floor":4},{"not_picked":["theMarked:BanishingStrike","theMarked:Generate"],"picked":"theMarked:StartUp","floor":6},{"not_picked":["theMarked:TunnelVision","theMarked:Panic"],"picked":"theMarked:EnhanceMovement","floor":7},{"not_picked":["theMarked:TakeCover","theMarked:BindingBlade"],"picked":"theMarked:ChainLightning","floor":8},{"not_picked":["theMarked:ResourceFulStrike","theMarked:ChainLightning"],"picked":"theMarked:GodGivenPower","floor":11},{"not_picked":["theMarked:Seal","theMarked:Memento"],"picked":"theMarked:EmpowerWeapon","floor":12},{"not_picked":["theMarked:RepellingDischarge","theMarked:MuscleMemory"],"picked":"theMarked:ParalyzingBlade","floor":14},{"not_picked":["theMarked:Abjuration","theMarked:TakeOffHeels"],"picked":"theMarked:Defy","floor":16},{"not_picked":["theMarked:Polarize","theMarked:BanishingStrike"],"picked":"theMarked:ResourceFulStrike+1","floor":18},{"not_picked":["hubris:EnhanceAbility","Panache"],"picked":"Sadistic Nature","floor":19},{"not_picked":["Replay:Sssssssssstrike","ReplayTheSpireMod:Trickstab"],"picked":"Bandage Up","floor":19},{"not_picked":["Purity","Replay:Parry"],"picked":"ReplayTheSpireMod:Brewmster","floor":19},{"not_picked":["theMarked:RepellingDischarge","theMarked:Electrify+1"],"picked":"theMarked:EmpowerWeapon","floor":20},{"not_picked":["theMarked:Electrify+1","theMarked:Memento"],"picked":"theMarked:ResourceFulStrike","floor":21},{"not_picked":["theMarked:Frustration+1","theMarked:Improvise"],"picked":"theMarked:Memento+1","floor":22},{"not_picked":["theMarked:SwordAndMagic","theMarked:TwofoldDefense"],"picked":"theMarked:ResourceFulStrike+1","floor":28},{"not_picked":["theMarked:RepellingDischarge","theMarked:Improvise"],"picked":"theMarked:TakeCover","floor":29},{"not_picked":["theMarked:Snap","theMarked:BiggerThanFate"],"picked":"theMarked:FavorableWinds","floor":33},{"not_picked":["theMarked:TakeCover+1","theMarked:Parkour+1"],"picked":"theMarked:TheMission","floor":35},{"not_picked":["theMarked:WardOff+1","theMarked:SwordAndMagic"],"picked":"theMarked:EmpowerWeapon+1","floor":36}],"player_experience":519688,"relics_obtained":[{"floor":6,"key":"Counterbalance"}],"event_choices":[{"damage_healed":0,"gold_gain":0,"player_choice":"Take Wound","damage_taken":0,"relics_obtained":["Golden Idol"],"max_hp_gain":0,"max_hp_loss":0,"event_name":"Golden Idol","floor":3,"gold_loss":0,"cards_obtained":["Injury"]},{"damage_healed":0,"gold_gain":0,"player_choice":"Trade","damage_taken":0,"relics_obtained":["NlothsMask"],"max_hp_gain":0,"max_hp_loss":0,"event_name":"FaceTrader","floor":5,"gold_loss":0},{"damage_healed":0,"gold_gain":0,"player_choice":"Ignored","damage_taken":0,"max_hp_gain":0,"max_hp_loss":0,"event_name":"betterNote:BetterNote","floor":25,"gold_loss":0,"cards_obtained":["hermit:Headshot"]}],"is_beta":false,"boss_relics":[{"not_picked":["bronze:MakeshiftBattery","Cursed Key"],"picked":"hubris:VirtuousBlindfold"},{"not_picked":["hubris:HollowSoul","Runic Pyramid"],"picked":"conspire:SlowCooker"}],"items_purged_floors":[],"is_endless":false,"potions_floor_spawned":[6,7,8,14,20,21,22,35],"killed_by":"Transient","ascension_level":0}}