{"host":"znvnxllcillb3rtw","time":1613572505,"event":{"mods":["BaseMod","DeckTracker","Minty Spire (QoL Compilation)","Relic Stats","StSLib","SuperFastMode","everything is the same but u backflip on backflip"],"gold_per_floor":[115,129,129,129,54,54,54,81,81,81,93,112,112,122,122,196,196,209,209,287,287,287],"floor_reached":21,"language":"KOR","playtime":395,"items_purged":["Regret"],"score":404,"play_id":"57b3f6f6-5a7f-4142-aafa-3849592be19c","local_time":"20210217233505","is_ascension_mode":true,"campfire_choices":[{"data":"Zap","floor":6,"key":"SMITH"},{"data":"Thunder Strike","floor":10,"key":"SMITH"},{"data":"Loop","floor":13,"key":"SMITH"},{"data":"Capacitor","floor":15,"key":"SMITH"}],"circlet_count":0,"master_deck":["AscendersBane","Strike_B","Strike_B","Strike_B","Strike_B","Defend_B","Defend_B","Defend_B","Defend_B","Zap+1","Dualcast","Cold Snap","Gash","Thunder Strike+1","Loop+1","Capacitor+1","Rebound","Electrodynamics"],"relics":["Cracked Core","NeowsBlessing","Tiny Chest","Ancient Tea Set","Singing Bowl","SacredBark","Matryoshka"],"acts_visited":["Exordium","TheCity"],"potions_floor_usage":[16,21],"damage_taken":[{"damage":0,"enemies":"Jaw Worm","floor":1,"turns":1},{"damage":0,"enemies":"2 Louse","floor":2,"turns":1},{"damage":0,"enemies":"Lagavulin","floor":8,"turns":1},{"damage":0,"enemies":"Cultist","floor":11,"turns":3},{"damage":12,"enemies":"Looter","floor":12,"turns":3},{"damage":6,"enemies":"Blue Slaver","floor":14,"turns":3},{"damage":31,"enemies":"Slime Boss","floor":16,"turns":5},{"damage":55,"enemies":"Shell Parasite","floor":18,"turns":8},{"damage":6,"enemies":"Spheric Guardian","floor":21,"turns":2}],"seed_played":"6408828986064512564","potions_obtained":[{"floor":2,"key":"PowerPotion"},{"floor":4,"key":"DuplicationPotion"},{"floor":12,"key":"EssenceOfDarkness"},{"floor":18,"key":"EssenceOfDarkness"}],"is_trial":false,"path_per_floor":["M","M","?","?","$","R","$","E","T","R","M","M","R","M","R","B",null,"M","?","T","M"],"character_chosen":"DEFECT","items_purchased":[],"campfire_rested":0,"item_purchase_floors":[],"current_hp_per_floor":[64,64,64,64,64,64,64,64,64,64,64,52,52,46,46,15,57,4,4,4,0,0],"gold":287,"neow_bonus":"THREE_ENEMY_KILL","is_daily":false,"chose_seed":false,"campfire_upgraded":4,"win_rate":0.0,"timestamp":1613572505,"path_taken":["M","M","?","?","$","R","$","E","T","R","?","M","R","M","R","BOSS","M","?","?","?"],"items_purchased_type":[],"build_version":"2020-12-22","purchased_purges":1,"victory":false,"max_hp_per_floor":[71,71,71,71,71,71,71,71,71,71,71,71,71,71,71,71,71,73,73,73,73,73],"relic_stats":{"Singing Bowl":2,"counters":[9,27],"Tiny Chest":1,"obtain_stats":[{"Matryoshka":20,"NeowsBlessing":0,"Singing Bowl":9,"SacredBark":17,"Tiny Chest":3,"Cracked Core":0,"Ancient Tea Set":8},{"Matryoshka":8,"NeowsBlessing":0,"Singing Bowl":3,"SacredBark":7,"Tiny Chest":2,"Cracked Core":0,"Ancient Tea Set":3},{"Matryoshka":25,"NeowsBlessing":0,"Singing Bowl":3,"SacredBark":17,"Tiny Chest":2,"Cracked Core":0,"Ancient Tea Set":3}]},"card_choices":[{"not_picked":["Steam Power","Coolheaded"],"picked":"Cold Snap","floor":1},{"not_picked":["Coolheaded","Cold Snap"],"picked":"Gash","floor":2},{"not_picked":["Conserve Battery","Stack"],"picked":"Thunder Strike","floor":8},{"not_picked":["Melter","Beam Cell"],"picked":"Loop","floor":11},{"not_picked":["Loop","Conserve Battery"],"picked":"Capacitor","floor":12},{"not_picked":["Stack","Hologram"],"picked":"Rebound","floor":14},{"not_picked":["Reboot","Machine Learning"],"picked":"Electrodynamics","floor":16},{"not_picked":["Compile Driver","Skim","Beam Cell"],"picked":"Singing Bowl","floor":18}],"player_experience":2912159,"relics_obtained":[{"floor":8,"key":"Ancient Tea Set"},{"floor":9,"key":"Singing Bowl"},{"floor":20,"key":"Matryoshka"}],"event_choices":[{"damage_healed":0,"gold_gain":0,"player_choice":"Box","damage_taken":0,"relics_obtained":["Tiny Chest"],"max_hp_gain":0,"max_hp_loss":0,"event_name":"Big Fish","floor":3,"gold_loss":0,"cards_obtained":["Regret"]},{"damage_healed":0,"gold_gain":0,"player_choice":"Got Potions","damage_taken":0,"max_hp_gain":0,"max_hp_loss":0,"event_name":"Lab","floor":4,"gold_loss":0},{"damage_healed":0,"gold_gain":0,"player_choice":"Ignored","damage_taken":0,"max_hp_gain":0,"max_hp_loss":0,"event_name":"Cursed Tome","floor":19,"gold_loss":0}],"is_beta":false,"boss_relics":[{"not_picked":["Philosopher\u0027s Stone","Runic Pyramid"],"picked":"SacredBark"}],"items_purged_floors":[5],"is_endless":false,"potions_floor_spawned":[2,12,18],"killed_by":"Spheric Guardian","ascension_level":20}}