{"host":"f76wcztdlwlduum6","time":1613544100,"event":{"mods":["BaseMod","BetterRewards","Colored Powertips","Minty Spire (QoL Compilation)","Quick Restart","Rare Cards Sparkle","Relic Stats","StSLib","SuperFastMode","everything is the same but u backflip on backflip"],"gold_per_floor":[116,116,135,135,154,185,231,270,270,288,213,232,232,265,265,364,364,383,396,446,21,45,45,81,94,94,22,61,61,61,90,90,163,163,180,180,197,217,93,127,127,161,161,179,191,191,191,225,225,225,225,225,225,28,53,53],"floor_reached":57,"language":"ENG","playtime":2311,"items_purged":["Dualcast","Streamline","Hyperbeam","Sweeping Beam","BootSequence"],"score":4386,"play_id":"85d9ca5d-bfc9-4664-9d7c-5c1bdc2b7654","local_time":"20210217004140","is_ascension_mode":true,"campfire_choices":[{"data":"Loop","floor":15,"key":"SMITH"},{"data":"Conserve Battery","floor":23,"key":"SMITH"},{"data":"Coolheaded","floor":30,"key":"SMITH"},{"floor":32,"key":"RECALL"},{"floor":41,"key":"REST"},{"floor":49,"key":"REST"},{"floor":53,"key":"REST"}],"circlet_count":0,"master_deck":["AscendersBane","Rainbow+1","Reinforced Body+1","Buffer+1","Loop+1","Defragment+1","Defragment+1","Finesse","Coolheaded+1","Conserve Battery+1","Creative AI+1","Consume+1","Reinforced Body+1","Defragment+1","Defragment+1","Self Repair+1","Hologram+1","Loop+1","Hologram+1","Electrodynamics+1","Heatsinks+1","Glacier+1","Loop+1","Reinforced Body+1","Finesse+1","Double Energy+1","Echo Form+1","Coolheaded+1","Loop+1","Self Repair+1","Machine Learning+1","Conserve Battery+1","Self Repair+1","Static Discharge+1"],"relics":["Pandora\u0027s Box","Frozen Egg 2","Chemical X","Cables","War Paint","Bloody Idol","Mummified Hand","Akabeko","CaptainsWheel","The Courier","Toxic Egg 2","Philosopher\u0027s Stone","Runic Capacitor","Orrery","Nunchaku","Matryoshka","Boot","Smiling Mask","Fusion Hammer","Inserter","Ancient Tea Set","Inserter","Omamori","Whetstone","Lantern","Anchor","Blue Candle"],"acts_visited":["Exordium","TheCity","TheBeyond","TheEnding"],"potions_floor_usage":[55,56],"damage_taken":[{"damage":4,"enemies":"2 Louse","floor":1,"turns":2},{"damage":2,"enemies":"Jaw Worm","floor":3,"turns":2},{"damage":0,"enemies":"Cultist","floor":5,"turns":2},{"damage":0,"enemies":"Lagavulin","floor":6,"turns":6},{"damage":10,"enemies":"3 Sentries","floor":8,"turns":3},{"damage":0,"enemies":"Blue Slaver","floor":10,"turns":2},{"damage":0,"enemies":"Exordium Thugs","floor":12,"turns":2},{"damage":0,"enemies":"Gremlin Nob","floor":14,"turns":4},{"damage":0,"enemies":"The Guardian","floor":16,"turns":6},{"damage":0,"enemies":"Chosen","floor":18,"turns":2},{"damage":0,"enemies":"Spheric Guardian","floor":19,"turns":2},{"damage":0,"enemies":"Centurion and Healer","floor":22,"turns":2},{"damage":0,"enemies":"Gremlin Leader","floor":24,"turns":3},{"damage":0,"enemies":"Cultist and Chosen","floor":25,"turns":2},{"damage":0,"enemies":"Slavers","floor":28,"turns":2},{"damage":14,"enemies":"Book of Stabbing","floor":31,"turns":4},{"damage":0,"enemies":"Champ","floor":33,"turns":10},{"damage":0,"enemies":"3 Shapes","floor":35,"turns":4},{"damage":0,"enemies":"3 Darklings","floor":37,"turns":4},{"damage":14,"enemies":"Transient","floor":38,"turns":6},{"damage":0,"enemies":"Reptomancer","floor":40,"turns":4},{"damage":0,"enemies":"Giant Head","floor":42,"turns":6},{"damage":19,"enemies":"Sphere and 2 Shapes","floor":44,"turns":2},{"damage":8,"enemies":"Writhing Mass","floor":45,"turns":4},{"damage":0,"enemies":"Nemesis","floor":48,"turns":3},{"damage":38,"enemies":"Awakened One","floor":50,"turns":6},{"damage":0,"enemies":"Donu and Deca","floor":51,"turns":12},{"damage":0,"enemies":"Shield and Spear","floor":55,"turns":5},{"damage":29,"enemies":"The Heart","floor":56,"turns":8}],"seed_played":"-7004525371171520337","potions_obtained":[{"floor":3,"key":"LiquidBronze"},{"floor":6,"key":"SteroidPotion"},{"floor":16,"key":"Swift Potion"},{"floor":28,"key":"Ancient Potion"}],"is_trial":false,"path_per_floor":["M","?","M","?","M","E","T","E","T","M","?","M","?","E","R","B",null,"M","M","?","$","M","R","E","M","T","$","E","?","R","E","R","B",null,"M","?","M","M","$","E","R","E","T","M","M","?","T","E","R","B","B",null,"R","$","E","B",null],"character_chosen":"DEFECT","items_purchased":["Defragment","Defragment+1","Chemical X","Finesse","Storm+1","Flash of Steel","Cables","Defragment+1","Defragment+1","Self Repair+1","Orrery","Finesse+1","Loop+1","Self Repair+1","Anchor","Self Repair+1"],"campfire_rested":3,"item_purchase_floors":[0,0,0,0,0,0,0,21,21,21,21,27,39,39,54,54],"current_hp_per_floor":[60,25,23,23,23,23,23,13,13,13,13,13,13,13,13,13,51,51,51,51,51,61,61,64,64,64,64,64,64,64,64,64,64,64,64,61,61,61,61,61,61,61,61,57,61,61,61,61,61,53,61,61,61,61,61,61],"gold":53,"neow_bonus":"","is_daily":false,"chose_seed":false,"campfire_upgraded":3,"win_rate":0.0,"timestamp":1613544100,"path_taken":["M","?","M","?","M","E","?","E","T","M","?","?","?","E","R","BOSS","M","?","?","$","M","R","E","M","T","?","E","?","R","E","R","BOSS","M","?","M","M","$","E","R","E","T","M","M","?","?","E","R","BOSS","BOSS","R","$","E","BOSS"],"items_purchased_type":["Card","Card","Relic","Card","Card","Card","Relic","Card","Card","Card","Relic","Card","Card","Card","Relic","Card"],"build_version":"2020-12-22","purchased_purges":5,"victory":true,"max_hp_per_floor":[71,71,71,64,64,64,64,64,64,64,64,64,64,64,64,64,64,64,64,64,64,64,64,64,64,64,64,64,64,64,64,64,64,64,64,61,61,61,61,61,61,61,61,61,61,61,61,61,61,61,61,61,61,61,61,61],"relic_stats":{"Inserter":[38],"counters":[81,423],"Blue Candle":[0],"Whetstone":[],"War Paint":["Rainbow","Reinforced Body"],"Boot":[15],"Smiling Mask":0,"Cables":[98,52,36,10,0],"Nunchaku":[2],"Mummified Hand":[418],"Bloody Idol":13,"Pandora\u0027s Box":["BootSequence","Hyperbeam","Sweeping Beam","Rainbow","Streamline","Reinforced Body","Buffer","Loop"],"Chemical X":[180],"obtain_stats":[{"Ice Cream":20,"Mark of the Bloom":38,"Tiny House":17,"Runic Capacitor":0,"Whetstone":47,"Sling":45,"Boot":28,"HornCleat":26,"Sundial":43,"DollysMirror":54,"Philosopher\u0027s Stone":34,"Fusion Hammer":34,"Kunai":42,"Toxic Egg 2":14,"Happy Flower":25,"Blue Candle":6,"Oddly Smooth Stone":36,"Eternal Feather":2,"Pen Nib":44,"War Paint":0,"Akabeko":7,"Cables":9,"Du-Vu Doll":21,"Pandora\u0027s Box":0,"Lantern":48,"Juzu Bracelet":10,"Empty Cage":17,"Smiling Mask":31,"Ancient Tea Set":40,"ClockworkSouvenir":0,"Nunchaku":24,"Matryoshka":23,"Mummified Hand":6,"Tiny Chest":23,"Chemical X":0,"Cracked Core":0,"Inserter":38,"NeowsBlessing":0,"Golden Idol":3,"The Courier":14,"Omamori":0,"Odd Mushroom":13,"Frozen Egg 2":0,"White Beast Statue":25,"Mercury Hourglass":6,"CaptainsWheel":38,"DataDisk":0,"Anchor":54,"Ornamental Fan":42,"Bloody Idol":29,"Orrery":21,"Art of War":9,"Coffee Dripper":34,"Membership Card":0,"FossilizedHelix":39,"Toy Ornithopter":26},{"Ice Cream":34,"Mark of the Bloom":43,"Tiny House":6,"Runic Capacitor":22,"Whetstone":19,"Sling":18,"Boot":67,"HornCleat":10,"Sundial":46,"DollysMirror":51,"Philosopher\u0027s Stone":13,"Fusion Hammer":69,"Kunai":17,"Toxic Egg 2":60,"Happy Flower":37,"Blue Candle":3,"Oddly Smooth Stone":14,"Eternal Feather":1,"Pen Nib":47,"War Paint":22,"Akabeko":56,"Cables":3,"Du-Vu Doll":34,"Pandora\u0027s Box":52,"Lantern":77,"Juzu Bracelet":27,"Empty Cage":32,"Smiling Mask":68,"Ancient Tea Set":73,"ClockworkSouvenir":22,"Nunchaku":65,"Matryoshka":35,"Mummified Hand":56,"Tiny Chest":9,"Chemical X":22,"Cracked Core":0,"Inserter":72,"NeowsBlessing":0,"Golden Idol":24,"The Courier":5,"Omamori":22,"Odd Mushroom":4,"Frozen Egg 2":22,"White Beast Statue":10,"Mercury Hourglass":26,"CaptainsWheel":15,"DataDisk":22,"Anchor":51,"Ornamental Fan":46,"Bloody Idol":67,"Orrery":63,"Art of War":26,"Coffee Dripper":42,"Membership Card":22,"FossilizedHelix":16,"Toy Ornithopter":37},{"Ice Cream":167,"Mark of the Bloom":246,"Tiny House":24,"Runic Capacitor":109,"Whetstone":87,"Sling":82,"Boot":346,"HornCleat":43,"Sundial":264,"DollysMirror":303,"Philosopher\u0027s Stone":63,"Fusion Hammer":360,"Kunai":77,"Toxic Egg 2":328,"Happy Flower":205,"Blue Candle":3,"Oddly Smooth Stone":66,"Eternal Feather":1,"Pen Nib":273,"War Paint":109,"Akabeko":317,"Cables":3,"Du-Vu Doll":180,"Pandora\u0027s Box":305,"Lantern":393,"Juzu Bracelet":126,"Empty Cage":155,"Smiling Mask":350,"Ancient Tea Set":378,"ClockworkSouvenir":109,"Nunchaku":343,"Matryoshka":190,"Mummified Hand":317,"Tiny Chest":39,"Chemical X":109,"Cracked Core":0,"Inserter":374,"NeowsBlessing":0,"Golden Idol":115,"The Courier":16,"Omamori":109,"Odd Mushroom":8,"Frozen Egg 2":109,"White Beast Statue":43,"Mercury Hourglass":121,"CaptainsWheel":69,"DataDisk":109,"Anchor":303,"Ornamental Fan":264,"Bloody Idol":346,"Orrery":338,"Art of War":121,"Coffee Dripper":243,"Membership Card":109,"FossilizedHelix":74,"Toy Ornithopter":205}]},"card_choices":[{"not_picked":["Gash","Streamline","Barrage"],"picked":"SKIP","floor":1},{"not_picked":["Reprogram","Melter"],"picked":"Coolheaded","floor":3},{"not_picked":["BootSequence","Leap"],"picked":"Conserve Battery","floor":5},{"not_picked":["Steam","Rebound","Beam Cell"],"picked":"SKIP","floor":6},{"not_picked":["Beam Cell","Ball Lightning","Auto Shields"],"picked":"SKIP","floor":8},{"not_picked":["Steam","Genetic Algorithm","Sweeping Beam"],"picked":"SKIP","floor":10},{"not_picked":["Sweeping Beam","Hologram","Hello World+1"],"picked":"SKIP","floor":12},{"not_picked":["Steam Power+1","Go for the Eyes"],"picked":"Storm+1","floor":14},{"not_picked":["Electrodynamics+1","Fission+1"],"picked":"Creative AI+1","floor":16},{"not_picked":["Blizzard","Barrage+1"],"picked":"Consume+1","floor":18},{"not_picked":["Stack+1","Reprogram+1"],"picked":"Reinforced Body+1","floor":19},{"not_picked":["Sweeping Beam","Auto Shields+1"],"picked":"Hologram+1","floor":21},{"not_picked":["Self Repair+1","Force Field+1"],"picked":"Loop+1","floor":21},{"not_picked":["Compile Driver","Streamline"],"picked":"Hologram+1","floor":21},{"not_picked":["Turbo+1","Compile Driver"],"picked":"Electrodynamics+1","floor":21},{"not_picked":["Steam Power+1","FTL"],"picked":"Heatsinks+1","floor":21},{"not_picked":["Cold Snap+1","Streamline","Compile Driver"],"picked":"SKIP","floor":22},{"not_picked":["FTL","Chaos+1"],"picked":"Loop+1","floor":24},{"not_picked":["Gash","Redo+1"],"picked":"Reinforced Body+1","floor":25},{"not_picked":["Melter+1","Ball Lightning"],"picked":"Double Energy+1","floor":28},{"not_picked":["Stack+1","Redo+1","Go for the Eyes"],"picked":"SKIP","floor":31},{"not_picked":["Rainbow+1","Reboot+1"],"picked":"Echo Form+1","floor":33},{"not_picked":["Hologram+1","Auto Shields+1","Scrape"],"picked":"SKIP","floor":35},{"not_picked":["Beam Cell","Go for the Eyes+1"],"picked":"Coolheaded+1","floor":37},{"not_picked":["Stack+1","Cold Snap","Undo+1"],"picked":"SKIP","floor":38},{"not_picked":["Coolheaded+1","Stack+1"],"picked":"Machine Learning+1","floor":40},{"not_picked":["Beam Cell","Cold Snap","Chill+1"],"picked":"SKIP","floor":42},{"not_picked":["Gash","Force Field+1","Barrage"],"picked":"SKIP","floor":44},{"not_picked":["Storm+1","Sweeping Beam"],"picked":"Conserve Battery+1","floor":45},{"not_picked":["Steam Power+1","Streamline","Reinforced Body+1"],"picked":"SKIP","floor":48},{"not_picked":["Double Energy+1","Turbo+1"],"picked":"Static Discharge+1","floor":55}],"player_experience":345550,"relics_obtained":[{"floor":6,"key":"Mummified Hand"},{"floor":7,"key":"Akabeko"},{"floor":8,"key":"CaptainsWheel"},{"floor":9,"key":"The Courier"},{"floor":14,"key":"Toxic Egg 2"},{"floor":24,"key":"Nunchaku"},{"floor":26,"key":"Matryoshka"},{"floor":28,"key":"Boot"},{"floor":31,"key":"Smiling Mask"},{"floor":40,"key":"Ancient Tea Set"},{"floor":47,"key":"Omamori"},{"floor":47,"key":"Whetstone"},{"floor":48,"key":"Lantern"},{"floor":55,"key":"Blue Candle"}],"event_choices":[{"damage_healed":0,"gold_gain":0,"player_choice":"Success","damage_taken":35,"relics_obtained":["War Paint"],"max_hp_gain":0,"max_hp_loss":0,"event_name":"Scrap Ooze","floor":2,"gold_loss":0},{"damage_healed":0,"gold_gain":0,"player_choice":"Lose Max HP","damage_taken":0,"relics_obtained":["Golden Idol"],"max_hp_gain":0,"max_hp_loss":7,"event_name":"Golden Idol","floor":4,"gold_loss":0},{"cards_removed":["Zap"],"damage_healed":0,"gold_gain":0,"player_choice":"Card Removal","damage_taken":0,"max_hp_gain":0,"max_hp_loss":0,"event_name":"The Cleric","floor":11,"gold_loss":75},{"damage_healed":0,"gold_gain":0,"player_choice":"Forge","damage_taken":0,"max_hp_gain":0,"max_hp_loss":0,"event_name":"Accursed Blacksmith","floor":13,"gold_loss":0,"cards_upgraded":["Buffer"]},{"damage_healed":0,"gold_gain":50,"player_choice":"Stole From Cult","damage_taken":0,"max_hp_gain":0,"max_hp_loss":0,"event_name":"Nest","floor":20,"gold_loss":0},{"damage_healed":0,"gold_gain":0,"player_choice":"Gave Idol","damage_taken":0,"relics_obtained":["Bloody Idol"],"max_hp_gain":0,"max_hp_loss":0,"event_name":"Forgotten Altar","floor":29,"relics_lost":["Golden Idol"],"gold_loss":0},{"damage_healed":0,"gold_gain":0,"player_choice":"Max HP","damage_taken":0,"max_hp_gain":0,"max_hp_loss":3,"event_name":"Winding Halls","floor":36,"gold_loss":0},{"cards_removed":["Flash of Steel"],"damage_healed":0,"gold_gain":0,"player_choice":"Removed Attack","damage_taken":0,"max_hp_gain":0,"max_hp_loss":0,"event_name":"Falling","floor":46,"gold_loss":0}],"is_beta":false,"boss_relics":[{"not_picked":["Tiny House","Busted Crown"],"picked":"Philosopher\u0027s Stone"},{"not_picked":["Pandora\u0027s Box","Calling Bell"],"picked":"Fusion Hammer"}],"items_purged_floors":[0,0,0,21,27],"is_endless":false,"potions_floor_spawned":[3,6,16,24,28,33,37,44,45,48],"ascension_level":20}}