{"host":"ul3z8ex5o8l5j7mh","time":1613583138,"event":{"mods":["AchievementEnabler","BaseMod","Bestiary","Colored Map","Colored Powertips","DeckTracker","Keyboard Shortcuts","Minty Spire (QoL Compilation)","Relic Sorter","Relic Stats","SuperFastMode"],"gold_per_floor":[99,99,49,49,49,49,49,49,49,49,49,49,49,49,49,49,49,4,4,4,4,4,4,4,4,4,4],"floor_reached":26,"language":"ENG","playtime":911,"items_purged":[],"score":275,"play_id":"67219bb5-800c-4e8d-ab95-55889708e583","local_time":"20210217183218","is_ascension_mode":true,"campfire_choices":[{"floor":11.0,"key":"DIG"},{"floor":13.0,"key":"DIG"},{"floor":15.0,"key":"REST"},{"floor":23.0,"key":"REST"}],"circlet_count":0,"master_deck":["Strike_R","Strike_R","Strike_R","Strike_R","Defend_R","Defend_R","Bash","Cleave","Infernal Blade","Searing Blow","Offering","Flex","Feed","Rampage","Bloodletting+1","Carnage+1","Flex"],"relics":["Ectoplasm","Shovel","Ornamental Fan","Shuriken","Turnip","CaptainsWheel","Cursed Key"],"acts_visited":["Exordium","TheCity"],"potions_floor_usage":[],"damage_taken":[{"damage":0.0,"enemies":"Small Slimes","floor":1.0,"turns":3.0},{"damage":8.0,"enemies":"2 Louse","floor":5.0,"turns":2.0},{"damage":16.0,"enemies":"Gremlin Nob","floor":6.0,"turns":4.0},{"damage":0.0,"enemies":"Cultist","floor":7.0,"turns":2.0},{"damage":20.0,"enemies":"3 Sentries","floor":8.0,"turns":6.0},{"damage":21.0,"enemies":"3 Louse","floor":10.0,"turns":2.0},{"damage":11.0,"enemies":"Slime Boss","floor":16.0,"turns":6.0},{"damage":21.0,"enemies":"2 Thieves","floor":18.0,"turns":3.0},{"damage":7.0,"enemies":"Chosen","floor":19.0,"turns":2.0},{"damage":16.0,"enemies":"3 Cultists","floor":21.0,"turns":4.0},{"damage":35.0,"enemies":"Cultist and Chosen","floor":22.0,"turns":5.0},{"damage":11.0,"enemies":"Centurion and Healer","floor":24.0,"turns":4.0},{"damage":21.0,"enemies":"Snake Plant","floor":25.0,"turns":4.0}],"seed_played":"-1822988262356271184","potions_obtained":[{"floor":1.0,"key":"EntropicBrew"},{"floor":7.0,"key":"SpeedPotion"},{"floor":8.0,"key":"FairyPotion"},{"floor":18.0,"key":"Dexterity Potion"},{"floor":22.0,"key":"HeartOfIron"},{"floor":24.0,"key":"LiquidBronze"}],"is_trial":false,"path_per_floor":["M","?","?","?","M","E","M","E","T","M","R","$","R","?","R","B",null,"M","M","?","M","M","R","M","M","T"],"character_chosen":"IRONCLAD","items_purchased":[],"campfire_rested":2,"item_purchase_floors":[],"current_hp_per_floor":[80,73,73,78,70,59,59,39,39,18,18,18,18,18,42,31,68,50,46,46,30,25,50,42,21,21,21],"gold":4,"neow_bonus":"BOSS_RELIC","is_daily":false,"chose_seed":false,"campfire_upgraded":0,"win_rate":0.0,"timestamp":1613583138,"path_taken":["M","?","?","?","M","E","M","E","T","?","R","$","R","?","R","BOSS","M","M","?","M","?","R","M","M","T"],"items_purchased_type":[],"build_version":"2020-12-22","purchased_purges":0,"victory":false,"max_hp_per_floor":[80,80,80,80,80,80,80,80,80,80,80,80,80,80,80,80,80,83,86,86,86,86,86,89,89,89,89],"relic_stats":{"Shovel":2,"counters":[13,47],"Ornamental Fan":[80],"Shuriken":[20],"Ectoplasm":362,"Turnip":[8],"Cursed Key":0,"obtain_stats":[{"CaptainsWheel":13,"Shovel":6,"Ornamental Fan":8,"Shuriken":9,"Ectoplasm":0,"Turnip":11,"Cursed Key":17,"Burning Blood":0},{"CaptainsWheel":6,"Shovel":3,"Ornamental Fan":5,"Shuriken":5,"Ectoplasm":0,"Turnip":6,"Cursed Key":7,"Burning Blood":0},{"CaptainsWheel":19,"Shovel":9,"Ornamental Fan":17,"Shuriken":17,"Ectoplasm":0,"Turnip":19,"Cursed Key":25,"Burning Blood":0}]},"card_choices":[{"not_picked":["Headbutt","Bloodletting"],"picked":"Clash","floor":1.0},{"not_picked":["Combust","Disarm"],"picked":"Cleave","floor":5.0},{"not_picked":["Pommel Strike","Sever Soul"],"picked":"Infernal Blade","floor":6.0},{"not_picked":["True Grit","Armaments"],"picked":"Searing Blow","floor":7.0},{"not_picked":["Burning Pact","Clash"],"picked":"Offering","floor":8.0},{"not_picked":["Inflame","Sword Boomerang"],"picked":"Flex","floor":10.0},{"not_picked":["Exhume","Immolate"],"picked":"Feed","floor":16.0},{"not_picked":["Headbutt+1","Wild Strike"],"picked":"Rampage","floor":18.0},{"not_picked":["Clash","Perfected Strike"],"picked":"Bloodletting+1","floor":19.0},{"not_picked":["Whirlwind","Wild Strike+1"],"picked":"Carnage+1","floor":21.0},{"not_picked":["Warcry","Perfected Strike","Havoc"],"picked":"SKIP","floor":22.0},{"not_picked":["Intimidate","Thunderclap"],"picked":"Flex","floor":24.0},{"not_picked":["Clothesline","Wild Strike+1","Twin Strike"],"picked":"SKIP","floor":25.0}],"player_experience":391912,"relics_obtained":[{"floor":6.0,"key":"Shovel"},{"floor":8.0,"key":"Ornamental Fan"},{"floor":9.0,"key":"Shuriken"},{"floor":11.0,"key":"Turnip"},{"floor":13.0,"key":"CaptainsWheel"}],"event_choices":[{"cards_removed":["Defend_R"],"damage_healed":0.0,"max_hp_gain":0.0,"max_hp_loss":0.0,"gold_gain":0.0,"event_name":"Golden Wing","player_choice":"Card Removal","floor":2.0,"gold_loss":0.0,"damage_taken":7.0},{"cards_removed":["Defend_R"],"damage_healed":0.0,"max_hp_gain":0.0,"max_hp_loss":0.0,"gold_gain":0.0,"event_name":"The Cleric","player_choice":"Card Removal","floor":3.0,"gold_loss":50.0,"damage_taken":0.0},{"cards_removed":["Clash"],"damage_healed":5.0,"max_hp_gain":0.0,"max_hp_loss":0.0,"gold_gain":0.0,"event_name":"Bonfire Elementals","player_choice":"Offered Common","floor":4.0,"gold_loss":0.0,"damage_taken":0.0},{"cards_removed":["Clash"],"damage_healed":5.0,"max_hp_gain":0.0,"max_hp_loss":0.0,"gold_gain":0.0,"event_name":"Bonfire Elementals","player_choice":"Offered Special","floor":4.0,"gold_loss":0.0,"damage_taken":0.0},{"damage_healed":0.0,"max_hp_gain":0.0,"max_hp_loss":0.0,"gold_gain":0.0,"event_name":"Liars Game","player_choice":"Ignored","floor":14.0,"gold_loss":0.0,"damage_taken":0.0},{"cards_removed":["Strike_R"],"damage_healed":0.0,"max_hp_gain":0.0,"max_hp_loss":0.0,"gold_gain":0.0,"event_name":"Wheel of Change","player_choice":"Card Removal","floor":20.0,"gold_loss":0.0,"damage_taken":0.0}],"is_beta":false,"boss_relics":[{"not_picked":["Velvet Choker","Black Star"],"picked":"Cursed Key"}],"items_purged_floors":[],"is_endless":false,"potions_floor_spawned":[1,7,8,18,22,24],"ascension_level":5}}