{"host":"t9wo05e1llrbe5dt","time":1613520174,"event":{"mods":["2.2 Compatiblity","AchievementEnabler","Ascension Unlocker","BaseMod","Bestiary","Better Altar","Better Match","Better Note","Better Sensory Stone","Better Skull","Better Third Choice","Better Vampires","Better-Laid Plans","Block Reminder","Colored Map","Colored Powertips","Curses Come First","DeckTracker","Displayed Cursed Tome","Downfall","Filter the Spire","Googly Eyes","Gremlin Mod","GungeonMod","Hermit","Highlight Path","Marked Mod","Minty Spire (QoL Compilation)","Quick Restart","Random Character Button","Rare Cards Sparkle","Reorder Act Four","Reworked Bosses","Spicy Shops","StSLib","The Bug Knight","The Cursed","The Hierophant","The IronCluck","The Mystic","The Necromancer","The Runesmith","Transform Curses","Uncapped","everything is the same but u backflip on backflip","slay the spire mod where everything is the same but ironclad has a cowboy hat"],"gold_per_floor":[118,133,144,219,38,64,76,76,100,100,119,39,63,79,79,204,204,229,155,155,0,25,69,69,104,183,207,207,222,222,246,246,376,376,401,425,440,6,106,141,141,181,252,252,252],"floor_reached":44,"language":"ENG","playtime":4716,"items_purged":[],"score":610,"play_id":"a4b4ee41-ec3b-483c-8f3b-c121fe1e6c18","local_time":"20210216180254","is_ascension_mode":true,"campfire_choices":[{"data":"Runesmith:RunicBlueprint","floor":10,"key":"SMITH"},{"data":"Jack Of All Trades","floor":15,"key":"SMITH"},{"floor":24,"key":"REST"},{"data":"Runesmith:Empowerment","floor":28,"key":"SMITH"},{"data":"Runesmith:Fortify","floor":30,"key":"SMITH"},{"floor":32,"key":"REST"},{"floor":41,"key":"REST"}],"circlet_count":0,"master_deck":["Runesmith:Strike_RS","Runesmith:Strike_RS","Runesmith:Strike_RS","Runesmith:Strike_RS","Runesmith:Defend_RS","Runesmith:Defend_RS","Runesmith:Defend_RS","Runesmith:Defend_RS","Runesmith:CraftFirestone","Runesmith:Fortify+1","Jack Of All Trades+1","Runesmith:RuneHurl","Runesmith:Superposition","Runesmith:PoweredAnvil","Runesmith:CraftMagma","Runesmith:RunicBlueprint+1","Runesmith:FrozenChisel+1","Runesmith:HammerThrow+1","Runesmith:LithiumIon","Runesmith:UnstableHammer+1","Runesmith:OneForEveryone+1","Runesmith:MetallurgicalResearch","Runesmith:EnergizedChisel+1","Runesmith:ChargedHammer+1","Runesmith:MetallurgicalResearch+1","Runesmith:Discharge+1","Runesmith:HammerThrow+1","Runesmith:BackupBattery","Runesmith:Empowerment+1","Runesmith:HammerAndChisel","Runesmith:CraftProtectio","Runesmith:GenerateForcefield","Runesmith:Grindstone+1","Runesmith:HammerThrow+1","Runesmith:WhiteBalance+1","Runesmith:Accelerate+1"],"relics":["Runesmith:BrokenRuby","DemoMod:MeatBun","Molten Egg 2","Golden Idol","HollowMod:PaleOreRelic","Black Star","Potion Belt","DemoMod:Metronome","Sundial","Nunchaku","Bronze Scales","DemoMod:DecoyRelic","Fusion Hammer","DemoMod:GundromedaStrain","Runesmith:AutoHammer","Pen Nib","Gambling Chip","PreservedInsect","DemoMod:Bottle"],"acts_visited":["Exordium","TheCity","TheBeyond"],"potions_floor_usage":[6,18,23,23,31,33,37,40],"damage_taken":[{"damage":5,"enemies":"Jaw Worm","floor":1,"turns":4},{"damage":5,"enemies":"Small Slimes","floor":2,"turns":3},{"damage":1,"enemies":"2 Louse","floor":3,"turns":3},{"damage":4,"enemies":"Lagavulin","floor":6,"turns":3},{"damage":14,"enemies":"Exordium Thugs","floor":7,"turns":5},{"damage":0,"enemies":"Gremlin Gang","floor":11,"turns":3},{"damage":0,"enemies":"Red Slaver","floor":13,"turns":2},{"damage":0,"enemies":"Exordium Wildlife","floor":14,"turns":2},{"damage":8,"enemies":"Hexaghost","floor":16,"turns":9},{"damage":12,"enemies":"2 Thieves","floor":18,"turns":4},{"damage":10,"enemies":"Chosen","floor":22,"turns":3},{"damage":6,"enemies":"Gremlin Leader","floor":23,"turns":5},{"damage":15,"enemies":"HollowMod:Nosk","floor":25,"turns":6},{"damage":0,"enemies":"Centurion and Healer","floor":27,"turns":4},{"damage":0,"enemies":"Cultist and Chosen","floor":29,"turns":3},{"damage":26,"enemies":"Shelled Parasite and Fungi","floor":31,"turns":3},{"damage":1,"enemies":"bossMod:newChamp","floor":33,"turns":10},{"damage":15,"enemies":"3 Shapes","floor":35,"turns":4},{"damage":0,"enemies":"3 Darklings","floor":37,"turns":6},{"damage":24,"enemies":"Reptomancer","floor":40,"turns":6},{"damage":0,"enemies":"Giant Head","floor":42,"turns":6},{"damage":54,"enemies":"Reptomancer","floor":44,"turns":2}],"seed_played":"-8140267338430987814","potions_obtained":[{"floor":2,"key":"champ:CounterPotion"},{"floor":3,"key":"DistilledChaos"},{"floor":6,"key":"Dexterity Potion"},{"floor":16,"key":"PowerPotion"},{"floor":23,"key":"Guardian:BlockOnCardUsePotion"},{"floor":25,"key":"Explosive Potion"},{"floor":31,"key":"SkillPotion"},{"floor":33,"key":"DemoMod:LeadSkinPotion"},{"floor":37,"key":"Weak Potion"}],"is_trial":false,"path_per_floor":["M","M","M","?","$","E","M","?","T","R","M","$","M","M","R","B",null,"M","$","?","$","M","E","R","E","T","M","R","M","R","M","R","B",null,"M","T","M","$","?","E","R","E","T","E"],"character_chosen":"RUNESMITH_CLASS","items_purchased":["Runesmith:CraftMagma","DemoMod:MeatBun","Runesmith:LithiumIon","Runesmith:ChargedHammer+1","Potion Belt","DemoMod:GundromedaStrain","Runesmith:HammerThrow+1"],"campfire_rested":3,"item_purchase_floors":[5,5,12,19,21,38,38],"current_hp_per_floor":[65,60,59,48,62,58,44,44,44,44,44,44,44,44,44,36,65,53,53,53,53,43,37,56,41,41,41,41,41,41,15,34,33,65,50,50,50,50,50,26,45,45,45,0,0],"gold":252,"neow_bonus":"RANDOM_COLORLESS","is_daily":false,"chose_seed":false,"campfire_upgraded":4,"win_rate":0.0,"timestamp":1613520174,"path_taken":["M","M","M","?","$","E","M","?","T","R","M","$","M","M","R","BOSS","M","$","?","$","M","E","R","E","T","M","R","?","R","M","R","BOSS","M","?","M","$","?","E","R","E","T","E"],"items_purchased_type":["Card","Relic","Card","Card","Relic","Relic","Card"],"build_version":"2020-12-22","purchased_purges":0,"victory":false,"max_hp_per_floor":[70,70,70,70,70,70,70,65,65,65,65,65,65,65,65,65,65,65,65,65,65,65,65,65,65,65,65,65,65,65,65,65,65,65,65,65,65,65,65,65,65,65,65,65,65],"card_choices":[{"not_picked":["Madness","Enlightenment"],"picked":"Jack Of All Trades","floor":0},{"not_picked":["Runesmith:EnergizedChisel","Runesmith:BackupBattery"],"picked":"Runesmith:RuneHurl","floor":1},{"not_picked":["Runesmith:StaticCage","Runesmith:FrozenChisel"],"picked":"Runesmith:Superposition","floor":2},{"not_picked":["Runesmith:Overpower","Runesmith:HeatedChisel"],"picked":"Runesmith:PoweredAnvil","floor":3},{"not_picked":["Runesmith:GenerateForcefield","Runesmith:CraftObretio"],"picked":"Runesmith:RunicBlueprint","floor":6},{"not_picked":["Runesmith:Overpower+1","Runesmith:NegativeSpace"],"picked":"Runesmith:FrozenChisel+1","floor":7},{"not_picked":["Runesmith:UnstableHammer+1","Runesmith:RuneHurl+1"],"picked":"Runesmith:HammerThrow+1","floor":11},{"not_picked":["Runesmith:Prism","Runesmith:Superposition+1"],"picked":"Runesmith:UnstableHammer+1","floor":13},{"not_picked":["Runesmith:ShiftingStrike+1","Runesmith:RuneHurl+1"],"picked":"Runesmith:OneForEveryone+1","floor":14},{"not_picked":["Runesmith:ArcReactor","Runesmith:CraftMedicinae"],"picked":"Runesmith:MetallurgicalResearch","floor":16},{"not_picked":["Runesmith:PoweredAnvil","Runesmith:HeatedChisel+1"],"picked":"Runesmith:EnergizedChisel+1","floor":18},{"not_picked":["Runesmith:EarthShield","Runesmith:CraftMagma"],"picked":"Runesmith:Discharge+1","floor":22},{"not_picked":["Runesmith:RuneHurl+1","Runesmith:HeatedChisel+1"],"picked":"Runesmith:HammerThrow+1","floor":23},{"not_picked":["Runesmith:CraftIncendium","Runesmith:OneForEveryone+1"],"picked":"Runesmith:BackupBattery","floor":25},{"not_picked":["Runesmith:EnergizedChisel+1","Runesmith:HeatedChisel+1"],"picked":"Runesmith:Empowerment","floor":27},{"not_picked":["Runesmith:Repurpose","Runesmith:UnstableHammer+1"],"picked":"Runesmith:HammerAndChisel","floor":29},{"not_picked":["Runesmith:Overpower+1","Runesmith:BackupBattery"],"picked":"Runesmith:CraftProtectio","floor":31},{"not_picked":["Runesmith:Duplicate","Runesmith:UnlimitedPower"],"picked":"Runesmith:GenerateForcefield","floor":33},{"not_picked":["Runesmith:StaticCage","Runesmith:RuneHurl+1","Runesmith:FrozenChisel+1"],"picked":"SKIP","floor":35},{"not_picked":["Runesmith:CraftProtectio","Runesmith:Electrocute+1"],"picked":"Runesmith:Grindstone+1","floor":37},{"not_picked":["Runesmith:Overpower+1","Runesmith:BackupBattery+1"],"picked":"Runesmith:WhiteBalance+1","floor":40},{"not_picked":["Runesmith:StaticCage","Runesmith:UnlimitedPower"],"picked":"Runesmith:Accelerate+1","floor":42}],"player_experience":193087,"relics_obtained":[{"floor":6,"key":"Molten Egg 2"},{"floor":9,"key":"HollowMod:PaleOreRelic"},{"floor":23,"key":"DemoMod:Metronome"},{"floor":23,"key":"Sundial"},{"floor":25,"key":"Nunchaku"},{"floor":25,"key":"Bronze Scales"},{"floor":26,"key":"DemoMod:DecoyRelic"},{"floor":40,"key":"Runesmith:AutoHammer"},{"floor":40,"key":"Pen Nib"},{"floor":42,"key":"Gambling Chip"},{"floor":42,"key":"PreservedInsect"},{"floor":43,"key":"DemoMod:Bottle"}],"event_choices":[{"damage_healed":0,"gold_gain":75,"player_choice":"Gold","damage_taken":11,"max_hp_gain":0,"max_hp_loss":0,"event_name":"betterThird:BetterGoop","floor":4,"gold_loss":0},{"damage_healed":0,"gold_gain":0,"player_choice":"Lose Max HP","damage_taken":0,"relics_obtained":["Golden Idol"],"max_hp_gain":0,"max_hp_loss":5,"event_name":"Golden Idol","floor":8,"gold_loss":0},{"cards_removed":["Runesmith:MetallurgicalResearch"],"damage_healed":0,"gold_gain":0,"player_choice":"Take \u0026 Give","damage_taken":0,"max_hp_gain":0,"max_hp_loss":0,"event_name":"betterNote:BetterNote","floor":20,"gold_loss":0,"cards_obtained":["Runesmith:MetallurgicalResearch"]},{"damage_healed":0,"gold_gain":100,"player_choice":"Pray","damage_taken":0,"max_hp_gain":0,"max_hp_loss":0,"event_name":"Golden Shrine","floor":39,"gold_loss":0}],"is_beta":false,"boss_relics":[{"not_picked":["Busted Crown","Runic Dome"],"picked":"Black Star"},{"not_picked":["Runesmith:PocketReactor","Philosopher\u0027s Stone"],"picked":"Fusion Hammer"}],"items_purged_floors":[],"is_endless":false,"potions_floor_spawned":[2,3,6,16,23,25,31,33,37],"killed_by":"Reptomancer","ascension_level":1}}