{"host":"2c84cb4cp1emursg","time":1613592449,"event":{"mods":["Act Like it!","BaseMod","Better Third Choice","Bossed Relics","Hermit","Mimic Mod","Minty Spire (QoL Compilation)","Permanent Neow","StSLib"],"gold_per_floor":[109,126,137,157,176,176,204,154,231,265,282,282,282,317,317,416,416,428,428,428,428,108,141,141,141,141],"floor_reached":25,"language":"ENG","playtime":1372,"items_purged":[],"score":318,"play_id":"f32e0823-6428-42d0-9c60-43886f63994d","local_time":"20210217130729","is_ascension_mode":true,"campfire_choices":[{"data":"hermit:EternalForm","floor":6,"key":"SMITH"},{"data":"1","floor":15,"key":"LIFT"},{"data":"Apotheosis","floor":24,"key":"SMITH"}],"circlet_count":0,"master_deck":["hermit:Strike_Hermit+1","hermit:Strike_Hermit+1","hermit:Strike_Hermit+1","hermit:Strike_Hermit+1","hermit:Defend_Hermit+1","hermit:Defend_Hermit+1","hermit:Defend_Hermit+1","hermit:Snapshot+1","hermit:Covet","hermit:Ricochet","hermit:HighCaliber","hermit:FullyLoaded+1","hermit:PistolWhip","hermit:EternalForm+1","hermit:ItchyTrigger","hermit:GhostlyPresence","hermit:LoneWolf","hermit:Magnum","hermit:NoHoldsBarred","RitualDagger","Necronomicurse","hermit:NoHoldsBarred","Apotheosis+1","hermit:Showdown"],"relics":["hermit:ClaspedLocket","Happy Flower","Bottled Lightning","Mercury Hourglass","Girya","PreservedInsect","Necronomicon","DollysMirror","Bottled Flame"],"acts_visited":["Exordium","TheCity"],"potions_floor_usage":[7,7,9,10,11,14,16],"damage_taken":[{"damage":0,"enemies":"Small Slimes","floor":1,"turns":3},{"damage":7,"enemies":"Jaw Worm","floor":2,"turns":3},{"damage":3,"enemies":"2 Louse","floor":3,"turns":2},{"damage":2,"enemies":"Large Slime","floor":4,"turns":6},{"damage":1,"enemies":"Looter","floor":5,"turns":2},{"damage":1,"enemies":"Gremlin Nob","floor":7,"turns":3},{"damage":17,"enemies":"3 Sentries","floor":10,"turns":4},{"damage":7,"enemies":"Exordium Wildlife","floor":11,"turns":2},{"damage":3,"enemies":"Lagavulin","floor":14,"turns":4},{"damage":0,"enemies":"Slime Boss","floor":16,"turns":7},{"damage":27,"enemies":"Shell Parasite","floor":18,"turns":4},{"damage":18,"enemies":"Gremlin Leader","floor":23,"turns":4},{"damage":12,"enemies":"Book of Stabbing","floor":25,"turns":2}],"seed_played":"8896241587521642368","potions_obtained":[{"floor":2,"key":"SkillPotion"},{"floor":3,"key":"Strength Potion"},{"floor":5,"key":"EntropicBrew"},{"floor":10,"key":"Explosive Potion"}],"is_trial":false,"path_per_floor":["M","M","M","M","M","R","E","?","T","E","M","?","?","E","R","B",null,"M","?","?","?","$","E","R","E"],"character_chosen":"HERMIT","items_purchased":["DollysMirror","Apotheosis"],"campfire_rested":0,"item_purchase_floors":[22,22],"current_hp_per_floor":[75,68,65,63,62,62,61,61,61,44,37,37,22,19,19,19,75,48,48,42,26,26,8,8,0,0],"gold":141,"neow_bonus":"RANDOM_COMMON_RELIC","is_daily":false,"chose_seed":false,"campfire_upgraded":2,"win_rate":0.0,"timestamp":1613592449,"path_taken":["M","M","M","M","M","R","E","?","T","E","M","?","?","E","R","BOSS","M","?","?","?","$","E","R","E"],"items_purchased_type":["Relic","Card"],"build_version":"2020-12-22","purchased_purges":0,"victory":false,"max_hp_per_floor":[75,75,75,75,75,75,75,75,75,75,75,75,75,75,75,75,75,75,75,75,75,75,75,75,75,75],"card_choices":[{"not_picked":["hermit:ShadowCloak","hermit:Enervate"],"picked":"hermit:Ricochet","floor":1},{"not_picked":["hermit:CalledShot","hermit:HoleUp"],"picked":"hermit:HighCaliber","floor":2},{"not_picked":["hermit:HoleUp","hermit:BodyArmor"],"picked":"hermit:FullyLoaded","floor":3},{"not_picked":["hermit:Dive","hermit:Ricochet"],"picked":"hermit:PistolWhip","floor":4},{"not_picked":["hermit:Coalescence","hermit:Manifest"],"picked":"hermit:EternalForm","floor":5},{"not_picked":["hermit:Coalescence","hermit:Desperado","hermit:WideOpen"],"picked":"SKIP","floor":7},{"not_picked":["hermit:Horror","hermit:LuckOfTheDraw"],"picked":"hermit:ItchyTrigger","floor":10},{"not_picked":["hermit:Headshot","hermit:Snipe"],"picked":"hermit:GhostlyPresence","floor":11},{"not_picked":["hermit:SprayPray","hermit:BodyArmor"],"picked":"hermit:LoneWolf","floor":14},{"not_picked":["hermit:DeadOrAlive","hermit:Reprieve"],"picked":"hermit:Magnum","floor":16},{"not_picked":["hermit:Dive","hermit:Vantage"],"picked":"hermit:NoHoldsBarred","floor":18},{"not_picked":["hermit:Horror","hermit:Magnum"],"picked":"hermit:Showdown","floor":23}],"player_experience":525368,"relics_obtained":[{"floor":7,"key":"Bottled Lightning"},{"floor":9,"key":"Mercury Hourglass"},{"floor":10,"key":"Girya"},{"floor":14,"key":"PreservedInsect"},{"floor":21,"key":"Necronomicon"},{"floor":23,"key":"Bottled Flame"}],"event_choices":[{"cards_removed":["hermit:Defend_Hermit"],"damage_healed":0,"gold_gain":0,"player_choice":"Card Removal","damage_taken":0,"max_hp_gain":0,"max_hp_loss":0,"event_name":"The Cleric","floor":8,"gold_loss":50},{"damage_healed":0,"gold_gain":0,"player_choice":"Grow","damage_taken":0,"max_hp_gain":0,"max_hp_loss":0,"event_name":"Living Wall","floor":12,"gold_loss":0,"cards_upgraded":["hermit:FullyLoaded"]},{"damage_healed":37,"gold_gain":0,"player_choice":"Upgrade","damage_taken":15,"max_hp_gain":0,"max_hp_loss":75,"event_name":"betterThird:BetterShining","floor":13,"gold_loss":0,"cards_upgraded":["hermit:Snapshot","hermit:Strike_Hermit"]},{"damage_healed":0,"gold_gain":0,"player_choice":"Simplicity","damage_taken":0,"max_hp_gain":0,"max_hp_loss":6,"event_name":"betterThird:BetterWriting","floor":19,"gold_loss":0},{"damage_healed":0,"gold_gain":0,"player_choice":"Dagger","damage_taken":6,"max_hp_gain":0,"max_hp_loss":0,"event_name":"betterThird:BetterNest","floor":20,"gold_loss":0,"cards_obtained":["RitualDagger"]},{"damage_healed":0,"gold_gain":0,"player_choice":"Obtained Book","damage_taken":16,"max_hp_gain":0,"max_hp_loss":0,"event_name":"Cursed Tome","floor":21,"gold_loss":0}],"is_beta":false,"boss_relics":[{"not_picked":["hermit:DentedPlate","Sozu"],"picked":"hermit:ClaspedLocket"}],"items_purged_floors":[],"is_endless":false,"potions_floor_spawned":[2,3,5,10],"killed_by":"Book of Stabbing","ascension_level":2}}