{"host":"j0lq4v91luowxwha","time":1613579122,"event":{"mods":["BaseMod","Colored Powertips","Downfall","Hermit","Minty Spire (QoL Compilation)","Quick Restart","Replay The Spire","StSLib","SuperFastMode","The Cursed"],"gold_per_floor":[99,117,131,147,147,177,204,204,229,69,83,95,109,94,104,202,202,202,219,238,257,257,257,257,257],"floor_reached":23,"language":"ENG","playtime":1930,"items_purged":[],"score":205,"play_id":"2bbdd224-235e-4dd4-a26a-c888625c6156","local_time":"20210217112522","is_ascension_mode":false,"campfire_choices":[{"floor":1,"key":"RECALL"},{"data":"champ:StrikeOfGenius","floor":18,"key":"SMITH"}],"circlet_count":0,"master_deck":["champ:Strike","champ:Strike","champ:Strike","champ:Strike","champ:Defend","champ:Defend","champ:Defend","champ:Defend","champ:Execute","champ:Taunt","champ:SetATrap","champ:EnGarde","champ:Circumvent","champ:PreciseThrust","champ:UltimateStance","champ:VampiricStrike","champ:GutPunch","champ:BringItOn","champ:StrikeOfGenius+1","champ:StanceDance","champ:LastStand","champ:RapidStrikes"],"relics":["champ:ChampionCrownUpgraded","downfall:BrokenWingStatue","Oddly Smooth Stone","Dead Branch","Vajra"],"acts_visited":["Exordium","TheCity"],"potions_floor_usage":[],"damage_taken":[{"damage":12,"enemies":"Cultist","floor":2,"turns":4},{"damage":18,"enemies":"Jaw Worm","floor":3,"turns":5},{"damage":10,"enemies":"2 Louse","floor":4,"turns":3},{"damage":65,"enemies":"Gremlin Nob","floor":6,"turns":6},{"damage":43,"enemies":"3 Sentries","floor":9,"turns":10},{"damage":0,"enemies":"downfall:FleeingMerchant","floor":10,"turns":4},{"damage":15,"enemies":"Exordium Thugs","floor":11,"turns":4},{"damage":17,"enemies":"Large Slime","floor":12,"turns":6},{"damage":15,"enemies":"3 Louse","floor":13,"turns":3},{"damage":10,"enemies":"downfall:FleeingMerchant","floor":14,"turns":4},{"damage":0,"enemies":"downfall:LooterAlt","floor":15,"turns":3},{"damage":31,"enemies":"SI_SHIV_ARCHETYPE","floor":16,"turns":15},{"damage":36,"enemies":"3 Byrds","floor":19,"turns":6},{"damage":25,"enemies":"Spheric Guardian","floor":20,"turns":5},{"damage":25,"enemies":"Snake Plant","floor":21,"turns":4},{"damage":112,"enemies":"Slavers","floor":23,"turns":9}],"seed_played":"1516474617768972873","potions_obtained":[{"floor":2,"key":"DuplicationPotion"},{"floor":6,"key":"GamblersBrew"},{"floor":9,"key":"sneckomod:MuddlingPotion"}],"is_trial":false,"path_per_floor":["R","M","M","M","?","E","T","?","E","$","M","M","M","$","M","B",null,"R","M","M","M","?","E"],"character_chosen":"THE_CHAMP","items_purchased":["Vajra"],"campfire_rested":0,"item_purchase_floors":[10],"current_hp_per_floor":[99,97,89,89,89,44,44,44,33,33,33,26,21,21,21,1,99,99,88,73,73,73,0,0,0],"gold":257,"neow_bonus":"TEN_PERCENT_HP_BONUS","is_daily":false,"chose_seed":false,"campfire_upgraded":1,"win_rate":0.0,"timestamp":1613579122,"path_taken":["R","M","M","M","?","E","T","?","E","$","M","M","?","$","M","BOSS","R","M","M","M","?","E"],"items_purchased_type":["Relic"],"build_version":"2020-12-22","purchased_purges":0,"victory":false,"max_hp_per_floor":[99,99,99,99,99,99,99,99,99,99,99,99,99,99,99,99,99,99,99,99,99,99,99,99,99],"card_choices":[{"not_picked":["champ:EnGarde","champ:TornadoPunch"],"picked":"champ:SetATrap","floor":2},{"not_picked":["champ:PreciseThrust","champ:Shatter"],"picked":"champ:EnGarde","floor":3},{"not_picked":["champ:Backstep","champ:PerfectedStrike"],"picked":"champ:Circumvent","floor":4},{"not_picked":["champ:ShieldThrow","champ:RecklessLeap"],"picked":"champ:PreciseThrust","floor":6},{"not_picked":["champ:Improvising","champ:TornadoPunch"],"picked":"champ:UltimateStance","floor":9},{"not_picked":["champ:Backstep","champ:FlashCut"],"picked":"champ:VampiricStrike","floor":10},{"not_picked":["champ:CrownThrow","champ:CalledShot"],"picked":"champ:GutPunch","floor":11},{"not_picked":["champ:Encircle","champ:FaceSlap"],"picked":"champ:BringItOn","floor":12},{"not_picked":["champ:RisingSlash","champ:PreciseThrust","champ:EnragedBash"],"picked":"SKIP","floor":13},{"not_picked":["champ:RisingSlash","champ:PreemptiveStrike","champ:BringItOn"],"picked":"SKIP","floor":14},{"not_picked":["champ:BladeFlurry","champ:TornadoPunch","champ:BringItOn"],"picked":"SKIP","floor":15},{"not_picked":["champ:GladiatorForm","champ:DancingMaster"],"picked":"champ:StrikeOfGenius","floor":16},{"not_picked":["champ:EnGarde","champ:GutPunch"],"picked":"champ:StanceDance","floor":19},{"not_picked":["champ:Parry+1","champ:PreciseThrust+1","champ:EnGarde"],"picked":"SKIP","floor":20},{"not_picked":["champ:BladeFlurry","champ:Lariat","champ:TornadoPunch"],"picked":"SKIP","floor":21}],"player_experience":232359,"relics_obtained":[{"floor":6,"key":"Oddly Smooth Stone"},{"floor":9,"key":"Dead Branch"}],"event_choices":[],"is_beta":false,"boss_relics":[{"not_picked":["Kintsugi","ReplayTheSpireMod:DimensionalGlitch"],"picked":"champ:ChampionCrownUpgraded"}],"items_purged_floors":[],"is_endless":false,"potions_floor_spawned":[2,6,9,11,12,13,19,20],"killed_by":"Slavers","ascension_level":0}}