{"host":"jwpp8hxpigr0nknu","time":1613528414,"event":{"mods":["BaseMod","BetterRewards","Colored Map","Colored Powertips","Minty Spire (QoL Compilation)","Rare Cards Sparkle","Shop Mod","StSLib"],"gold_per_floor":[110,130,148,148,148,183,211,242,242,273,273,273,299,329,329],"floor_reached":14,"language":"ENG","playtime":1089,"items_purged":[],"score":236,"play_id":"4a00da91-f5a3-415b-981f-4df99adcda74","local_time":"20210216202014","daily_mods":["Draft","Green Cards","Purple Cards","Heirloom","Flight","DeadlyEvents","Elite Swarm"],"is_ascension_mode":false,"campfire_choices":[{"data":"After Image","floor":11,"key":"SMITH"}],"circlet_count":0,"master_deck":["Acrobatics+1","CrushJoints","Prostrate+1","PiercingWail","Dodge and Roll","Distraction","Prostrate","Bane","Meditate","ClearTheMind","FearNoEvil","Worship","Flying Knee","Prostrate","SashWhip","Protect","Prostrate","EmptyMind","After Image+1","Judgement+1","Devotion","Scrawl","Night Terror"],"relics":["PureWater","Ice Cream","Tiny Chest","Omamori","Eternal Feather","Du-Vu Doll","Lantern","War Paint","Happy Flower","Incense Burner"],"acts_visited":["Exordium"],"potions_floor_usage":[7,7,8],"damage_taken":[{"damage":11,"enemies":"Jaw Worm","floor":1,"turns":3},{"damage":4,"enemies":"Small Slimes","floor":2,"turns":3},{"damage":0,"enemies":"Cultist","floor":3,"turns":3},{"damage":14,"enemies":"3 Sentries","floor":6,"turns":10},{"damage":4,"enemies":"Gremlin Nob","floor":7,"turns":4},{"damage":6,"enemies":"3 Sentries","floor":8,"turns":5},{"damage":0,"enemies":"Gremlin Nob","floor":10,"turns":3},{"damage":0,"enemies":"3 Sentries","floor":13,"turns":6},{"damage":0,"enemies":"Lagavulin","floor":14,"turns":5}],"seed_played":"6780650965542235176","potions_obtained":[{"floor":2,"key":"LiquidBronze"},{"floor":3,"key":"Explosive Potion"},{"floor":6,"key":"Fire Potion"}],"is_trial":true,"path_per_floor":["M","M","M","?","?","E","E","E","T","E","R","?","E","E"],"character_chosen":"WATCHER","items_purchased":[],"campfire_rested":0,"item_purchase_floors":[],"current_hp_per_floor":[61,57,57,45,45,31,27,21,21,21,33,33,33,33,33],"gold":329,"neow_bonus":"","is_daily":false,"chose_seed":false,"campfire_upgraded":1,"win_rate":0.0,"timestamp":1613528414,"path_taken":["M","M","M","?","?","E","E","E","T","E","R","?","?","E"],"items_purchased_type":[],"build_version":"2020-12-22","purchased_purges":0,"victory":false,"max_hp_per_floor":[72,72,72,72,72,72,72,72,72,72,72,72,72,72,72],"card_choices":[{"not_picked":["EmptyFist","Protect"],"picked":"Acrobatics","floor":0},{"not_picked":["SignatureMove","Swivel"],"picked":"CrushJoints","floor":0},{"not_picked":["ReachHeaven","Protect"],"picked":"Prostrate","floor":0},{"not_picked":["WindmillStrike","BowlingBash"],"picked":"PiercingWail","floor":0},{"not_picked":["FlyingSleeves","FollowUp"],"picked":"Dodge and Roll","floor":0},{"not_picked":["Poisoned Stab","FollowUp"],"picked":"Distraction","floor":0},{"not_picked":["Bane","ThirdEye"],"picked":"Prostrate","floor":0},{"not_picked":["Crescendo","ThirdEye"],"picked":"Bane","floor":0},{"not_picked":["Sucker Punch","FlurryOfBlows"],"picked":"Meditate","floor":0},{"not_picked":["Consecrate","Quick Slash"],"picked":"ClearTheMind","floor":0},{"not_picked":["Deflect","Halt"],"picked":"FearNoEvil","floor":0},{"not_picked":["TalkToTheHand","Quick Slash"],"picked":"Worship","floor":0},{"not_picked":["SashWhip","ClearTheMind"],"picked":"Flying Knee","floor":0},{"not_picked":["Consecrate","DeceiveReality"],"picked":"Prostrate","floor":0},{"not_picked":["BowlingBash","Sucker Punch"],"picked":"SashWhip","floor":0},{"not_picked":["Worship","Finisher"],"picked":"Protect","floor":1},{"not_picked":["FlurryOfBlows","Crescendo"],"picked":"Prostrate","floor":2},{"not_picked":["CutThroughFate","SashWhip"],"picked":"EmptyMind","floor":3},{"not_picked":["A Thousand Cuts","Venomology"],"picked":"After Image","floor":6},{"not_picked":["MasterReality","Unload"],"picked":"Judgement","floor":7},{"not_picked":["Grand Finale","Judgement"],"picked":"Devotion","floor":8},{"not_picked":["Judgement","Venomology"],"picked":"Scrawl","floor":10},{"not_picked":["Alpha","Establishment"],"picked":"Night Terror","floor":13}],"player_experience":391677,"relics_obtained":[{"floor":6,"key":"Omamori"},{"floor":7,"key":"Eternal Feather"},{"floor":8,"key":"Du-Vu Doll"},{"floor":9,"key":"Lantern"},{"floor":10,"key":"War Paint"},{"floor":13,"key":"Happy Flower"},{"floor":14,"key":"Incense Burner"}],"event_choices":[{"damage_healed":0,"gold_gain":0,"player_choice":"Success","damage_taken":12,"relics_obtained":["Tiny Chest"],"max_hp_gain":0,"max_hp_loss":0,"event_name":"Scrap Ooze","floor":4,"gold_loss":0},{"damage_healed":0,"gold_gain":0,"player_choice":"Ignored","damage_taken":0,"max_hp_gain":0,"max_hp_loss":0,"event_name":"Liars Game","floor":5,"gold_loss":0},{"damage_healed":0,"gold_gain":0,"player_choice":"Upgraded","damage_taken":0,"max_hp_gain":0,"max_hp_loss":0,"event_name":"Upgrade Shrine","floor":12,"gold_loss":0,"cards_upgraded":["Judgement"]}],"is_beta":false,"boss_relics":[],"items_purged_floors":[],"is_endless":true,"potions_floor_spawned":[2,3,6],"killed_by":"Lagavulin","ascension_level":0}}