{"host":"bq4pt811tk9yrmjl","time":1613565727,"event":{"mods":["AchievementEnabler","BaseMod","Colored Map","Colored Powertips","Defuse TimeMaze Blight","Hermit","Minty Spire (QoL Compilation)","Smile Girya","StSLib","SuperFastMode"],"gold_per_floor":[118,118,135,135,135,135,167,182,182,182,192,192,219,179,179,280,280,299,317,317,18,43,43,77,77,102,102,137,148,159,177,177,272,272,282,382,185,231,153,153,166,166,166,193,193,524,544,564,564,564,564],"floor_reached":50,"language":"ENG","playtime":919,"items_purged":[],"score":682,"play_id":"990cdee4-9905-4451-8784-3a527135587f","local_time":"20210217104207","is_ascension_mode":true,"campfire_choices":[{"data":"Neutralize","floor":6,"key":"SMITH"},{"data":"A Thousand Cuts","floor":10,"key":"SMITH"},{"data":"Leg Sweep","floor":12,"key":"SMITH"},{"floor":15,"key":"REST"},{"data":"Blade Dance","floor":23,"key":"SMITH"},{"data":"Infinite Blades","floor":25,"key":"SMITH"},{"data":"Cloak And Dagger","floor":27,"key":"SMITH"},{"floor":32,"key":"REST"},{"data":"Accuracy","floor":40,"key":"SMITH"},{"data":"Blade Dance","floor":42,"key":"SMITH"},{"floor":45,"key":"RECALL"},{"floor":49,"key":"REST"}],"circlet_count":0,"master_deck":["Strike_G","Strike_G","Strike_G","Strike_G","Strike_G+1","Defend_G","Defend_G","Defend_G","Defend_G","Defend_G+1","Survivor","Neutralize+1","Leg Sweep+1","Dagger Spray","A Thousand Cuts+1","Deflect","Infinite Blades+1","Dash","Cloak And Dagger+1","Blade Dance+1","Deflect+1","Die Die Die","Blade Dance+1","Accuracy+1","Cloak And Dagger+1","Dagger Spray+1"],"relics":["Ring of the Snake","NeowsBlessing","Tingsha","Akabeko","Sozu","Shuriken","Omamori","Thread and Needle","Oddly Smooth Stone","Red Mask","WristBlade","Membership Card","Smiling Mask","Orichalcum","Meat on the Bone","Blood Vial","Old Coin"],"acts_visited":["Exordium","TheCity","TheBeyond"],"potions_floor_usage":[11,16,18],"damage_taken":[{"damage":0,"enemies":"Small Slimes","floor":1,"turns":1},{"damage":0,"enemies":"Jaw Worm","floor":3,"turns":1},{"damage":0,"enemies":"Gremlin Nob","floor":7,"turns":1},{"damage":0,"enemies":"2 Louse","floor":8,"turns":3},{"damage":0,"enemies":"Exordium Thugs","floor":11,"turns":4},{"damage":23,"enemies":"3 Sentries","floor":13,"turns":8},{"damage":19,"enemies":"Hexaghost","floor":16,"turns":11},{"damage":3,"enemies":"2 Thieves","floor":18,"turns":3},{"damage":2,"enemies":"Shell Parasite","floor":19,"turns":5},{"damage":8,"enemies":"Book of Stabbing","floor":24,"turns":6},{"damage":2,"enemies":"Masked Bandits","floor":28,"turns":3},{"damage":0,"enemies":"3 Cultists","floor":29,"turns":3},{"damage":11,"enemies":"Snake Plant","floor":30,"turns":4},{"damage":2,"enemies":"Shelled Parasite and Fungi","floor":31,"turns":4},{"damage":0,"enemies":"Collector","floor":33,"turns":10},{"damage":0,"enemies":"3 Shapes","floor":35,"turns":6},{"damage":0,"enemies":"Orb Walker","floor":41,"turns":2},{"damage":0,"enemies":"Giant Head","floor":44,"turns":6},{"damage":30,"enemies":"Reptomancer","floor":46,"turns":6},{"damage":0,"enemies":"4 Shapes","floor":47,"turns":2},{"damage":0,"enemies":"3 Darklings","floor":48,"turns":2},{"damage":81,"enemies":"Time Eater","floor":50,"turns":7}],"seed_played":"-4282926836889362608","potions_obtained":[{"floor":3,"key":"DistilledChaos"},{"floor":13,"key":"FearPotion"},{"floor":16,"key":"AttackPotion"}],"is_trial":false,"path_per_floor":["M","$","M","?","?","R","E","M","T","R","M","R","E","?","R","B",null,"M","M","?","$","T","R","E","R","T","R","?","M","M","M","R","B",null,"M","?","$","T","$","R","M","R","T","E","R","E","M","M","R","B"],"character_chosen":"THE_SILENT","items_purchased":["Shuriken","Blade Dance","Membership Card","Accuracy","Orichalcum"],"campfire_rested":3,"item_purchase_floors":[21,21,37,37,39],"current_hp_per_floor":[70,70,70,56,56,56,56,56,56,56,56,56,33,33,54,35,70,67,65,70,70,70,70,62,62,62,62,60,60,49,47,68,68,70,70,70,70,70,70,70,70,70,70,70,70,40,42,44,65,0,0],"gold":564,"neow_bonus":"THREE_ENEMY_KILL","is_daily":false,"chose_seed":false,"campfire_upgraded":8,"win_rate":0.0,"timestamp":1613565727,"path_taken":["M","$","M","?","?","R","E","?","T","R","M","R","E","?","R","BOSS","M","M","?","$","?","R","E","R","T","R","?","?","M","M","R","BOSS","M","?","$","?","?","R","M","R","T","E","R","E","M","M","R","BOSS"],"items_purchased_type":["Relic","Card","Relic","Card","Relic"],"build_version":"2020-12-22","purchased_purges":0,"victory":false,"max_hp_per_floor":[70,70,70,70,70,70,70,70,70,70,70,70,70,70,70,70,70,70,70,70,70,70,70,70,70,70,70,70,70,70,70,70,70,70,70,70,70,70,70,70,70,70,70,70,70,70,70,70,70,70,70],"card_choices":[{"not_picked":["Quick Slash","Dash"],"picked":"Leg Sweep","floor":1},{"not_picked":["Sucker Punch","Underhanded Strike"],"picked":"Dagger Spray","floor":3},{"not_picked":["Footwork","Prepared"],"picked":"A Thousand Cuts","floor":7},{"not_picked":["Sucker Punch","Backflip"],"picked":"Deflect","floor":8},{"not_picked":["Dagger Spray","Leg Sweep"],"picked":"Dodge and Roll","floor":11},{"not_picked":["Dagger Spray","Deadly Poison"],"picked":"Infinite Blades","floor":13},{"not_picked":["Dagger Spray","Concentrate"],"picked":"Dash","floor":18},{"not_picked":["Dagger Spray","Predator"],"picked":"Cloak And Dagger","floor":19},{"not_picked":["Malaise","Poisoned Stab+1","Acrobatics"],"picked":"SKIP","floor":24},{"not_picked":["Riddle With Holes+1","Outmaneuver+1","Backflip"],"picked":"SKIP","floor":29},{"not_picked":["Cloak And Dagger","Reflex"],"picked":"Deflect+1","floor":30},{"not_picked":["Acrobatics","Quick Slash","Flechettes"],"picked":"SKIP","floor":31},{"not_picked":["Doppelganger","Wraith Form v2"],"picked":"Die Die Die","floor":33},{"not_picked":["Bane+1","Acrobatics+1"],"picked":"Blade Dance","floor":35},{"not_picked":["Accuracy","Prepared","Backflip+1"],"picked":"SKIP","floor":41},{"not_picked":["Catalyst","Calculated Gamble+1"],"picked":"Cloak And Dagger+1","floor":44},{"not_picked":["Deflect","Reflex","Poisoned Stab"],"picked":"SKIP","floor":46},{"not_picked":["Deadly Poison+1","Distraction"],"picked":"Dagger Spray+1","floor":47},{"not_picked":["Outmaneuver","Terror","Tactician+1"],"picked":"SKIP","floor":48}],"player_experience":318190,"relics_obtained":[{"floor":7,"key":"Tingsha"},{"floor":13,"key":"Akabeko"},{"floor":22,"key":"Omamori"},{"floor":24,"key":"Thread and Needle"},{"floor":26,"key":"Oddly Smooth Stone"},{"floor":28,"key":"Red Mask"},{"floor":38,"key":"Smiling Mask"},{"floor":43,"key":"Meat on the Bone"},{"floor":44,"key":"Blood Vial"},{"floor":46,"key":"Old Coin"}],"event_choices":[{"damage_healed":0,"gold_gain":0,"player_choice":"Entered Light","damage_taken":14,"max_hp_gain":0,"max_hp_loss":0,"event_name":"Shining Light","floor":4,"gold_loss":0,"cards_upgraded":["Strike_G","Defend_G"]},{"damage_healed":0,"gold_gain":0,"player_choice":"Leave","damage_taken":0,"max_hp_gain":0,"max_hp_loss":0,"event_name":"The Cleric","floor":5,"gold_loss":0},{"damage_healed":0,"gold_gain":0,"player_choice":"Left Gold","damage_taken":0,"max_hp_gain":0,"max_hp_loss":0,"event_name":"World of Goop","floor":14,"gold_loss":40},{"cards_removed":["Dodge and Roll"],"damage_healed":5,"gold_gain":0,"player_choice":"Offered Common","damage_taken":0,"max_hp_gain":0,"max_hp_loss":0,"event_name":"Bonfire Elementals","floor":20,"gold_loss":0},{"cards_removed":["Dodge and Roll"],"damage_healed":5,"gold_gain":0,"player_choice":"Offered Special","damage_taken":0,"max_hp_gain":0,"max_hp_loss":0,"event_name":"Bonfire Elementals","floor":20,"gold_loss":0},{"damage_healed":0,"gold_gain":0,"player_choice":"Fought Bandits","damage_taken":0,"max_hp_gain":0,"max_hp_loss":0,"event_name":"Masked Bandits","floor":28,"gold_loss":0},{"damage_healed":0,"gold_gain":100,"player_choice":"Pray","damage_taken":0,"max_hp_gain":0,"max_hp_loss":0,"event_name":"Golden Shrine","floor":36,"gold_loss":0}],"is_beta":false,"boss_relics":[{"not_picked":["Snecko Eye","Velvet Choker"],"picked":"Sozu"},{"not_picked":["Runic Pyramid","Pandora\u0027s Box"],"picked":"WristBlade"}],"items_purged_floors":[],"is_endless":false,"potions_floor_spawned":[3,13,16,18,24,31,44,47,48],"killed_by":"Time Eater","ascension_level":1}}