{"host":"vk2xyavtylxbvrfq","time":1613539838,"event":{"mods":["Bard","BaseMod","Bestiary","Better Altar","Better Match","Better Note","Better Sensory Stone","Better Skull","Better Vampires","Block Reminder","Bossed Relics","Colored Map","Curses Come First","Displayed Cursed Tome","Downfall","Fox Events","Hermit","Ironclad Rager","Marked Mod","Minty Spire (QoL Compilation)","Quick Restart","Rare Cards Sparkle","Relic Sorter","Reliquary","Robot Space Explorer","StSLib","The Hayseed","The Runesmith","TheSurvivalist","Unceasing Turn Reminder"],"gold_per_floor":[117,117,217,31,44,78,78,78,78,78,78,78,103,134,134,260,260,283,283,283,56,76,76,96,96,96,21,55,76,201,219,219,344,344,360,373,373,7,7,7,7,25,48,48,73,73,2,65,65,65,65,65,15,15,15],"floor_reached":54,"language":"ENG","playtime":1795,"items_purged":[],"score":1079,"play_id":"513f8538-4c29-4b70-a35c-d632d4c594ee","local_time":"20210217003038","is_ascension_mode":true,"campfire_choices":[{"data":"hermit:HighCaliber","floor":8.0,"key":"SMITH"},{"data":"hermit:EternalForm","floor":10.0,"key":"SMITH"},{"data":"hermit:Midnight","floor":12.0,"key":"SMITH"},{"data":"hermit:Brawl","floor":15.0,"key":"SMITH"},{"data":"hermit:Manifest","floor":23.0,"key":"SMITH"},{"data":"hermit:ShadowCloak","floor":25.0,"key":"SMITH"},{"floor":32.0,"key":"REST"},{"floor":40.0,"key":"RECALL"},{"floor":46.0,"key":"DIG"},{"floor":49.0,"key":"DIG"},{"floor":52.0,"key":"DIG"}],"circlet_count":0,"master_deck":["hermit:Strike_Hermit","hermit:Strike_Hermit","hermit:Strike_Hermit","hermit:Strike_Hermit","hermit:Defend_Hermit+1","hermit:Defend_Hermit","hermit:Defend_Hermit","hermit:Defend_Hermit","hermit:Snapshot+1","hermit:Covet","hermit:Quickdraw","Injury","downfall:Haunted","downfall:Haunted","Clumsy","hermit:EternalForm+1","Regret","TheSimpletonMod:Gnats","hermit:Midnight+1","hermit:Glare+1","hermit:HighCaliber+1","hermit:Headshot","hermit:Brawl+1","hermit:Reprieve","hermit:Manifest+1","hermit:Combo","hermit:Feint+1","hermit:ShadowCloak+1","hermit:Roulette+1","hermit:FinalCanter","hermit:Snipe","hermit:Malice","hermit:Shortfuse","hermit:Magnum","hermit:LuckOfTheDraw","hermit:Combo+1","Madness","hermit:Brawl","Jack Of All Trades","Dark Shackles","hermit:Showdown+1","hermit:OverwhelmingPower","hermit:FlashPowder","hermit:TakeAim+1"],"relics":["hermit:Momento","NeowsBlessing","Golden Idol","Du-Vu Doll","reliquary:Bookmark","Ancient Tea Set","Ice Cream","Bottled Flame","SlaversCollar","Orichalcum","Bottled Tornado","War Paint","Shovel","Bottled Lightning","bronze:MakeshiftBattery","Omamori","HandDrill","reliquary:Spinner","Molten Egg 2","StoneCalendar","hermit:Horseshoe","Gremlin Horn"],"acts_visited":["Exordium","TheCity","TheBeyond","TheEnding"],"potions_floor_usage":[54],"damage_taken":[{"damage":0.0,"enemies":"Small Slimes","floor":1.0,"turns":1.0},{"damage":0.0,"enemies":"2 Louse","floor":5.0,"turns":1.0},{"damage":0.0,"enemies":"Gremlin Nob","floor":6.0,"turns":1.0},{"damage":0.0,"enemies":"Jaw Worm","floor":13.0,"turns":1.0},{"damage":18.0,"enemies":"3 Sentries","floor":14.0,"turns":5.0},{"damage":0.0,"enemies":"Slime Boss","floor":16.0,"turns":4.0},{"damage":21.0,"enemies":"2 Thieves","floor":18.0,"turns":4.0},{"damage":0.0,"enemies":"3 Byrds","floor":22.0,"turns":2.0},{"damage":13.0,"enemies":"Snecko","floor":24.0,"turns":3.0},{"damage":0.0,"enemies":"Gremlin Leader","floor":28.0,"turns":4.0},{"damage":45.0,"enemies":"Chosen and Byrds","floor":29.0,"turns":8.0},{"damage":1.0,"enemies":"Colosseum Slavers","floor":30.0,"turns":2.0},{"damage":1.0,"enemies":"Colosseum Nobs","floor":30.0,"turns":2.0},{"damage":29.0,"enemies":"Centurion and Healer","floor":31.0,"turns":4.0},{"damage":21.0,"enemies":"Champ","floor":33.0,"turns":8.0},{"damage":16.0,"enemies":"3 Darklings","floor":35.0,"turns":6.0},{"damage":17.0,"enemies":"3 Shapes","floor":36.0,"turns":4.0},{"damage":35.0,"enemies":"Maw","floor":42.0,"turns":6.0},{"damage":39.0,"enemies":"Sphere and 2 Shapes","floor":45.0,"turns":5.0},{"damage":0.0,"enemies":"Mind Bloom Boss Battle","floor":48.0,"turns":3.0},{"damage":64.0,"enemies":"Donu and Deca","floor":50.0,"turns":6.0},{"damage":128,"enemies":"Shield and Spear","floor":54,"turns":3}],"seed_played":"-1781521539737728490","potions_obtained":[{"floor":6.0,"key":"FearPotion"},{"floor":13.0,"key":"LiquidMemories"},{"floor":14.0,"key":"EntropicBrew"},{"floor":18.0,"key":"SkillPotion"},{"floor":24.0,"key":"SkillPotion"},{"floor":28.0,"key":"Guardian:BlockOnCardUsePotion"},{"floor":30.0,"key":"hermit:BlackBile"},{"floor":33.0,"key":"FearPotion"},{"floor":36.0,"key":"Swift Potion"},{"floor":45.0,"key":"PowerPotion"}],"is_trial":false,"path_per_floor":["M","?","?","$","M","E","$","R","T","R","?","R","M","E","R","B",null,"M","?","?","$","M","R","M","R","T","?","E","M","?","M","R","B",null,"M","M","?","$","?","R","?","M","T","?","M","R","$","?","R","B",null,"R","$","E"],"character_chosen":"HERMIT","items_purchased":["reliquary:Bookmark","hermit:Midnight","Orichalcum","hermit:Combo","Omamori","HandDrill","hermit:Brawl","hermit:FlashPowder","PowerPotion"],"campfire_rested":1,"item_purchase_floors":[4,4,21,21,38,38,38,47,53],"current_hp_per_floor":[68,68,73,73,73,73,73,73,73,73,73,73,73,55,55,55,74,65,65,65,65,80,80,67,67,67,67,80,35,33,32,56,59,75,64,63,53,53,53,53,53,42,42,80,41,41,41,69,69,16,64,64,64,0,0],"gold":15,"neow_bonus":"THREE_ENEMY_KILL","is_daily":false,"chose_seed":false,"campfire_upgraded":6,"win_rate":0.0,"timestamp":1613539838,"path_taken":["M","?","?","$","M","E","$","R","T","R","?","R","M","E","R","BOSS","M","?","?","$","M","R","M","R","T","?","E","?","?","M","R","BOSS","M","M","?","$","?","R","?","M","T","?","?","R","$","?","R","BOSS","R","$","E"],"items_purchased_type":["Relic","Card","Relic","Card","Relic","Relic","Card","Card","Potion"],"build_version":"2020-12-22","purchased_purges":0,"victory":false,"max_hp_per_floor":[75,75,80,80,80,80,80,80,80,80,80,80,80,80,80,80,80,80,80,80,80,80,80,80,80,80,80,80,80,80,80,80,80,80,80,80,80,80,80,80,80,80,80,80,80,80,80,80,80,80,80,80,80,80,80],"card_choices":[{"not_picked":["hermit:CalledShot","hermit:WideOpen"],"picked":"hermit:Quickdraw","floor":1.0},{"not_picked":["hermit:Roulette","hermit:FullyLoaded"],"picked":"hermit:Glare","floor":5.0},{"not_picked":["hermit:Roulette","hermit:Headshot"],"picked":"hermit:HighCaliber","floor":6.0},{"not_picked":["hermit:HighCaliber","hermit:Glare"],"picked":"hermit:Headshot","floor":13.0},{"not_picked":["hermit:Virtue","hermit:Roulette"],"picked":"hermit:Brawl","floor":14.0},{"not_picked":["hermit:FinalCanter","hermit:EternalForm"],"picked":"hermit:Reprieve","floor":16.0},{"not_picked":["hermit:Cheat","hermit:SprayPray"],"picked":"hermit:Manifest","floor":18.0},{"not_picked":["hermit:Glare","hermit:FullyLoaded+1"],"picked":"hermit:Feint+1","floor":22.0},{"not_picked":["hermit:Cheat","hermit:Ricochet"],"picked":"hermit:ShadowCloak","floor":24.0},{"not_picked":["hermit:Misfire+1","hermit:Dive+1"],"picked":"hermit:Roulette+1","floor":27.0},{"not_picked":["hermit:Vantage","hermit:CursedWeapon+1"],"picked":"hermit:FinalCanter","floor":28.0},{"not_picked":["hermit:Scavenge","hermit:Dive"],"picked":"hermit:Snipe","floor":29.0},{"not_picked":["hermit:Roulette","hermit:TrackingShot"],"picked":"hermit:Malice","floor":30.0},{"not_picked":["hermit:TrackingShot","hermit:SprayPray"],"picked":"hermit:Shortfuse","floor":31.0},{"not_picked":["hermit:DeadOrAlive","hermit:HighNoon"],"picked":"hermit:Magnum","floor":33.0},{"not_picked":["hermit:Manifest+1","hermit:Spite+1"],"picked":"hermit:LuckOfTheDraw","floor":35.0},{"not_picked":["hermit:LowProfile+1","hermit:Showdown"],"picked":"hermit:Combo+1","floor":36.0},{"not_picked":["Impatience","Flash of Steel"],"picked":"Jack Of All Trades","floor":39.0},{"not_picked":["Panacea","Forethought"],"picked":"Dark Shackles","floor":39.0},{"not_picked":["hermit:Misfire","hermit:Grudge+1"],"picked":"hermit:Showdown+1","floor":42.0},{"not_picked":["hermit:Misfire","hermit:Feint+1"],"picked":"hermit:OverwhelmingPower","floor":45.0},{"not_picked":["hermit:Deadeye+1","hermit:Cheat+1"],"picked":"hermit:TakeAim+1","floor":48.0}],"player_experience":1398994,"relics_obtained":[{"floor":6.0,"key":"Ancient Tea Set"},{"floor":9.0,"key":"Ice Cream"},{"floor":14.0,"key":"Bottled Flame"},{"floor":26.0,"key":"Bottled Tornado"},{"floor":28.0,"key":"War Paint"},{"floor":30.0,"key":"Shovel"},{"floor":30.0,"key":"Bottled Lightning"},{"floor":43.0,"key":"reliquary:Spinner"},{"floor":46.0,"key":"Molten Egg 2"},{"floor":48.0,"key":"StoneCalendar"},{"floor":49.0,"key":"hermit:Horseshoe"},{"floor":52.0,"key":"Gremlin Horn"}],"event_choices":[{"damage_healed":0.0,"max_hp_gain":0.0,"max_hp_loss":0.0,"gold_gain":0.0,"event_name":"Golden Idol","player_choice":"Take Wound","floor":2.0,"gold_loss":0.0,"damage_taken":0.0,"relics_obtained":["Golden Idol"],"cards_obtained":["Injury"]},{"damage_healed":0.0,"max_hp_gain":0.0,"max_hp_loss":0.0,"gold_gain":0.0,"event_name":"Living Wall","player_choice":"Grow","floor":11.0,"gold_loss":0.0,"damage_taken":0.0,"cards_upgraded":["hermit:Snapshot"]},{"damage_healed":0.0,"max_hp_gain":0.0,"max_hp_loss":0.0,"gold_gain":0.0,"event_name":"Lab","player_choice":"Got Potions","floor":19.0,"gold_loss":0.0,"damage_taken":0.0},{"damage_healed":0.0,"max_hp_gain":0.0,"max_hp_loss":0.0,"gold_gain":0.0,"event_name":"betterNote:BetterNote","player_choice":"Ignored","floor":20.0,"gold_loss":0.0,"damage_taken":0.0,"cards_obtained":["hermit:Horror"]},{"damage_healed":0.0,"max_hp_gain":0.0,"max_hp_loss":0.0,"gold_gain":0.0,"event_name":"betterMatch:BetterMatch","player_choice":"2","floor":27.0,"gold_loss":0.0,"damage_taken":0.0,"cards_obtained":["betterMatch:CommonCard"]},{"damage_healed":0.0,"max_hp_gain":0.0,"max_hp_loss":0.0,"gold_gain":0.0,"event_name":"Colosseum","player_choice":"Fight","floor":30.0,"gold_loss":0.0,"damage_taken":0.0},{"damage_healed":0.0,"max_hp_gain":0.0,"max_hp_loss":0.0,"gold_gain":0.0,"event_name":"Colosseum","player_choice":"Fought Nobs","floor":30.0,"gold_loss":0.0,"damage_taken":0.0},{"damage_healed":0.0,"max_hp_gain":0.0,"max_hp_loss":0.0,"gold_gain":0.0,"event_name":"Winding Halls","player_choice":"Embrace Madness","floor":37.0,"gold_loss":0.0,"damage_taken":10.0,"cards_obtained":["Madness","Madness"]},{"damage_healed":0.0,"max_hp_gain":0.0,"max_hp_loss":0.0,"gold_gain":3.0,"event_name":"betterStone:BetterStone","player_choice":"1","floor":39.0,"gold_loss":0.0,"damage_taken":0.0},{"cards_removed":["Madness"],"damage_healed":38.0,"max_hp_gain":0.0,"max_hp_loss":0.0,"gold_gain":0.0,"event_name":"Bonfire Elementals","player_choice":"Offered Uncommon","floor":44.0,"gold_loss":0.0,"damage_taken":0.0},{"damage_healed":0.0,"max_hp_gain":0.0,"max_hp_loss":0.0,"gold_gain":0.0,"event_name":"MindBloom","player_choice":"Fight","floor":48.0,"gold_loss":0.0,"damage_taken":0.0}],"is_beta":false,"boss_relics":[{"not_picked":["Pandora\u0027s Box","Runic Pyramid"],"picked":"SlaversCollar"},{"not_picked":["SacredBark","Runic Dome"],"picked":"bronze:MakeshiftBattery"}],"items_purged_floors":[],"is_endless":false,"potions_floor_spawned":[6,13,14,18,24,28,30,33,36,45],"killed_by":"Shield and Spear","ascension_level":6}}