{"host":"5lv0icc8l08nkbqt","time":1613576652,"event":{"mods":["Act Like it!","Aspiration","BaseMod","Colored Map","Conspire","Elementarium","Energized Spire","Gensokyo","Hallownest","Hubris","JesterMod","Jorbs\u0027s Wanderer Trilogy","Marisa????????","Menagerie","Minty Spire (QoL Compilation)","Pale of the Ancients","Reliquary","Replay The Spire","Ruina","Shade Mod","Spicy Shops","StSLib","The Blue Laboratory","The Disciple","The Hierophant","The Marked","Wandering Minibosses"],"gold_per_floor":[58,104,104,158,158,228,228,303,329,81,81,125,176,246,246,407,407,456,406,406,444,536,536,588,588,588,644,644,680,32,69,69,174,174,214,214,214,224,244,244,244,244,244,104,104,104,116,151,151,151],"floor_reached":51,"language":"ENG","playtime":8481,"items_purged":["Defend_MRS","Defend_MRS","Defend_MRS","Robbery","Clumsy"],"score":912,"play_id":"818145d8-e405-40e6-825d-a5f9d84e125a","local_time":"20210217194412","is_ascension_mode":true,"campfire_choices":[{"data":"WitchOfGreed","floor":7,"key":"SMITH"},{"floor":15,"key":"REST"},{"data":"StarDustReverie","floor":23,"key":"SMITH"},{"data":"Glass Knife","floor":25,"key":"SMITH"},{"floor":32,"key":"REST"},{"data":"ruina:GoldRush","floor":40,"key":"SMITH"},{"data":"SatelliteIllusion","floor":42,"key":"SMITH"},{"data":"LuminesStrike","floor":46,"key":"SMITH"},{"floor":49,"key":"REST"}],"circlet_count":0,"master_deck":["Armaments+1","MasterSpark","UpSweep","WitchOfGreed+1","SatelliteIllusion+1","Glass Knife+1","Riddle With Holes","ShootTheMoon","StarDustReverie+1","StarBarrage","TreasureHunter","BlazeAway+1","PulseMagic+1","IllusionStar","RefractionSpark+1","LuminesStrike+1","IllusionStar+1","DeepEcoloBomb","ruina:GoldRush+1","OpenUniverse+1","OpenUniverse+1","Occultation+1","SatelliteIllusion","EarthLightRay+1","Wraith","Madness+1","Madness+1","EarthLightRay+1","IllusionStar+1","Deep Breath+1","IllusionStar+1","MaximisePower+1"],"relics":["MiniHakkero","conspire:DeflatedDodgeball","Replay:Rubber Ducky","reliquary:SilkGlove","reliquary:PrincelyHelmet","Honey Jar","ruina:FalsePresent","aspiration:FrozenJewel","Counterbalance","Mirror","Toxic Egg 2","Durian","energizedSpire:DeadBattery","hubris:Icosahedron","hubris:GlazedTorus","reliquary:Firecrackers"],"acts_visited":["Exordium","Menagerie:Menagerie","TheBeyond"],"potions_floor_usage":[2,6,8,12,16,16,18,21,22,24,24,27,28,29,29,29,29,33,39,39,39,39],"damage_taken":[{"damage":6,"enemies":"Menagerie:WhisperingWraith","floor":1,"turns":3},{"damage":1,"enemies":"Menagerie:StygianBoar","floor":2,"turns":3},{"damage":9,"enemies":"Menagerie:MonstrousExperiment","floor":4,"turns":5},{"damage":18,"enemies":"Menagerie:Hydra","floor":6,"turns":5},{"damage":15,"enemies":"Menagerie:MaskedSummoner","floor":8,"turns":14},{"damage":0,"enemies":"Menagerie:Hexasnake","floor":12,"turns":4},{"damage":0,"enemies":"Menagerie:DREAD_MOTH_AND_GRAFTED_WORMS","floor":13,"turns":5},{"damage":0,"enemies":"Menagerie:BEAST_MAGE_AND_PROWLING_AMALGAM","floor":14,"turns":6},{"damage":6,"enemies":"Menagerie:Chimera","floor":16,"turns":9},{"damage":6,"enemies":"ruina:Nosferatu","floor":18,"turns":4},{"damage":0,"enemies":"ruina:BadWolf","floor":21,"turns":4},{"damage":22,"enemies":"ruina:QueenOfHate","floor":22,"turns":5},{"damage":19,"enemies":"ruina:Mountain","floor":24,"turns":6},{"damage":11,"enemies":"ruina:RoadHome","floor":27,"turns":5},{"damage":12,"enemies":"ruina:KnightOfDespair","floor":29,"turns":3},{"damage":3,"enemies":"ruina:3_Scarecrows","floor":31,"turns":2},{"damage":0,"enemies":"ruina:JesterOfNihil","floor":33,"turns":5},{"damage":0,"enemies":"3 Darklings","floor":35,"turns":3},{"damage":0,"enemies":"3 Shapes","floor":38,"turns":2},{"damage":67,"enemies":"Transient","floor":39,"turns":8},{"damage":0,"enemies":"Maw","floor":47,"turns":3},{"damage":31,"enemies":"Nemesis","floor":48,"turns":5},{"damage":0,"enemies":"Donu and Deca","floor":50,"turns":4}],"seed_played":"-5434865144095252463","potions_obtained":[{"floor":1,"key":"blueLaboratory:FruitPunch"},{"floor":2,"key":"FearPotion"},{"floor":4,"key":"blueLaboratory:CorrosionFlask"},{"floor":4,"key":"PowerPotion"},{"floor":6,"key":"blueLaboratory:ForbiddenFruitJuice"},{"floor":8,"key":"Venom Potion"},{"floor":12,"key":"Strength Potion"},{"floor":12,"key":"blueLaboratory:FrostheartPotion"},{"floor":14,"key":"PowerPotion"},{"floor":16,"key":"Block Potion"},{"floor":16,"key":"ColorlessPotion"},{"floor":16,"key":"conspire:TimeTravelPotion"},{"floor":18,"key":"Explosive Potion"},{"floor":19,"key":"blueLaboratory:FruitPunch"},{"floor":21,"key":"blueLaboratory:PyrophylliteBrew"},{"floor":21,"key":"blueLaboratory:PolymorphPotion"},{"floor":22,"key":"SteroidPotion"},{"floor":24,"key":"blueLaboratory:ForbiddenFruitJuice"},{"floor":24,"key":"LifebloodPotion"},{"floor":27,"key":"EntropicBrew"},{"floor":29,"key":"blueLaboratory:TrueEctoplasm"},{"floor":31,"key":"blueLaboratory:PolymorphPotion"},{"floor":35,"key":"Block Potion"},{"floor":35,"key":"blueLaboratory:BottledHope"},{"floor":38,"key":"Block Potion"}],"is_trial":false,"path_per_floor":["M","M","?","M","?","E","R","E","T","$","T","M","M","M","R","B",null,"M","?","?","M","M","R","E","R","T","E","$","M","$","M","R","B",null,"M","?","?","M","M","R","?","R","T","$","?","R","M","E","R","B",null],"character_chosen":"MARISA","items_purchased":["reliquary:PrincelyHelmet","Durian","ruina:GoldRush","OpenUniverse+1","blueLaboratory:FrostheartPotion","IllusionStar+1","Deep Breath+1"],"campfire_rested":3,"item_purchase_floors":[10,30,30,30,30,44,44],"current_hp_per_floor":[69,70,70,61,61,43,43,28,28,28,28,28,28,28,51,45,77,71,67,60,62,40,40,40,40,40,29,53,41,46,43,63,63,69,69,69,60,66,59,59,59,59,59,59,59,59,59,28,45,51],"gold":151,"neow_bonus":"TRANSFORM_TWO_CARDS","is_daily":false,"chose_seed":false,"campfire_upgraded":6,"win_rate":0.0,"timestamp":1613576652,"path_taken":["M","?","?","?","?","E","R","E","T","?","?","?","M","M","R","BOSS","M","?","?","M","M","R","E","R","T","E","?","M","$","?","R","BOSS","M","?","?","M","M","R","?","R","T","$","?","R","?","E","R","BOSS"],"items_purchased_type":["Relic","Relic","Card","Card","Potion","Card","Card"],"build_version":"2020-12-22","purchased_purges":5,"victory":true,"max_hp_per_floor":[75,77,77,77,77,77,77,77,77,77,77,77,77,77,77,77,77,77,72,72,74,74,74,74,74,74,74,64,64,69,69,69,69,69,69,69,69,69,59,59,59,59,59,59,59,59,59,59,59,59],"card_choices":[{"not_picked":["NonDirectionalLaser","Acceleration"],"picked":"WitchOfGreed","floor":1},{"not_picked":["NonDirectionalLaser","SporeBomb"],"picked":"SatelliteIllusion","floor":2},{"not_picked":["MachineGunSpark","WitchOfGreed","WitchLeyline"],"picked":"SKIP","floor":4},{"not_picked":["GravityBeat","MilkyWay"],"picked":"ShootTheMoon","floor":6},{"not_picked":["GravityBeat","MilkyWay"],"picked":"StarDustReverie","floor":8},{"not_picked":["SprinkleStarSeal","MilkyWay"],"picked":"StarBarrage","floor":12},{"not_picked":["ShootingEcho","SporeBomb","MysteriousBeam"],"picked":"SKIP","floor":13},{"not_picked":["DC","MilkyWay","LuminesStrike"],"picked":"SKIP","floor":14},{"not_picked":["CasketOfStar","BinaryStars"],"picked":"TreasureHunter","floor":16},{"not_picked":["NonDirectionalLaser","GravityBeat","PowerUp"],"picked":"BlazeAway+1","floor":18},{"not_picked":["WitchOfGreed","NonDirectionalLaser","Acceleration"],"picked":"IllusionStar","floor":21},{"not_picked":["WitchLeyline","SprinkleStarSeal","MachineGunSpark"],"picked":"RefractionSpark+1","floor":22},{"not_picked":["Robbery","DarkSpark","DC"],"picked":"LuminesStrike","floor":24},{"not_picked":["OrrerysSun","6A+1","AlicesGift+1"],"picked":"IllusionStar+1","floor":27},{"not_picked":["TreasureHunter","Orbital+1","GrandCross+1"],"picked":"DeepEcoloBomb","floor":29},{"not_picked":["DoubleSpark","AsteroidBelt+1","OpenUniverse+1"],"picked":"Occultation+1","floor":31},{"not_picked":["BigCrunch+1","CasketOfStar","JA"],"picked":"SatelliteIllusion","floor":33},{"not_picked":["StarBarrage+1","PulseMagic+1","SporeBomb+1"],"picked":"EarthLightRay+1","floor":35},{"not_picked":["MeteoricShower","WitchLeyline+1","WitchOfGreed","GasGiant+1"],"picked":"SKIP","floor":38},{"not_picked":["MysteriousBeam","NonDirectionalLaser+1","OrrerysSun+1"],"picked":"EarthLightRay+1","floor":39},{"not_picked":["DoubleSpark","PowerUp+1","RefractionSpark"],"picked":"IllusionStar+1","floor":47},{"not_picked":["WitchOfGreed+1","FairyDestructionRay+1","6A+1"],"picked":"MaximisePower+1","floor":48}],"player_experience":1755018,"relics_obtained":[{"floor":6,"key":"conspire:DeflatedDodgeball"},{"floor":8,"key":"Replay:Rubber Ducky"},{"floor":9,"key":"reliquary:SilkGlove"},{"floor":24,"key":"aspiration:FrozenJewel"},{"floor":26,"key":"Counterbalance"},{"floor":27,"key":"Mirror"},{"floor":27,"key":"Toxic Egg 2"},{"floor":43,"key":"hubris:GlazedTorus"},{"floor":48,"key":"reliquary:Firecrackers"}],"event_choices":[{"damage_healed":0,"gold_gain":0,"player_choice":"Leave","damage_taken":0,"max_hp_gain":0,"max_hp_loss":0,"event_name":"conspire:Investor","floor":5,"gold_loss":0},{"damage_healed":0,"gold_gain":0,"player_choice":"Ignored","damage_taken":0,"max_hp_gain":0,"max_hp_loss":0,"event_name":"OrinTheCat","floor":36,"gold_loss":0},{"damage_healed":0,"gold_gain":0,"player_choice":"Embrace Madness","damage_taken":9,"max_hp_gain":0,"max_hp_loss":0,"event_name":"Winding Halls","floor":37,"gold_loss":0,"cards_obtained":["Madness","Madness"]}],"is_beta":false,"boss_relics":[{"not_picked":["Runic Dome","Replay:Ancient Bell"],"picked":"Honey Jar"},{"not_picked":["Ring of Chaos","energizedSpire:MagnifyingGlass"],"picked":"energizedSpire:DeadBattery"}],"items_purged_floors":[28,28,28,28,30],"is_endless":false,"potions_floor_spawned":[6,8,12,16,21,24,29,35,38],"ascension_level":1}}