{"host":"apr17x9d6644yr8l","time":1613540833,"event":{"mods":["BaseMod","Downfall","Hermit","Minty Spire (QoL Compilation)","StSLib","The Cursed","The Servant 0.9.4"],"gold_per_floor":[99,115,115,115,115,131,131,7,7,27,39,39,39,24,41,141,141,41,55,55,55,67,102,102,102,102,102,116,163,176,176,194,194,194,194],"floor_reached":33,"language":"ENG","playtime":2447,"items_purged":["champ:Strike"],"score":305,"play_id":"ef9eebb0-d794-4665-8f33-f49180ec6f91","local_time":"20210216214713","is_ascension_mode":false,"campfire_choices":[{"floor":1,"key":"RECALL"},{"data":"champ:Taunt","floor":9,"key":"SMITH"},{"data":"champ:StanceDance","floor":12,"key":"SMITH"},{"data":"champ:EndlessRage","floor":18,"key":"SMITH"},{"data":"champ:ShieldThrow","floor":25,"key":"SMITH"},{"data":"champ:MurderStrike","floor":27,"key":"SMITH"}],"circlet_count":0,"master_deck":["champ:Strike","champ:Strike","champ:Defend","champ:Defend","champ:Defend","champ:Execute","champ:Taunt+1","champ:RisingSlash","champ:CrookedStrike","champ:ShieldThrow+1","champ:EndlessRage+1","champ:StanceDance+1","champ:Duel","champ:VampiricStrike","champ:Encircle","champ:FocusedBerserking","champ:RapidStrikes+1","TheCursedMod:Dregs","champ:MurderStrike+1","champ:PreemptiveStrike","Parasite","champ:FaceSlap","Slimebound:CheckThePlaybook"],"relics":["champ:ChampionCrown","Ornamental Fan","Cursed Key","downfall:HeartBlessingRed","downfall:RedIOU","Mummified Hand","FossilizedHelix"],"acts_visited":["Exordium","TheCity"],"potions_floor_usage":[16,16,16,28,33],"damage_taken":[{"damage":25,"enemies":"Jaw Worm","floor":2,"turns":4},{"damage":15,"enemies":"2 Louse","floor":6,"turns":3},{"damage":21,"enemies":"downfall:FleeingMerchant","floor":8,"turns":4},{"damage":15,"enemies":"Cultist","floor":10,"turns":2},{"damage":15,"enemies":"Blue Slaver","floor":11,"turns":2},{"damage":46,"enemies":"downfall:FleeingMerchant","floor":14,"turns":4},{"damage":33,"enemies":"3 Louse","floor":15,"turns":4},{"damage":50,"enemies":"IC_STATUS_ARCHETYPE","floor":16,"turns":5},{"damage":26,"enemies":"Chosen","floor":19,"turns":4},{"damage":36,"enemies":"Spheric Guardian","floor":22,"turns":3},{"damage":56,"enemies":"Book of Stabbing","floor":23,"turns":4},{"damage":39,"enemies":"3 Cultists","floor":28,"turns":4},{"damage":36,"enemies":"Chosen and Byrds","floor":30,"turns":5},{"damage":16,"enemies":"Snecko","floor":32,"turns":2},{"damage":75,"enemies":"WA_ARCHETYPE_CALM","floor":33,"turns":5}],"seed_played":"-3999790020668589046","potions_obtained":[{"floor":10,"key":"Ancient Potion"},{"floor":11,"key":"EssenceOfSteel"},{"floor":15,"key":"champ:TechniquePotion"},{"floor":23,"key":"DistilledChaos"},{"floor":28,"key":"bronze:BurnAndBuffPotion"}],"is_trial":false,"path_per_floor":["R","M","?","T","?","M","T","$","R","M","M","R","?","$","M","B",null,"R","M","?","?","M","E","T","R","?","R","M","T","M","?","M","B"],"character_chosen":"THE_CHAMP","items_purchased":["champ:EndlessRage"],"campfire_rested":0,"item_purchase_floors":[8],"current_hp_per_floor":[99,94,99,99,84,84,84,78,78,78,78,78,78,67,54,54,104,104,103,103,88,82,71,71,71,71,71,72,72,66,66,65,0,0,0],"gold":194,"neow_bonus":"TEN_PERCENT_HP_BONUS","is_daily":false,"chose_seed":false,"campfire_upgraded":5,"win_rate":0.0,"timestamp":1613540833,"path_taken":["R","M","?","?","?","M","T","$","R","M","?","R","?","$","M","BOSS","R","M","?","?","?","E","T","R","?","R","M","?","M","?","M","BOSS"],"items_purchased_type":["Card"],"build_version":"2020-12-22","purchased_purges":1,"victory":false,"max_hp_per_floor":[99,99,104,104,104,104,104,104,104,104,104,104,104,104,104,104,104,104,104,104,104,104,104,104,104,104,104,104,104,104,94,94,94,94,94],"card_choices":[{"not_picked":["champ:RecklessLeap","champ:Parry"],"picked":"champ:RisingSlash","floor":2},{"not_picked":["champ:PerfectedStrike","champ:EnGarde"],"picked":"champ:CrookedStrike","floor":6},{"not_picked":["champ:Shatter","champ:AdrenalArmor"],"picked":"champ:ShieldThrow","floor":8},{"not_picked":["champ:EnGarde","champ:PreemptiveStrike","champ:RecklessLeap"],"picked":"SKIP","floor":10},{"not_picked":["champ:Lariat","champ:FlashCut"],"picked":"champ:StanceDance","floor":11},{"not_picked":["champ:CalledShot","champ:CrownThrow"],"picked":"champ:Duel","floor":14},{"not_picked":["champ:BladeFlurry","champ:StanceDance","champ:Encircle"],"picked":"SKIP","floor":15},{"not_picked":["champ:HeavySlash","champ:ShieldThrow"],"picked":"champ:VampiricStrike","floor":16},{"not_picked":["champ:ArenaPreparation+1","champ:DefensiveShout"],"picked":"champ:Encircle","floor":19},{"not_picked":["champ:TornadoPunch+1","champ:IronFortress"],"picked":"champ:FocusedBerserking","floor":22},{"not_picked":["champ:Parry+1","champ:RecklessLeap"],"picked":"champ:RapidStrikes+1","floor":23},{"not_picked":["champ:Haymaker","champ:PreemptiveStrike","champ:TornadoPunch"],"picked":"SKIP","floor":28},{"not_picked":["champ:BringItOn","champ:TornadoPunch"],"picked":"champ:FaceSlap","floor":30},{"not_picked":["champ:Endure","champ:FancyFootwork","champ:Circumvent"],"picked":"SKIP","floor":32}],"player_experience":260079,"relics_obtained":[{"floor":4,"key":"Ornamental Fan"},{"floor":7,"key":"Akabeko"},{"floor":23,"key":"Mummified Hand"},{"floor":24,"key":"FossilizedHelix"}],"event_choices":[{"damage_healed":0,"gold_gain":0,"player_choice":"Donut","damage_taken":0,"max_hp_gain":5,"max_hp_loss":0,"event_name":"Big Fish","floor":3,"gold_loss":0},{"damage_healed":0,"gold_gain":0,"cards_transformed":["champ:Strike","champ:Defend"],"player_choice":"Became Test Subject","damage_taken":0,"max_hp_gain":0,"max_hp_loss":0,"event_name":"Drug Dealer","floor":26,"gold_loss":0,"cards_obtained":["champ:MurderStrike","champ:PreemptiveStrike"]}],"is_beta":false,"boss_relics":[{"not_picked":["SlaversCollar","Fusion Hammer"],"picked":"Cursed Key"}],"items_purged_floors":[8],"is_endless":false,"potions_floor_spawned":[10,11,15,23,28],"killed_by":"WA_ARCHETYPE_CALM","ascension_level":0}}