{"host":"vxgtqwpb0ulpisda","time":1613521928,"event":{"mods":["BaseMod","Bestiary","Minty Spire (QoL Compilation)","Relic Stats"],"gold_per_floor":[18,35,35,51,67,67,102,102,152,179,179,190,160,178,178,273,273,288,305,324,336,350,385,8,340,365,365,365,365,365],"floor_reached":29,"language":"ENG","playtime":2224,"items_purged":[],"score":385,"play_id":"35e76c44-cb0d-4762-8cac-d3d175471ea6","local_time":"20210216193208","is_ascension_mode":true,"campfire_choices":[{"data":"Blur","floor":6,"key":"SMITH"},{"floor":8,"key":"REST"},{"floor":15,"key":"REST"},{"floor":27,"key":"REST"}],"circlet_count":0,"master_deck":["Defend_G+1","Defend_G+1","Defend_G","Defend_G","Defend_G","Survivor","Neutralize+1","Backflip","Blur+1","Footwork","Deadly Poison","After Image","Crippling Poison","Cloak And Dagger","PiercingWail","Wraith Form v2","Cloak And Dagger","Cloak And Dagger","Deadly Poison","Catalyst","Accuracy","Bouncing Flask","Well Laid Plans","Backflip","Bite","Bite","Bite","Bite","Bite"],"relics":["Ring of the Snake","Mercury Hourglass","War Paint","Art of War","Philosopher\u0027s Stone","Tiny Chest","StoneCalendar","Old Coin"],"acts_visited":["Exordium","TheCity"],"potions_floor_usage":[5,16,20,21,22,22,23,25,29],"damage_taken":[{"damage":10,"enemies":"Cultist","floor":1,"turns":6},{"damage":0,"enemies":"2 Louse","floor":2,"turns":2},{"damage":3,"enemies":"Small Slimes","floor":4,"turns":6},{"damage":12,"enemies":"Gremlin Gang","floor":5,"turns":14},{"damage":3,"enemies":"Lagavulin","floor":7,"turns":11},{"damage":40,"enemies":"Gremlin Nob","floor":10,"turns":6},{"damage":0,"enemies":"Blue Slaver","floor":12,"turns":5},{"damage":0,"enemies":"Looter","floor":14,"turns":4},{"damage":6,"enemies":"Slime Boss","floor":16,"turns":17},{"damage":2,"enemies":"Spheric Guardian","floor":18,"turns":8},{"damage":10,"enemies":"3 Byrds","floor":19,"turns":5},{"damage":7,"enemies":"Snecko","floor":20,"turns":8},{"damage":3,"enemies":"Shelled Parasite and Fungi","floor":21,"turns":8},{"damage":0,"enemies":"Cultist and Chosen","floor":22,"turns":8},{"damage":13,"enemies":"Gremlin Leader","floor":23,"turns":10},{"damage":16,"enemies":"Book of Stabbing","floor":25,"turns":7},{"damage":50,"enemies":"Slavers","floor":29,"turns":3}],"seed_played":"3663676559759194812","potions_obtained":[{"floor":2,"key":"Weak Potion"},{"floor":12,"key":"SkillPotion"},{"floor":13,"key":"Dexterity Potion"},{"floor":13,"key":"EntropicBrew"},{"floor":14,"key":"Fire Potion"},{"floor":19,"key":"BlessingOfTheForge"},{"floor":20,"key":"Regen Potion"},{"floor":22,"key":"ColorlessPotion"}],"is_trial":false,"path_per_floor":["M","M","?","M","M","R","E","R","T","E","?","M","?","M","R","B",null,"M","M","M","M","M","E","$","E","T","R","?","E"],"character_chosen":"THE_SILENT","items_purchased":["StoneCalendar","Well Laid Plans"],"campfire_rested":3,"item_purchase_floors":[24,24],"current_hp_per_floor":[53,53,53,50,38,38,35,56,56,16,16,16,16,16,37,31,60,58,48,41,53,53,40,40,24,24,45,45,0,0],"gold":365,"neow_bonus":"REMOVE_TWO","is_daily":false,"chose_seed":false,"campfire_upgraded":1,"win_rate":0.0,"timestamp":1613521928,"path_taken":["M","M","?","?","?","R","E","R","T","E","?","M","?","?","R","BOSS","M","?","M","M","M","E","$","E","T","R","?","E"],"items_purchased_type":["Relic","Card"],"build_version":"2020-12-22","purchased_purges":0,"victory":false,"max_hp_per_floor":[70,70,70,70,70,70,70,70,70,70,70,70,70,70,70,70,70,70,70,70,70,70,70,70,70,70,70,49,49,49],"relic_stats":{"counters":[17,127],"Tiny Chest":0,"StoneCalendar":[37],"Art of War":[20],"War Paint":["Defend_G","Defend_G"],"obtain_stats":[{"Philosopher\u0027s Stone":17,"Tiny Chest":23,"StoneCalendar":24,"Art of War":10,"War Paint":9,"Ring of the Snake":0,"Mercury Hourglass":7,"Old Coin":25},{"Philosopher\u0027s Stone":9,"Tiny Chest":15,"StoneCalendar":15,"Art of War":6,"War Paint":5,"Ring of the Snake":0,"Mercury Hourglass":5,"Old Coin":16},{"Philosopher\u0027s Stone":71,"Tiny Chest":117,"StoneCalendar":117,"Art of War":45,"War Paint":39,"Ring of the Snake":0,"Mercury Hourglass":39,"Old Coin":124}],"Ring of the Snake":[34],"Mercury Hourglass":[373]},"card_choices":[{"not_picked":["Dodge and Roll","Dagger Throw"],"picked":"Backflip","floor":1},{"not_picked":["Slice","Deflect"],"picked":"Blur","floor":2},{"not_picked":["Prepared","Catalyst"],"picked":"Footwork","floor":4},{"not_picked":["Distraction","Underhanded Strike"],"picked":"Deadly Poison","floor":5},{"not_picked":["Acrobatics","Footwork"],"picked":"After Image","floor":7},{"not_picked":["Flechettes","Endless Agony"],"picked":"Crippling Poison","floor":10},{"not_picked":["Poisoned Stab","Acrobatics"],"picked":"Cloak And Dagger","floor":12},{"not_picked":["Backstab","Dodge and Roll"],"picked":"PiercingWail","floor":14},{"not_picked":["Night Terror","Envenom"],"picked":"Wraith Form v2","floor":16},{"not_picked":["Riddle With Holes","Poisoned Stab"],"picked":"Cloak And Dagger","floor":18},{"not_picked":["Dodge and Roll+1","Bane"],"picked":"Cloak And Dagger","floor":19},{"not_picked":["Sucker Punch","PiercingWail"],"picked":"Deadly Poison","floor":20},{"not_picked":["Leg Sweep","PiercingWail"],"picked":"Catalyst","floor":21},{"not_picked":["Dodge and Roll","Noxious Fumes"],"picked":"Accuracy","floor":22},{"not_picked":["Expertise","PiercingWail"],"picked":"Bouncing Flask","floor":23},{"not_picked":["Eviscerate","Finisher"],"picked":"Backflip","floor":25}],"player_experience":408418,"relics_obtained":[{"floor":7,"key":"Mercury Hourglass"},{"floor":9,"key":"War Paint"},{"floor":10,"key":"Art of War"},{"floor":23,"key":"Tiny Chest"},{"floor":25,"key":"Old Coin"}],"event_choices":[{"damage_healed":0,"gold_gain":0,"player_choice":"Forge","damage_taken":0,"max_hp_gain":0,"max_hp_loss":0,"event_name":"Accursed Blacksmith","floor":3,"gold_loss":0,"cards_upgraded":["Neutralize"]},{"damage_healed":0,"gold_gain":0,"player_choice":"Ignored","damage_taken":0,"max_hp_gain":0,"max_hp_loss":0,"event_name":"Shining Light","floor":11,"gold_loss":0},{"damage_healed":0,"gold_gain":0,"player_choice":"Bought 2 Potions","damage_taken":0,"max_hp_gain":0,"max_hp_loss":0,"event_name":"The Woman in Blue","floor":13,"gold_loss":0},{"damage_healed":0,"gold_gain":0,"player_choice":"Became a vampire","damage_taken":0,"max_hp_gain":0,"max_hp_loss":21,"event_name":"Vampires","floor":28,"gold_loss":0,"cards_obtained":["Bite","Bite","Bite","Bite","Bite"]}],"is_beta":false,"boss_relics":[{"not_picked":["Runic Dome","Astrolabe"],"picked":"Philosopher\u0027s Stone"}],"items_purged_floors":[],"is_endless":false,"potions_floor_spawned":[2,12,14,19,20,22],"killed_by":"Slavers","ascension_level":6}}