{"host":"en4narc5947t7k9n","time":1613568207,"event":{"mods":["AchievementEnabler","BaseMod","Colored Map","Minty Spire (QoL Compilation)","SuperFastMode"],"gold_per_floor":[115,64,64,80,93,120,120,120,120,120,146,111,126,146,146,248,248,260,260,20,31,31,66,66,66,66,66,79,89,107,123,123,222,222,237,13,313,39,56,89,104,114,137,137,169,169,169,17,17,17],"floor_reached":51,"language":"KOR","playtime":3229,"items_purged":["Strike_G"],"score":785,"play_id":"cc93f9b8-5483-4276-aa60-11e3b32fb8e0","local_time":"20210217222327","is_ascension_mode":false,"campfire_choices":[{"floor":7,"key":"REST"},{"data":"Crippling Poison","floor":10,"key":"SMITH"},{"data":"After Image","floor":15,"key":"SMITH"},{"data":"Terror","floor":24,"key":"SMITH"},{"data":"Neutralize","floor":27,"key":"SMITH"},{"data":"Deflect","floor":32,"key":"SMITH"},{"data":"Deadly Poison","floor":44,"key":"SMITH"},{"data":"Survivor","floor":47,"key":"SMITH"},{"data":"Noxious Fumes","floor":49,"key":"SMITH"}],"circlet_count":0,"master_deck":["Strike_G","Strike_G","Strike_G","Defend_G","Defend_G","Defend_G","Defend_G","Defend_G","Survivor+1","Neutralize+1","Deadly Poison+1","Deflect+1","Noxious Fumes+1","Crippling Poison+1","Terror+1","After Image+1","Distraction+1","Blur+1","Venomology+1","Blade Dance+1","Enlightenment+1","PiercingWail+1","Phantasmal Killer+1","All Out Attack+1","Trip+1","Crippling Poison+1","Slice+1","Deflect+1","Adrenaline+1","Riddle With Holes+1","Bouncing Flask+1","Blade Dance+1","Acrobatics+1","Blade Dance+1","Backstab+1","Bane+1"],"relics":["Ring of the Snake","Pen Nib","Pantograph","Kunai","Singing Bowl","Toxic Egg 2","Coffee Dripper","Potion Belt","Bronze Scales","Bottled Lightning","Black Star","TwistedFunnel","Snake Skull","HornCleat","Molten Egg 2","Bag of Preparation","Mercury Hourglass","Pear"],"acts_visited":["Exordium","TheCity","TheBeyond"],"potions_floor_usage":[18,18,21,28,28,29,30,31,33,33,33,39,40,40,41,42,45,50,50,50],"damage_taken":[{"damage":1,"enemies":"Jaw Worm","floor":1,"turns":6},{"damage":0,"enemies":"Cultist","floor":4,"turns":5},{"damage":0,"enemies":"2 Louse","floor":5,"turns":3},{"damage":56,"enemies":"Gremlin Nob","floor":6,"turns":6},{"damage":20,"enemies":"3 Sentries","floor":11,"turns":10},{"damage":1,"enemies":"Looter","floor":13,"turns":3},{"damage":13,"enemies":"Exordium Wildlife","floor":14,"turns":5},{"damage":15,"enemies":"Slime Boss","floor":16,"turns":12},{"damage":0,"enemies":"Shell Parasite","floor":18,"turns":6},{"damage":0,"enemies":"Spheric Guardian","floor":21,"turns":4},{"damage":0,"enemies":"Book of Stabbing","floor":23,"turns":7},{"damage":22,"enemies":"3 Cultists","floor":28,"turns":5},{"damage":0,"enemies":"Sentry and Sphere","floor":29,"turns":3},{"damage":5,"enemies":"Centurion and Healer","floor":30,"turns":4},{"damage":3,"enemies":"3 Cultists","floor":31,"turns":4},{"damage":36,"enemies":"Collector","floor":33,"turns":8},{"damage":0,"enemies":"Orb Walker","floor":35,"turns":3},{"damage":7,"enemies":"3 Shapes","floor":39,"turns":3},{"damage":27,"enemies":"Nemesis","floor":40,"turns":7},{"damage":0,"enemies":"Spire Growth","floor":41,"turns":4},{"damage":3,"enemies":"3 Darklings","floor":42,"turns":3},{"damage":13,"enemies":"Giant Head","floor":45,"turns":6},{"damage":2,"enemies":"Donu and Deca","floor":50,"turns":7}],"seed_played":"2768590338184963896","potions_obtained":[{"floor":11,"key":"SpeedPotion"},{"floor":14,"key":"FearPotion"},{"floor":16,"key":"AttackPotion"},{"floor":18,"key":"DuplicationPotion"},{"floor":28,"key":"Fruit Juice"},{"floor":31,"key":"Weak Potion"},{"floor":33,"key":"BlessingOfTheForge"},{"floor":39,"key":"FearPotion"}],"is_trial":false,"path_per_floor":["M","$","?","M","M","E","R","?","T","R","E","?","M","M","R","B",null,"M","?","$","M","?","E","R","?","T","R","M","M","M","M","R","B",null,"M","$","?","$","M","E","M","M","T","R","E","?","R","$","R","B",null],"character_chosen":"THE_SILENT","items_purchased":["Deflect","Potion Belt","Enlightenment+1","TwistedFunnel","Bouncing Flask+1","Snake Skull","Blade Dance+1","GhostInAJar","SteroidPotion"],"campfire_rested":1,"item_purchase_floors":[2,20,20,36,36,38,38,48,48],"current_hp_per_floor":[69,69,69,69,69,13,34,31,31,31,11,28,27,14,14,24,70,70,70,70,70,70,70,70,58,58,58,41,41,36,35,35,24,77,77,77,77,77,70,43,43,40,40,40,39,39,39,39,39,62],"gold":17,"neow_bonus":"RANDOM_COMMON_RELIC","is_daily":false,"chose_seed":false,"campfire_upgraded":8,"win_rate":0.0,"timestamp":1613568207,"path_taken":["M","$","?","?","M","E","R","?","T","R","E","?","M","M","R","BOSS","M","?","$","M","?","E","R","?","T","R","?","M","?","M","R","BOSS","M","$","?","$","?","E","M","M","T","R","E","?","R","$","R","BOSS"],"items_purchased_type":["Card","Relic","Card","Relic","Card","Relic","Card","Potion","Potion"],"build_version":"2020-12-22","purchased_purges":1,"victory":true,"max_hp_per_floor":[70,70,70,70,70,70,70,70,70,70,70,70,70,70,70,70,70,70,70,70,70,70,70,70,70,70,70,75,75,75,77,77,77,77,77,77,77,77,77,77,77,77,77,77,89,89,89,89,89,89],"card_choices":[{"not_picked":["PiercingWail","Prepared"],"picked":"Deadly Poison","floor":1},{"not_picked":["Endless Agony","Flying Knee"],"picked":"Noxious Fumes","floor":4},{"not_picked":["Tactician","Deadly Poison"],"picked":"Crippling Poison","floor":5},{"not_picked":["Quick Slash","Choke"],"picked":"Terror","floor":6},{"not_picked":["Deflect+1","Bane"],"picked":"After Image","floor":11},{"not_picked":["Escape Plan+1","Slice"],"picked":"Distraction+1","floor":13},{"not_picked":["Dagger Throw","Poisoned Stab"],"picked":"Blur+1","floor":14},{"not_picked":["Doppelganger+1","Night Terror+1"],"picked":"Venomology+1","floor":16},{"not_picked":["Acrobatics+1","Reflex+1"],"picked":"Blade Dance+1","floor":18},{"not_picked":["Quick Slash","Predator"],"picked":"PiercingWail+1","floor":21},{"not_picked":["Blur+1","PiercingWail+1"],"picked":"All Out Attack+1","floor":23},{"not_picked":["Bane","Quick Slash+1"],"picked":"Crippling Poison+1","floor":28},{"not_picked":["Dodge and Roll+1","Bullet Time+1"],"picked":"Slice","floor":29},{"not_picked":["Deadly Poison+1","Caltrops"],"picked":"Deflect+1","floor":30},{"not_picked":["Heel Hook","Footwork","Dagger Throw"],"picked":"Singing Bowl","floor":31},{"not_picked":["Burst+1","Venomology+1"],"picked":"Adrenaline+1","floor":33},{"not_picked":["Backflip+1","Outmaneuver+1"],"picked":"Riddle With Holes+1","floor":35},{"not_picked":["Dagger Throw","Poisoned Stab"],"picked":"Acrobatics+1","floor":39},{"not_picked":["Blur+1","Expertise+1"],"picked":"Blade Dance+1","floor":40},{"not_picked":["Noxious Fumes","Acrobatics+1"],"picked":"Backstab+1","floor":41},{"not_picked":["Poisoned Stab+1","Predator+1"],"picked":"Bane+1","floor":42},{"not_picked":["Acrobatics+1","Adrenaline+1","Eviscerate+1"],"picked":"Singing Bowl","floor":45}],"player_experience":38258,"relics_obtained":[{"floor":6,"key":"Pantograph"},{"floor":9,"key":"Singing Bowl"},{"floor":11,"key":"Toxic Egg 2"},{"floor":23,"key":"Bronze Scales"},{"floor":26,"key":"Bottled Lightning"},{"floor":40,"key":"HornCleat"},{"floor":40,"key":"Molten Egg 2"},{"floor":43,"key":"Bag of Preparation"},{"floor":45,"key":"Mercury Hourglass"},{"floor":45,"key":"Pear"}],"event_choices":[{"cards_removed":["Strike_G"],"damage_healed":0,"gold_gain":0,"player_choice":"Offered Basic","damage_taken":0,"max_hp_gain":0,"max_hp_loss":0,"event_name":"Bonfire Elementals","floor":3,"gold_loss":0},{"damage_healed":0,"gold_gain":0,"player_choice":"Success","damage_taken":3,"relics_obtained":["Kunai"],"max_hp_gain":0,"max_hp_loss":0,"event_name":"Scrap Ooze","floor":8,"gold_loss":0},{"damage_healed":17,"gold_gain":0,"player_choice":"Healed","damage_taken":0,"max_hp_gain":0,"max_hp_loss":0,"event_name":"The Cleric","floor":12,"gold_loss":35},{"damage_healed":0,"gold_gain":0,"player_choice":"Ignored","damage_taken":0,"max_hp_gain":0,"max_hp_loss":0,"event_name":"Vampires","floor":19,"gold_loss":0},{"damage_healed":0,"gold_gain":0,"player_choice":"Read","damage_taken":0,"max_hp_gain":0,"max_hp_loss":0,"event_name":"The Library","floor":22,"gold_loss":0,"cards_obtained":["Phantasmal Killer"]},{"damage_healed":0,"gold_gain":0,"player_choice":"CARD ","damage_taken":12,"max_hp_gain":0,"max_hp_loss":0,"event_name":"Knowing Skull","floor":25,"potions_obtained":[],"gold_loss":0,"cards_obtained":["Trip"]},{"damage_healed":0,"gold_gain":300,"player_choice":"Gold","damage_taken":0,"max_hp_gain":0,"max_hp_loss":0,"event_name":"Wheel of Change","floor":37,"gold_loss":0},{"damage_healed":0,"gold_gain":0,"player_choice":"Upgraded","damage_taken":0,"max_hp_gain":0,"max_hp_loss":0,"event_name":"Upgrade Shrine","floor":46,"gold_loss":0,"cards_upgraded":["Slice"]}],"is_beta":false,"boss_relics":[{"not_picked":["SlaversCollar","HoveringKite"],"picked":"Coffee Dripper"},{"not_picked":["Fusion Hammer","Calling Bell"],"picked":"Black Star"}],"items_purged_floors":[38],"is_endless":false,"potions_floor_spawned":[11,14,16,18,28,31,33,39],"ascension_level":0}}