{"host":"zefmhu9ryehjj4p1","time":1613587879,"event":{"mods":["100% Spire Juice","2.2 Compatiblity","Act Like it!","Aspiration","BaseMod","Beaked The Cultist","Better Note","CapriCore","Colored Powertips","Conspire","DeckTracker","Downfall","Ekko","Elementarium","Friendly Minions","Gensokyo","Hallownest","Hermit","Highlight Path","Hubris","Infinite Spire","Koishi","Luminous","Marisa????????","Minty Spire (QoL Compilation)","Random Character Button","Reimu??????","Reliquary","Replay The Spire","Ruina","Shade Mod","Shapeshifter Mod","StSLib","The Administrix","The Blue Laboratory","The Bug Knight","The Construct","The Cursed","The Gatherer","The Hierophant","The Immortal","The Judge","The Jungle","The Marked","The Mystic","The Runesmith","The Senshi","The Servant 0.9.4","The Vixen","The Wild Card","TheBandit","TheVacant","Wandering Minibosses"],"gold_per_floor":[109,189,189,204,64,99,119,119,119,119,119,119,139,158,170,170,170,277,277,293,293,293,293,319,319,319,338,386,409,409,424,424,454,454,466,466],"floor_reached":35,"language":"ENG","playtime":1379,"items_purged":[],"score":325,"play_id":"561156de-4ddf-43c0-ac8e-acd600df2115","local_time":"20210217195119","is_ascension_mode":false,"campfire_choices":[{"data":"StSShapeShifter:CosmicShifter","floor":8,"key":"SMITH"},{"floor":17,"key":"REST"},{"data":"StSShapeShifter:GoldenBerries","floor":25,"key":"SMITH"},{"data":"StSShapeShifter:UnicornForm","floor":34,"key":"SMITH"}],"circlet_count":0,"master_deck":["StSShapeShifter:ShapeShifter_Defend","StSShapeShifter:ShapeShifter_Defend","StSShapeShifter:ShapeShifter_Defend","StSShapeShifter:ShapeShifter_Defend","StSShapeShifter:ShapeShifter_Defend","StSShapeShifter:Tortoise_Form","StSShapeShifter:Lynx_Form","StSShapeShifter:Garden+1","StSShapeShifter:GoldenBerries+1","StSShapeShifter:PantherForm","StSShapeShifter:Bonk","StSShapeShifter:OakBlade","StSShapeShifter:CosmicShifter+1","StSShapeShifter:FoxForm","StSShapeShifter:BarkSkin","StSShapeShifter:BloomingSlash","Bite","Bite","Bite","Bite","Bite","StSShapeShifter:UnicornForm+1"],"relics":["StSShapeShifter:AnimalHeart","StSShapeShifter:TheShapeShiftersMagnolia","NeowsBlessing","Durian","infinitespire:PuzzleCube","Odd Mushroom","StSShapeShifter:LemurHeaddress","MutagenicStrength","Replay:Rubber Ducky","theSenshi:SailorFukuRelic"],"acts_visited":["Exordium","TheCity"],"potions_floor_usage":[],"damage_taken":[{"damage":0,"enemies":"Small Slimes","floor":1,"turns":1},{"damage":0,"enemies":"Jaw Worm","floor":4,"turns":1},{"damage":0,"enemies":"Lagavulin","floor":6,"turns":1},{"damage":0,"enemies":"2 Louse","floor":7,"turns":6},{"damage":20,"enemies":"The Mushroom Lair","floor":13,"turns":5},{"damage":17,"enemies":"Large Slime","floor":14,"turns":4},{"damage":31,"enemies":"Exordium Wildlife","floor":15,"turns":4},{"damage":56,"enemies":"The Guardian","floor":18,"turns":11},{"damage":14,"enemies":"3 Byrds","floor":20,"turns":4},{"damage":7,"enemies":"2 Thieves","floor":24,"turns":3},{"damage":12,"enemies":"conspire:HollyBat","floor":27,"turns":9},{"damage":21,"enemies":"Cultist and Chosen","floor":29,"turns":8},{"damage":10,"enemies":"Centurion and Healer","floor":31,"turns":4},{"damage":23,"enemies":"conspire:SneckoGhost","floor":33,"turns":8},{"damage":76,"enemies":"Automaton","floor":35,"turns":6}],"seed_played":"-4816433877640486665","potions_obtained":[{"floor":4,"key":"Swift Potion"},{"floor":6,"key":"FearPotion"},{"floor":13,"key":"PowerPotion"}],"is_trial":false,"path_per_floor":["M","?","?","M","$","E","M","R","T","?","PTL","PTL","?","M","M","$","R","B",null,"M","?","$","?","M","R","?","M","T","M","?","M","$","E","R","B"],"character_chosen":"SHAPESHIFTER","items_purchased":["StSShapeShifter:PantherForm","StSShapeShifter:Bonk"],"campfire_rested":1,"item_purchase_floors":[5,5],"current_hp_per_floor":[78,78,78,78,78,83,83,83,83,83,83,83,70,61,36,36,60,12,83,74,74,74,74,67,67,58,58,58,46,46,46,46,47,47,0,0],"gold":466,"neow_bonus":"THREE_ENEMY_KILL","is_daily":false,"chose_seed":false,"campfire_upgraded":3,"win_rate":0.0,"timestamp":1613587879,"path_taken":["M","?","?","M","?","E","M","R","T","?","PTL","PTL","?","M","?","?","R","BOSS","M","?","$","?","M","R","?","?","T","M","?","M","?","E","R","BOSS"],"items_purchased_type":["Card","Card"],"build_version":"2020-12-22","purchased_purges":0,"victory":false,"max_hp_per_floor":[78,78,78,78,78,83,83,83,83,83,83,83,83,83,83,83,83,83,83,83,83,83,83,83,83,58,58,58,58,58,58,58,58,58,58,58],"card_choices":[{"not_picked":["StSShapeShifter:FallingLeaves","StSShapeShifter:Consume"],"picked":"StSShapeShifter:Garden","floor":1},{"not_picked":["StSShapeShifter:VileMushroom","StSShapeShifter:IntimidatingAura"],"picked":"StSShapeShifter:GoldenBerries","floor":4},{"not_picked":["StSShapeShifter:Maul","StSShapeShifter:PoisonIvy"],"picked":"StSShapeShifter:OakBlade","floor":6},{"not_picked":["StSShapeShifter:ThrashAbout","StSShapeShifter:SunflowerShuriken"],"picked":"StSShapeShifter:CosmicShifter","floor":7},{"not_picked":["StSShapeShifter:EntForm","StSShapeShifter:RockSlide"],"picked":"StSShapeShifter:FoxForm","floor":13},{"not_picked":["StSShapeShifter:VineHandcuffs","StSShapeShifter:FlowerShield"],"picked":"StSShapeShifter:BarkSkin","floor":14},{"not_picked":["StSShapeShifter:FlowerShield","StSShapeShifter:PantherForm","StSShapeShifter:BladeOfGrass"],"picked":"SKIP","floor":15},{"not_picked":["StSShapeShifter:WolfForm","StSShapeShifter:SunflowerShuriken"],"picked":"StSShapeShifter:BloomingSlash","floor":20},{"not_picked":["StSShapeShifter:Garden","StSShapeShifter:MonkeyForm","StSShapeShifter:ClimbTree"],"picked":"SKIP","floor":24},{"not_picked":["StSShapeShifter:Rest","StSShapeShifter:HippoForm+1","StSShapeShifter:ThrashAbout+1"],"picked":"SKIP","floor":27},{"not_picked":["StSShapeShifter:OakBlade","StSShapeShifter:BurstOfLifeEscapeDeath","StSShapeShifter:Maul"],"picked":"SKIP","floor":29},{"not_picked":["StSShapeShifter:FlowerShield","StSShapeShifter:SunflowerShuriken+1","StSShapeShifter:Roar"],"picked":"SKIP","floor":31},{"not_picked":["StSShapeShifter:SpiritOfTheEarth","StSShapeShifter:BulwarkOfDiscovery","StSShapeShifter:EntForm+1"],"picked":"SKIP","floor":33}],"player_experience":190941,"relics_obtained":[{"floor":6,"key":"Durian"},{"floor":9,"key":"infinitespire:PuzzleCube"},{"floor":13,"key":"Odd Mushroom"},{"floor":28,"key":"Replay:Rubber Ducky"},{"floor":33,"key":"theSenshi:SailorFukuRelic"}],"event_choices":[{"damage_healed":0,"gold_gain":0,"player_choice":"Grow","damage_taken":0,"max_hp_gain":0,"max_hp_loss":0,"event_name":"Living Wall","floor":3,"gold_loss":0,"cards_upgraded":["StSShapeShifter:Garden"]},{"damage_healed":0,"gold_gain":0,"player_choice":"Fought Mushrooms","damage_taken":0,"max_hp_gain":0,"max_hp_loss":0,"event_name":"Mushrooms","floor":13,"gold_loss":0},{"damage_healed":0,"gold_gain":0,"player_choice":"Ignored","damage_taken":0,"max_hp_gain":0,"max_hp_loss":0,"event_name":"betterNote:BetterNote","floor":21,"gold_loss":0,"cards_obtained":["hexamod:BurningTouch"]},{"damage_healed":0,"gold_gain":0,"player_choice":"Inject Mutagens","damage_taken":0,"relics_obtained":["MutagenicStrength"],"max_hp_gain":0,"max_hp_loss":0,"event_name":"Drug Dealer","floor":23,"gold_loss":0},{"damage_healed":0,"gold_gain":0,"player_choice":"Became a vampire","damage_taken":0,"max_hp_gain":0,"max_hp_loss":25,"event_name":"Vampires","floor":26,"gold_loss":0,"cards_obtained":["Bite","Bite","Bite","Bite","Bite"]}],"is_beta":false,"boss_relics":[{"not_picked":["reliquary:RedCape","conspire:SeveredTorchhead"],"picked":"StSShapeShifter:LemurHeaddress"}],"items_purged_floors":[],"is_endless":false,"potions_floor_spawned":[4,6,13,29,31],"killed_by":"Automaton","ascension_level":0}}