{"host":"qgrlfjrqk9z96gfi","time":1613543967,"event":{"mods":["BaseMod","Block Reminder","Colored Map","Custom Start","DeckTracker","Minty Spire (QoL Compilation)"],"gold_per_floor":[216,491,125,150,169,221,24,24,75,75,119,182,240,276,276,374,374,409,36,36,36,51,51,76,76,100,181,225,100,138,177,177,274,274,284,284,302,328,198,198,250,250,318,368,368,49,49,49,49,99,99,99],"floor_reached":51,"language":"ENG","playtime":1879,"items_purged":["Regret","Strike_G","Strike_G"],"score":1423,"play_id":"7eeea23b-684f-494d-a0be-f2681a3e7c37","local_time":"20210216203927","is_ascension_mode":true,"campfire_choices":[{"data":"HandOfGreed","floor":8.0,"key":"SMITH"},{"data":"Footwork","floor":10.0,"key":"SMITH"},{"data":"Blade Dance","floor":15.0,"key":"SMITH"},{"floor":23.0,"key":"REST"},{"floor":25.0,"key":"REST"},{"floor":32.0,"key":"REST"},{"data":"Bullet Time","floor":40.0,"key":"SMITH"},{"data":"Footwork","floor":42.0,"key":"SMITH"},{"floor":49.0,"key":"RECALL"}],"circlet_count":0,"master_deck":["AscendersBane","Strike_G+1","Strike_G","Strike_G","Defend_G","Defend_G","Defend_G","Defend_G","Defend_G","Survivor","Neutralize+1","Footwork+1","Terror","Slice","HandOfGreed+1","Dagger Spray","Calculated Gamble","PiercingWail","Leg Sweep","Blade Dance+1","Bullet Time+1","Slice+1","Backflip","Footwork+1","Cloak And Dagger","Deadly Poison+1","Leg Sweep","Malaise","Well Laid Plans","Endless Agony","Backflip+1","Adrenaline"],"relics":["Ring of the Snake","Vajra","Whetstone","Bag of Preparation","Regal Pillow","Eternal Feather","Black Star","Shuriken","Tiny Chest","PreservedInsect","Omamori","Toy Ornithopter","Centennial Puzzle","WristBlade","Singing Bowl","Nunchaku","Question Card","Happy Flower","Potion Belt","Lee\u0027s Waffle","HornCleat"],"acts_visited":["Exordium","TheCity","TheBeyond"],"potions_floor_usage":[50],"damage_taken":[{"damage":0.0,"enemies":"Jaw Worm","floor":1.0,"turns":6.0},{"damage":0.0,"enemies":"Cultist","floor":5.0,"turns":4.0},{"damage":15.0,"enemies":"3 Sentries","floor":6.0,"turns":5.0},{"damage":2.0,"enemies":"Small Slimes","floor":11.0,"turns":2.0},{"damage":7.0,"enemies":"Exordium Wildlife","floor":12.0,"turns":6.0},{"damage":2.0,"enemies":"Gremlin Nob","floor":13.0,"turns":3.0},{"damage":0.0,"enemies":"Red Slaver","floor":14.0,"turns":3.0},{"damage":34.0,"enemies":"Slime Boss","floor":16.0,"turns":8.0},{"damage":26.0,"enemies":"3 Byrds","floor":18.0,"turns":9.0},{"damage":15.0,"enemies":"Spheric Guardian","floor":22.0,"turns":4.0},{"damage":49.0,"enemies":"Book of Stabbing","floor":24.0,"turns":7.0},{"damage":9.0,"enemies":"Slavers","floor":27.0,"turns":5.0},{"damage":9.0,"enemies":"Snecko","floor":28.0,"turns":7.0},{"damage":4.0,"enemies":"Snake Plant","floor":30.0,"turns":5.0},{"damage":19.0,"enemies":"Shelled Parasite and Fungi","floor":31.0,"turns":5.0},{"damage":43.0,"enemies":"Automaton","floor":33.0,"turns":10.0},{"damage":11.0,"enemies":"3 Darklings","floor":35.0,"turns":5.0},{"damage":12.0,"enemies":"Orb Walker","floor":37.0,"turns":4.0},{"damage":19.0,"enemies":"Nemesis","floor":41.0,"turns":5.0},{"damage":27.0,"enemies":"Giant Head","floor":44.0,"turns":6.0},{"damage":79,"enemies":"Awakened One","floor":50,"turns":18},{"damage":8,"enemies":"Donu and Deca","floor":51,"turns":2}],"seed_played":"-8868024729705505836","potions_obtained":[{"floor":1.0,"key":"SteroidPotion"},{"floor":5.0,"key":"Block Potion"},{"floor":11.0,"key":"FearPotion"},{"floor":24.0,"key":"DuplicationPotion"},{"floor":31.0,"key":"PowerPotion"},{"floor":33.0,"key":"CunningPotion"},{"floor":36.0,"key":"DuplicationPotion"},{"floor":44.0,"key":"Explosive Potion"}],"is_trial":false,"path_per_floor":["M","?","$","T","M","E","$","R","T","R","M","M","E","M","R","B",null,"M","$","?","?","M","R","E","R","T","E","M","$","M","M","R","B",null,"M","?","M","T","$","R","E","R","T","E","?","$","?","T","R","B","B"],"character_chosen":"THE_SILENT","items_purchased":["Terror","Slice","HandOfGreed","Bag of Preparation","Calculated Gamble","Shuriken","Well Laid Plans","Endless Agony","Adrenaline","Lee\u0027s Waffle"],"campfire_rested":3,"item_purchase_floors":[3,3,3,7,7,19,39,39,46,46],"current_hp_per_floor":[59,59,59,59,59,44,44,44,44,44,42,35,33,33,45,11,52,26,26,20,20,5,54,5,54,54,45,36,36,32,13,62,23,55,44,44,32,32,32,50,33,51,51,29,29,75,75,75,75,1,0,0],"gold":99,"neow_bonus":"HUNDRED_GOLD","is_daily":false,"chose_seed":false,"campfire_upgraded":5,"win_rate":0.0,"timestamp":1613543967,"path_taken":["M","?","$","?","M","E","?","R","T","R","M","M","E","M","R","BOSS","M","$","?","?","M","R","E","R","T","E","M","$","M","?","R","BOSS","M","?","?","?","$","R","E","R","T","E","?","$","?","?","R","BOSS","BOSS"],"items_purchased_type":["Card","Card","Card","Relic","Card","Relic","Card","Card","Card","Relic"],"build_version":"2020-12-22","purchased_purges":3,"victory":false,"max_hp_per_floor":[66,66,66,66,66,66,66,66,66,66,66,66,66,66,66,66,66,66,66,66,66,66,66,66,66,66,66,66,66,66,66,66,66,66,66,66,66,66,66,66,68,68,68,68,68,75,75,75,75,75,75,75],"card_choices":[{"not_picked":["Escape Plan","Riddle With Holes"],"picked":"Footwork","floor":1.0},{"not_picked":["Distraction","Outmaneuver"],"picked":"Dagger Spray","floor":5.0},{"not_picked":["Flechettes","Deflect","Acrobatics"],"picked":"SKIP","floor":6.0},{"not_picked":["Deflect","Acrobatics"],"picked":"PiercingWail","floor":11.0},{"not_picked":["Crippling Poison","Outmaneuver","Masterful Stab"],"picked":"SKIP","floor":12.0},{"not_picked":["Flying Knee","PiercingWail"],"picked":"Leg Sweep","floor":13.0},{"not_picked":["Poisoned Stab","Setup"],"picked":"Blade Dance","floor":14.0},{"not_picked":["Envenom","Doppelganger"],"picked":"Bullet Time","floor":16.0},{"not_picked":["Acrobatics","Outmaneuver"],"picked":"Slice+1","floor":18.0},{"not_picked":["Deflect","Flechettes"],"picked":"Backflip","floor":22.0},{"not_picked":["Calculated Gamble","Prepared"],"picked":"Footwork","floor":24.0},{"not_picked":["Flechettes","Catalyst","Flying Knee"],"picked":"SKIP","floor":27.0},{"not_picked":["Escape Plan+1","Corpse Explosion"],"picked":"Cloak And Dagger","floor":28.0},{"not_picked":["Bane","Expertise"],"picked":"Deadly Poison+1","floor":30.0},{"not_picked":["Deadly Poison","Accuracy"],"picked":"Leg Sweep","floor":31.0},{"not_picked":["Night Terror","Unload"],"picked":"Malaise","floor":33.0},{"not_picked":["Flechettes","Bane","Deadly Poison"],"picked":"SKIP","floor":35.0},{"not_picked":["Backflip","Finisher+1","Acrobatics"],"picked":"SKIP","floor":37.0},{"not_picked":["Deadly Poison+1","Crippling Poison","Flying Knee"],"picked":"Singing Bowl","floor":41.0},{"not_picked":["Die Die Die","Quick Slash","Underhanded Strike"],"picked":"Backflip+1","floor":44.0}],"player_experience":1155710,"relics_obtained":[{"floor":4.0,"key":"Vajra"},{"floor":6.0,"key":"Whetstone"},{"floor":9.0,"key":"Regal Pillow"},{"floor":13.0,"key":"Eternal Feather"},{"floor":24.0,"key":"Tiny Chest"},{"floor":24.0,"key":"PreservedInsect"},{"floor":26.0,"key":"Omamori"},{"floor":27.0,"key":"Toy Ornithopter"},{"floor":27.0,"key":"Centennial Puzzle"},{"floor":41.0,"key":"Singing Bowl"},{"floor":41.0,"key":"Nunchaku"},{"floor":43.0,"key":"Question Card"},{"floor":44.0,"key":"Happy Flower"},{"floor":44.0,"key":"Potion Belt"},{"floor":48.0,"key":"HornCleat"}],"event_choices":[{"damage_healed":0.0,"max_hp_gain":0.0,"max_hp_loss":0.0,"gold_gain":275.0,"event_name":"Golden Shrine","player_choice":"Desecrate","floor":2.0,"gold_loss":0.0,"damage_taken":0.0,"cards_obtained":["Regret"]},{"damage_healed":0.0,"max_hp_gain":0.0,"max_hp_loss":0.0,"gold_gain":0.0,"event_name":"Nest","player_choice":"Joined the Cult","floor":20.0,"gold_loss":0.0,"damage_taken":6.0,"cards_obtained":["RitualDagger"]},{"damage_healed":0.0,"max_hp_gain":0.0,"max_hp_loss":0.0,"gold_gain":0.0,"event_name":"Vampires","player_choice":"Ignored","floor":21.0,"gold_loss":0.0,"damage_taken":0.0},{"damage_healed":0.0,"max_hp_gain":0.0,"max_hp_loss":0.0,"gold_gain":0.0,"event_name":"Lab","player_choice":"Got Potions","floor":36.0,"gold_loss":0.0,"damage_taken":0.0},{"damage_healed":0.0,"max_hp_gain":0.0,"max_hp_loss":0.0,"gold_gain":0.0,"event_name":"The Moai Head","player_choice":"Ignored","floor":45.0,"gold_loss":0.0,"damage_taken":0.0},{"cards_removed":["RitualDagger"],"damage_healed":0.0,"max_hp_gain":0.0,"max_hp_loss":0.0,"gold_gain":0.0,"event_name":"Falling","player_choice":"Removed Attack","floor":47.0,"gold_loss":0.0,"damage_taken":0.0}],"is_beta":false,"boss_relics":[{"not_picked":["Empty Cage","Snecko Eye"],"picked":"Black Star"},{"not_picked":["Tiny House","Velvet Choker"],"picked":"WristBlade"}],"items_purged_floors":[3,19,29],"is_endless":false,"potions_floor_spawned":[1,5,11,24,31,33,41,44],"killed_by":"Donu and Deca","ascension_level":20}}