{"host":"72n3jwtrlpjobydj","time":1613604697,"event":{"mods":["AchievementEnabler","BaseMod","CapriCore","DeckTracker","Hermit","Koishi","KomeijiMod","Lobotomy","Marisa£¨Ùöéë¡¡Øª×âÞÞ£©","Minty Spire (QoL Compilation)","Permanent Neow","StSLib","SuperFastMode","The Cursed","The Hierophant","The Immortal"],"gold_per_floor":[214,164,17,36,47,81,81,99,99,99,199,199,216,226,226,326,326,346,357,109,120,137,137,170,170,170,170,181,207,217,250,250,250,250],"floor_reached":33,"language":"KOR","playtime":862,"items_purged":["Defend_R","Bash"],"score":359,"play_id":"8f87e1c7-e7c4-4f5b-b39c-04343c45abc7","local_time":"20210218083137","is_ascension_mode":false,"campfire_choices":[{"floor":10,"key":"REST"},{"data":"Perfected Strike","floor":12,"key":"SMITH"},{"data":"Flex","floor":15,"key":"SMITH"},{"floor":23,"key":"REST"},{"floor":25,"key":"REST"},{"data":"Perfected Strike","floor":27,"key":"SMITH"},{"floor":32,"key":"REST"}],"circlet_count":0,"master_deck":["Strike_R","Strike_R","Strike_R","Strike_R","Strike_R","Defend_R","Defend_R","Wild Strike","Pommel Strike","Perfected Strike+1","Flex+1","Pommel Strike","Impervious","Perfected Strike+1","Pommel Strike+1","Perfected Strike"],"relics":["Burning Blood","Meat on the Bone","Bottled Flame","Black Star","Bag of Marbles","Eternal Feather","Strawberry","Pear","Anchor","Blue Candle","Ornamental Fan","Ice Cream"],"acts_visited":["Exordium","TheCity"],"potions_floor_usage":[16,16,16,16,16,16,24,29,29,31,31],"damage_taken":[{"damage":1,"enemies":"Cultist","floor":1,"turns":3},{"damage":1,"enemies":"2 Louse","floor":4,"turns":2},{"damage":7,"enemies":"Small Slimes","floor":5,"turns":3},{"damage":35,"enemies":"3 Sentries","floor":6,"turns":8},{"damage":15,"enemies":"Looter","floor":8,"turns":3},{"damage":0,"enemies":"2 Fungi Beasts","floor":13,"turns":2},{"damage":8,"enemies":"Exordium Wildlife","floor":14,"turns":3},{"damage":43,"enemies":"The Guardian","floor":16,"turns":5},{"damage":25,"enemies":"2 Thieves","floor":18,"turns":5},{"damage":10,"enemies":"Spheric Guardian","floor":19,"turns":3},{"damage":16,"enemies":"Snake Plant","floor":21,"turns":3},{"damage":8,"enemies":"Snecko","floor":22,"turns":3},{"damage":78,"enemies":"Gremlin Leader","floor":24,"turns":4},{"damage":41,"enemies":"Shelled Parasite and Fungi","floor":28,"turns":4},{"damage":33,"enemies":"Slavers","floor":29,"turns":4},{"damage":15,"enemies":"3 Cultists","floor":30,"turns":4},{"damage":0,"enemies":"Book of Stabbing","floor":31,"turns":2},{"damage":102,"enemies":"Champ","floor":33,"turns":9}],"seed_played":"80187795115229866","potions_obtained":[{"floor":1,"key":"FearPotion"},{"floor":6,"key":"EntropicBrew"},{"floor":8,"key":"DistilledChaos"},{"floor":16,"key":"AttackPotion"},{"floor":21,"key":"BloodPotion"},{"floor":22,"key":"PowerPotion"},{"floor":28,"key":"Weak Potion"},{"floor":29,"key":"UndeadPotion"},{"floor":30,"key":"DuplicationPotion"}],"is_trial":false,"path_per_floor":["M","?","$","M","M","E","$","M","T","R","?","R","M","M","R","B",null,"M","M","$","M","M","R","E","R","T","R","M","E","M","E","R","B"],"character_chosen":"IRONCLAD","items_purchased":["Wild Strike","Pommel Strike","Bag of Marbles"],"campfire_rested":4,"item_purchase_floors":[3,3,20],"current_hp_per_floor":[80,80,80,80,79,50,50,53,53,77,77,77,80,78,78,53,80,61,57,57,47,57,80,40,75,85,94,59,44,47,65,97,0,0],"gold":250,"neow_bonus":"HUNDRED_GOLD","is_daily":false,"chose_seed":false,"campfire_upgraded":3,"win_rate":0.0,"timestamp":1613604697,"path_taken":["M","?","$","M","M","E","$","M","T","R","?","R","?","M","R","BOSS","M","M","$","?","M","R","E","R","T","R","M","E","M","E","R","BOSS"],"items_purchased_type":["Card","Card","Relic"],"build_version":"2020-12-22","purchased_purges":2,"victory":false,"max_hp_per_floor":[80,80,80,80,80,80,80,80,80,80,80,80,80,80,80,80,80,80,80,80,80,80,80,87,87,97,97,97,97,97,97,97,97,97],"card_choices":[{"not_picked":["Flame Barrier","Sword Boomerang","Inflame"],"picked":"SKIP","floor":1},{"not_picked":["Rupture","Anger","Bloodletting"],"picked":"SKIP","floor":4},{"not_picked":["Spot Weakness","Warcry","Havoc"],"picked":"SKIP","floor":5},{"not_picked":["Heavy Blade","Infernal Blade"],"picked":"Perfected Strike","floor":6},{"not_picked":["Dropkick","Blood for Blood"],"picked":"Flex","floor":8},{"not_picked":["Ghostly Armor","Twin Strike"],"picked":"Pommel Strike","floor":13},{"not_picked":["Heavy Blade","Dark Embrace","Body Slam"],"picked":"SKIP","floor":14},{"not_picked":["Brutality","Demon Form"],"picked":"Impervious","floor":16},{"not_picked":["Bloodletting","Evolve+1","Sword Boomerang+1"],"picked":"SKIP","floor":18},{"not_picked":["Headbutt+1","Body Slam"],"picked":"Perfected Strike","floor":19},{"not_picked":["Second Wind","Cleave","Iron Wave+1"],"picked":"SKIP","floor":21},{"not_picked":["Body Slam+1","Havoc"],"picked":"Pommel Strike+1","floor":22},{"not_picked":["Clothesline","Sword Boomerang","Blood for Blood+1"],"picked":"SKIP","floor":24},{"not_picked":["Anger","Reckless Charge","Sword Boomerang+1"],"picked":"SKIP","floor":28},{"not_picked":["Armaments","Shrug It Off"],"picked":"Perfected Strike","floor":29},{"not_picked":["Sentinel","Flex","Sword Boomerang"],"picked":"SKIP","floor":30},{"not_picked":["Combust+1","Bloodletting","Warcry"],"picked":"SKIP","floor":31}],"player_experience":68449,"relics_obtained":[{"floor":6,"key":"Meat on the Bone"},{"floor":9,"key":"Bottled Flame"},{"floor":24,"key":"Eternal Feather"},{"floor":24,"key":"Strawberry"},{"floor":26,"key":"Pear"},{"floor":29,"key":"Anchor"},{"floor":29,"key":"Blue Candle"},{"floor":31,"key":"Ornamental Fan"},{"floor":31,"key":"Ice Cream"}],"event_choices":[{"cards_removed":["Defend_R"],"damage_healed":0,"gold_gain":0,"player_choice":"Card Removal","damage_taken":0,"max_hp_gain":0,"max_hp_loss":0,"event_name":"The Cleric","floor":2,"gold_loss":50},{"damage_healed":0,"gold_gain":100,"player_choice":"Pray","damage_taken":0,"max_hp_gain":0,"max_hp_loss":0,"event_name":"Golden Shrine","floor":11,"gold_loss":0}],"is_beta":false,"boss_relics":[{"not_picked":["Coffee Dripper","Astrolabe"],"picked":"Black Star"}],"items_purged_floors":[3,20],"is_endless":false,"potions_floor_spawned":[1,6,8,16,21,22,28,29,30],"killed_by":"Champ","ascension_level":0}}