{"host":"iovigr651ajk16h5","time":1613587162,"event":{"mods":["2.2 Compatiblity","AchievementEnabler","Aspiration","BaseMod","Better Altar","Better Match","Better Note","Better Sensory Stone","Better Skull","Better Third Choice","Block Reminder","Colored Map","Ekko","Energized Spire","GifTheSpireLib","GungeonMod","Halation","Hermit","Highlight Path","Hubris","Infinite Spire","Koishi","Luminous","Marisa????????","Minty Spire (QoL Compilation)","Nova Terra(??·??)","Onozuka Komachi Mod","Permanent Neow","Prisma Mod","Quick Restart","Railgun Mod","Remilia??????","Replay The Spire","StSLib","Stuff the Spire","Td1madao Mod","The Administrix","The Bladedancer","The Bug Knight","The Construct","The Marked","TheSwordswoman","Trackpad","Waifu the Spire","WarShipGirlsR/????R mod","everything is the same but u backflip on backflip"],"gold_per_floor":[113,113,113,132,132,160,3,3,3,22,22,56,69,87,87,187,187,197,197,22,22,41,41,41,41,117,127,141,175,175,195,195,291,291,305,60,60,60,60,60,76,36,59,76,92,92,92,92],"floor_reached":47,"language":"ENG","playtime":2086,"items_purged":["ekkoTheBoyWhoShatteredTime:Defend","ekkoTheBoyWhoShatteredTime:Defend"],"score":478,"play_id":"95f6385c-d4a7-4475-b8bd-f7617d45de32","local_time":"20210217133922","is_ascension_mode":false,"campfire_choices":[{"data":"ekkoTheBoyWhoShatteredTime:CommittedStrike","floor":8.0,"key":"SMITH"},{"floor":15.0,"key":"REST"},{"floor":23.0,"key":"REST"},{"floor":25.0,"key":"RECALL"},{"floor":32.0,"key":"REST"},{"floor":40.0,"key":"REST"}],"circlet_count":0,"master_deck":["ekkoTheBoyWhoShatteredTime:Strike","ekkoTheBoyWhoShatteredTime:Strike","ekkoTheBoyWhoShatteredTime:Strike","ekkoTheBoyWhoShatteredTime:Strike","ekkoTheBoyWhoShatteredTime:Strike","ekkoTheBoyWhoShatteredTime:TimeMaster","ekkoTheBoyWhoShatteredTime:Powered","ekkoTheBoyWhoShatteredTime:PhaseDive+1","ekkoTheBoyWhoShatteredTime:RecallingPunch","ekkoTheBoyWhoShatteredTime:CommittedStrike+1","ekkoTheBoyWhoShatteredTime:LevelUp","ekkoTheBoyWhoShatteredTime:PulsefirePooling+1","ekkoTheBoyWhoShatteredTime:WideSlice","ekkoTheBoyWhoShatteredTime:HextechProtobelt","ekkoTheBoyWhoShatteredTime:QuickBreak","ekkoTheBoyWhoShatteredTime:ZhonyasHourglass","ekkoTheBoyWhoShatteredTime:Backtrack+1","ekkoTheBoyWhoShatteredTime:CommittedStrike+1","ekkoTheBoyWhoShatteredTime:PhaseDive+1","ekkoTheBoyWhoShatteredTime:SneakHit+1","ekkoTheBoyWhoShatteredTime:CommittedStrike+1","ekkoTheBoyWhoShatteredTime:KeepingMomentum","ekkoTheBoyWhoShatteredTime:AfterimageDualStroke","infinitespire:Menacing","ekkoTheBoyWhoShatteredTime:HailOfBlades","ekkoTheBoyWhoShatteredTime:AcademyAttraction","ekkoTheBoyWhoShatteredTime:AfterimageTease+1","ekkoTheBoyWhoShatteredTime:Backtrack+1","ekkoTheBoyWhoShatteredTime:NeedlesslyLargeRod+1","ekkoTheBoyWhoShatteredTime:Dash+1"],"relics":["ekkoTheBoyWhoShatteredTime:zDriveResonance","HollowMod:StagPassRelic","Replay:Rubber Ducky","halation:Prosthetics","Quantum Egg","ReplayTheSpireMod:Lightbulb","halation:LoveArrow","hubris:SlimyHat","infinitespire:EvilPickle","trackpad:Mousetrap"],"acts_visited":["Exordium","TheCity","TheBeyond"],"potions_floor_usage":[],"damage_taken":[{"damage":0.0,"enemies":"Small Slimes","floor":1.0,"turns":3.0},{"damage":0.0,"enemies":"2 Louse","floor":4.0,"turns":2.0},{"damage":12.0,"enemies":"Lagavulin","floor":6.0,"turns":4.0},{"damage":0.0,"enemies":"Cultist","floor":10.0,"turns":2.0},{"damage":14.0,"enemies":"Gremlin Nob","floor":12.0,"turns":3.0},{"damage":0.0,"enemies":"3 Louse","floor":13.0,"turns":1.0},{"damage":3.0,"enemies":"Blue Slaver","floor":14.0,"turns":2.0},{"damage":46.0,"enemies":"Hexaghost","floor":16.0,"turns":7.0},{"damage":0.0,"enemies":"Spheric Guardian","floor":18.0,"turns":2.0},{"damage":15.0,"enemies":"Chosen and Byrds","floor":22.0,"turns":5.0},{"damage":0.0,"enemies":"Snake Plant","floor":27.0,"turns":3.0},{"damage":0.0,"enemies":"Snecko","floor":28.0,"turns":4.0},{"damage":0.0,"enemies":"Replay:Snechameleon","floor":29.0,"turns":2.0},{"damage":14.0,"enemies":"Centurion and Healer","floor":31.0,"turns":3.0},{"damage":11.0,"enemies":"Pondfish","floor":33.0,"turns":4.0},{"damage":17.0,"enemies":"3 Shapes","floor":35.0,"turns":3.0},{"damage":25.0,"enemies":"3 Darklings","floor":41.0,"turns":4.0},{"damage":0.0,"enemies":"Spire Growth","floor":44.0,"turns":3.0},{"damage":6.0,"enemies":"Writhing Mass","floor":45.0,"turns":4.0},{"damage":2,"enemies":"Giant Head","floor":47,"turns":5}],"seed_played":"-3812194730243324322","potions_obtained":[{"floor":1.0,"key":"Weak Potion"},{"floor":10.0,"key":"SteroidPotion"},{"floor":13.0,"key":"SkillPotion"},{"floor":14.0,"key":"ColorlessPotion"},{"floor":22.0,"key":"ColorlessPotion"},{"floor":28.0,"key":"SkillPotion"},{"floor":41.0,"key":"BlessingOfTheForge"},{"floor":45.0,"key":"Toxic Potion"}],"is_trial":false,"path_per_floor":["M","?","?","M","?","E","$","R","T","M","?","E","M","M","R","B",null,"M","?","$","?","M","R","AVR","R","T","M","M","E","?","M","R","B",null,"M","$","?","?","?","R","M","$","T","M","M","AVR","E"],"character_chosen":"EKKO_THE_BOY_WHO_SHATTERED_TIME","items_purchased":["ekkoTheBoyWhoShatteredTime:PulsefirePooling","ekkoTheBoyWhoShatteredTime:CommittedStrike","ekkoTheBoyWhoShatteredTime:PhaseDive","hubris:SlimyHat","ekkoTheBoyWhoShatteredTime:NeedlesslyLargeRod+1"],"campfire_rested":4,"item_purchase_floors":[7,20,20,36,42],"current_hp_per_floor":[78,78,78,78,78,66,66,66,66,66,66,52,52,49,72,26,43,43,43,43,43,28,40,40,40,40,40,40,40,40,26,38,27,43,26,26,26,26,26,38,13,13,13,13,7,7,5,5],"gold":92,"neow_bonus":"REMOVE_CARD","is_daily":false,"chose_seed":false,"campfire_upgraded":1,"win_rate":0.0,"timestamp":1613587162,"path_taken":["M","?","?","?","?","E","$","R","T","M","?","E","M","M","R","BOSS","M","?","$","?","M","R","AVR","R","T","M","M","E","?","M","R","BOSS","M","$","?","?","?","R","M","$","T","M","M","AVR","E"],"items_purchased_type":["Card","Card","Card","Relic","Card"],"build_version":"2020-12-22","purchased_purges":2,"victory":false,"max_hp_per_floor":[78,78,78,78,78,78,78,78,78,78,78,78,78,78,78,78,43,43,43,43,43,43,43,43,43,43,43,43,43,43,43,43,43,43,43,43,41,41,41,41,41,41,41,41,41,41,41,41],"card_choices":[{"not_picked":["ekkoTheBoyWhoShatteredTime:NashorsTooth","ekkoTheBoyWhoShatteredTime:NeedlesslyLargeRod"],"picked":"ekkoTheBoyWhoShatteredTime:PhaseDive","floor":1.0},{"not_picked":["ekkoTheBoyWhoShatteredTime:AfterimageBait","ekkoTheBoyWhoShatteredTime:HauntedAfterimage"],"picked":"ekkoTheBoyWhoShatteredTime:RecallingPunch","floor":4.0},{"not_picked":["ekkoTheBoyWhoShatteredTime:TrickOrTreatTrend","ekkoTheBoyWhoShatteredTime:SpHit"],"picked":"ekkoTheBoyWhoShatteredTime:LevelUp","floor":6.0},{"not_picked":["ekkoTheBoyWhoShatteredTime:HauntedAfterimage","ekkoTheBoyWhoShatteredTime:Disturblast","ekkoTheBoyWhoShatteredTime:TimeRecall"],"picked":"SKIP","floor":10.0},{"not_picked":["ekkoTheBoyWhoShatteredTime:URF","ekkoTheBoyWhoShatteredTime:MotivateCrowds"],"picked":"ekkoTheBoyWhoShatteredTime:WideSlice","floor":12.0},{"not_picked":["ekkoTheBoyWhoShatteredTime:AfterimageHit","ekkoTheBoyWhoShatteredTime:AfterimageBait"],"picked":"ekkoTheBoyWhoShatteredTime:HextechProtobelt","floor":13.0},{"not_picked":["ekkoTheBoyWhoShatteredTime:IcebornGauntlet","ekkoTheBoyWhoShatteredTime:Leap"],"picked":"ekkoTheBoyWhoShatteredTime:QuickBreak","floor":14.0},{"not_picked":["ekkoTheBoyWhoShatteredTime:SktSynergy","ekkoTheBoyWhoShatteredTime:ProjectPreference"],"picked":"ekkoTheBoyWhoShatteredTime:ZhonyasHourglass","floor":16.0},{"not_picked":["ekkoTheBoyWhoShatteredTime:HauntedAfterimage","ekkoTheBoyWhoShatteredTime:ItemsAfterimage"],"picked":"ekkoTheBoyWhoShatteredTime:Backtrack+1","floor":18.0},{"not_picked":["ekkoTheBoyWhoShatteredTime:NeedlesslyLargeRod","ekkoTheBoyWhoShatteredTime:Process"],"picked":"ekkoTheBoyWhoShatteredTime:SneakHit+1","floor":22.0},{"not_picked":["ekkoTheBoyWhoShatteredTime:HextechProtobelt+1","ekkoTheBoyWhoShatteredTime:AfterimageHit"],"picked":"ekkoTheBoyWhoShatteredTime:CommittedStrike+1","floor":27.0},{"not_picked":["ekkoTheBoyWhoShatteredTime:TimeRecall","ekkoTheBoyWhoShatteredTime:ProjectPreference"],"picked":"ekkoTheBoyWhoShatteredTime:KeepingMomentum","floor":28.0},{"not_picked":["ekkoTheBoyWhoShatteredTime:FeelLessPain+1","ekkoTheBoyWhoShatteredTime:WaitForKeyTiming"],"picked":"ekkoTheBoyWhoShatteredTime:AfterimageDualStroke","floor":29.0},{"not_picked":["ekkoTheBoyWhoShatteredTime:FeelLessPain+1","ekkoTheBoyWhoShatteredTime:Leap"],"picked":"ekkoTheBoyWhoShatteredTime:HailOfBlades","floor":31.0},{"not_picked":["ekkoTheBoyWhoShatteredTime:Unleashed","ekkoTheBoyWhoShatteredTime:SandstormSympathy"],"picked":"ekkoTheBoyWhoShatteredTime:AcademyAttraction","floor":33.0},{"not_picked":["ekkoTheBoyWhoShatteredTime:Process+1","ekkoTheBoyWhoShatteredTime:Leap+1"],"picked":"ekkoTheBoyWhoShatteredTime:AfterimageTease+1","floor":35.0},{"not_picked":["ekkoTheBoyWhoShatteredTime:NaggingBlow","ekkoTheBoyWhoShatteredTime:ComeAtMe"],"picked":"ekkoTheBoyWhoShatteredTime:Backtrack+1","floor":41.0},{"not_picked":["ekkoTheBoyWhoShatteredTime:SpHit+1","ekkoTheBoyWhoShatteredTime:ItemsAfterimage","ekkoTheBoyWhoShatteredTime:DodgeTraining+1"],"picked":"SKIP","floor":44.0},{"not_picked":["ekkoTheBoyWhoShatteredTime:VelocityConsuming","ekkoTheBoyWhoShatteredTime:Timewinder"],"picked":"ekkoTheBoyWhoShatteredTime:Dash+1","floor":45.0}],"player_experience":348463,"relics_obtained":[{"floor":6.0,"key":"HollowMod:StagPassRelic"},{"floor":12.0,"key":"Replay:Rubber Ducky"},{"floor":26.0,"key":"Quantum Egg"},{"floor":29.0,"key":"ReplayTheSpireMod:Lightbulb"},{"floor":43.0,"key":"trackpad:Mousetrap"}],"event_choices":[{"damage_healed":0.0,"max_hp_gain":0.0,"max_hp_loss":0.0,"gold_gain":0.0,"event_name":"Living Wall","player_choice":"Grow","floor":2.0,"gold_loss":0.0,"damage_taken":0.0,"cards_upgraded":["ekkoTheBoyWhoShatteredTime:PhaseDive"]},{"cards_removed":["ekkoTheBoyWhoShatteredTime:Defend"],"damage_healed":0.0,"max_hp_gain":0.0,"max_hp_loss":0.0,"gold_gain":0.0,"event_name":"Purifier","player_choice":"Purged","floor":3.0,"gold_loss":0.0,"damage_taken":0.0},{"damage_healed":0.0,"max_hp_gain":0.0,"max_hp_loss":0.0,"gold_gain":0.0,"event_name":"FaceTrader","player_choice":"Leave","floor":19.0,"gold_loss":0.0,"damage_taken":0.0},{"cards_removed":["ekkoTheBoyWhoShatteredTime:ZhonyasHourglass"],"damage_healed":0.0,"max_hp_gain":0.0,"max_hp_loss":0.0,"gold_gain":0.0,"event_name":"betterNote:BetterNote","player_choice":"Take \u0026 Give","floor":30.0,"gold_loss":0.0,"damage_taken":0.0,"cards_obtained":["infinitespire:Menacing"]},{"damage_healed":0.0,"max_hp_gain":0.0,"max_hp_loss":2.0,"gold_gain":0.0,"event_name":"Winding Halls","player_choice":"Max HP","floor":37.0,"gold_loss":0.0,"damage_taken":0.0},{"damage_healed":0.0,"max_hp_gain":0.0,"max_hp_loss":0.0,"gold_gain":0.0,"event_name":"Mysterious Sphere","player_choice":"Ignored","floor":38.0,"gold_loss":0.0,"damage_taken":0.0}],"is_beta":false,"boss_relics":[{"not_picked":["halation:PinkAlligatorPlush","hubris:Stopwatch"],"picked":"halation:Prosthetics"},{"not_picked":["trackpad:StolenKidneys","Pandora\u0027s Box"],"picked":"halation:LoveArrow"}],"items_purged_floors":[20,36],"is_endless":false,"potions_floor_spawned":[1,10,13,14,16,22,28,41,45],"killed_by":"Giant Head","ascension_level":0}}