{"host":"5wwct7e0z3l0f094","time":1613593130,"event":{"mods":["AchievementEnabler","BaseMod","Downfall","Highlight Path","Minty Spire (QoL Compilation)","SOS???????","StSLib","SuperFastMode","The Wild Card","???Mod??????Boss"],"gold_per_floor":[131,131,131,131,131,162,162,203,203,278,313,313,367,416,416,416,416],"floor_reached":16,"language":"ENG","playtime":577,"items_purged":[],"score":166,"play_id":"f2e6d4e3-3ad4-4fcb-9d23-1b14668197a8","local_time":"20210217151850","is_ascension_mode":false,"campfire_choices":[{"floor":12,"key":"REST"},{"data":"Redorb","floor":15,"key":"SMITH"}],"circlet_count":0,"master_deck":["Attack_a","Attack_a","Attack_b","Shoot","Shoot","Provocation","Defend_Dante","Defend_Dante","Defend_Dante","Redorb+1","Swordmaster","Gilgamesh","Parasite","Swordcombo"],"relics":["SSS","Combocheck","NeowsBlessing","Letter Opener","Eternal Feather","White Beast Statue","Frozen Egg 2"],"acts_visited":["Exordium"],"potions_floor_usage":[16,16],"damage_taken":[{"damage":0,"enemies":"Jaw Worm","floor":1,"turns":1},{"damage":0,"enemies":"Gremlin Nob","floor":6,"turns":1},{"damage":0,"enemies":"3 Sentries","floor":8,"turns":2},{"damage":53,"enemies":"Lagavulin","floor":11,"turns":8},{"damage":0,"enemies":"2 Louse","floor":13,"turns":3},{"damage":1,"enemies":"Small Slimes","floor":14,"turns":4},{"damage":71,"enemies":"Hexaghost","floor":16,"turns":9}],"seed_played":"-2375887999196206248","potions_obtained":[{"floor":8,"key":"Strength Potion"},{"floor":11,"key":"Strength Potion"},{"floor":13,"key":"Fire Potion"},{"floor":14,"key":"Regen Potion"}],"is_trial":false,"path_per_floor":["M","?","?","$","?","E","?","E","T","?","E","R","M","M","R","B"],"character_chosen":"DANTE","items_purchased":[],"campfire_rested":1,"item_purchase_floors":[],"current_hp_per_floor":[80,80,80,80,73,73,80,80,80,69,16,46,46,45,51,0,0],"gold":416,"neow_bonus":"THREE_ENEMY_KILL","is_daily":false,"chose_seed":false,"campfire_upgraded":1,"win_rate":0.0,"timestamp":1613593130,"path_taken":["M","?","?","$","?","E","?","E","T","?","E","R","M","?","R","BOSS"],"items_purchased_type":[],"build_version":"2020-12-22","purchased_purges":0,"victory":false,"max_hp_per_floor":[80,80,80,80,80,80,80,80,80,80,80,80,80,80,80,80,80],"card_choices":[{"not_picked":["Dash1","Dash2"],"picked":"Swordmaster","floor":1},{"not_picked":["LucifercomboD","VitalstarM"],"picked":"Gilgamesh","floor":6},{"not_picked":["Splesh","BeastUppercut"],"picked":"Swordcombo","floor":8},{"not_picked":["GilgameshcomboA","BeastUppercut","Dash1"],"picked":"SKIP","floor":11},{"not_picked":["Airhike","Dash2","Ecstasy"],"picked":"SKIP","floor":13},{"not_picked":["Doubleshoot","Splesh","Airhike"],"picked":"SKIP","floor":14}],"player_experience":342163,"relics_obtained":[{"floor":6,"key":"Letter Opener"},{"floor":8,"key":"Eternal Feather"},{"floor":9,"key":"White Beast Statue"},{"floor":11,"key":"Frozen Egg 2"}],"event_choices":[{"damage_healed":0,"gold_gain":0,"player_choice":"Leave","damage_taken":0,"max_hp_gain":0,"max_hp_loss":0,"event_name":"The Cleric","floor":2,"gold_loss":0},{"cards_removed":["Defend_Dante"],"damage_healed":0,"gold_gain":0,"player_choice":"Card Removal","damage_taken":7,"max_hp_gain":0,"max_hp_loss":0,"event_name":"Golden Wing","floor":5,"gold_loss":0},{"damage_healed":20,"gold_gain":0,"player_choice":"Healed and dodged fight","damage_taken":0,"max_hp_gain":0,"max_hp_loss":0,"event_name":"Mushrooms","floor":7,"gold_loss":0,"cards_obtained":["Parasite"]},{"damage_healed":0,"gold_gain":75,"player_choice":"Gather Gold","damage_taken":11,"max_hp_gain":0,"max_hp_loss":0,"event_name":"World of Goop","floor":10,"gold_loss":0}],"is_beta":false,"boss_relics":[],"items_purged_floors":[],"is_endless":false,"potions_floor_spawned":[8,11,13,14],"killed_by":"Hexaghost","ascension_level":0}}