{"host":"en4narc5947t7k9n","time":1613540042,"event":{"mods":["AchievementEnabler","BaseMod","Colored Map","Minty Spire (QoL Compilation)","SuperFastMode"],"gold_per_floor":[363,383,47,59,69,104,104,104,128,143,143,50,66,78,78,78,78],"floor_reached":16,"language":"KOR","playtime":1242,"items_purged":["Shame"],"score":104,"play_id":"6575e6c4-3462-4884-b47c-f0b65c000d11","local_time":"20210217143402","is_ascension_mode":false,"campfire_choices":[{"data":"Hemokinesis","floor":8,"key":"SMITH"},{"data":"Armaments","floor":11,"key":"SMITH"},{"data":"Blood for Blood","floor":15,"key":"SMITH"}],"circlet_count":0,"master_deck":["Strike_R","Strike_R","Strike_R","Strike_R","Strike_R","Defend_R","Defend_R","Defend_R","Defend_R","Bash","Dropkick","Cleave","Feel No Pain","Warcry","Hemokinesis+1","Armaments+1","Panacea","Pommel Strike","Blood for Blood+1"],"relics":["Burning Blood","Letter Opener","Red Skull","Ancient Tea Set"],"acts_visited":["Exordium"],"potions_floor_usage":[5,10],"damage_taken":[{"damage":10,"enemies":"Cultist","floor":1,"turns":4},{"damage":3,"enemies":"Small Slimes","floor":2,"turns":3},{"damage":8,"enemies":"Jaw Worm","floor":4,"turns":5},{"damage":45,"enemies":"Exordium Thugs","floor":5,"turns":7},{"damage":33,"enemies":"Gremlin Nob","floor":6,"turns":5},{"damage":3,"enemies":"2 Fungi Beasts","floor":10,"turns":3},{"damage":2,"enemies":"Large Slime","floor":13,"turns":5},{"damage":0,"enemies":"3 Louse","floor":14,"turns":1},{"damage":24,"enemies":"The Guardian","floor":16,"turns":3}],"seed_played":"-2330122636112795562","potions_obtained":[{"floor":1,"key":"DuplicationPotion"},{"floor":2,"key":"DistilledChaos"}],"is_trial":false,"path_per_floor":["M","M","$","M","M","E","$","R","T","M","R","$","M","M","R","B"],"character_chosen":"IRONCLAD","items_purchased":["Letter Opener","Panacea"],"campfire_rested":0,"item_purchase_floors":[3,12],"current_hp_per_floor":[76,79,79,77,38,11,11,11,11,14,14,14,18,24,24,0,0],"gold":78,"neow_bonus":"TWO_FIFTY_GOLD","is_daily":false,"chose_seed":false,"campfire_upgraded":3,"win_rate":0.0,"timestamp":1613540042,"path_taken":["M","M","$","M","?","E","?","R","T","M","R","$","M","?","R","BOSS"],"items_purchased_type":["Relic","Card"],"build_version":"2020-12-22","purchased_purges":1,"victory":false,"max_hp_per_floor":[80,80,80,80,80,80,80,80,80,80,80,80,80,80,80,80,80],"card_choices":[{"not_picked":["Perfected Strike","Power Through"],"picked":"Dropkick","floor":1},{"not_picked":["Flex","Iron Wave"],"picked":"Cleave","floor":2},{"not_picked":["Flex","Clash"],"picked":"Feel No Pain","floor":4},{"not_picked":["Twin Strike","Sentinel"],"picked":"Warcry","floor":5},{"not_picked":["Wild Strike","Dropkick"],"picked":"Hemokinesis","floor":6},{"not_picked":["Power Through","Pommel Strike"],"picked":"Armaments","floor":10},{"not_picked":["Wild Strike","Sever Soul"],"picked":"Pommel Strike","floor":13},{"not_picked":["Dark Embrace","Bloodletting"],"picked":"Blood for Blood","floor":14}],"player_experience":25717,"relics_obtained":[{"floor":6,"key":"Red Skull"},{"floor":9,"key":"Ancient Tea Set"}],"event_choices":[],"is_beta":false,"boss_relics":[],"items_purged_floors":[3],"is_endless":false,"potions_floor_spawned":[1,2],"killed_by":"The Guardian","ascension_level":0}}