{"host":"p9vmbvw2hh2n16dn","time":1613569886,"event":{"mods":["AchievementEnabler","BaseMod","Block Reminder","Minty Spire (QoL Compilation)","Relic Stats","SuperFastMode"],"gold_per_floor":[118,118,118,133,150,178,178,195,195,214,248,94,129,204,204,300,300,317,15,31,31,45,45,45],"floor_reached":23,"language":"ENG","playtime":938,"items_purged":[],"score":338,"play_id":"30d93313-b080-499c-90a1-d7481c7926ab","local_time":"20210217145126","is_ascension_mode":true,"campfire_choices":[{"data":"Neutralize","floor":7.0,"key":"SMITH"},{"floor":15.0,"key":"REST"}],"circlet_count":0,"master_deck":["AscendersBane","Strike_G","Strike_G","Strike_G","Strike_G","Strike_G","Defend_G","Defend_G","Defend_G","Defend_G","Defend_G","Survivor","Neutralize+1","Footwork","PiercingWail","Backflip","Quick Slash","Dagger Throw","Flying Knee","Envenom+1","Glass Knife","Escape Plan","Cloak And Dagger","Writhe"],"relics":["Busted Crown","Nunchaku","Bird Faced Urn","Frozen Egg 2","Bottled Tornado","Vajra","PreservedInsect","Black Star","Girya","The Courier"],"acts_visited":["Exordium","TheCity"],"potions_floor_usage":[23],"damage_taken":[{"damage":0.0,"enemies":"2 Louse","floor":1.0,"turns":5.0},{"damage":5.0,"enemies":"Jaw Worm","floor":4.0,"turns":5.0},{"damage":2.0,"enemies":"Small Slimes","floor":5.0,"turns":5.0},{"damage":19.0,"enemies":"3 Sentries","floor":6.0,"turns":13.0},{"damage":1.0,"enemies":"Blue Slaver","floor":8.0,"turns":5.0},{"damage":8.0,"enemies":"Exordium Thugs","floor":10.0,"turns":6.0},{"damage":9.0,"enemies":"Lagavulin","floor":11.0,"turns":9.0},{"damage":12.0,"enemies":"Gremlin Nob","floor":13.0,"turns":4.0},{"damage":16.0,"enemies":"Hexaghost","floor":16.0,"turns":12.0},{"damage":22.0,"enemies":"Spheric Guardian","floor":18.0,"turns":4.0},{"damage":5.0,"enemies":"Shell Parasite","floor":20.0,"turns":5.0},{"damage":19.0,"enemies":"Snake Plant","floor":22.0,"turns":5.0},{"damage":33,"enemies":"Gremlin Leader","floor":23,"turns":4}],"seed_played":"7291599669978429711","potions_obtained":[{"floor":5.0,"key":"Explosive Potion"},{"floor":8.0,"key":"SteroidPotion"},{"floor":11.0,"key":"AttackPotion"},{"floor":16.0,"key":"Explosive Potion"},{"floor":18.0,"key":"Poison Potion"}],"is_trial":false,"path_per_floor":["M","?","?","M","M","E","R","M","T","M","E","$","E","?","R","B",null,"M","$","M","?","M","E"],"character_chosen":"THE_SILENT","items_purchased":["Vajra","Girya"],"campfire_rested":1,"item_purchase_floors":[12,19],"current_hp_per_floor":[63,63,60,55,53,34,34,35,35,29,22,22,12,1,22,10,55,37,37,36,36,21,0,0],"gold":45,"neow_bonus":"BOSS_RELIC","is_daily":false,"chose_seed":false,"campfire_upgraded":1,"win_rate":0.0,"timestamp":1613569886,"path_taken":["M","?","?","M","M","E","R","M","T","M","E","?","E","?","R","BOSS","M","$","M","?","M","E"],"items_purchased_type":["Relic","Relic"],"build_version":"2020-12-22","purchased_purges":0,"victory":false,"max_hp_per_floor":[70,70,70,70,70,70,70,70,70,70,70,70,70,70,70,70,70,70,70,70,70,70,70,70],"relic_stats":{"Nunchaku":[16],"Busted Crown":24,"counters":[13,82],"Bird Faced Urn":[28],"PreservedInsect":46,"Black Star":0,"obtain_stats":[{"Girya":19,"Nunchaku":3,"Busted Crown":0,"Bird Faced Urn":6,"Vajra":12,"PreservedInsect":13,"The Courier":21,"Black Star":17,"Frozen Egg 2":9,"Bottled Tornado":11,"Ring of the Snake":0},{"Girya":10,"Nunchaku":1,"Busted Crown":0,"Bird Faced Urn":4,"Vajra":7,"PreservedInsect":8,"The Courier":11,"Black Star":9,"Frozen Egg 2":5,"Bottled Tornado":7,"Ring of the Snake":0},{"Girya":68,"Nunchaku":5,"Busted Crown":0,"Bird Faced Urn":28,"Vajra":48,"PreservedInsect":52,"The Courier":73,"Black Star":64,"Frozen Egg 2":33,"Bottled Tornado":48,"Ring of the Snake":0}]},"card_choices":[{"not_picked":["Outmaneuver"],"picked":"SKIP","floor":1.0},{"not_picked":[],"picked":"Footwork","floor":4.0},{"not_picked":["PiercingWail"],"picked":"SKIP","floor":5.0},{"not_picked":[],"picked":"PiercingWail","floor":5.0},{"not_picked":[],"picked":"Backflip","floor":6.0},{"not_picked":[],"picked":"Quick Slash","floor":8.0},{"not_picked":[],"picked":"Dagger Throw","floor":10.0},{"not_picked":[],"picked":"Flying Knee","floor":11.0},{"not_picked":[],"picked":"Envenom+1","floor":13.0},{"not_picked":[],"picked":"Glass Knife","floor":16.0},{"not_picked":[],"picked":"Escape Plan","floor":18.0},{"not_picked":[],"picked":"Cloak And Dagger","floor":20.0},{"not_picked":["Outmaneuver"],"picked":"SKIP","floor":22.0}],"player_experience":350327,"relics_obtained":[{"floor":6.0,"key":"Bird Faced Urn"},{"floor":9.0,"key":"Frozen Egg 2"},{"floor":11.0,"key":"Bottled Tornado"},{"floor":13.0,"key":"PreservedInsect"}],"event_choices":[{"damage_healed":0.0,"max_hp_gain":0.0,"max_hp_loss":0.0,"gold_gain":0.0,"event_name":"The Cleric","player_choice":"Leave","floor":2.0,"gold_loss":0.0,"damage_taken":0.0},{"damage_healed":0.0,"max_hp_gain":0.0,"max_hp_loss":0.0,"gold_gain":0.0,"event_name":"Scrap Ooze","player_choice":"Success","floor":3.0,"gold_loss":0.0,"damage_taken":3.0,"relics_obtained":["Nunchaku"]},{"damage_healed":0.0,"max_hp_gain":0.0,"max_hp_loss":0.0,"gold_gain":75.0,"event_name":"World of Goop","player_choice":"Gather Gold","floor":14.0,"gold_loss":0.0,"damage_taken":11.0},{"damage_healed":0.0,"max_hp_gain":0.0,"max_hp_loss":0.0,"gold_gain":0.0,"event_name":"The Mausoleum","player_choice":"Opened","floor":21.0,"gold_loss":0.0,"damage_taken":0.0,"relics_obtained":["The Courier"],"cards_obtained":["Writhe"]}],"is_beta":false,"boss_relics":[{"not_picked":["Velvet Choker","Snecko Eye"],"picked":"Black Star"}],"items_purged_floors":[],"is_endless":false,"potions_floor_spawned":[5,8,11,16,18],"killed_by":"Gremlin Leader","ascension_level":12}}