{"host":"Doisman","time":1613543016,"event":{"mods":["AchievementEnabler","BaseMod","Better Note","Curses Come First","Minty Spire (QoL Compilation)","Permanent Neow","Quick Restart","Relic Stats","Replay The Spire","StSLib","slay the spire mod where everything is the same but ironclad has a cowboy hat"],"gold_per_floor":[113,129,129,56,67,67,77,77,151,178,178,178,211,230,230,326,326,345,345,355,35,35,35,63,63,63,63,93,110,130,142,142,245,245,262,262,162,279,294,320,320,355,382,416,426,438,450,467,467,467],"floor_reached":51,"language":"ENG","playtime":2557,"items_purged":["Defend_B","Buffer"],"score":798,"play_id":"10b7911a-740a-4344-98e1-df9661225a57","local_time":"20210217002336","is_ascension_mode":true,"campfire_choices":[{"data":"Defragment","floor":6,"key":"SMITH"},{"data":"Coolheaded","floor":8,"key":"SMITH"},{"data":"Coolheaded","floor":12,"key":"SMITH"},{"data":"Zap","floor":15,"key":"SMITH"},{"data":"FTL","floor":23,"key":"SMITH"},{"data":"Coolheaded","floor":25,"key":"SMITH"},{"data":"Echo Form","floor":27,"key":"SMITH"},{"data":"Conserve Battery","floor":32,"key":"SMITH"},{"data":"FTL","floor":41,"key":"SMITH"},{"data":"FIFO Queue","floor":49,"key":"SMITH"}],"circlet_count":0,"master_deck":["Defend_B","Defend_B","Zap+1","Self Repair+1","Defragment+1","Coolheaded+1","Coolheaded+1","White Noise","Gash","FIFO Queue+1","Echo Form+1","White Noise","FTL+1","Coolheaded+1","Conserve Battery+1","Conserve Battery+1","Electrodynamics","Replay:Sssssssssshield","Replay:Bootleg Shield Generator","Panache","Compile Driver+1","Hologram+1","FTL+1","Gash+1","Consume+1","Panic Button+1","Electrodynamics"],"relics":["Coffee Dripper","Replay:WaspNest","Bag of Marbles","Replay:PocketPolymizer","Replay:Grab Bag","Sozu","Painkiller Herb","Empty Cage","Iron Hammer","Thread and Needle","Bottled Flame","DataDisk","ChewingGum","Blood Vial","Lantern","Pet Ghost","Nunchaku"],"acts_visited":["Exordium","TheCity","TheBeyond"],"potions_floor_usage":[7,16,20],"damage_taken":[{"damage":7,"enemies":"2 Louse","floor":1,"turns":2},{"damage":1,"enemies":"Cultist","floor":2,"turns":3},{"damage":2,"enemies":"Jaw Worm","floor":5,"turns":4},{"damage":3,"enemies":"3 Louse","floor":7,"turns":3},{"damage":6,"enemies":"Lagavulin","floor":10,"turns":7},{"damage":13,"enemies":"3 Sentries","floor":13,"turns":4},{"damage":2,"enemies":"Blue Slaver","floor":14,"turns":4},{"damage":14,"enemies":"The Guardian","floor":16,"turns":9},{"damage":0,"enemies":"Chosen","floor":18,"turns":7},{"damage":9,"enemies":"2 Thieves","floor":20,"turns":5},{"damage":0,"enemies":"Replay:Snechameleon","floor":24,"turns":5},{"damage":0,"enemies":"Gremlin Leader","floor":28,"turns":5},{"damage":7,"enemies":"Centurion and Healer","floor":29,"turns":7},{"damage":0,"enemies":"Shelled Parasite and Fungi","floor":30,"turns":5},{"damage":0,"enemies":"Snecko","floor":31,"turns":6},{"damage":0,"enemies":"Champ","floor":33,"turns":10},{"damage":1,"enemies":"Orb Walker","floor":35,"turns":5},{"damage":0,"enemies":"3 Shapes","floor":39,"turns":4},{"damage":31,"enemies":"Nemesis","floor":40,"turns":9},{"damage":15,"enemies":"R_Hoarder","floor":42,"turns":7},{"damage":0,"enemies":"Nemesis","floor":44,"turns":9},{"damage":14,"enemies":"Writhing Mass","floor":45,"turns":6},{"damage":0,"enemies":"Spire Growth","floor":46,"turns":4},{"damage":2,"enemies":"Jaw Worm Horde","floor":47,"turns":3},{"damage":0,"enemies":"3 Darklings","floor":48,"turns":3},{"damage":20,"enemies":"Replay:Hell Engine","floor":50,"turns":11}],"seed_played":"210375115682490911","potions_obtained":[{"floor":2,"key":"Explosive Potion"},{"floor":5,"key":"Death Potion"},{"floor":7,"key":"PowerPotion"},{"floor":14,"key":"DuplicationPotion"}],"is_trial":false,"path_per_floor":["M","M","?","$","M","R","M","R","T","E","?","R","E","M","R","B",null,"?","?","?","T","?","T","E","T","T","T","E","?","?","?","T","B",null,"?","?","T","?","?","E","T","E","T","E","?","?","?","?","T","B",null],"character_chosen":"DEFECT","items_purchased":["Defragment","Iron Hammer"],"campfire_rested":0,"item_purchase_floors":[4,21],"current_hp_per_floor":[68,67,67,67,75,75,75,75,75,75,75,75,72,75,75,71,75,75,75,75,75,75,75,75,75,75,75,75,75,75,75,75,75,75,75,65,65,47,57,46,46,53,53,65,73,75,75,75,75,65],"gold":467,"neow_bonus":"BOSS_RELIC","is_daily":false,"chose_seed":false,"campfire_upgraded":10,"win_rate":0.0,"timestamp":1613543016,"path_taken":["M","M","?","$","?","R","M","R","T","E","?","R","E","M","R","BOSS","?","?","?","T","?","T","E","T","T","T","E","?","?","?","T","BOSS","?","?","T","?","?","E","T","E","T","E","?","?","?","?","T","BOSS"],"items_purchased_type":["Card","Relic"],"build_version":"2020-12-18","purchased_purges":2,"victory":true,"max_hp_per_floor":[75,75,75,75,75,75,75,75,75,75,75,75,75,75,75,75,75,75,75,75,75,75,75,75,75,75,75,75,75,75,75,75,75,75,75,75,75,75,75,75,75,75,75,75,75,75,75,75,75,75],"relic_stats":{"Sozu":7,"Blood Vial":8,"Nunchaku":[4],"counters":[26,147],"obtain_stats":[{"Lantern":42,"Replay:PocketPolymizer":13,"Replay:Grab Bag":17,"Painkiller Herb":17,"Thread and Needle":24,"Replay:WaspNest":9,"Empty Cage":17,"Pet Ghost":43,"Sozu":17,"Blood Vial":40,"Bottled Flame":26,"DataDisk":28,"Nunchaku":44,"ChewingGum":34,"Iron Hammer":21,"Coffee Dripper":0,"Bag of Marbles":10,"Cracked Core":0},{"Lantern":20,"Replay:PocketPolymizer":6,"Replay:Grab Bag":8,"Painkiller Herb":8,"Thread and Needle":11,"Replay:WaspNest":4,"Empty Cage":8,"Pet Ghost":20,"Sozu":8,"Blood Vial":19,"Bottled Flame":11,"DataDisk":12,"Nunchaku":21,"ChewingGum":16,"Iron Hammer":10,"Coffee Dripper":0,"Bag of Marbles":5,"Cracked Core":0},{"Lantern":111,"Replay:PocketPolymizer":23,"Replay:Grab Bag":36,"Painkiller Herb":36,"Thread and Needle":53,"Replay:WaspNest":12,"Empty Cage":36,"Pet Ghost":111,"Sozu":36,"Blood Vial":104,"Bottled Flame":53,"DataDisk":58,"Nunchaku":120,"ChewingGum":86,"Iron Hammer":48,"Coffee Dripper":0,"Bag of Marbles":19,"Cracked Core":0}]},"card_choices":[{"not_picked":["BasicCrystalCard","Stack","Time Bomb"],"picked":"SKIP","floor":1},{"not_picked":["Sweeping Beam","Compile Driver"],"picked":"Self Repair","floor":2},{"not_picked":["Double Energy","ReplayTheSpireMod:GoodbyeWorld"],"picked":"Coolheaded","floor":5},{"not_picked":["Streamline","Chaos"],"picked":"Coolheaded","floor":7},{"not_picked":["Time Bomb","Mirror Shield"],"picked":"White Noise","floor":10},{"not_picked":["Coolheaded","Sweeping Beam"],"picked":"Gash","floor":13},{"not_picked":["Stack","Streamline"],"picked":"Buffer","floor":14},{"not_picked":["Core Surge","Machine Learning"],"picked":"Echo Form","floor":16},{"not_picked":["Leap+1","ReplaySort","Redo+1"],"picked":"SKIP","floor":18},{"not_picked":["Rebound","Compile Driver"],"picked":"FTL","floor":20},{"not_picked":["Panic Button+1","Beam Cell"],"picked":"Coolheaded","floor":24},{"not_picked":["Beam Cell","ReplayTheSpireMod:GoodbyeWorld"],"picked":"Conserve Battery","floor":28},{"not_picked":["Self Repair+1","Stack+1","Buffer"],"picked":"SKIP","floor":29},{"not_picked":["Compile Driver","Rebound+1","Beam Cell"],"picked":"SKIP","floor":30},{"not_picked":["Force Field","Beam Cell"],"picked":"Conserve Battery+1","floor":31},{"not_picked":["Rainbow","ReplayRNGCard"],"picked":"Electrodynamics","floor":33},{"not_picked":["Reprogram+1","Force Field","Turbo"],"picked":"SKIP","floor":35},{"not_picked":["Trip","Magnetism"],"picked":"Replay:Sssssssssshield","floor":36},{"not_picked":["Forethought","Jack Of All Trades"],"picked":"Replay:Bootleg Shield Generator","floor":36},{"not_picked":["Discovery","Midas Touch"],"picked":"Panache","floor":36},{"not_picked":["Beam Cell","Storm"],"picked":"Compile Driver+1","floor":38},{"not_picked":["Barrage","Ball Lightning"],"picked":"Hologram+1","floor":38},{"not_picked":["BasicCrystalCard+1","Beam Cell+1"],"picked":"FTL","floor":38},{"not_picked":["Genetic Algorithm+1","Go for the Eyes+1"],"picked":"Gash+1","floor":39},{"not_picked":["Ball Lightning","Turbo+1"],"picked":"Consume+1","floor":40},{"not_picked":["Sweeping Beam","Steam"],"picked":"Panic Button+1","floor":42},{"not_picked":["Turbo","Cold Snap+1"],"picked":"Electrodynamics","floor":44},{"not_picked":["Ball Lightning+1","Beam Cell","Force Field"],"picked":"SKIP","floor":45},{"not_picked":["Lockon","Reprogram+1","Cold Snap+1"],"picked":"SKIP","floor":46},{"not_picked":["Compile Driver+1","Auto Shields","Redo"],"picked":"SKIP","floor":47},{"not_picked":["Consume+1","Beam Cell","Aggregate"],"picked":"SKIP","floor":48}],"player_experience":743397,"relics_obtained":[{"floor":9,"key":"Replay:WaspNest"},{"floor":10,"key":"Bag of Marbles"},{"floor":13,"key":"Replay:PocketPolymizer"},{"floor":24,"key":"Thread and Needle"},{"floor":26,"key":"Bottled Flame"},{"floor":28,"key":"DataDisk"},{"floor":40,"key":"Blood Vial"},{"floor":42,"key":"Lantern"},{"floor":43,"key":"Pet Ghost"},{"floor":44,"key":"Nunchaku"}],"event_choices":[{"damage_healed":0,"gold_gain":0,"player_choice":"Upgraded","damage_taken":0,"max_hp_gain":0,"max_hp_loss":0,"event_name":"Upgrade Shrine","floor":3,"gold_loss":0,"cards_upgraded":["Self Repair"]},{"cards_removed":["Strike_B"],"damage_healed":0,"gold_gain":0,"player_choice":"Purged","damage_taken":0,"max_hp_gain":0,"max_hp_loss":0,"event_name":"Purifier","floor":11,"gold_loss":0},{"damage_healed":0,"gold_gain":0,"cards_transformed":["Dualcast"],"player_choice":"Transformed","damage_taken":0,"max_hp_gain":0,"max_hp_loss":0,"event_name":"Transmorgrifier","floor":19,"gold_loss":0,"cards_obtained":["White Noise"]},{"cards_removed":["Defend_B"],"damage_healed":0,"gold_gain":0,"player_choice":"Offered Basic","damage_taken":0,"max_hp_gain":0,"max_hp_loss":0,"event_name":"Bonfire Elementals","floor":22,"gold_loss":0},{"damage_healed":0,"gold_gain":0,"player_choice":"Memory 3","damage_taken":10,"max_hp_gain":0,"max_hp_loss":0,"event_name":"SensoryStone","floor":36,"gold_loss":0}],"is_beta":true,"boss_relics":[{"not_picked":["Snecko Heart","Pandora\u0027s Box"],"picked":"Replay:Grab Bag"},{"not_picked":["ReplayTheSpireMod:DimensionalGlitch","Cursed Key"],"picked":"Sozu"},{"not_picked":["Fusion Hammer","Replay:Wanted Poster"],"picked":"Painkiller Herb"},{"not_picked":["Astrolabe","Snecko Eye"],"picked":"Empty Cage"},{"not_picked":["Tiny House","Abe\u0027s Treasure"],"picked":"ChewingGum"}],"items_purged_floors":[21,37],"is_endless":false,"potions_floor_spawned":[2,5,7,14,18,24,30,31,35,42,44],"ascension_level":1}}