{"host":"tr0r177cvmpvg89h","time":1613568967,"event":{"mods":["BaseMod","Colored Map","DeckTracker","Minty Spire (QoL Compilation)","StSLib","SuperFastMode"],"gold_per_floor":[117,117,5,19,39,39,39,39,39,58,58,87,87,106,106,206,206,116,116,76,88,103,103,119,137,163,163,178,78,90,90,90,90,90],"floor_reached":33,"language":"KOR","playtime":2021,"items_purged":["Strike_G","Strike_G"],"score":237,"play_id":"42aac943-926b-45d0-9208-95a53b0f55bf","local_time":"20210217223607","is_ascension_mode":false,"campfire_choices":[{"data":"Noxious Fumes","floor":6,"key":"SMITH"},{"data":"Footwork","floor":8,"key":"SMITH"},{"data":"Neutralize","floor":11,"key":"SMITH"},{"data":"Survivor","floor":13,"key":"SMITH"},{"data":"Backflip","floor":15,"key":"SMITH"},{"data":"Bouncing Flask","floor":23,"key":"SMITH"},{"floor":27,"key":"REST"},{"floor":32,"key":"REST"}],"circlet_count":0,"master_deck":["Strike_G","Strike_G","Strike_G","Defend_G","Defend_G","Defend_G","Defend_G","Defend_G","Survivor+1","Neutralize+1","Noxious Fumes+1","Footwork+1","Backflip+1","Bouncing Flask+1","Catalyst+1"],"relics":["Ring of the Serpent","NeowsBlessing","Frozen Egg 2","Odd Mushroom","Centennial Puzzle"],"acts_visited":["Exordium","TheCity"],"potions_floor_usage":[16,33,33,33],"damage_taken":[{"damage":0,"enemies":"Jaw Worm","floor":1,"turns":1},{"damage":0,"enemies":"2 Louse","floor":4,"turns":1},{"damage":0,"enemies":"Small Slimes","floor":5,"turns":1},{"damage":0,"enemies":"Exordium Wildlife","floor":10,"turns":7},{"damage":3,"enemies":"The Mushroom Lair","floor":12,"turns":5},{"damage":0,"enemies":"Blue Slaver","floor":14,"turns":6},{"damage":8,"enemies":"Hexaghost","floor":16,"turns":12},{"damage":4,"enemies":"2 Thieves","floor":18,"turns":5},{"damage":0,"enemies":"Shell Parasite","floor":21,"turns":6},{"damage":11,"enemies":"Chosen and Byrds","floor":22,"turns":7},{"damage":15,"enemies":"Snecko","floor":24,"turns":4},{"damage":2,"enemies":"Centurion and Healer","floor":25,"turns":8},{"damage":16,"enemies":"Sentry and Sphere","floor":28,"turns":6},{"damage":35,"enemies":"3 Cultists","floor":30,"turns":7},{"damage":29,"enemies":"Collector","floor":33,"turns":8}],"seed_played":"9024484328479599017","potions_obtained":[{"floor":4,"key":"Poison Potion"},{"floor":10,"key":"Explosive Potion"},{"floor":16,"key":"PowerPotion"},{"floor":21,"key":"LiquidMemories"},{"floor":28,"key":"ColorlessPotion"}],"is_trial":false,"path_per_floor":["M","?","$","M","M","R","$","R","T","M","R","?","R","M","R","B",null,"M","?","$","M","M","R","M","M","T","R","M","$","M","$","R","B"],"character_chosen":"THE_SILENT","items_purchased":["Noxious Fumes","Bouncing Flask"],"campfire_rested":2,"item_purchase_floors":[3,20],"current_hp_per_floor":[70,70,70,70,70,70,70,70,70,70,70,67,67,67,67,59,70,66,66,66,66,55,55,40,38,38,59,43,43,8,8,29,0,0],"gold":90,"neow_bonus":"THREE_ENEMY_KILL","is_daily":false,"chose_seed":false,"campfire_upgraded":6,"win_rate":0.0,"timestamp":1613568967,"path_taken":["M","?","$","M","M","R","$","R","T","M","R","?","R","M","R","BOSS","M","?","$","M","M","R","M","M","T","R","M","$","M","?","R","BOSS"],"items_purchased_type":["Card","Card"],"build_version":"2020-12-22","purchased_purges":2,"victory":false,"max_hp_per_floor":[70,70,70,70,70,70,70,70,70,70,70,70,70,70,70,70,70,70,70,70,70,70,70,70,70,70,70,70,70,70,70,70,70,70],"card_choices":[{"not_picked":["PiercingWail","Blade Dance","Prepared"],"picked":"SKIP","floor":1},{"not_picked":["Flying Knee","Distraction","Dagger Throw"],"picked":"SKIP","floor":4},{"not_picked":["All Out Attack","Dodge and Roll"],"picked":"Footwork","floor":5},{"not_picked":["Sucker Punch","Flying Knee","Outmaneuver"],"picked":"SKIP","floor":10},{"not_picked":["Sucker Punch","Flying Knee","Outmaneuver"],"picked":"SKIP","floor":10},{"not_picked":["Phantasmal Killer","Terror"],"picked":"Backflip","floor":14},{"not_picked":["Distraction","Footwork+1","All Out Attack"],"picked":"SKIP","floor":18},{"not_picked":["Masterful Stab","Underhanded Strike"],"picked":"Catalyst+1","floor":21},{"not_picked":["Deflect","Deadly Poison","Dodge and Roll+1"],"picked":"SKIP","floor":22},{"not_picked":["Underhanded Strike","Eviscerate+1","Predator"],"picked":"SKIP","floor":24},{"not_picked":["Blur+1","Dagger Spray","Tools of the Trade+1"],"picked":"SKIP","floor":25},{"not_picked":["Slice","Sucker Punch+1","Dagger Spray"],"picked":"SKIP","floor":28},{"not_picked":["PiercingWail","Caltrops+1","Prepared+1"],"picked":"SKIP","floor":30}],"player_experience":103871,"relics_obtained":[{"floor":9,"key":"Frozen Egg 2"},{"floor":12,"key":"Odd Mushroom"},{"floor":26,"key":"Centennial Puzzle"}],"event_choices":[{"damage_healed":0,"gold_gain":0,"player_choice":"Ignored","damage_taken":0,"max_hp_gain":0,"max_hp_loss":0,"event_name":"Shining Light","floor":2,"gold_loss":0},{"damage_healed":0,"gold_gain":0,"player_choice":"Fought Mushrooms","damage_taken":0,"max_hp_gain":0,"max_hp_loss":0,"event_name":"Mushrooms","floor":12,"gold_loss":0},{"damage_healed":0,"gold_gain":0,"player_choice":"Ignored","damage_taken":0,"max_hp_gain":0,"max_hp_loss":0,"event_name":"The Mausoleum","floor":19,"gold_loss":0}],"is_beta":false,"boss_relics":[{"not_picked":["Black Star","WristBlade"],"picked":"Ring of the Serpent"}],"items_purged_floors":[3,29],"is_endless":false,"potions_floor_spawned":[4,10,16,21,28],"killed_by":"Collector","ascension_level":0}}