{"host":"2qv44oxt58ptq59r","time":1613588373,"event":{"mods":["AchievementEnabler","BaseMod","Colored Powertips","Highlight Path","Minty Spire (QoL Compilation)","Permanent Neow","StSLib"],"gold_per_floor":[115,11,24,24,37,37,68,68,93,113,63,93,104,119,119,222,222,232,147,164,164,164,164,191,191,238,271,9,22,22,22,22,22,22],"floor_reached":33,"language":"ENG","playtime":2271,"items_purged":[],"score":497,"play_id":"b1ad8db4-cdb4-4384-8b24-950d257f5209","local_time":"20210217185933","is_ascension_mode":true,"campfire_choices":[{"data":"Heavy Blade","floor":6.0,"key":"SMITH"},{"floor":8.0,"key":"REST"},{"floor":15.0,"key":"REST"},{"data":"Corruption","floor":23,"key":"SMITH"},{"floor":25,"key":"DIG"},{"floor":30,"key":"DIG"},{"floor":32,"key":"REST"}],"circlet_count":0,"master_deck":["Bash+1","Heavy Blade+1","Bloodletting","Inflame","Whirlwind","Dark Embrace","Seeing Red","Corruption+1","Fire Breathing","Headbutt","Uppercut","Heavy Blade","Carnage","Shockwave","Bludgeon","Fire Breathing","Seeing Red+1","Infernal Blade+1","Intimidate+1","Clothesline"],"relics":["Burning Blood","Centennial Puzzle","Ancient Tea Set","Shovel","Pandora\u0027s Box","HornCleat","Juzu Bracelet","Art of War","Pantograph","Bag of Marbles","FossilizedHelix","Ornamental Fan","Bronze Scales","Mercury Hourglass"],"acts_visited":["Exordium","TheCity"],"potions_floor_usage":[18,24,27,33],"damage_taken":[{"damage":8.0,"enemies":"Jaw Worm","floor":1.0,"turns":4.0},{"damage":0.0,"enemies":"Cultist","floor":3.0,"turns":3.0},{"damage":0.0,"enemies":"Small Slimes","floor":5.0,"turns":3.0},{"damage":51.0,"enemies":"3 Sentries","floor":7.0,"turns":10.0},{"damage":9.0,"enemies":"Looter","floor":10.0,"turns":2.0},{"damage":33.0,"enemies":"Lagavulin","floor":12.0,"turns":5.0},{"damage":12.0,"enemies":"2 Fungi Beasts","floor":13.0,"turns":3.0},{"damage":12.0,"enemies":"Lots of Slimes","floor":14.0,"turns":2.0},{"damage":3.0,"enemies":"Slime Boss","floor":16.0,"turns":5.0},{"damage":0,"enemies":"3 Byrds","floor":18,"turns":2},{"damage":12,"enemies":"Shell Parasite","floor":20,"turns":3},{"damage":33,"enemies":"Book of Stabbing","floor":24,"turns":4},{"damage":40,"enemies":"Gremlin Leader","floor":27,"turns":4},{"damage":0,"enemies":"Snake Plant","floor":29,"turns":2},{"damage":68,"enemies":"Automaton","floor":33,"turns":6}],"seed_played":"2770657493573104759","potions_obtained":[{"floor":1.0,"key":"Explosive Potion"},{"floor":5.0,"key":"PowerPotion"},{"floor":10.0,"key":"PowerPotion"},{"floor":14.0,"key":"DistilledChaos"},{"floor":20,"key":"AttackPotion"},{"floor":24,"key":"Weak Potion"},{"floor":29,"key":"ColorlessPotion"}],"is_trial":false,"path_per_floor":["M","$","M","?","M","R","E","R","T","M","?","E","M","M","R","B",null,"M","?","M","?","?","R","E","R","T","E","$","M","R","T","R","B"],"character_chosen":"IRONCLAD","items_purchased":["CultistPotion","Ornamental Fan"],"campfire_rested":3,"item_purchase_floors":[2,28],"current_hp_per_floor":[70,70,76,76,80,80,35,59,59,56,56,29,23,17,41,44,71,77,77,71,71,71,71,44,44,44,10,10,16,16,16,40,0,0],"gold":22,"neow_bonus":"UPGRADE_CARD","is_daily":false,"chose_seed":false,"campfire_upgraded":2,"win_rate":0.0,"timestamp":1613588373,"path_taken":["M","$","M","?","?","R","E","R","T","M","?","E","M","M","R","BOSS","M","?","M","?","?","R","E","R","T","E","$","M","R","?","R","BOSS"],"items_purchased_type":["Potion","Relic"],"build_version":"2020-12-22","purchased_purges":0,"victory":false,"max_hp_per_floor":[80,80,80,80,80,80,80,80,80,80,80,80,80,80,80,80,80,80,80,80,80,80,80,80,80,80,80,80,80,80,80,80,80,80],"card_choices":[{"not_picked":["Disarm","Sentinel"],"picked":"Heavy Blade","floor":1.0},{"not_picked":["Headbutt","Perfected Strike"],"picked":"Bloodletting","floor":3.0},{"not_picked":["Dual Wield","Wild Strike","Heavy Blade"],"picked":"SKIP","floor":5.0},{"not_picked":["Rupture","Evolve"],"picked":"Inflame","floor":7.0},{"not_picked":["Armaments","Carnage"],"picked":"Whirlwind","floor":10.0},{"not_picked":["Berserk","Pommel Strike"],"picked":"Dark Embrace","floor":12.0},{"not_picked":["Pommel Strike","Havoc"],"picked":"Seeing Red","floor":13.0},{"not_picked":["Reckless Charge","Cleave","Wild Strike"],"picked":"SKIP","floor":14.0},{"not_picked":["Brutality","Reaper"],"picked":"Corruption","floor":16.0},{"not_picked":["Armaments","Combust"],"picked":"Fire Breathing","floor":18},{"not_picked":["Flex","Entrench"],"picked":"Seeing Red+1","floor":20},{"not_picked":["Body Slam","Pummel"],"picked":"Infernal Blade+1","floor":24},{"not_picked":["Sentinel","Disarm+1"],"picked":"Intimidate+1","floor":27},{"not_picked":["Warcry","Flex"],"picked":"Clothesline","floor":29}],"player_experience":5749362,"relics_obtained":[{"floor":7.0,"key":"Centennial Puzzle"},{"floor":9.0,"key":"Ancient Tea Set"},{"floor":12.0,"key":"Shovel"},{"floor":24,"key":"Art of War"},{"floor":25,"key":"Pantograph"},{"floor":26,"key":"Bag of Marbles"},{"floor":27,"key":"FossilizedHelix"},{"floor":30,"key":"Bronze Scales"},{"floor":31,"key":"Mercury Hourglass"}],"event_choices":[{"cards_removed":["Strike_R"],"damage_healed":0.0,"max_hp_gain":0.0,"max_hp_loss":0.0,"gold_gain":0.0,"event_name":"Purifier","player_choice":"Purged","floor":4.0,"gold_loss":0.0,"damage_taken":0.0},{"cards_removed":["Strike_R"],"damage_healed":0.0,"max_hp_gain":0.0,"max_hp_loss":0.0,"gold_gain":0.0,"event_name":"The Cleric","player_choice":"Card Removal","floor":11.0,"gold_loss":50.0,"damage_taken":0.0},{"damage_healed":0,"gold_gain":0,"player_choice":"Obtained Relic","damage_taken":0,"relics_obtained":["HornCleat"],"max_hp_gain":0,"max_hp_loss":0,"event_name":"Addict","floor":19,"gold_loss":85},{"damage_healed":0,"gold_gain":0,"player_choice":"Opened","damage_taken":0,"relics_obtained":["Juzu Bracelet"],"max_hp_gain":0,"max_hp_loss":0,"event_name":"The Mausoleum","floor":21,"gold_loss":0},{"damage_healed":0,"gold_gain":0,"player_choice":"Ignored","damage_taken":0,"max_hp_gain":0,"max_hp_loss":0,"event_name":"Beggar","floor":22,"gold_loss":0}],"is_beta":false,"boss_relics":[{"not_picked":["Runic Pyramid","Runic Cube"],"picked":"Pandora\u0027s Box"}],"items_purged_floors":[],"is_endless":false,"potions_floor_spawned":[1,5,10,14,20,24,29],"killed_by":"Automaton","ascension_level":9}}