{"host":"nz11ypxva4e39b7q","time":1613593291,"event":{"mods":["BaseMod","Better Third Choice","Better Vampires","Colored Map","Minty Spire (QoL Compilation)","Quick Restart","StSLib","The Marked"],"gold_per_floor":[159,173,193,6,24,51,75,37,37,37,54,54,65,94,94,173,173,190,16,16,33,65,65,98,108,180,180,212,212,312,163,163,241,241,252,71,371,382,399,434,434,449,449,460,514,153,179,193,193,193,193,193,193,35,61,61],"floor_reached":57,"language":"ENG","playtime":5179,"items_purged":["Zap","Strike_B","Strike_B","Defend_B","Strike_B+1"],"score":2795,"play_id":"1fcfe595-9d0e-43dc-8a3a-c06350f30bfb","local_time":"20210217212131","is_ascension_mode":true,"campfire_choices":[{"data":"Apotheosis","floor":12.0,"key":"SMITH"},{"floor":15.0,"key":"RECALL"},{"floor":23,"key":"REST"},{"floor":29,"key":"REST"},{"floor":32,"key":"REST"},{"floor":41,"key":"REST"},{"floor":49,"key":"REST"},{"floor":53,"key":"REST"}],"circlet_count":0,"master_deck":["AscendersBane","Defend_B","Defend_B","Defend_B","Dualcast","Sweeping Beam","Auto Shields","Cold Snap","Ball Lightning","Self Repair","Rip and Tear","Beam Cell","Apotheosis+1","Hologram","Fission","Echo Form","Seek","RitualDagger","Chill","Defragment+1","FTL","Thunder Strike","Compile Driver+1","RitualDagger","Leap","Go for the Eyes","Skim","Recycle","Ball Lightning","BootSequence"],"relics":["Tiny House","Membership Card","Bag of Marbles","Odd Mushroom","MealTicket","Bottled Lightning","Fusion Hammer","Happy Flower","Red Mask","Bronze Scales","White Beast Statue","Symbiotic Virus","OrangePellets","Inserter","DollysMirror","Strawberry","TungstenRod","Pocketwatch","Incense Burner","TheAbacus","HornCleat","Calipers","Bottled Tornado"],"acts_visited":["Exordium","TheCity","TheBeyond","TheEnding"],"potions_floor_usage":[18,24,28,33,35,45,56,56],"damage_taken":[{"damage":1.0,"enemies":"Cultist","floor":1.0,"turns":4.0},{"damage":1.0,"enemies":"Jaw Worm","floor":2.0,"turns":4.0},{"damage":0.0,"enemies":"2 Louse","floor":3.0,"turns":2.0},{"damage":5.0,"enemies":"Large Slime","floor":5.0,"turns":5.0},{"damage":7.0,"enemies":"Gremlin Nob","floor":6.0,"turns":4.0},{"damage":12.0,"enemies":"The Mushroom Lair","floor":7.0,"turns":4.0},{"damage":10.0,"enemies":"3 Louse","floor":11.0,"turns":4.0},{"damage":6.0,"enemies":"Looter","floor":13.0,"turns":3.0},{"damage":5.0,"enemies":"Lagavulin","floor":14.0,"turns":7.0},{"damage":0.0,"enemies":"Slime Boss","floor":16.0,"turns":5.0},{"damage":29,"enemies":"2 Thieves","floor":18,"turns":4},{"damage":11,"enemies":"Spheric Guardian","floor":21,"turns":4},{"damage":1,"enemies":"Masked Bandits","floor":22,"turns":3},{"damage":14,"enemies":"Slavers","floor":24,"turns":6},{"damage":12,"enemies":"3 Cultists","floor":25,"turns":4},{"damage":12,"enemies":"Gremlin Leader","floor":28,"turns":4},{"damage":0,"enemies":"Colosseum Slavers","floor":30,"turns":2},{"damage":0,"enemies":"Colosseum Nobs","floor":30,"turns":3},{"damage":22,"enemies":"Champ","floor":33,"turns":8},{"damage":3,"enemies":"Orb Walker","floor":35,"turns":2},{"damage":8,"enemies":"3 Darklings","floor":38,"turns":4},{"damage":0,"enemies":"Maw","floor":39,"turns":7},{"damage":11,"enemies":"Reptomancer","floor":40,"turns":6},{"damage":9,"enemies":"Sphere and 2 Shapes","floor":42,"turns":4},{"damage":7,"enemies":"Jaw Worm Horde","floor":44,"turns":4},{"damage":7,"enemies":"2 Orb Walkers","floor":45,"turns":4},{"damage":4,"enemies":"Nemesis","floor":47,"turns":3},{"damage":0,"enemies":"Spire Growth","floor":48,"turns":3},{"damage":18,"enemies":"Awakened One","floor":50,"turns":10},{"damage":19,"enemies":"Time Eater","floor":51,"turns":8},{"damage":38,"enemies":"Shield and Spear","floor":55,"turns":4},{"damage":50,"enemies":"The Heart","floor":56,"turns":10}],"seed_played":"-5881898243587671358","potions_obtained":[{"floor":0.0,"key":"EntropicBrew"},{"floor":2.0,"key":"EssenceOfSteel"},{"floor":6.0,"key":"SpeedPotion"},{"floor":13.0,"key":"SpeedPotion"},{"floor":16.0,"key":"DuplicationPotion"},{"floor":18,"key":"Fire Potion"},{"floor":22,"key":"Energy Potion"},{"floor":28,"key":"Fruit Juice"},{"floor":30,"key":"PowerPotion"},{"floor":33,"key":"Dexterity Potion"},{"floor":35,"key":"FocusPotion"},{"floor":45,"key":"Fire Potion"},{"floor":47,"key":"Ancient Potion"},{"floor":55,"key":"SpeedPotion"}],"is_trial":false,"path_per_floor":["M","M","M","$","M","E","?","$","T","?","M","R","M","E","R","B",null,"M","$","?","M","?","R","E","M","T","?","E","R","?","$","R","B",null,"M","$","?","M","M","E","R","M","T","M","?","$","E","M","R","B","B",null,"R","$","E","B",null],"character_chosen":"DEFECT","items_purchased":["Membership Card","Ball Lightning","Seek","Happy Flower","OrangePellets","DollysMirror","Leap","Ball Lightning","Incense Burner","TheAbacus","Calipers"],"campfire_rested":6,"item_purchase_floors":[4,4,19,19,31,36,36,46,46,46,54],"current_hp_per_floor":[68,67,67,67,62,62,57,57,57,57,57,57,61,63,63,73,75,66,76,70,69,76,76,72,60,60,60,58,76,76,76,76,64,73,81,81,81,81,81,87,88,79,79,82,85,88,84,84,88,70,61,81,88,88,70,30],"gold":61,"neow_bonus":"BOSS_RELIC","is_daily":false,"chose_seed":false,"campfire_upgraded":1,"win_rate":0.0,"timestamp":1613593291,"path_taken":["M","M","?","$","M","E","?","?","T","?","M","R","M","E","R","BOSS","M","$","?","M","?","R","E","M","T","?","E","R","?","?","R","BOSS","M","$","?","?","M","E","R","M","T","M","?","?","E","M","R","BOSS","BOSS","R","$","E","BOSS"],"items_purchased_type":["Relic","Card","Card","Relic","Relic","Relic","Card","Card","Relic","Relic","Relic"],"build_version":"2020-12-22","purchased_purges":5,"victory":true,"max_hp_per_floor":[76,76,76,76,76,76,76,76,76,76,76,76,76,76,76,76,76,76,76,76,76,76,76,76,76,76,76,76,76,76,76,76,76,76,81,81,81,81,81,88,88,88,88,88,88,88,88,88,88,88,88,88,88,88,88,88],"card_choices":[{"not_picked":["Barrage","Compile Driver"],"picked":"Sweeping Beam","floor":0.0},{"not_picked":["Lockon","Streamline"],"picked":"Auto Shields","floor":1.0},{"not_picked":["Consume","Stack","Coolheaded"],"picked":"SKIP","floor":2.0},{"not_picked":["Compile Driver","Aggregate"],"picked":"Cold Snap","floor":3.0},{"not_picked":["Stack","Creative AI"],"picked":"Self Repair","floor":5.0},{"not_picked":["Capacitor","Turbo"],"picked":"Rip and Tear","floor":6.0},{"not_picked":["Gash","Hologram"],"picked":"Beam Cell","floor":7.0},{"not_picked":["Stack","Blizzard","Barrage"],"picked":"SKIP","floor":11.0},{"not_picked":["Leap","Glacier"],"picked":"Hologram","floor":13.0},{"not_picked":["Hello World","Turbo"],"picked":"Fission","floor":14.0},{"not_picked":["All For One","Meteor Strike"],"picked":"Echo Form","floor":16.0},{"not_picked":["Cold Snap","Hologram","Streamline"],"picked":"SKIP","floor":18},{"not_picked":["Coolheaded","Static Discharge"],"picked":"Chill","floor":21},{"not_picked":["Undo","Loop"],"picked":"Defragment+1","floor":24},{"not_picked":["Sweeping Beam","Gash","Lockon"],"picked":"SKIP","floor":25},{"not_picked":["Gash","Hello World","Cold Snap"],"picked":"SKIP","floor":28},{"not_picked":["Auto Shields","Amplify"],"picked":"FTL","floor":30},{"not_picked":["Multi-Cast","Electrodynamics"],"picked":"Thunder Strike","floor":33},{"not_picked":["Barrage","Chill+1"],"picked":"Compile Driver+1","floor":35},{"not_picked":["Stack","Darkness","Doom and Gloom"],"picked":"SKIP","floor":38},{"not_picked":["Compile Driver","Cold Snap+1"],"picked":"Go for the Eyes","floor":39},{"not_picked":["Cold Snap+1","Compile Driver"],"picked":"Skim","floor":40},{"not_picked":["Turbo","Streamline","Sweeping Beam"],"picked":"SKIP","floor":42},{"not_picked":["Hologram","Machine Learning"],"picked":"Recycle","floor":44},{"not_picked":["Leap+1","Glacier","Reinforced Body"],"picked":"SKIP","floor":47},{"not_picked":["Redo","Doom and Gloom","Stack"],"picked":"SKIP","floor":48},{"not_picked":["Blizzard+1","Lockon+1"],"picked":"BootSequence","floor":55}],"player_experience":1095364,"relics_obtained":[{"floor":6.0,"key":"Bag of Marbles"},{"floor":7.0,"key":"Odd Mushroom"},{"floor":9.0,"key":"MealTicket"},{"floor":14.0,"key":"Bottled Lightning"},{"floor":22,"key":"Red Mask"},{"floor":24,"key":"Bronze Scales"},{"floor":28,"key":"White Beast Statue"},{"floor":30,"key":"Symbiotic Virus"},{"floor":40,"key":"Strawberry"},{"floor":43,"key":"TungstenRod"},{"floor":45,"key":"Pocketwatch"},{"floor":47,"key":"HornCleat"},{"floor":55,"key":"Bottled Tornado"}],"event_choices":[{"damage_healed":0.0,"max_hp_gain":0.0,"max_hp_loss":0.0,"gold_gain":0.0,"event_name":"Mushrooms","player_choice":"Fought Mushrooms","floor":7.0,"gold_loss":0.0,"damage_taken":0.0},{"damage_healed":57.0,"max_hp_gain":0.0,"max_hp_loss":76.0,"gold_gain":0.0,"event_name":"betterThird:BetterShining","player_choice":"Embrace","floor":10.0,"gold_loss":0.0,"damage_taken":0.0},{"damage_healed":0,"gold_gain":0,"player_choice":"Dagger","damage_taken":6,"max_hp_gain":0,"max_hp_loss":0,"event_name":"betterThird:BetterNest","floor":20,"gold_loss":0,"cards_obtained":["RitualDagger"]},{"damage_healed":0,"gold_gain":0,"player_choice":"Fought Bandits","damage_taken":0,"max_hp_gain":0,"max_hp_loss":0,"event_name":"Masked Bandits","floor":22,"gold_loss":0},{"cards_removed":["Strike_B"],"damage_healed":0,"gold_gain":0,"player_choice":"Elegance","damage_taken":0,"max_hp_gain":0,"max_hp_loss":0,"event_name":"betterThird:BetterWriting","floor":27,"gold_loss":0},{"damage_healed":0,"gold_gain":0,"player_choice":"Fight","damage_taken":0,"max_hp_gain":0,"max_hp_loss":0,"event_name":"Colosseum","floor":30,"gold_loss":0},{"damage_healed":0,"gold_gain":0,"player_choice":"Fought Nobs","damage_taken":0,"max_hp_gain":0,"max_hp_loss":0,"event_name":"Colosseum","floor":30,"gold_loss":0},{"damage_healed":0,"gold_gain":300,"player_choice":"Gold","damage_taken":0,"max_hp_gain":0,"max_hp_loss":0,"event_name":"Wheel of Change","floor":37,"gold_loss":0},{"damage_healed":0,"gold_gain":0,"player_choice":"Fight","damage_taken":0,"max_hp_gain":0,"max_hp_loss":0,"event_name":"Mysterious Sphere","floor":45,"gold_loss":0}],"is_beta":false,"boss_relics":[{"not_picked":["Velvet Choker","Pandora\u0027s Box"],"picked":"Fusion Hammer"},{"not_picked":["SacredBark","Coffee Dripper"],"picked":"Inserter"}],"items_purged_floors":[8,19,31,36,46],"is_endless":false,"potions_floor_spawned":[2,3,6,13,14,16,18,22,28,30,30,33,35,38,39,40,42,44,45,47,48,55],"ascension_level":20}}