{"host":"vhifjdba66khcqwn","time":1613597021,"event":{"mods":["AchievementEnabler","BaseMod","Bestiary","Energized Spire","Minty Spire (QoL Compilation)","Practice Mode","Relic Stats","Spicy Shops","StSLib","slay the spire mod where everything is the same but ironclad has a cowboy hat"],"gold_per_floor":[115,128,128,139,139,139,151,116,116,116,178,178,212,212,58,78,90,90,90,90],"floor_reached":19,"language":"ENG","playtime":878,"items_purged":[],"score":193,"play_id":"3a9e850d-6126-4b63-8b46-4d485b9f2c7a","local_time":"20210217132341","is_ascension_mode":true,"campfire_choices":[{"data":"Neutralize","floor":6,"key":"SMITH"},{"data":"Deadly Poison","floor":9,"key":"SMITH"},{"floor":12,"key":"REST"},{"floor":18,"key":"REST"}],"circlet_count":0,"master_deck":["AscendersBane","Strike_G","Strike_G","Strike_G","Strike_G","Strike_G","Defend_G","Defend_G","Defend_G","Defend_G","Defend_G","Survivor","Neutralize+1","PiercingWail","Blade Dance+1","Dagger Spray","Deadly Poison+1","Leg Sweep","Quick Slash","Blade Dance+1","Dodge and Roll"],"relics":["Ring of the Snake","Ginger","Eternal Feather","Snake Skull","StrikeDummy","Dead Branch","DollysMirror"],"acts_visited":["Exordium"],"potions_floor_usage":[16,19,19],"damage_taken":[{"damage":1.0,"enemies":"Cultist","floor":1.0,"turns":4.0},{"damage":13.0,"enemies":"Small Slimes","floor":2.0,"turns":5.0},{"damage":8,"enemies":"Jaw Worm","floor":4,"turns":4},{"damage":7,"enemies":"Large Slime","floor":7,"turns":6},{"damage":26,"enemies":"3 Sentries","floor":11,"turns":9},{"damage":27,"enemies":"3 Sentries","floor":13,"turns":7},{"damage":9,"enemies":"3 Louse","floor":16,"turns":2},{"damage":0,"enemies":"Red Slaver","floor":17,"turns":5},{"damage":43,"enemies":"Slime Boss","floor":19,"turns":10}],"seed_played":"3538246877401433794","potions_obtained":[{"floor":1.0,"key":"Weak Potion"},{"floor":7,"key":"GamblersBrew"},{"floor":11,"key":"GhostInAJar"},{"floor":17,"key":"Dexterity Potion"}],"is_trial":false,"path_per_floor":["M","M","?","M","?","R","M","?","R","T","?","R","E","?","$","M","M","R","B"],"character_chosen":"THE_SILENT","items_purchased":["DollysMirror"],"campfire_rested":2,"item_purchase_floors":[15],"current_hp_per_floor":[62,49,49,41,41,41,34,49,49,49,23,50,23,20,20,11,11,41,0,0],"gold":90,"neow_bonus":"ONE_RARE_RELIC","is_daily":false,"chose_seed":false,"campfire_upgraded":2,"win_rate":0.0,"timestamp":1613597021,"path_taken":["M","M","?","M","?","R","M","?","R","T","?","R","E","?","?","M","M","R","BOSS"],"items_purchased_type":["Relic"],"build_version":"2020-12-22","purchased_purges":0,"victory":false,"max_hp_per_floor":[63,63,63,63,63,63,63,63,63,63,63,63,63,63,63,63,63,63,63,63],"relic_stats":{"counters":[9,52],"Dead Branch":[40],"Eternal Feather":21,"Snake Skull":[4],"Ginger":[5],"obtain_stats":[{"DollysMirror":15,"Dead Branch":14,"Eternal Feather":10,"Snake Skull":11,"Ginger":0,"StrikeDummy":13,"Ring of the Snake":0},{"DollysMirror":6,"Dead Branch":6,"Eternal Feather":4,"Snake Skull":5,"Ginger":0,"StrikeDummy":6,"Ring of the Snake":0},{"DollysMirror":35,"Dead Branch":35,"Eternal Feather":19,"Snake Skull":28,"Ginger":0,"StrikeDummy":35,"Ring of the Snake":0}],"Ring of the Snake":[18]},"card_choices":[{"not_picked":["Finisher","Outmaneuver"],"picked":"PiercingWail","floor":1.0},{"not_picked":["Flying Knee","Acrobatics"],"picked":"Blade Dance","floor":2.0},{"not_picked":["Backflip","Slice"],"picked":"Dagger Spray","floor":4},{"not_picked":["Setup","Endless Agony"],"picked":"Deadly Poison","floor":7},{"not_picked":["Poisoned Stab","Flying Knee"],"picked":"Leg Sweep","floor":11},{"not_picked":["Expertise","Concentrate"],"picked":"Quick Slash","floor":13},{"not_picked":["Expertise","Deadly Poison","Poisoned Stab"],"picked":"SKIP","floor":16},{"not_picked":["Phantasmal Killer","Deflect"],"picked":"Dodge and Roll","floor":17}],"player_experience":1196981,"relics_obtained":[{"floor":10,"key":"Eternal Feather"},{"floor":11,"key":"Snake Skull"},{"floor":13,"key":"StrikeDummy"}],"event_choices":[{"damage_healed":0,"gold_gain":0,"player_choice":"Ignored","damage_taken":0,"max_hp_gain":0,"max_hp_loss":0,"event_name":"Shining Light","floor":3,"gold_loss":0},{"damage_healed":0,"gold_gain":0,"player_choice":"Grow","damage_taken":0,"max_hp_gain":0,"max_hp_loss":0,"event_name":"Living Wall","floor":5,"gold_loss":0,"cards_upgraded":["Blade Dance"]},{"damage_healed":15,"gold_gain":0,"player_choice":"Healed","damage_taken":0,"max_hp_gain":0,"max_hp_loss":0,"event_name":"The Cleric","floor":8,"gold_loss":35},{"damage_healed":0,"gold_gain":30,"player_choice":"Searched \u00273\u0027 times","damage_taken":0,"max_hp_gain":0,"max_hp_loss":0,"event_name":"Dead Adventurer","floor":11,"gold_loss":0},{"damage_healed":0,"gold_gain":0,"player_choice":"Success","damage_taken":3,"relics_obtained":["Dead Branch"],"max_hp_gain":0,"max_hp_loss":0,"event_name":"Scrap Ooze","floor":14,"gold_loss":0}],"is_beta":false,"boss_relics":[],"items_purged_floors":[],"is_endless":false,"potions_floor_spawned":[1,7,11,17],"killed_by":"Slime Boss","ascension_level":13}}