{"host":"uxjsgyia3bdyayt0","time":1613558989,"event":{"mods":["AchievementEnabler","Act Like it!","BaseMod","Downfall","Gensokyo","KinomotoSakuraMod(木之本?)","Marisa（霧雨　魔理沙）","Minty Spire (QoL Compilation)","Prisma Mod","Reimu（博??梦）","Remilia（蕾米莉?）","Replay The Spire","StSLib","The Senshi","The Servant 0.9.4","Yakumo Yukari mod","Youmu（魂魄妖梦）","Yuyuko"],"gold_per_floor":[113,113,126,140,140,140,156,172,172,28,63,75,92,105,105,200,200,215,22,22,121,33,33,52,52,76,90,106,119,219,219,219,316,316,327,537,537,56,73,105,105,105,105],"floor_reached":42,"language":"ENG","playtime":2697,"items_purged":[],"score":455,"play_id":"6c426d45-51c7-4745-9699-554ffe7ffbb5","local_time":"20210217104949","is_ascension_mode":false,"campfire_choices":[{"data":"SpellCardSeal","floor":6,"key":"SMITH"},{"data":"ClowCardTheStorm","floor":15,"key":"SMITH"},{"floor":23,"key":"REST"},{"floor":25,"key":"REST"},{"floor":32,"key":"REST"},{"floor":41,"key":"REST"}],"circlet_count":0,"master_deck":["SakuraCardTheSword+","ClowCardTheSword","ClowCardTheSword","ClowCardTheSword","ClowCardTheShield","ClowCardTheShield","ClowCardTheShield","ClowCardTheShield","SpellCardSeal+1","SpellCardRelease","ClowCardTheLibra","ClowCardTheSand","Decay","ClowCardTheStorm+1","ClowCardTheGlow","ClowCardTheWood","ClowCardTheStorm","ClowCardTheSand","ClowCardTheBig","ClowCardTheLibra","Bandage Up","ClowCardTheMirror","ClowCardTheShot","ClowCardTheShot","ClowCardTheErase","ClowCardTheFly+1","ClowCardTheMirror","ClowCardTheIllusion","ClowCardTheChange+1","SakuraCardTheLove+","ClowCardTheWood+1","ClowCardTheWatery","Chrysalis","expansioncontent:PolyBeam+1","ClowCardTheMist+1"],"relics":["KSMOD_SealedBook","KSMOD_SealedWand","NeowsBlessing","Replay:WaspNest","HornCleat","TentaclePot:ReiMu","Ginger","Fusion Hammer","Vajra","Pen Nib","Replay:Rubber Ducky","Counterbalance","Meat on the Bone","ReplayTheSpireMod:TigerMarble","PrismaticShard","Divine Protection","Boot"],"acts_visited":["Exordium","TheCity","TheBeyond"],"potions_floor_usage":[16,16,33,33,33,42],"damage_taken":[{"damage":0,"enemies":"2 Louse","floor":1,"turns":1},{"damage":0,"enemies":"Cultist","floor":3,"turns":1},{"damage":0,"enemies":"Small Slimes","floor":4,"turns":1},{"damage":5,"enemies":"Red Slaver","floor":7,"turns":3},{"damage":0,"enemies":"2 Fungi Beasts","floor":8,"turns":2},{"damage":25,"enemies":"3 Sentries","floor":11,"turns":7},{"damage":0,"enemies":"Large Slime","floor":12,"turns":2},{"damage":7,"enemies":"Blue Slaver","floor":13,"turns":2},{"damage":4,"enemies":"3 Louse","floor":14,"turns":2},{"damage":12,"enemies":"The Guardian","floor":16,"turns":5},{"damage":19,"enemies":"Spheric Guardian","floor":18,"turns":4},{"damage":5,"enemies":"3 Byrds","floor":24,"turns":2},{"damage":14,"enemies":"Centurion and Healer","floor":27,"turns":3},{"damage":11,"enemies":"Snake Plant","floor":28,"turns":3},{"damage":0,"enemies":"Chosen and Byrds","floor":29,"turns":3},{"damage":0,"enemies":"Colosseum Slavers","floor":30,"turns":3},{"damage":2,"enemies":"Colosseum Nobs","floor":30,"turns":3},{"damage":31,"enemies":"Champ","floor":33,"turns":9},{"damage":25,"enemies":"3 Shapes","floor":35,"turns":4},{"damage":10,"enemies":"Orb Walker","floor":39,"turns":3},{"damage":37,"enemies":"Nemesis","floor":40,"turns":7},{"damage":54,"enemies":"Transient","floor":42,"turns":5}],"seed_played":"-7486734455901193931","potions_obtained":[{"floor":8,"key":"Ancient Potion"},{"floor":12,"key":"KSMOD_MagickBottle"},{"floor":13,"key":"ColorlessPotion"},{"floor":24,"key":"Weak Potion"},{"floor":28,"key":"BlessingOfTheForge"},{"floor":29,"key":"PowerPotion"},{"floor":35,"key":"ZuzhouPotion:ReiMu"}],"is_trial":false,"path_per_floor":["M","?","M","M","?","R","M","M","T","$","E","M","M","M","R","B",null,"M","$","$","?","$","R","M","R","T","M","M","M","?","?","R","B",null,"M","?","?","$","M","E","R","M"],"character_chosen":"KINOMOTOSAKURA","items_purchased":["TentaclePot:ReiMu","ClowCardTheLibra","Bandage Up","ClowCardTheMirror","ClowCardTheShot","ClowCardTheErase","ReplayTheSpireMod:TigerMarble","PrismaticShard","Chrysalis"],"campfire_rested":4,"item_purchase_floors":[10,19,19,19,22,22,38,38,38],"current_hp_per_floor":[70,70,70,70,70,70,65,65,65,65,40,40,33,29,29,17,70,51,51,51,51,51,70,65,70,70,56,49,49,47,47,68,41,70,49,32,32,32,34,13,34,0,0],"gold":105,"neow_bonus":"THREE_ENEMY_KILL","is_daily":false,"chose_seed":false,"campfire_upgraded":2,"win_rate":0.0,"timestamp":1613558989,"path_taken":["M","?","M","?","?","R","M","M","T","$","E","M","M","M","R","BOSS","M","?","$","?","$","R","M","R","T","M","M","M","?","?","R","BOSS","M","?","?","$","M","E","R","M"],"items_purchased_type":["Relic","Card","Card","Card","Card","Card","Relic","Relic","Card"],"build_version":"2020-12-22","purchased_purges":0,"victory":false,"max_hp_per_floor":[70,70,70,70,70,70,70,70,70,70,70,70,70,70,70,70,70,70,70,70,70,70,70,70,70,70,70,70,70,70,70,70,70,70,70,70,70,70,70,70,70,70,70],"card_choices":[{"not_picked":["ClowCardTheChange","ClowCardTheIllusion"],"picked":"ClowCardTheLock","floor":1},{"not_picked":["ClowCardTheMove","ClowCardTheBubbles"],"picked":"ClowCardTheLibra","floor":3},{"not_picked":["ClowCardTheShot","ClowCardTheFlower"],"picked":"ClowCardTheSand","floor":4},{"not_picked":["ClowCardTheLoop","ClowCardTheArrow"],"picked":"ClowCardTheStorm","floor":7},{"not_picked":["ClowCardThePower","ClowCardTheMirror"],"picked":"ClowCardTheGlow","floor":8},{"not_picked":["ClowCardTheIllusion","ClowCardTheFlower"],"picked":"ClowCardTheWood","floor":11},{"not_picked":["ClowCardTheIllusion","ClowCardTheFirey"],"picked":"ClowCardTheStorm","floor":12},{"not_picked":["ClowCardTheBubbles","ClowCardTheWindy"],"picked":"ClowCardTheCreate","floor":13},{"not_picked":["ClowCardTheMirror","ClowCardTheMaze"],"picked":"ClowCardTheSand","floor":14},{"not_picked":["ClowCardTheTwin","ClowCardTheDark"],"picked":"ClowCardTheCreate","floor":16},{"not_picked":["ClowCardTheSong+1","ClowCardTheSilent"],"picked":"ClowCardTheBig","floor":18},{"not_picked":["ClowCardThePower","ClowCardTheLibra+1"],"picked":"ClowCardTheFly+1","floor":24},{"not_picked":["ClowCardTheLittle","ClowCardTheBubbles"],"picked":"ClowCardTheMirror","floor":27},{"not_picked":["ClowCardTheArrow+1","ClowCardTheCloud"],"picked":"ClowCardTheLock","floor":28},{"not_picked":["ClowCardTheVoice","ClowCardTheMaze"],"picked":"ClowCardTheIllusion","floor":29},{"not_picked":["ClowCardTheGlow+1","ClowCardTheMaze"],"picked":"ClowCardTheChange+1","floor":30},{"not_picked":["ClowCardTheDash","ClowCardTheTime"],"picked":"ClowCardTheCreate","floor":33},{"not_picked":["ClowCardTheErase+1","ClowCardTheRain+1"],"picked":"ClowCardTheWood+1","floor":35},{"not_picked":["ClowCardTheMaze","ClowCardTheSong+1"],"picked":"ClowCardTheWatery","floor":36},{"not_picked":["hexamod:HeatMetal","Tactician+1"],"picked":"expansioncontent:PolyBeam+1","floor":39},{"not_picked":["EmptyMind","ClowCardTheCloud+1"],"picked":"ClowCardTheMist+1","floor":40}],"player_experience":32594,"relics_obtained":[{"floor":9,"key":"HornCleat"},{"floor":11,"key":"Ginger"},{"floor":18,"key":"Vajra"},{"floor":26,"key":"Pen Nib"},{"floor":27,"key":"Replay:Rubber Ducky"},{"floor":30,"key":"Counterbalance"},{"floor":30,"key":"Meat on the Bone"},{"floor":40,"key":"Divine Protection"},{"floor":40,"key":"Boot"}],"event_choices":[{"cards_removed":["ClowCardTheLock"],"damage_healed":0,"gold_gain":0,"player_choice":"Gave Card","damage_taken":0,"relics_obtained":["Replay:WaspNest"],"max_hp_gain":0,"max_hp_loss":0,"event_name":"WeMeetAgain","floor":2,"gold_loss":0},{"damage_healed":0,"gold_gain":0,"player_choice":"Cursed","damage_taken":0,"max_hp_gain":0,"max_hp_loss":0,"event_name":"Wheel of Change","floor":5,"gold_loss":0,"cards_obtained":["Decay"]},{"damage_healed":0,"gold_gain":99,"player_choice":"Stole From Cult","damage_taken":0,"max_hp_gain":0,"max_hp_loss":0,"event_name":"Nest","floor":21,"gold_loss":0},{"damage_healed":0,"gold_gain":0,"player_choice":"Fight","damage_taken":0,"max_hp_gain":0,"max_hp_loss":0,"event_name":"Colosseum","floor":30,"gold_loss":0},{"damage_healed":0,"gold_gain":0,"player_choice":"Fought Nobs","damage_taken":0,"max_hp_gain":0,"max_hp_loss":0,"event_name":"Colosseum","floor":30,"gold_loss":0},{"cards_removed":["ClowCardTheLock"],"damage_healed":0,"gold_gain":0,"player_choice":"Purged","damage_taken":0,"max_hp_gain":0,"max_hp_loss":0,"event_name":"Purifier","floor":37,"gold_loss":0}],"is_beta":false,"boss_relics":[{"not_picked":["Replay:Drink Me","Snecko Eye"],"picked":"Fusion Hammer"},{"not_picked":["Cursed Key","Philosopher\u0027s Stone","Runic Dome"]}],"items_purged_floors":[],"is_endless":false,"potions_floor_spawned":[8,12,13,24,28,29,30,35],"killed_by":"Transient","ascension_level":0}}