{"host":"ndpbn7fqb3wjbd7p","time":1613584485,"event":{"mods":["AchievementEnabler","Act Like it!","AlwaysNeverKeys","BaseMod","Better Vampires","Block Reminder","Colored Powertips","DeckTracker","Defuse TimeMaze Blight","Friendly Minions","Highlight Path","MarisaÅiñ∂âJÅ@ñÇóùçπÅj","Minty Spire (QoL Compilation)","Permanent Neow","Shade Mod","StSLib","SuperFastMode","Synergy Search","The Mystic","Unceasing Turn Reminder","Wandering Minibosses"],"gold_per_floor":[215,215,215,215,234,234,234,234,257,277,277,295,295,37,37,126,126,151,76,7,7,7,7],"floor_reached":22,"language":"ENG","playtime":903,"items_purged":["Strike_B"],"score":281,"play_id":"387c6fe3-6011-4815-b9f1-376a2b44288b","local_time":"20210217185445","is_ascension_mode":true,"campfire_choices":[{"data":"Auto Shields","floor":6,"key":"SMITH"},{"data":"Zap","floor":8,"key":"SMITH"},{"data":"Force Field","floor":11,"key":"SMITH"},{"data":"Recycle","floor":13,"key":"SMITH"},{"data":"Defragment","floor":15,"key":"SMITH"}],"circlet_count":0,"master_deck":["AscendersBane","Strike_B","Strike_B","Strike_B","Defend_B","Defend_B","Defend_B","Defend_B","Zap+1","Dualcast","Auto Shields+1","Force Field","Force Field+1","Recycle+1","Defragment+1","Heatsinks","Core Surge","Hologram","Skim","Fission","Force Field","Tempest","Loop"],"relics":["Cracked Core","Golden Idol","Happy Flower","Orrery","Inserter"],"acts_visited":["Exordium","TheCity"],"potions_floor_usage":[16,16,19,19],"damage_taken":[{"damage":3,"enemies":"Jaw Worm","floor":1,"turns":4},{"damage":2,"enemies":"Small Slimes","floor":5,"turns":4},{"damage":0,"enemies":"Cultist","floor":10,"turns":4},{"damage":5,"enemies":"2 Fungi Beasts","floor":12,"turns":5},{"damage":20,"enemies":"Hexaghost","floor":16,"turns":14},{"damage":55,"enemies":"Chosen","floor":18,"turns":10},{"damage":7,"enemies":"2 Thieves","floor":19,"turns":5},{"damage":8,"enemies":"Centurion and Healer","floor":22,"turns":1}],"seed_played":"-1864879723159119097","potions_obtained":[{"floor":1,"key":"Energy Potion"},{"floor":5,"key":"SpeedPotion"},{"floor":16,"key":"SpeedPotion"},{"floor":18,"key":"DuplicationPotion"}],"is_trial":false,"path_per_floor":["M","?","?","?","M","R","?","R","T","M","R","M","R","$","R","B",null,"M","M","$","?","M"],"character_chosen":"DEFECT","items_purchased":["Defragment","Orrery","Loop"],"campfire_rested":0,"item_purchase_floors":[14,14,20],"current_hp_per_floor":[65,65,70,70,68,68,68,68,68,68,68,63,63,63,63,43,66,11,4,4,4,0,0],"gold":7,"neow_bonus":"HUNDRED_GOLD","is_daily":false,"chose_seed":false,"campfire_upgraded":5,"win_rate":0.0,"timestamp":1613584485,"path_taken":["M","?","?","?","M","R","?","R","T","M","R","M","R","$","R","BOSS","M","?","$","?","M"],"items_purchased_type":["Card","Relic","Card"],"build_version":"2020-12-22","purchased_purges":1,"victory":false,"max_hp_per_floor":[75,69,74,74,74,74,74,74,74,74,74,74,74,74,74,74,74,74,74,74,74,74,74],"card_choices":[{"not_picked":["BootSequence","Streamline"],"picked":"Auto Shields","floor":1},{"not_picked":["Go for the Eyes","Barrage"],"picked":"Force Field","floor":5},{"not_picked":["Go for the Eyes","Cold Snap"],"picked":"Force Field","floor":10},{"not_picked":["Storm","Chaos"],"picked":"Recycle","floor":12},{"not_picked":["Fusion","Seek"],"picked":"Heatsinks","floor":14},{"not_picked":["Recycle","Static Discharge"],"picked":"Core Surge","floor":14},{"not_picked":["Cold Snap","Turbo"],"picked":"Hologram","floor":14},{"not_picked":["Streamline","Go for the Eyes"],"picked":"Skim","floor":14},{"not_picked":["Seek","Buffer"],"picked":"Fission","floor":16},{"not_picked":["Streamline","Conserve Battery"],"picked":"Force Field","floor":18},{"not_picked":["Leap","Ball Lightning"],"picked":"Tempest","floor":19}],"player_experience":1221928,"relics_obtained":[{"floor":9,"key":"Happy Flower"}],"event_choices":[{"damage_healed":0,"gold_gain":0,"player_choice":"Lose Max HP","damage_taken":0,"relics_obtained":["Golden Idol"],"max_hp_gain":0,"max_hp_loss":6,"event_name":"Golden Idol","floor":2,"gold_loss":0},{"damage_healed":0,"gold_gain":0,"player_choice":"Donut","damage_taken":0,"max_hp_gain":5,"max_hp_loss":0,"event_name":"Big Fish","floor":3,"gold_loss":0},{"damage_healed":0,"gold_gain":0,"player_choice":"Ignored","damage_taken":0,"max_hp_gain":0,"max_hp_loss":0,"event_name":"Liars Game","floor":4,"gold_loss":0},{"damage_healed":0,"gold_gain":0,"player_choice":"Bought 0 Potions","damage_taken":0,"max_hp_gain":0,"max_hp_loss":0,"event_name":"The Woman in Blue","floor":7,"gold_loss":0},{"damage_healed":0,"gold_gain":0,"player_choice":"Ignored","damage_taken":0,"max_hp_gain":0,"max_hp_loss":0,"event_name":"Vampires","floor":21,"gold_loss":0}],"is_beta":false,"boss_relics":[{"not_picked":["Philosopher\u0027s Stone","Pandora\u0027s Box"],"picked":"Inserter"}],"items_purged_floors":[14],"is_endless":false,"potions_floor_spawned":[1,5,16,18],"killed_by":"Centurion and Healer","ascension_level":13}}