{"host":"g7uq9uzahx9e0kti","time":1613558246,"event":{"mods":["AchievementEnabler","BaseMod","CapriCore","Hermit","Koishi","Minty Spire (QoL Compilation)","Permanent Neow","Quick Restart","StSLib","SuperFastMode","The Bug Knight","The Cursed","The Hierophant","The Immortal","The Runesmith","Together in Spire","WarShipGirlsR/??á´Ò³R mod"],"gold_per_floor":[211,38,54,54,3,3,3,17,67,100,100,149,171,197,209,317,329,354,393,405,417,443,455,455],"floor_reached":23,"language":"KOR","playtime":1621,"items_purged":[],"score":214,"play_id":"cdaa1899-4f50-4b5a-88f4-d97654351270","local_time":"20210217193726","is_ascension_mode":false,"campfire_choices":[{"data":"HollowMod:FocusHealStart","floor":7,"key":"SMITH"},{"data":"HollowMod:GoodIntentions","floor":11,"key":"SMITH"},{"floor":15,"key":"REST"}],"circlet_count":0,"master_deck":["HollowMod:NailStrikeStart","HollowMod:NailStrikeStart","HollowMod:NailStrikeStart","HollowMod:NailStrikeStart","HollowMod:QuickDashStart","HollowMod:QuickDashStart","HollowMod:QuickDashStart","HollowMod:FocusHealStart+1","HollowMod:PogoStrike+1","HollowMod:PureNailStrike+1","HollowMod:CloakDash","HollowMod:GoodIntentions+1","HollowMod:AwokenDreamNail","HollowMod:SoulStrike","Regret","HollowMod:VengefulSpirit","HollowMod:SoulSplash","HollowMod:HeavyBlow","HollowMod:CloakDash","HollowMod:SlysStrikes","HollowMod:SoulStrike","HollowMod:GrimmsGift+1","RitualDagger","HollowMod:SoulSplash"],"relics":["HollowMod:VesselMask","HollowMod:MillibellesNoteRelic","MealTicket","Smiling Mask","Whetstone","MawBank","SlaversCollar","HollowMod:GreatKnightMask","MutagenicStrength"],"acts_visited":["Exordium","TheCity"],"potions_floor_usage":[16,23],"damage_taken":[{"damage":1,"enemies":"Cultist","floor":1,"turns":3},{"damage":6,"enemies":"Jaw Worm","floor":3,"turns":2},{"damage":5,"enemies":"2 Louse","floor":8,"turns":3},{"damage":42,"enemies":"3 Sentries","floor":10,"turns":7},{"damage":14,"enemies":"Blue Slaver","floor":13,"turns":3},{"damage":7,"enemies":"3 Louse","floor":14,"turns":3},{"damage":65,"enemies":"HollowMod:FalseKnight","floor":16,"turns":9},{"damage":12,"enemies":"Shell Parasite","floor":18,"turns":6},{"damage":0,"enemies":"HollowMod:Zote","floor":19,"turns":2},{"damage":25,"enemies":"Spheric Guardian","floor":22,"turns":4},{"damage":40,"enemies":"Slavers","floor":23,"turns":3}],"seed_played":"-2489377850256218508","potions_obtained":[{"floor":1,"key":"EssenceOfSteel"},{"floor":10,"key":"FairyPotion"},{"floor":19,"key":"DistilledChaos"}],"is_trial":false,"path_per_floor":["M","$","M","?","$","?","R","M","T","E","R","T","M","M","R","B",null,"M","?","?","?","M","E"],"character_chosen":"THE_BUGKNIGHT","items_purchased":["HollowMod:MillibellesNoteRelic","HollowMod:CloakDash","HollowMod:SoulStrike"],"campfire_rested":1,"item_purchase_floors":[2,2,5],"current_hp_per_floor":[74,74,68,68,68,68,68,69,69,27,27,27,19,18,40,10,75,63,63,63,57,32,0,0],"gold":455,"neow_bonus":"HUNDRED_GOLD","is_daily":false,"chose_seed":false,"campfire_upgraded":2,"win_rate":0.0,"timestamp":1613558246,"path_taken":["M","?","M","?","?","?","R","M","T","E","R","?","M","M","R","BOSS","M","?","?","?","M","E"],"items_purchased_type":["Relic","Card","Card"],"build_version":"2020-12-22","purchased_purges":0,"victory":false,"max_hp_per_floor":[75,75,75,75,75,75,75,75,75,75,75,75,75,75,75,75,75,75,75,75,75,75,75,75],"card_choices":[{"not_picked":["HollowMod:GreatSlash","HollowMod:FastStrike"],"picked":"HollowMod:PureNailStrike","floor":1},{"not_picked":["HollowMod:CrystalDash","HollowMod:LifebloodCocoon"],"picked":"HollowMod:GoodIntentions","floor":3},{"not_picked":["HollowMod:DashSlash","HollowMod:HeavyBlow"],"picked":"HollowMod:VengefulSpirit","floor":8},{"not_picked":["HollowMod:SoulShaman","HollowMod:WraithStrike"],"picked":"HollowMod:SoulSplash","floor":10},{"not_picked":["HollowMod:NewJinnsSoul","HollowMod:SoulVessel"],"picked":"HollowMod:HeavyBlow","floor":13},{"not_picked":["HollowMod:RecoilStrike","HollowMod:InfectedCysts"],"picked":"HollowMod:CloakDash","floor":14},{"not_picked":["HollowMod:HornetsHelp","HollowMod:Hiveblood"],"picked":"HollowMod:SlysStrikes","floor":16},{"not_picked":["HollowMod:SharpenedNail","HollowMod:NewJinnsSoul+1"],"picked":"HollowMod:SoulStrike","floor":18},{"not_picked":["HollowMod:DreamGate+1","HollowMod:DashSlash+1"],"picked":"HollowMod:GrimmsGift+1","floor":19},{"not_picked":["HollowMod:AbyssShriek","HollowMod:InfectedAttack"],"picked":"HollowMod:SoulSplash","floor":22}],"player_experience":122851,"relics_obtained":[{"floor":9,"key":"Smiling Mask"},{"floor":10,"key":"Whetstone"},{"floor":12,"key":"MawBank"},{"floor":19,"key":"HollowMod:GreatKnightMask"}],"event_choices":[{"damage_healed":0,"gold_gain":0,"cards_transformed":["HollowMod:QuickDashStart"],"player_choice":"Change","damage_taken":0,"max_hp_gain":0,"max_hp_loss":0,"event_name":"Living Wall","floor":4,"gold_loss":0,"cards_obtained":["HollowMod:AwokenDreamNail"]},{"damage_healed":0,"gold_gain":0,"player_choice":"Box","damage_taken":0,"relics_obtained":["MealTicket"],"max_hp_gain":0,"max_hp_loss":0,"event_name":"Big Fish","floor":6,"gold_loss":0,"cards_obtained":["Regret"]},{"damage_healed":0,"gold_gain":0,"player_choice":"Inject Mutagens","damage_taken":0,"relics_obtained":["MutagenicStrength"],"max_hp_gain":0,"max_hp_loss":0,"event_name":"Drug Dealer","floor":20,"gold_loss":0},{"damage_healed":0,"gold_gain":0,"player_choice":"Joined the Cult","damage_taken":6,"max_hp_gain":0,"max_hp_loss":0,"event_name":"Nest","floor":21,"gold_loss":0,"cards_obtained":["RitualDagger"]}],"is_beta":false,"boss_relics":[{"not_picked":["Coffee Dripper","Pandora\u0027s Box"],"picked":"SlaversCollar"}],"items_purged_floors":[],"is_endless":false,"potions_floor_spawned":[1,10,19],"killed_by":"Slavers","ascension_level":0}}