{"host":"dkr0dog13pegamnp","time":1613574635,"event":{"mods":["AchievementEnabler","BaseMod","Minty Spire (QoL Compilation)","Rare Cards Sparkle","StSLib","SuperFastMode","everything is the same but u backflip on backflip"],"gold_per_floor":[219,294,469,24,24,59,59,70,122,122,135,153,164,183,183,183,183],"floor_reached":16,"language":"KOR","playtime":449,"items_purged":["Doubt"],"score":143,"play_id":"2d85ba70-8efc-45a5-b62d-e7cb7ccf5d49","local_time":"20210218001035","is_ascension_mode":true,"campfire_choices":[{"floor":7,"key":"REST"},{"data":"Underhanded Strike","floor":10,"key":"SMITH"},{"data":"Cloak And Dagger","floor":15,"key":"SMITH"}],"circlet_count":0,"master_deck":["Strike_G+1","Strike_G","Strike_G","Strike_G+1","Defend_G","Defend_G","Defend_G","Defend_G","Defend_G","Survivor","Neutralize","Accuracy","Reflex","Underhanded Strike+1","Cloak And Dagger+1","Calculated Gamble","Backstab"],"relics":["Ring of the Snake","Pocketwatch","Sundial","Whetstone"],"acts_visited":["Exordium"],"potions_floor_usage":[6,13,16],"damage_taken":[{"damage":0,"enemies":"Small Slimes","floor":1,"turns":5},{"damage":44,"enemies":"Lagavulin","floor":6,"turns":11},{"damage":0,"enemies":"Jaw Worm","floor":8,"turns":7},{"damage":0,"enemies":"2 Louse","floor":11,"turns":3},{"damage":1,"enemies":"Large Slime","floor":12,"turns":7},{"damage":9,"enemies":"Red Slaver","floor":13,"turns":3},{"damage":0,"enemies":"Lots of Slimes","floor":14,"turns":5},{"damage":20,"enemies":"Hexaghost","floor":16,"turns":9}],"seed_played":"7575396697143290535","potions_obtained":[{"floor":1,"key":"CunningPotion"},{"floor":12,"key":"Fire Potion"},{"floor":14,"key":"SteroidPotion"}],"is_trial":false,"path_per_floor":["M","?","?","$","?","E","R","M","T","R","M","M","M","M","R","B"],"character_chosen":"THE_SILENT","items_purchased":["Accuracy","Pocketwatch"],"campfire_rested":1,"item_purchase_floors":[4,4],"current_hp_per_floor":[63,52,52,52,52,8,29,29,29,29,29,28,19,19,19,0,0],"gold":183,"neow_bonus":"HUNDRED_GOLD","is_daily":false,"chose_seed":false,"campfire_upgraded":2,"win_rate":0.0,"timestamp":1613574635,"path_taken":["M","?","?","$","?","E","R","M","T","R","M","M","M","M","R","BOSS"],"items_purchased_type":["Card","Relic"],"build_version":"2020-12-22","purchased_purges":1,"victory":false,"max_hp_per_floor":[70,70,70,70,70,70,70,70,70,70,70,70,70,70,70,70,70],"card_choices":[{"not_picked":["Eviscerate","Slice","Predator"],"picked":"SKIP","floor":1},{"not_picked":["Flying Knee","Eviscerate"],"picked":"Reflex","floor":6},{"not_picked":["Dodge and Roll","Setup"],"picked":"Underhanded Strike","floor":8},{"not_picked":["Underhanded Strike","Dagger Spray"],"picked":"Cloak And Dagger","floor":11},{"not_picked":["Acrobatics","Underhanded Strike"],"picked":"Calculated Gamble","floor":12},{"not_picked":["Masterful Stab","Concentrate"],"picked":"Backstab","floor":13},{"not_picked":["Acrobatics","Prepared","Bane"],"picked":"SKIP","floor":14}],"player_experience":56987,"relics_obtained":[{"floor":6,"key":"Sundial"},{"floor":9,"key":"Whetstone"}],"event_choices":[{"damage_healed":0,"gold_gain":75,"player_choice":"Gather Gold","damage_taken":11,"max_hp_gain":0,"max_hp_loss":0,"event_name":"World of Goop","floor":2,"gold_loss":0},{"damage_healed":0,"gold_gain":175,"player_choice":"AGREE","damage_taken":0,"max_hp_gain":0,"max_hp_loss":0,"event_name":"Liars Game","floor":3,"gold_loss":0,"cards_obtained":["Doubt"]},{"cards_removed":["Strike_G"],"damage_healed":0,"gold_gain":0,"player_choice":"Forget","damage_taken":0,"max_hp_gain":0,"max_hp_loss":0,"event_name":"Living Wall","floor":5,"gold_loss":0}],"is_beta":false,"boss_relics":[],"items_purged_floors":[4],"is_endless":false,"potions_floor_spawned":[1,12,14],"killed_by":"Hexaghost","ascension_level":8}}