{"host":"d3bsw5ou8fswq5qc","time":1613587865,"event":{"mods":["Aspiration","BaseMod","Colored Map","Conspire","Downfall","GifTheSpireLib","Googly Eyes","Minty Spire (QoL Compilation)","Replay The Spire","StSLib","Stuff the Spire","The Jungle"],"gold_per_floor":[119,130,145,162,162,162,181,181,233,268,280,299,329,346,346,445,445,457,474,487,497,516,548,548,560,560,589,602,602,602,622,622,718,718,738,614,614,632,650,678,678,708,708,708,718,730,730,765,765,765],"floor_reached":51,"language":"FRA","playtime":7004,"items_purged":["Defend_P"],"score":1067,"play_id":"f05133dd-522f-47b3-b70f-da027519e9cc","local_time":"20210217195105","is_ascension_mode":false,"campfire_choices":[{"data":"PathToVictory","floor":6,"key":"SMITH"},{"data":"PathToVictory","floor":8,"key":"SMITH"},{"floor":15,"key":"REST"},{"data":"DevaForm","floor":24,"key":"SMITH"},{"data":"Pot Of Greed","floor":29,"key":"SMITH"},{"floor":32,"key":"REST"},{"floor":44,"key":"REST"},{"data":"Scrawl","floor":47,"key":"SMITH"},{"floor":49,"key":"REST"}],"circlet_count":0,"master_deck":["Strike_P","Strike_P","Strike_P","Defend_P","Defend_P","Defend_P+1","Eruption+1","Vigilance+1","Forethought","PathToVictory+1","Consecrate","PathToVictory+1","Replay:Anticipation","Crescendo","Protect+1","Pot Of Greed","Pot Of Greed+1","Evaluate","Evaluate","Brilliance+1","Protect","DevaForm+1","CutThroughFate","JustLucky+1","BowlingBash+1","Pot Of Greed","Sanctity+1","Sanctity+1","Replay:ManipulateFuture+1","PathToVictory+1","Scrawl+1","FollowUp+1","BattleHymn","Sanctity+1","JustLucky+1","CutThroughFate+1"],"relics":["PureWater","Gremlin Food","Grinning Jar","StuffTheSpire:Tea","Painkiller Herb","Smiling Mask","conspire:DeflatedDodgeball","Whetstone","InkBottle","GoldenEye","Replay:Bottled Eggs","Chameleon Ring"],"acts_visited":["Exordium","TheCity","TheBeyond"],"potions_floor_usage":[7,16,16,21,27,33,42,42,50,50,50],"damage_taken":[{"damage":1,"enemies":"Jaw Worm","floor":1,"turns":3},{"damage":0,"enemies":"Cultist","floor":2,"turns":2},{"damage":0,"enemies":"2 Louse","floor":3,"turns":3},{"damage":1,"enemies":"2 Fungi Beasts","floor":4,"turns":4},{"damage":6,"enemies":"Large Slime","floor":7,"turns":3},{"damage":2,"enemies":"Lagavulin","floor":10,"turns":5},{"damage":0,"enemies":"Exordium Wildlife","floor":11,"turns":3},{"damage":0,"enemies":"Looter","floor":12,"turns":3},{"damage":16,"enemies":"Gremlin Nob","floor":13,"turns":4},{"damage":0,"enemies":"Exordium Thugs","floor":14,"turns":4},{"damage":27,"enemies":"Slime Boss","floor":16,"turns":13},{"damage":3,"enemies":"3 Byrds","floor":18,"turns":4},{"damage":0,"enemies":"Chosen","floor":19,"turns":4},{"damage":0,"enemies":"Centurion and Healer","floor":20,"turns":9},{"damage":9,"enemies":"Snake Plant","floor":21,"turns":5},{"damage":15,"enemies":"Snecko","floor":22,"turns":6},{"damage":1,"enemies":"Book of Stabbing","floor":23,"turns":5},{"damage":0,"enemies":"Cultist and Chosen","floor":25,"turns":6},{"damage":0,"enemies":"Gremlin Leader","floor":27,"turns":5},{"damage":0,"enemies":"3 Cultists","floor":28,"turns":4},{"damage":9,"enemies":"Centurion and Healer","floor":31,"turns":6},{"damage":26,"enemies":"Pondfish","floor":33,"turns":13},{"damage":4,"enemies":"3 Darklings","floor":35,"turns":3},{"damage":6,"enemies":"3 Shapes","floor":38,"turns":4},{"damage":0,"enemies":"Jaw Worm Horde","floor":39,"turns":3},{"damage":0,"enemies":"Giant Head","floor":40,"turns":6},{"damage":36,"enemies":"Reptomancer","floor":42,"turns":5},{"damage":0,"enemies":"Sphere and 2 Shapes","floor":45,"turns":4},{"damage":0,"enemies":"4 Shapes","floor":46,"turns":5},{"damage":15,"enemies":"conspire:MimicChest","floor":48,"turns":4},{"damage":0,"enemies":"Donu and Deca","floor":50,"turns":6}],"seed_played":"-7319603029663837825","potions_obtained":[{"floor":3,"key":"Regen Potion"},{"floor":4,"key":"sneckomod:MuddlingPotion"},{"floor":7,"key":"Fruit Juice"},{"floor":13,"key":"BlessingOfTheForge"},{"floor":14,"key":"LiquidMemories"},{"floor":19,"key":"Adrenaline Potion"},{"floor":23,"key":"SkillPotion"},{"floor":25,"key":"AttackPotion"},{"floor":27,"key":"sneckomod:MuddlingPotion"},{"floor":39,"key":"DistilledChaos"},{"floor":45,"key":"champ:CounterPotion"},{"floor":46,"key":"hexamod:SoulburnPotion"}],"is_trial":false,"path_per_floor":["M","M","M","M","?","R","M","R","T","E","M","M","E","M","R","B",null,"?","?","?","?","?","E","T","?","T","E","?","T","?","?","T","B",null,"?","T","?","?","?","E","?","E","T","T","?","?","T","?","T","B",null],"character_chosen":"WATCHER","items_purchased":["BattleHymn"],"campfire_rested":4,"item_purchase_floors":[36],"current_hp_per_floor":[71,71,71,70,70,70,69,69,69,67,67,67,51,51,74,47,77,74,74,74,65,50,49,49,49,49,49,49,49,49,40,63,37,77,73,73,73,67,67,67,67,36,36,57,57,57,57,42,63,63],"gold":765,"neow_bonus":"RANDOM_COLORLESS","is_daily":false,"chose_seed":false,"campfire_upgraded":5,"win_rate":0.0,"timestamp":1613587865,"path_taken":["M","M","M","M","?","R","M","R","T","E","M","?","E","M","R","BOSS","?","?","?","?","?","E","T","?","T","E","?","T","?","?","T","BOSS","?","T","?","?","?","E","?","E","T","T","?","?","T","?","T","BOSS"],"items_purchased_type":["Card"],"build_version":"2020-12-22","purchased_purges":1,"victory":true,"max_hp_per_floor":[72,72,72,72,72,72,77,77,77,77,77,77,77,77,77,77,77,77,77,77,77,77,77,77,77,77,77,77,77,77,77,77,77,77,77,77,73,73,73,73,73,73,73,73,73,73,73,73,73,73],"card_choices":[{"not_picked":["Jack Of All Trades","StuffTheSpire:PlasmaPulse"],"picked":"Forethought","floor":0},{"not_picked":["Halt","Meditate"],"picked":"PathToVictory","floor":1},{"not_picked":["CrushJoints","BowlingBash"],"picked":"Consecrate","floor":2},{"not_picked":["Crescendo","Replay:Hum"],"picked":"PathToVictory","floor":3},{"not_picked":["Replay:AtTheReady","Crescendo"],"picked":"Replay:Anticipation","floor":4},{"not_picked":["Tantrum","SashWhip"],"picked":"Protect","floor":7},{"not_picked":["FearNoEvil","WindmillStrike"],"picked":"Evaluate","floor":10},{"not_picked":["SignatureMove","CrushJoints","BowlingBash"],"picked":"SKIP","floor":11},{"not_picked":["WindmillStrike","Replay:BluntJabs"],"picked":"Evaluate","floor":12},{"not_picked":["SandsOfTime","FollowUp"],"picked":"Brilliance","floor":13},{"not_picked":["Halt","FlurryOfBlows"],"picked":"Protect","floor":14},{"not_picked":["MasterReality","LessonLearned"],"picked":"DevaForm","floor":16},{"not_picked":["Replay:Vibes","CrushJoints"],"picked":"CutThroughFate","floor":18},{"not_picked":["Protect+1","Pray+1"],"picked":"JustLucky+1","floor":19},{"not_picked":["TalkToTheHand","Weave"],"picked":"BowlingBash+1","floor":20},{"not_picked":["Replay:BluntJabs","WaveOfTheHand+1"],"picked":"Sanctity","floor":21},{"not_picked":["InnerPeace","EmptyFist+1"],"picked":"Sanctity","floor":22},{"not_picked":["BowlingBash+1","Replay:Vibes","Consecrate"],"picked":"SKIP","floor":23},{"not_picked":["Meditate+1","Crescendo+1","EmptyFist"],"picked":"SKIP","floor":25},{"not_picked":["Ragnarok","Tantrum","CrushJoints"],"picked":"SKIP","floor":27},{"not_picked":["Indignation+1","FlyingSleeves+1"],"picked":"Replay:ManipulateFuture","floor":28},{"not_picked":["FlurryOfBlows+1","Crescendo"],"picked":"PathToVictory+1","floor":31},{"not_picked":["Omniscience","Establishment"],"picked":"Scrawl","floor":33},{"not_picked":["FlurryOfBlows","Worship"],"picked":"FollowUp+1","floor":35},{"not_picked":["Replay:Cycle","Tantrum+1"],"picked":"Sanctity","floor":38},{"not_picked":["SashWhip+1","LikeWater+1","Replay:AtTheReady"],"picked":"SKIP","floor":39},{"not_picked":["ClearTheMind","Replay:AtTheReady+1","FearNoEvil+1"],"picked":"SKIP","floor":40},{"not_picked":["WindmillStrike","FollowUp","TalkToTheHand"],"picked":"SKIP","floor":42},{"not_picked":["ClearTheMind","Replay:ManipulateFuture+1"],"picked":"JustLucky+1","floor":45},{"not_picked":["Consecrate","Meditate","Replay:ManipulateFuture"],"picked":"SKIP","floor":46},{"not_picked":["Replay:Anticipation+1","FlurryOfBlows+1"],"picked":"CutThroughFate+1","floor":48}],"player_experience":290402,"relics_obtained":[{"floor":9,"key":"Gremlin Food"},{"floor":10,"key":"Grinning Jar"},{"floor":13,"key":"StuffTheSpire:Tea"},{"floor":23,"key":"Smiling Mask"},{"floor":26,"key":"conspire:DeflatedDodgeball"},{"floor":27,"key":"Whetstone"},{"floor":40,"key":"InkBottle"},{"floor":42,"key":"GoldenEye"},{"floor":43,"key":"Replay:Bottled Eggs"},{"floor":48,"key":"Chameleon Ring"}],"event_choices":[{"damage_healed":0,"gold_gain":0,"cards_transformed":["Strike_P"],"player_choice":"Transformed","damage_taken":0,"max_hp_gain":0,"max_hp_loss":0,"event_name":"Transmorgrifier","floor":5,"gold_loss":0,"cards_obtained":["Crescendo"]},{"damage_healed":0,"gold_gain":0,"player_choice":"Max HP","damage_taken":0,"max_hp_gain":0,"max_hp_loss":4,"event_name":"Winding Halls","floor":37,"gold_loss":0},{"damage_healed":0,"gold_gain":0,"player_choice":"Leave","damage_taken":0,"max_hp_gain":0,"max_hp_loss":0,"event_name":"conspire:Investor","floor":41,"gold_loss":0}],"is_beta":false,"boss_relics":[{"not_picked":["Runic Dome","Black Star"],"picked":"Painkiller Herb"},{"not_picked":["aspiration:SecretTechniqueScroll","StuffTheSpire:Kangaroo","Kintsugi"]}],"items_purged_floors":[36],"is_endless":false,"potions_floor_spawned":[3,4,7,13,14,19,23,25,27,31,39,45,46],"ascension_level":0}}