{"host":"rantoq7h0pygex6x","time":1613570844,"event":{"mods":["AchievementEnabler","BaseMod","BetterRewards","Minty Spire (QoL Compilation)"],"gold_per_floor":[109,185,24,34,34,34,34,34,34,77,77,102,146,126,126,216,216,234,254,254,268,268,268,308,308,308,308,37,87,87,128,128,128,128],"floor_reached":33,"language":"ENG","playtime":946,"items_purged":["Strike_B","Defend_B"],"score":774,"play_id":"cc1b7cd3-1d14-4d9e-9a49-38e0e13af97e","local_time":"20210217220724","is_ascension_mode":true,"campfire_choices":[{"data":"Sunder","floor":6.0,"key":"SMITH"},{"data":"Zap","floor":8.0,"key":"SMITH"},{"data":"Dualcast","floor":11.0,"key":"SMITH"},{"data":"Ball Lightning","floor":15.0,"key":"SMITH"},{"data":"Glacier","floor":23.0,"key":"SMITH"},{"floor":25.0,"key":"REST"},{"data":"Storm","floor":27.0,"key":"SMITH"},{"floor":32,"key":"REST"}],"circlet_count":0,"master_deck":["AscendersBane","Strike_B","Strike_B","Defend_B","Defend_B","Defend_B","Zap+1","Dualcast+1","Storm+1","Conserve Battery","Cold Snap","Sunder+1","BootSequence","Barrage","Melter","Glacier+1","Ball Lightning+1","Core Surge","Gash","Heatsinks","Writhe","Chill","Hologram+1","Conserve Battery+1","Melter","Stack+1"],"relics":["Cracked Core","Eternal Feather","Golden Idol","Shuriken","Orichalcum","Mercury Hourglass","SlaversCollar","Bronze Scales","Darkstone Periapt","Toxic Egg 2","Kunai"],"acts_visited":["Exordium","TheCity"],"potions_floor_usage":[31],"damage_taken":[{"damage":5.0,"enemies":"Cultist","floor":1.0,"turns":4.0},{"damage":0.0,"enemies":"2 Louse","floor":4.0,"turns":2.0},{"damage":14.0,"enemies":"Lagavulin","floor":10.0,"turns":6.0},{"damage":0.0,"enemies":"Small Slimes","floor":12.0,"turns":2.0},{"damage":12.0,"enemies":"3 Sentries","floor":13.0,"turns":7.0},{"damage":26.0,"enemies":"The Guardian","floor":16.0,"turns":10.0},{"damage":7.0,"enemies":"2 Thieves","floor":18.0,"turns":3.0},{"damage":18.0,"enemies":"Shell Parasite","floor":19.0,"turns":5.0},{"damage":14.0,"enemies":"Centurion and Healer","floor":21.0,"turns":4.0},{"damage":26.0,"enemies":"Book of Stabbing","floor":24.0,"turns":5.0},{"damage":52,"enemies":"Slavers","floor":31,"turns":5},{"damage":68,"enemies":"Champ","floor":33,"turns":12}],"seed_played":"4861344435881376281","potions_obtained":[{"floor":1.0,"key":"SteroidPotion"},{"floor":7.0,"key":"PotionOfCapacity"},{"floor":7.0,"key":"SkillPotion"},{"floor":12.0,"key":"Dexterity Potion"},{"floor":13.0,"key":"FocusPotion"},{"floor":19.0,"key":"FairyPotion"},{"floor":21.0,"key":"CultistPotion"},{"floor":31,"key":"Strength Potion"}],"is_trial":false,"path_per_floor":["M","?","$","M","?","R","?","R","T","E","R","M","E","?","R","B",null,"M","M","?","M","?","R","E","R","T","R","$","?","$","E","R","B"],"character_chosen":"DEFECT","items_purchased":["Eternal Feather","Storm","Conserve Battery","Cold Snap","Sunder","BootSequence","Melter","Hologram+1","Conserve Battery+1","Melter"],"campfire_rested":2,"item_purchase_floors":[0,0,0,0,0,0,3,28,28,28],"current_hp_per_floor":[35,35,35,35,35,44,44,53,53,39,48,48,36,36,48,22,54,47,29,29,15,15,27,1,32,32,44,44,44,44,19,53,0,0],"gold":128,"neow_bonus":"","is_daily":false,"chose_seed":false,"campfire_upgraded":6,"win_rate":0.0,"timestamp":1613570844,"path_taken":["M","?","$","M","?","R","?","R","T","E","R","?","E","?","R","BOSS","M","?","?","M","?","R","E","R","T","R","$","?","?","E","R","BOSS"],"items_purchased_type":["Relic","Card","Card","Card","Card","Card","Card","Card","Card","Card"],"build_version":"2020-12-22","purchased_purges":2,"victory":false,"max_hp_per_floor":[71,71,71,71,64,64,64,64,64,64,64,64,64,64,64,64,64,64,64,64,64,64,64,64,64,64,64,64,64,64,64,64,64,64],"card_choices":[{"not_picked":["Steam Power","Auto Shields"],"picked":"Barrage","floor":1.0},{"not_picked":["Redo","Leap"],"picked":"Glacier","floor":4.0},{"not_picked":["Lockon","Gash","Reprogram"],"picked":"SKIP","floor":10.0},{"not_picked":["Hologram","Rebound"],"picked":"Ball Lightning","floor":12.0},{"not_picked":["Ball Lightning","Compile Driver"],"picked":"Core Surge","floor":13.0},{"not_picked":["Turbo","Redo"],"picked":"Gash","floor":18.0},{"not_picked":["Cold Snap","Turbo"],"picked":"Heatsinks","floor":19.0},{"not_picked":["Tempest+1","Rip and Tear"],"picked":"Chill","floor":21.0},{"not_picked":["Leap","Coolheaded","Recycle"],"picked":"SKIP","floor":24.0},{"not_picked":["Sunder","Leap+1"],"picked":"Stack+1","floor":31}],"player_experience":999590,"relics_obtained":[{"floor":9.0,"key":"Shuriken"},{"floor":10.0,"key":"Orichalcum"},{"floor":13.0,"key":"Mercury Hourglass"},{"floor":24.0,"key":"Darkstone Periapt"},{"floor":26.0,"key":"Toxic Egg 2"},{"floor":31,"key":"Kunai"}],"event_choices":[{"damage_healed":0.0,"max_hp_gain":0.0,"max_hp_loss":0.0,"gold_gain":76.0,"event_name":"Golden Wing","player_choice":"Gained Gold","floor":2.0,"gold_loss":0.0,"damage_taken":0.0},{"damage_healed":0.0,"max_hp_gain":0.0,"max_hp_loss":7.0,"gold_gain":0.0,"event_name":"Golden Idol","player_choice":"Lose Max HP","floor":5.0,"gold_loss":0.0,"damage_taken":0.0,"relics_obtained":["Golden Idol"]},{"damage_healed":0.0,"max_hp_gain":0.0,"max_hp_loss":0.0,"gold_gain":0.0,"event_name":"Lab","player_choice":"Got Potions","floor":7.0,"gold_loss":0.0,"damage_taken":0.0},{"damage_healed":0.0,"max_hp_gain":0.0,"max_hp_loss":0.0,"gold_gain":0.0,"event_name":"The Woman in Blue","player_choice":"Bought 1 Potion","floor":14.0,"gold_loss":0.0,"damage_taken":0.0},{"damage_healed":0.0,"max_hp_gain":0.0,"max_hp_loss":0.0,"gold_gain":0.0,"event_name":"The Mausoleum","player_choice":"Opened","floor":20.0,"gold_loss":0.0,"damage_taken":0.0,"relics_obtained":["Bronze Scales"],"cards_obtained":["Writhe"]},{"cards_removed":["Strike_B"],"damage_healed":0.0,"max_hp_gain":0.0,"max_hp_loss":0.0,"gold_gain":0.0,"event_name":"Back to Basics","player_choice":"Elegance","floor":22.0,"gold_loss":0.0,"damage_taken":0.0},{"damage_healed":0.0,"max_hp_gain":0.0,"max_hp_loss":0.0,"gold_gain":50.0,"event_name":"Nest","player_choice":"Stole From Cult","floor":29.0,"gold_loss":0.0,"damage_taken":0.0}],"is_beta":false,"boss_relics":[{"not_picked":["Velvet Choker","Runic Pyramid"],"picked":"SlaversCollar"}],"items_purged_floors":[3,28],"is_endless":false,"potions_floor_spawned":[1,12,13,19,21,31],"killed_by":"Champ","ascension_level":20}}