{"host":"n5x0e04y88v3omrc","time":1613578825,"event":{"mods":["Aspiration","BaseMod","Colored Powertips","Downfall","Minty Spire (QoL Compilation)","Reimu£®≤©¿ˆ¡È√Œ£©","Remilia£®¿Ÿ√◊¿Ú—«£©","Replay The Spire","Shop Mod","StSLib"],"gold_per_floor":[15,15,15,26,44,77,77,94,94,94,114,127,127,137,137,240,240,251,221,221,236,91,122,82,108,134,134,146,176,176,188,188,283,283,302,319,319,330,31,31,46,77,77,127,127,27,47,47,47,47,47,47,47,74,74],"floor_reached":56,"language":"ZHS","playtime":5684,"items_purged":["Strike_Lin:ReiMu","Defend_Lin:ReiMu","Defend_Lin:ReiMu"],"score":1313,"play_id":"7fc9a8d5-d0f9-475c-aa33-172ffcff28b4","local_time":"20210218002025","is_ascension_mode":true,"campfire_choices":[{"data":"InherentArray:ReiMu","floor":7,"key":"SMITH"},{"floor":13,"key":"REST"},{"floor":15,"key":"REST"},{"floor":27,"key":"REST"},{"data":"DependentForm:ReiMu","floor":30,"key":"SMITH"},{"floor":40,"key":"RECALL"},{"data":"CardOfSanctity:ReiMu","floor":49,"key":"SMITH"},{"data":"UniversalSpiritual:ReiMu","floor":52,"key":"SMITH"}],"circlet_count":0,"master_deck":["Strike_Lin:ReiMu","Strike_Lin:ReiMu","Defend_Lin:ReiMu","NB:ReiMu","Stagnation:ReiMu","CardOfSanctity:ReiMu+1","AirStrike:ReiMu","InherentArray:ReiMu+1","InherentArray:ReiMu","Intuition:ReiMu","FineLineFantasy:ReiMu","KyokaiOfKami:ReiMu","FantasyBorder:ReiMu","DependentForm:ReiMu+1","Meditation:ReiMu","CareerPray:ReiMu+1","YinYangSange:ReiMu","Conquer:ReiMu+1","Determination:ReiMu","HakureiPhantom:ReiMu","MountainWay:ReiMu+1","Forethought","RainPray2:ReiMu","Mayhem","Discovery","UniversalSpiritual:ReiMu+1","KamiRite:ReiMu","Enchanting:ReiMu","LovePray:ReiMu+1","NineCharacters:ReiMu+1"],"relics":["FlyPower:ReiMu","StoneCalendar","Juzu Bracelet","CrownOfHeavens:ReiMu","Guardian:PocketSentry","ZunR:ReiMu","Eternal Feather","Smiling Mask","Bottled Lightning","aspiration:RitualDagger","BargainBundle","CrazyTorch:ReiMu","hexamod:CandleOfCauterizing","Mango","Blue Candle","ReplayTheSpireMod:Lightbulb"],"acts_visited":["Exordium","TheCity","TheBeyond","TheEnding"],"potions_floor_usage":[6,8,12,23,23,25,25,31,33,33,55,55,55],"damage_taken":[{"damage":9,"enemies":"Jaw Worm","floor":1,"turns":5},{"damage":0,"enemies":"Cultist","floor":4,"turns":2},{"damage":0,"enemies":"Small Slimes","floor":5,"turns":5},{"damage":24,"enemies":"Lagavulin","floor":6,"turns":8},{"damage":1,"enemies":"Red Slaver","floor":8,"turns":3},{"damage":14,"enemies":"Lots of Slimes","floor":11,"turns":5},{"damage":9,"enemies":"Gremlin Gang","floor":12,"turns":5},{"damage":3,"enemies":"3 Louse","floor":14,"turns":4},{"damage":0,"enemies":"Fading Forest","floor":16,"turns":11},{"damage":14,"enemies":"Chosen","floor":18,"turns":6},{"damage":0,"enemies":"Spheric Guardian","floor":21,"turns":2},{"damage":34,"enemies":"Slavers","floor":23,"turns":3},{"damage":4,"enemies":"Gremlin Leader","floor":25,"turns":5},{"damage":15,"enemies":"Snake Plant","floor":28,"turns":3},{"damage":16,"enemies":"Slavers","floor":29,"turns":2},{"damage":11,"enemies":"Centurion and Healer","floor":31,"turns":3},{"damage":20,"enemies":"Champ","floor":33,"turns":7},{"damage":21,"enemies":"3 Shapes","floor":35,"turns":3},{"damage":6,"enemies":"3 Darklings","floor":36,"turns":2},{"damage":22,"enemies":"Transient","floor":38,"turns":5},{"damage":25,"enemies":"Spire Growth","floor":41,"turns":4},{"damage":18,"enemies":"R_Hoarder","floor":42,"turns":6},{"damage":22,"enemies":"Mind Bloom Boss Battle","floor":44,"turns":5},{"damage":19,"enemies":"4 Shapes","floor":47,"turns":3},{"damage":56,"enemies":"Time Eater","floor":50,"turns":8},{"damage":46,"enemies":"Shield and Spear","floor":54,"turns":6},{"damage":72,"enemies":"The Heart","floor":55,"turns":7}],"seed_played":"-5086044200322284103","potions_obtained":[{"floor":1,"key":"Weak Potion"},{"floor":4,"key":"DuplicationPotion"},{"floor":6,"key":"Ancient Potion"},{"floor":11,"key":"SteroidPotion"},{"floor":19,"key":"Swift Potion"},{"floor":19,"key":"GamblersBrew"},{"floor":23,"key":"LiquidFlight:ReiMu"},{"floor":28,"key":"Explosive Potion"},{"floor":32,"key":"Cursed Concoction"},{"floor":32,"key":"Fire Potion"},{"floor":33,"key":"AttackPotion"},{"floor":35,"key":"Venom Potion"}],"is_trial":false,"path_per_floor":["M","?","?","M","M","E","R","M","T","?","M","M","R","M","R","B",null,"M","?","?","M","$","E","?","E","T","R","M","E","R","M","R","B",null,"M","M","?","M","$","R","M","E","T","?","?","$","M","$","R","B",null,"R","$","E","B",null],"character_chosen":"REIMU","items_purchased":["YinYangSange:ReiMu","BargainBundle","BottledKami:ReiMu","FearPotion","Mayhem","CrazyTorch:ReiMu","Discovery","Enchanting:ReiMu"],"campfire_rested":3,"item_purchase_floors":[22,39,39,39,39,39,39,46],"current_hp_per_floor":[56,56,56,56,56,32,32,31,31,31,17,8,27,24,43,65,65,51,51,51,51,51,17,17,13,13,44,29,13,25,14,26,6,65,44,38,38,16,16,31,6,65,65,77,72,72,75,75,79,74,79,79,79,58,49],"gold":74,"neow_bonus":"THREE_RARE_CARDS","is_daily":false,"chose_seed":false,"campfire_upgraded":4,"win_rate":0.0,"timestamp":1613578825,"path_taken":["M","?","?","M","M","E","R","?","T","?","M","M","R","M","R","BOSS","M","?","?","M","$","E","?","E","T","R","M","E","R","M","R","BOSS","M","M","?","M","$","R","M","E","T","?","?","$","M","?","R","BOSS","R","$","E","BOSS"],"items_purchased_type":["Card","Relic","Potion","Potion","Card","Relic","Card","Card"],"build_version":"2020-12-22","purchased_purges":3,"victory":true,"max_hp_per_floor":[65,65,65,65,65,65,65,65,65,65,65,65,65,65,65,65,65,65,65,65,65,65,65,65,65,65,65,65,65,65,65,65,65,65,65,65,65,65,65,65,65,65,65,79,79,79,79,79,79,79,79,79,79,79,79],"card_choices":[{"not_picked":["KyokaiOfKami:ReiMu","RunawayExorcism:ReiMu"],"picked":"CardOfSanctity:ReiMu","floor":0},{"not_picked":["RainPray2:ReiMu","AlertArray:ReiMu"],"picked":"AirStrike:ReiMu","floor":1},{"not_picked":["PhosphorusFlame:ReiMu","Crusade:ReiMu"],"picked":"InherentArray:ReiMu","floor":4},{"not_picked":["TakeOff:ReiMu","UniversalSpiritual:ReiMu"],"picked":"InherentArray:ReiMu","floor":5},{"not_picked":["SubcavityInstant:ReiMu","AlertArray:ReiMu","WonderfulDomain:ReiMu"],"picked":"SKIP","floor":6},{"not_picked":["TightArray:ReiMu","WonderfulDomain:ReiMu"],"picked":"Intuition:ReiMu","floor":8},{"not_picked":["RainPray2:ReiMu","OrbThrow:ReiMu"],"picked":"FineLineFantasy:ReiMu","floor":11},{"not_picked":["SubcavityInstant:ReiMu","SafetyPray:ReiMu"],"picked":"KyokaiOfKami:ReiMu","floor":12},{"not_picked":["LearningPray:ReiMu","SpringWay:ReiMu"],"picked":"FantasyBorder:ReiMu","floor":14},{"not_picked":["BlastKick2:ReiMu","RunawayExorcism:ReiMu"],"picked":"DependentForm:ReiMu","floor":16},{"not_picked":["YinYangSign:ReiMu","FoulBorder2:ReiMu"],"picked":"Meditation:ReiMu","floor":18},{"not_picked":["Mountainwind:ReiMu+1","PassingAway:ReiMu"],"picked":"CareerPray:ReiMu+1","floor":21},{"not_picked":["Meditation:ReiMu+1","RainPray2:ReiMu"],"picked":"Conquer:ReiMu+1","floor":23},{"not_picked":["TightArray:ReiMu","AirStrike:ReiMu","TakeOff:ReiMu+1"],"picked":"SKIP","floor":25},{"not_picked":["AlertArray:ReiMu","AirStrike:ReiMu","Conquer:ReiMu"],"picked":"SKIP","floor":28},{"not_picked":["Revelation:ReiMu","Intuition:ReiMu+1"],"picked":"Determination:ReiMu","floor":29},{"not_picked":["SubcavityInstant:ReiMu","AirStrike:ReiMu","CareerPray:ReiMu"],"picked":"SKIP","floor":31},{"not_picked":["Shading:ReiMu","KyokaiOfKami:ReiMu"],"picked":"HakureiPhantom:ReiMu","floor":33},{"not_picked":["Meditation:ReiMu","CareerPray:ReiMu+1"],"picked":"MountainWay:ReiMu+1","floor":35},{"not_picked":["SafetyPray:ReiMu","OrbThrow:ReiMu","TightArray:ReiMu"],"picked":"SKIP","floor":36},{"not_picked":["Sadistic Nature","Chrysalis"],"picked":"Forethought","floor":37},{"not_picked":["TightArray:ReiMu+1","Amulet:ReiMu+1"],"picked":"RainPray2:ReiMu","floor":38},{"not_picked":["FineLineFantasy:ReiMu","TightArray:ReiMu+1"],"picked":"UniversalSpiritual:ReiMu","floor":41},{"not_picked":["Intuition:ReiMu+1","SubAcupoint:ReiMu+1"],"picked":"KamiRite:ReiMu","floor":42},{"not_picked":["TightArray:ReiMu","YinYangSign:ReiMu"],"picked":"LovePray:ReiMu+1","floor":47},{"not_picked":["SubAcupoint:ReiMu","CareerPray:ReiMu"],"picked":"NineCharacters:ReiMu+1","floor":54}],"player_experience":88676,"relics_obtained":[{"floor":6,"key":"StoneCalendar"},{"floor":9,"key":"Juzu Bracelet"},{"floor":23,"key":"Guardian:PocketSentry"},{"floor":25,"key":"Eternal Feather"},{"floor":26,"key":"Smiling Mask"},{"floor":29,"key":"Bottled Lightning"},{"floor":42,"key":"hexamod:CandleOfCauterizing"},{"floor":44,"key":"Mango"},{"floor":54,"key":"ReplayTheSpireMod:Lightbulb"}],"event_choices":[{"damage_healed":0,"gold_gain":0,"player_choice":"Ignored","damage_taken":0,"max_hp_gain":0,"max_hp_loss":0,"event_name":"Liars Game","floor":2,"gold_loss":0},{"cards_removed":["Defend_Lin:ReiMu"],"damage_healed":0,"gold_gain":0,"player_choice":"Purged","damage_taken":0,"max_hp_gain":0,"max_hp_loss":0,"event_name":"Purifier","floor":3,"gold_loss":0},{"damage_healed":0,"gold_gain":0,"player_choice":"Leave","damage_taken":0,"max_hp_gain":0,"max_hp_loss":0,"event_name":"FaceTrader","floor":10,"gold_loss":0},{"damage_healed":0,"gold_gain":0,"player_choice":"Bought 2 Potions","damage_taken":0,"max_hp_gain":0,"max_hp_loss":0,"event_name":"The Woman in Blue","floor":19,"gold_loss":0},{"cards_removed":["Strike_Lin:ReiMu"],"damage_healed":0,"gold_gain":0,"player_choice":"Purged","damage_taken":0,"max_hp_gain":0,"max_hp_loss":0,"event_name":"Purifier","floor":20,"gold_loss":0},{"damage_healed":0,"gold_gain":0,"player_choice":"π∫¬Ú…Òæ∆","damage_taken":0,"relics_obtained":["ZunR:ReiMu"],"max_hp_gain":0,"max_hp_loss":0,"event_name":"ZunEvent","floor":24,"gold_loss":40},{"damage_healed":0,"gold_gain":0,"player_choice":"Memory 1","damage_taken":0,"max_hp_gain":0,"max_hp_loss":0,"event_name":"SensoryStone","floor":37,"gold_loss":0},{"damage_healed":0,"gold_gain":0,"player_choice":"Fight","damage_taken":0,"max_hp_gain":0,"max_hp_loss":0,"event_name":"MindBloom","floor":44,"gold_loss":0}],"is_beta":false,"boss_relics":[{"not_picked":["Coffee Dripper","aspiration:WatcherSkillbook"],"picked":"CrownOfHeavens:ReiMu"},{"not_picked":["Replay:Ancient Bell","Cursed Key"],"picked":"aspiration:RitualDagger"}],"items_purged_floors":[22,39,46],"is_endless":false,"potions_floor_spawned":[1,4,6,11,23,28,33,35,44,54],"ascension_level":1}}