{"host":"6dypmz777xraikqf","time":1613576190,"event":{"mods":["AchievementEnabler","BaseMod","BetterRewards","Colored Map","Colored Powertips","Downfall","Highlight Path","Hubris","Infinite Spire","Minty Spire (QoL Compilation)","Replay The Spire","StSLib"],"gold_per_floor":[115,131,149,149,149,183,183,183,183,214,278,313,325,362,374,386,386],"floor_reached":16,"language":"ENG","playtime":481,"items_purged":[],"score":252,"play_id":"56bbd2fd-fcf1-4e53-a079-6820561a75a5","local_time":"20210217153630","is_ascension_mode":true,"campfire_choices":[{"floor":7,"key":"REST"},{"floor":13,"key":"REST"}],"circlet_count":0,"master_deck":["AscendersBane","Strike_R","Strike_R","Strike_R","Strike_R","Strike_R","Defend_R","Defend_R","Defend_R","Defend_R","Bash","AbeCurse","Twin Strike","Headbutt","Clothesline","Perfected Strike","Demonic Infusion","Twin Strike","Twin Strike","Shockwave"],"relics":["Abe\u0027s Treasure","Regal Pillow","Replay:WaspNest","hubris:Icosahedron","hubris:MysteriousPyramids","Centennial Puzzle","Happy Flower","MawBank","Singing Bowl"],"acts_visited":["Exordium"],"potions_floor_usage":[6,12,12],"damage_taken":[{"damage":6,"enemies":"2 Louse","floor":1,"turns":3},{"damage":14,"enemies":"Jaw Worm","floor":2,"turns":4},{"damage":7,"enemies":"Small Slimes","floor":3,"turns":2},{"damage":6,"enemies":"Gremlin Nob","floor":6,"turns":3},{"damage":20,"enemies":"Lagavulin","floor":10,"turns":6},{"damage":10,"enemies":"3 Sentries","floor":12,"turns":4},{"damage":32,"enemies":"Gremlin Nob","floor":14,"turns":4},{"damage":18,"enemies":"Hexaghost","floor":16,"turns":4}],"seed_played":"3449889888402072581","potions_obtained":[{"floor":2,"key":"Adrenaline Potion"},{"floor":6,"key":"FearPotion"},{"floor":10,"key":"ColorlessPotion"},{"floor":11,"key":"DuplicationPotion"},{"floor":11,"key":"Guardian:BlockOnCardUsePotion"},{"floor":15,"key":"champ:CounterPotion"},{"floor":15,"key":"Death Potion"}],"is_trial":false,"path_per_floor":["M","M","M","?","?","E","R","?","T","E","?","E","R","E","R_BF","B"],"character_chosen":"IRONCLAD","items_purchased":[],"campfire_rested":2,"item_purchase_floors":[],"current_hp_per_floor":[62,48,41,41,36,30,67,67,67,47,17,7,44,14,14,0,0],"gold":386,"neow_bonus":"BOSS_RELIC","is_daily":false,"chose_seed":false,"campfire_upgraded":0,"win_rate":0.0,"timestamp":1613576190,"path_taken":["M","M","M","?","?","E","R","?","T","E","?","E","R","E","R_BF","BOSS"],"items_purchased_type":[],"build_version":"2020-12-22","purchased_purges":0,"victory":false,"max_hp_per_floor":[75,75,75,75,75,75,75,75,75,75,75,75,75,77,77,77,77],"card_choices":[{"not_picked":["Sword Boomerang","Warcry"],"picked":"Twin Strike","floor":1},{"not_picked":["Iron Wave","Wild Strike"],"picked":"Headbutt","floor":2},{"not_picked":["Armaments","Sever Soul"],"picked":"Clothesline","floor":3},{"not_picked":["Entrench","Flex"],"picked":"Demonic Infusion","floor":6},{"not_picked":["Replay:Undeath\u0027s Touch","Wild Strike"],"picked":"Twin Strike","floor":10},{"not_picked":["Clothesline","Fire Breathing"],"picked":"Twin Strike","floor":11},{"not_picked":["Sword Boomerang","Searing Blow"],"picked":"Shockwave","floor":12},{"not_picked":["Bloodletting","Anger","Rupture"],"picked":"Singing Bowl","floor":14}],"player_experience":252004,"relics_obtained":[{"floor":6,"key":"Replay:WaspNest"},{"floor":9,"key":"hubris:MysteriousPyramids"},{"floor":10,"key":"Centennial Puzzle"},{"floor":11,"key":"Happy Flower"},{"floor":12,"key":"MawBank"},{"floor":14,"key":"Singing Bowl"}],"event_choices":[{"damage_healed":0,"gold_gain":0,"player_choice":"Success","damage_taken":5,"relics_obtained":["Regal Pillow"],"max_hp_gain":0,"max_hp_loss":0,"event_name":"Scrap Ooze","floor":5,"gold_loss":0}],"is_beta":false,"boss_relics":[],"items_purged_floors":[],"is_endless":false,"potions_floor_spawned":[2,6,10],"killed_by":"Hexaghost","ascension_level":20}}