{"host":"aaqofma31c3gm2hj","time":1613529029,"event":{"mods":["BaseMod","GungeonMod","Minty Spire (QoL Compilation)","Replay The Spire","Spicy Shops","StSLib"],"gold_per_floor":[109,109,109,109,109,139,139,168,168,168,186,198,198,212,222,222,222,222],"floor_reached":17,"language":"ZHS","playtime":352,"items_purged":[],"score":330,"play_id":"140e0b0e-ace2-4dbd-9368-d5851003c98d","local_time":"20210217103029","is_ascension_mode":true,"campfire_choices":[{"data":"Blade Dance","floor":7,"key":"SMITH"},{"data":"Neutralize","floor":10,"key":"SMITH"},{"data":"Reflex","floor":13,"key":"SMITH"},{"data":"Strike_G","floor":16,"key":"PURGE"}],"circlet_count":0,"master_deck":["AscendersBane","Strike_G","Strike_G","Defend_G","Defend_G","Defend_G","Defend_G","Defend_G","Survivor","Neutralize+1","Cloak And Dagger","Blade Dance+1","Acrobatics","Reflex+1"],"relics":["Ring of the Snake","NeowsBlessing","Pantograph","Basket Of Snakes","Peace Pipe"],"acts_visited":["Exordium"],"potions_floor_usage":[14],"damage_taken":[{"damage":0.0,"enemies":"2 Louse","floor":1.0,"turns":1.0},{"damage":0,"enemies":"Lagavulin","floor":6,"turns":2},{"damage":0,"enemies":"Gremlin Nob","floor":8,"turns":1},{"damage":0,"enemies":"Small Slimes","floor":11,"turns":2},{"damage":3,"enemies":"Jaw Worm","floor":12,"turns":2},{"damage":0,"enemies":"Gremlin Gang","floor":14,"turns":2},{"damage":2,"enemies":"Looter","floor":15,"turns":3},{"damage":31,"enemies":"Fading Forest","floor":17,"turns":8}],"seed_played":"-4552886673646572017","potions_obtained":[{"floor":11,"key":"Toxic Potion"},{"floor":15,"key":"LiquidBronze"}],"is_trial":false,"path_per_floor":["M","?","?","?","?","E","R","E","T","R","M","M","R","M","M","R","B"],"character_chosen":"THE_SILENT","items_purchased":[],"campfire_rested":0,"item_purchase_floors":[],"current_hp_per_floor":[59,59,59,59,59,59,59,59,59,59,59,56,56,56,54,54,35,35],"gold":222,"neow_bonus":"THREE_ENEMY_KILL","is_daily":false,"chose_seed":false,"campfire_upgraded":3,"win_rate":0.0,"timestamp":1613529029,"path_taken":["M","?","?","?","?","E","R","E","T","R","M","M","R","M","M","R","BOSS"],"items_purchased_type":[],"build_version":"2020-12-22","purchased_purges":0,"victory":false,"max_hp_per_floor":[66,66,66,66,66,66,66,66,66,66,66,66,66,66,66,66,66,66],"card_choices":[{"not_picked":["Dodge and Roll","Prepared"],"picked":"Cloak And Dagger","floor":1.0},{"not_picked":["Bullet Time","Footwork"],"picked":"Blade Dance","floor":6},{"not_picked":["Deadly Poison","Cloak And Dagger","Flying Knee"],"picked":"SKIP","floor":8},{"not_picked":["Deflect","Dodge and Roll"],"picked":"Acrobatics","floor":11},{"not_picked":["Dodge and Roll","Acrobatics"],"picked":"Reflex","floor":12},{"not_picked":["Sneak Up","Cloak And Dagger","Infinite Blades"],"picked":"SKIP","floor":14},{"not_picked":["PiercingWail","Reflex","Underhanded Strike"],"picked":"SKIP","floor":15}],"player_experience":672964,"relics_obtained":[{"floor":6,"key":"Pantograph"},{"floor":8,"key":"Basket Of Snakes"},{"floor":9,"key":"Peace Pipe"}],"event_choices":[{"cards_removed":["Strike_G"],"damage_healed":0.0,"max_hp_gain":0.0,"max_hp_loss":0.0,"gold_gain":0.0,"event_name":"Living Wall","player_choice":"Forget","floor":2.0,"gold_loss":0.0,"damage_taken":0.0},{"damage_healed":0.0,"max_hp_gain":0.0,"max_hp_loss":0.0,"gold_gain":0.0,"event_name":"Liars Game","player_choice":"Ignored","floor":4.0,"gold_loss":0.0,"damage_taken":0.0}],"is_beta":false,"boss_relics":[],"items_purged_floors":[],"is_endless":false,"potions_floor_spawned":[11,15],"killed_by":"Fading Forest","ascension_level":20}}