{"host":"sl16z9iy022tq7s2","time":1613557943,"event":{"mods":["100% Spire Juice","ATMod(阿瑾Mod)","BaseMod","Colored Powertips","Googly Eyes","KinomotoSakuraMod(木之本樱)","Marisa（F雨　魔理沙）","Minty Spire (QoL Compilation)","Prisma Mod","Quick Restart","Remilia（蕾米莉亚）","Replay The Spire","StSLib","TestMod","The Animator","The Servant 0.9.4","WarShipGirlsR/战舰少女R mod","Yuyuko","【遗物卡牌】REMEMod"],"gold_per_floor":[131,151,162,162,187,187,187],"floor_reached":6,"language":"ZHS","playtime":218,"items_purged":[],"score":38,"play_id":"6ae628d9-0be8-4eff-9ee1-0a36ac7c73e4","local_time":"20210217183223","is_ascension_mode":false,"campfire_choices":[],"circlet_count":0,"master_deck":["animator:Strike_Fate","animator:Defend_Fate","animator:Strike","animator:Strike","animator:Strike","animator:Defend","animator:Defend","animator:Defend","animator:Alexander","animator:Rider","AT_FamilyPortrait","Moonworks:SinkOrSwim","animator:Illya","animator:Berserker","animator:ShinjiMatou"],"relics":["animator:LivingPicture","animator:TheMissingPiece","REME_ComplimentaryCards","AT_ATBox","testmod-TestBox","testmod-Fortitude","NeowsBlessing"],"acts_visited":["Exordium"],"potions_floor_usage":[],"damage_taken":[{"damage":0.0,"enemies":"Cultist","floor":1.0,"turns":1.0},{"damage":0.0,"enemies":"2 Louse","floor":2.0,"turns":1.0},{"damage":0.0,"enemies":"Small Slimes","floor":3.0,"turns":1.0},{"damage":16.0,"enemies":"3 Louse","floor":5.0,"turns":3.0},{"damage":57,"enemies":"Gremlin Nob","floor":6,"turns":4}],"seed_played":"-10724195380207566","potions_obtained":[{"floor":2.0,"key":"Ancient Potion"}],"is_trial":false,"path_per_floor":["M","M","M","?","M","E"],"character_chosen":"THE_ANIMATOR","items_purchased":[],"campfire_rested":0,"item_purchase_floors":[],"current_hp_per_floor":[66,66,67,67,51,0,0],"gold":187,"neow_bonus":"THREE_ENEMY_KILL","is_daily":false,"chose_seed":false,"campfire_upgraded":0,"win_rate":0.0,"timestamp":1613557943,"path_taken":["M","M","?","?","M","E"],"items_purchased_type":[],"build_version":"2020-12-22","purchased_purges":0,"victory":false,"max_hp_per_floor":[66,66,67,67,67,67,67],"card_choices":[{"not_picked":["animator:PandorasActor","animator:Tet"],"picked":"animator:Illya","floor":1.0},{"not_picked":["animator:Shichika","animator:ChlammyZell","animator:Vanir"],"picked":"SKIP","floor":2.0},{"not_picked":["animator:Emonzaemon","animator:Jibril"],"picked":"animator:Berserker","floor":3.0},{"not_picked":["animator:Caster","animator:Assassin"],"picked":"animator:ShinjiMatou","floor":5.0}],"player_experience":531680,"relics_obtained":[],"event_choices":[{"damage_healed":0.0,"max_hp_gain":0.0,"max_hp_loss":0.0,"gold_gain":0.0,"event_name":"给自己的盒子","player_choice":"Ignored","floor":4.0,"gold_loss":0.0,"damage_taken":0.0}],"is_beta":false,"boss_relics":[],"items_purged_floors":[],"is_endless":false,"potions_floor_spawned":[2],"killed_by":"Gremlin Nob","ascension_level":0}}