{"host":"tlbbab9afexrkdtf","time":1613602191,"event":{"mods":["2.2 Compatiblity","AchievementEnabler","BaseMod","Colored Map","Colored Powertips","Minty Spire (QoL Compilation)","Rare Cards Sparkle","StSLib"],"gold_per_floor":[118,118,118,193,214,214,250,250,319,352,368,447,471,492,492,617,617,637,661,8,24,48,48,72,72,95,95,370,4,28,41,41,41,41],"floor_reached":33,"language":"ENG","playtime":1045,"items_purged":[],"score":398,"play_id":"4c048886-4d3e-4732-8c44-440dce7a2d94","local_time":"20210217174951","is_ascension_mode":true,"campfire_choices":[{"floor":6,"key":"RECALL"},{"data":"Zap","floor":8,"key":"SMITH"},{"floor":15,"key":"REST"},{"floor":23,"key":"REST"},{"floor":25,"key":"REST"},{"floor":27,"key":"REST"},{"floor":32,"key":"REST"}],"circlet_count":0,"master_deck":["Strike_B","Strike_B","Strike_B","Defend_B","Defend_B","Defend_B","Defend_B","Zap+1","Dualcast","Conserve Battery","Recycle","Injury","Cold Snap","Conserve Battery","FTL","Storm","Hello World+1","Streamline","Ball Lightning","Reboot","Cold Snap","Chill","Capacitor+1","Redo","Blizzard","Cold Snap","Loop+1","Regret","Capacitor+1","Coolheaded","Static Discharge+1","Compile Driver+1"],"relics":["FrozenCore","NeowsBlessing","Golden Idol","Ancient Tea Set","Cables","StoneCalendar","Frozen Egg 2","Bottled Lightning","Shovel","Happy Flower","Molten Egg 2"],"acts_visited":["Exordium","TheCity"],"potions_floor_usage":[12,14,14,16,18,21,31],"damage_taken":[{"damage":0,"enemies":"2 Louse","floor":1,"turns":1},{"damage":0,"enemies":"Small Slimes","floor":5,"turns":1},{"damage":0,"enemies":"Gremlin Nob","floor":7,"turns":1},{"damage":15,"enemies":"Lagavulin","floor":10,"turns":8},{"damage":0,"enemies":"Cultist","floor":11,"turns":2},{"damage":22,"enemies":"Lagavulin Event","floor":12,"turns":7},{"damage":3,"enemies":"Large Slime","floor":13,"turns":6},{"damage":10,"enemies":"Lots of Slimes","floor":14,"turns":4},{"damage":4,"enemies":"Slime Boss","floor":16,"turns":7},{"damage":7,"enemies":"Shell Parasite","floor":18,"turns":6},{"damage":2,"enemies":"3 Byrds","floor":19,"turns":7},{"damage":36,"enemies":"Centurion and Healer","floor":21,"turns":7},{"damage":10,"enemies":"Shelled Parasite and Fungi","floor":22,"turns":7},{"damage":33,"enemies":"Snake Plant","floor":24,"turns":6},{"damage":5,"enemies":"3 Cultists","floor":30,"turns":7},{"damage":31,"enemies":"Snecko","floor":31,"turns":6},{"damage":45,"enemies":"Automaton","floor":33,"turns":6}],"seed_played":"-7840271336792818210","potions_obtained":[{"floor":11,"key":"Block Potion"},{"floor":12,"key":"SpeedPotion"},{"floor":13,"key":"Swift Potion"},{"floor":14,"key":"FocusPotion"},{"floor":16,"key":"Weak Potion"},{"floor":19,"key":"Regen Potion"},{"floor":22,"key":"SteroidPotion"},{"floor":24,"key":"Fire Potion"}],"is_trial":false,"path_per_floor":["M","?","?","?","M","R","E","R","T","E","M","?","M","M","R","B",null,"M","M","$","M","M","R","M","R","T","R","?","$","M","M","R","B"],"character_chosen":"DEFECT","items_purchased":["Bottled Lightning","Shovel","Capacitor+1","Redo","Molten Egg 2","Capacitor+1","Coolheaded"],"campfire_rested":5,"item_purchase_floors":[20,20,20,20,29,29,29],"current_hp_per_floor":[68,68,68,57,57,57,57,57,57,42,42,20,17,7,29,25,63,56,54,54,33,23,45,12,34,34,56,56,56,51,20,42,0,0],"gold":41,"neow_bonus":"THREE_ENEMY_KILL","is_daily":false,"chose_seed":false,"campfire_upgraded":1,"win_rate":0.0,"timestamp":1613602191,"path_taken":["M","?","?","?","M","R","E","R","T","E","M","?","M","M","R","BOSS","M","M","$","M","M","R","M","R","T","R","?","$","M","M","R","BOSS"],"items_purchased_type":["Relic","Relic","Card","Card","Relic","Card","Card"],"build_version":"2020-12-22","purchased_purges":0,"victory":false,"max_hp_per_floor":[75,75,75,75,75,75,75,75,75,75,75,75,75,75,75,75,75,75,75,75,75,75,75,75,75,75,75,75,75,75,75,75,75,75],"card_choices":[{"not_picked":["Go for the Eyes","Auto Shields"],"picked":"Conserve Battery","floor":1},{"not_picked":["Steam","Tempest"],"picked":"Cold Snap","floor":5},{"not_picked":["BootSequence","Hologram"],"picked":"Conserve Battery","floor":7},{"not_picked":["Sweeping Beam","Skim"],"picked":"FTL","floor":10},{"not_picked":["Gash","FTL"],"picked":"Storm","floor":11},{"not_picked":["Leap","Skim"],"picked":"Hello World+1","floor":12},{"not_picked":["Barrage","Gash"],"picked":"Streamline","floor":13},{"not_picked":["Seek","Turbo"],"picked":"Ball Lightning","floor":14},{"not_picked":["All For One","Seek"],"picked":"Reboot","floor":16},{"not_picked":["Rebound","Sweeping Beam"],"picked":"Cold Snap","floor":18},{"not_picked":["Glacier","Rebound"],"picked":"Chill","floor":19},{"not_picked":["BootSequence","Barrage"],"picked":"Blizzard","floor":21},{"not_picked":["Barrage+1","Undo"],"picked":"Cold Snap","floor":22},{"not_picked":["Fission","Glacier"],"picked":"Loop+1","floor":24},{"not_picked":["Leap","Conserve Battery"],"picked":"Static Discharge+1","floor":30},{"not_picked":["Gash+1","Hologram"],"picked":"Compile Driver+1","floor":31}],"player_experience":318957,"relics_obtained":[{"floor":7,"key":"Ancient Tea Set"},{"floor":9,"key":"Cables"},{"floor":10,"key":"StoneCalendar"},{"floor":12,"key":"Frozen Egg 2"},{"floor":26,"key":"Happy Flower"}],"event_choices":[{"damage_healed":0,"gold_gain":0,"cards_transformed":["Strike_B"],"player_choice":"Change","damage_taken":0,"max_hp_gain":0,"max_hp_loss":0,"event_name":"Living Wall","floor":2,"gold_loss":0,"cards_obtained":["Recycle"]},{"damage_healed":0,"gold_gain":0,"player_choice":"Take Wound","damage_taken":0,"relics_obtained":["Golden Idol"],"max_hp_gain":0,"max_hp_loss":0,"event_name":"Golden Idol","floor":3,"gold_loss":0,"cards_obtained":["Injury"]},{"damage_healed":0,"gold_gain":75,"player_choice":"Gather Gold","damage_taken":11,"max_hp_gain":0,"max_hp_loss":0,"event_name":"World of Goop","floor":4,"gold_loss":0},{"damage_healed":0,"gold_gain":0,"player_choice":"Searched \u00272\u0027 times","damage_taken":0,"max_hp_gain":0,"max_hp_loss":0,"event_name":"Dead Adventurer","floor":12,"gold_loss":0},{"damage_healed":0,"gold_gain":275,"player_choice":"Desecrate","damage_taken":0,"max_hp_gain":0,"max_hp_loss":0,"event_name":"Golden Shrine","floor":28,"gold_loss":0,"cards_obtained":["Regret"]}],"is_beta":false,"boss_relics":[{"not_picked":["Snecko Eye","Philosopher\u0027s Stone"],"picked":"FrozenCore"}],"items_purged_floors":[],"is_endless":false,"potions_floor_spawned":[11,12,13,14,16,19,22,24],"killed_by":"Automaton","ascension_level":8}}