{"host":"g907ck67u7c3hrs6","time":1613531075,"event":{"mods":["BaseMod","Colored Map","DeckTracker","Force Act Four","Highlight Path","Keyboard Shortcuts","Minty Spire (QoL Compilation)","Permanent Neow","Say the Spire","SuperFastMode"],"gold_per_floor":[117,128,140,150,168,200,226,256,306,316,341,367,367,400,400,471,471,484,503,503,428,445,445,474,501,501,535,535,575,618,190,190,273,273,293,293,168,195,220,261,294,321,330,361,394,419,445,473,473,482,491,491,491,99,143,152],"floor_reached":57,"language":"KOR","playtime":1928,"items_purged":["Injury","Parasite","Pain","Shame"],"score":4814,"play_id":"3f98a352-e3a5-4f9d-87dd-040a4b9c0950","local_time":"20210217120435","daily_mods":["SealedDeck","Heirloom","Time Dilation","Flight","DeadlyEvents","Cursed Run","Elite Swarm"],"is_ascension_mode":true,"campfire_choices":[{"data":"Vault","floor":13,"key":"SMITH"},{"data":"Omniscience","floor":15,"key":"SMITH"},{"data":"Vault","floor":23,"key":"SMITH"},{"data":"Vault","floor":28,"key":"SMITH"},{"data":"Devotion","floor":32,"key":"SMITH"},{"floor":49,"key":"RECALL"},{"data":"Omniscience","floor":53,"key":"SMITH"}],"circlet_count":0,"master_deck":["AscendersBane","MentalFortress","ThirdEye","FlyingSleeves+1","ReachHeaven+1","EmptyBody","DeceiveReality","Prostrate","Pray","Worship","Worship","WheelKick","Vault+1","Omniscience+1","Clumsy","Vault","Vault+1","Vault+1","DevaForm","Brilliance","Devotion+1","Omniscience+1","Scrawl","Madness","Trip","Discovery","Wallop","DeusExMachina","Clumsy","Shame","Devotion+1","Parasite"],"relics":["Cursed Key","Darkstone Periapt","Du-Vu Doll","Mango","Whetstone","Pear","Ancient Tea Set","Oddly Smooth Stone","Bottled Lightning","Orichalcum","Bag of Marbles","Runic Pyramid","MutagenicStrength","Vajra","Damaru","Sundial","TeardropLocket","CeramicFish","Unceasing Top","FossilizedHelix","Coffee Dripper","Potion Belt","The Courier","Mercury Hourglass","Frozen Egg 2","Turnip","HornCleat","Letter Opener","Nunchaku","CaptainsWheel","Thread and Needle"],"acts_visited":["Exordium","TheCity","TheBeyond","TheEnding"],"potions_floor_usage":[56,56,56],"damage_taken":[{"damage":0,"enemies":"Cultist","floor":1,"turns":2},{"damage":0,"enemies":"2 Louse","floor":2,"turns":3},{"damage":0,"enemies":"Jaw Worm","floor":3,"turns":1},{"damage":0,"enemies":"2 Fungi Beasts","floor":4,"turns":2},{"damage":0,"enemies":"Looter","floor":5,"turns":2},{"damage":0,"enemies":"3 Sentries","floor":6,"turns":6},{"damage":0,"enemies":"Lagavulin","floor":7,"turns":3},{"damage":1,"enemies":"Gremlin Nob","floor":8,"turns":3},{"damage":0,"enemies":"Exordium Thugs","floor":10,"turns":2},{"damage":0,"enemies":"3 Sentries","floor":11,"turns":5},{"damage":0,"enemies":"Gremlin Nob","floor":12,"turns":3},{"damage":0,"enemies":"3 Sentries","floor":14,"turns":4},{"damage":0,"enemies":"The Guardian","floor":16,"turns":8},{"damage":0,"enemies":"Chosen","floor":18,"turns":5},{"damage":5,"enemies":"Spheric Guardian","floor":19,"turns":4},{"damage":0,"enemies":"3 Cultists","floor":22,"turns":3},{"damage":0,"enemies":"Slavers","floor":24,"turns":4},{"damage":0,"enemies":"Gremlin Leader","floor":25,"turns":4},{"damage":0,"enemies":"Book of Stabbing","floor":27,"turns":5},{"damage":0,"enemies":"Gremlin Leader","floor":29,"turns":3},{"damage":4,"enemies":"Book of Stabbing","floor":30,"turns":4},{"damage":0,"enemies":"Champ","floor":33,"turns":4},{"damage":0,"enemies":"3 Darklings","floor":35,"turns":2},{"damage":0,"enemies":"3 Shapes","floor":39,"turns":3},{"damage":0,"enemies":"Nemesis","floor":40,"turns":2},{"damage":0,"enemies":"Reptomancer","floor":41,"turns":2},{"damage":0,"enemies":"Nemesis","floor":42,"turns":1},{"damage":0,"enemies":"Reptomancer","floor":44,"turns":2},{"damage":0,"enemies":"Giant Head","floor":45,"turns":4},{"damage":0,"enemies":"Nemesis","floor":46,"turns":2},{"damage":0,"enemies":"Giant Head","floor":47,"turns":3},{"damage":0,"enemies":"Reptomancer","floor":48,"turns":2},{"damage":0,"enemies":"Donu and Deca","floor":50,"turns":5},{"damage":0,"enemies":"Awakened One","floor":51,"turns":6},{"damage":0,"enemies":"Shield and Spear","floor":55,"turns":2},{"damage":93,"enemies":"The Heart","floor":56,"turns":8}],"seed_played":"2609202416408658178","potions_obtained":[{"floor":1,"key":"GamblersBrew"},{"floor":3,"key":"SteroidPotion"},{"floor":5,"key":"Strength Potion"},{"floor":12,"key":"Weak Potion"},{"floor":25,"key":"PowerPotion"},{"floor":41,"key":"EssenceOfSteel"},{"floor":42,"key":"Energy Potion"}],"is_trial":true,"path_per_floor":["M","M","M","M","M","E","E","E","T","M","E","E","R","E","R","B",null,"M","M","?","$","M","R","E","E","T","E","R","E","E","$","R","B",null,"M","?","$","?","M","E","E","E","T","E","E","E","E","E","R","B","B",null,"R","$","E","B",null],"character_chosen":"WATCHER","items_purchased":["FossilizedHelix","CaptainsWheel"],"campfire_rested":0,"item_purchase_floors":[31,54],"current_hp_per_floor":[75,75,75,75,75,75,85,84,90,90,90,90,90,90,90,96,102,102,97,97,97,97,97,97,97,103,103,103,103,99,99,99,105,111,111,111,111,101,101,101,101,101,107,107,107,107,107,107,107,113,119,128,128,128,128,41],"gold":152,"neow_bonus":"","is_daily":false,"chose_seed":false,"campfire_upgraded":6,"win_rate":0.0,"timestamp":1613531075,"path_taken":["M","M","M","M","M","E","E","E","T","M","E","E","R","E","R","BOSS","M","?","?","$","?","R","E","E","T","E","R","E","E","$","R","BOSS","M","?","$","?","M","E","E","E","T","E","E","E","E","E","R","BOSS","BOSS","R","$","E","BOSS"],"items_purchased_type":["Relic","Relic"],"build_version":"2020-12-22","purchased_purges":4,"victory":true,"max_hp_per_floor":[82,82,82,82,82,82,92,92,98,98,98,98,98,98,98,104,104,104,104,104,104,104,104,104,104,110,110,110,110,110,107,107,113,113,113,113,113,113,113,113,113,113,119,119,119,119,119,119,119,125,131,131,131,131,131,137],"card_choices":[{"not_picked":["LikeWater","ThirdEye","Consecrate"],"picked":"SKIP","floor":1},{"not_picked":["FollowUp","WreathOfFlame"],"picked":"WheelKick","floor":2},{"not_picked":["FlyingSleeves","FlurryOfBlows","Evaluate"],"picked":"SKIP","floor":3},{"not_picked":["FlyingSleeves","FlurryOfBlows"],"picked":"Evaluate","floor":3},{"not_picked":["PathToVictory","WindmillStrike","ReachHeaven"],"picked":"SKIP","floor":4},{"not_picked":["FlyingSleeves","Evaluate","Establishment"],"picked":"SKIP","floor":5},{"not_picked":["Brilliance","Wish"],"picked":"Vault","floor":6},{"not_picked":["DevaForm","Ragnarok"],"picked":"Omniscience","floor":7},{"not_picked":["Alpha","Establishment","Ragnarok"],"picked":"SKIP","floor":8},{"not_picked":["TalkToTheHand","Tantrum","SignatureMove"],"picked":"SKIP","floor":10},{"not_picked":["Blasphemy","Scrawl"],"picked":"Vault","floor":11},{"not_picked":["Alpha","Wish"],"picked":"Vault","floor":12},{"not_picked":["Establishment","Alpha","DevaForm"],"picked":"SKIP","floor":14},{"not_picked":["Ragnarok","SpiritShield"],"picked":"Vault","floor":16},{"not_picked":["CrushJoints","Consecrate","Meditate"],"picked":"SKIP","floor":18},{"not_picked":["SandsOfTime","Wireheading","Protect"],"picked":"SKIP","floor":19},{"not_picked":["Evaluate","MentalFortress+1","Prostrate"],"picked":"SKIP","floor":22},{"not_picked":["Evaluate","MentalFortress+1","Prostrate"],"picked":"SKIP","floor":22},{"not_picked":["Wish","Brilliance"],"picked":"DevaForm","floor":24},{"not_picked":["Scrawl","Judgement"],"picked":"Brilliance","floor":25},{"not_picked":["MasterReality","Ragnarok"],"picked":"Devotion","floor":27},{"not_picked":["Devotion","SpiritShield"],"picked":"Omniscience","floor":29},{"not_picked":["DevaForm","Ragnarok"],"picked":"Scrawl","floor":30},{"not_picked":["BowlingBash+1","Protect+1","EmptyFist"],"picked":"SKIP","floor":35},{"not_picked":["Jack Of All Trades","Transmutation"],"picked":"Madness","floor":38},{"not_picked":["HandOfGreed","Dark Shackles"],"picked":"Trip","floor":38},{"not_picked":["Sadistic Nature","Dramatic Entrance"],"picked":"Discovery","floor":38},{"not_picked":["Swivel","JustLucky+1"],"picked":"Wallop","floor":39},{"not_picked":["Scrawl","DevaForm"],"picked":"DeusExMachina","floor":40},{"not_picked":["Judgement","MasterReality","DevaForm"],"picked":"SKIP","floor":41},{"not_picked":["Scrawl","Alpha","Brilliance"],"picked":"SKIP","floor":42},{"not_picked":["Scrawl","MasterReality+1","DeusExMachina"],"picked":"SKIP","floor":44},{"not_picked":["Wish","SpiritShield","DeusExMachina"],"picked":"SKIP","floor":45},{"not_picked":["Establishment+1","Blasphemy","Wish"],"picked":"SKIP","floor":46},{"not_picked":["Establishment+1","Blasphemy","Wish"],"picked":"SKIP","floor":46},{"not_picked":["LessonLearned","ConjureBlade","DeusExMachina"],"picked":"SKIP","floor":47},{"not_picked":["Devotion+1","ConjureBlade","SpiritShield"],"picked":"SKIP","floor":48},{"not_picked":["ConjureBlade","LessonLearned"],"picked":"Devotion+1","floor":55}],"player_experience":310945,"relics_obtained":[{"floor":6,"key":"Whetstone"},{"floor":7,"key":"Pear"},{"floor":8,"key":"Ancient Tea Set"},{"floor":9,"key":"Oddly Smooth Stone"},{"floor":11,"key":"Bottled Lightning"},{"floor":12,"key":"Orichalcum"},{"floor":14,"key":"Bag of Marbles"},{"floor":24,"key":"Vajra"},{"floor":25,"key":"Damaru"},{"floor":26,"key":"Sundial"},{"floor":27,"key":"TeardropLocket"},{"floor":29,"key":"CeramicFish"},{"floor":30,"key":"Unceasing Top"},{"floor":40,"key":"Potion Belt"},{"floor":41,"key":"The Courier"},{"floor":42,"key":"Mercury Hourglass"},{"floor":44,"key":"Frozen Egg 2"},{"floor":45,"key":"Turnip"},{"floor":46,"key":"HornCleat"},{"floor":47,"key":"Letter Opener"},{"floor":48,"key":"Nunchaku"},{"floor":55,"key":"Thread and Needle"}],"event_choices":[{"damage_healed":0,"gold_gain":0,"player_choice":"Inject Mutagens","damage_taken":0,"relics_obtained":["MutagenicStrength"],"max_hp_gain":0,"max_hp_loss":0,"event_name":"Drug Dealer","floor":20,"gold_loss":0},{"cards_removed":["Evaluate"],"damage_healed":0,"gold_gain":0,"player_choice":"Removed Skill","damage_taken":0,"max_hp_gain":0,"max_hp_loss":0,"event_name":"Falling","floor":36,"gold_loss":0},{"damage_healed":0,"gold_gain":0,"player_choice":"Memory 3","damage_taken":10,"max_hp_gain":0,"max_hp_loss":0,"event_name":"SensoryStone","floor":38,"gold_loss":0}],"is_beta":false,"boss_relics":[{"not_picked":["Busted Crown","Velvet Choker"],"picked":"Runic Pyramid"},{"not_picked":["SacredBark","Philosopher\u0027s Stone"],"picked":"Coffee Dripper"}],"items_purged_floors":[21,31,37,54],"is_endless":false,"potions_floor_spawned":[1,3,5,7,11,12,16,19,25,27,29,30,35,39,41,42,48,55],"ascension_level":20}}