{"host":"jzhosqkmc1ht3q4y","time":1613591919,"event":{"mods":["100% Spire Juice","Act Like it!","Arknights","BaseMod","Better Third Choice","Colored Map","Minty Spire (QoL Compilation)","Rare Cards Sparkle","StSLib","SuperFastMode"],"gold_per_floor":[111,121,296,66,82,82,32,65,89,118,135,154,154,170,170,170,170],"floor_reached":16,"language":"KOR","playtime":429,"items_purged":["Doubt"],"score":112,"play_id":"33f663e8-1566-4227-ba21-b473e610fb69","local_time":"20210218045839","is_ascension_mode":false,"campfire_choices":[{"data":"ats:Closed Bolt Burst Fire","floor":6,"key":"SMITH"},{"floor":13,"key":"REST"},{"data":"ats:Serious Mode","floor":15,"key":"SMITH"}],"circlet_count":0,"master_deck":["ats:Strike C","ats:Strike G+1","ats:Strike V","ats:Armor Crushing Shot","ats:Defend","ats:Defend","ats:Defend","ats:Defend","ats:Emotion Absorption","ats:Hammer On+1","ats:Very Hot Blade","ats:Closed Bolt Burst Fire+1","ats:Chain Hook","ats:Closed Bolt Burst Fire+1","ats:Echo Reverb","ats:Assault Order","ats:Serious Mode+1"],"relics":["ats:Sanity","Tiny Chest","ats:Originium","Whetstone","Bag of Preparation","Molten Egg 2"],"acts_visited":["Exordium"],"potions_floor_usage":[8,14],"damage_taken":[{"damage":3,"enemies":"Small Slimes","floor":1,"turns":4},{"damage":7,"enemies":"2 Louse","floor":2,"turns":3},{"damage":9,"enemies":"Jaw Worm","floor":5,"turns":4},{"damage":31,"enemies":"Lagavulin","floor":8,"turns":6},{"damage":14,"enemies":"Gremlin Nob","floor":10,"turns":3},{"damage":11,"enemies":"Large Slime","floor":11,"turns":4},{"damage":0,"enemies":"2 Fungi Beasts","floor":12,"turns":2},{"damage":0,"enemies":"Exordium Thugs","floor":14,"turns":2},{"damage":27,"enemies":"The Guardian","floor":16,"turns":5}],"seed_played":"3155498326467065615","potions_obtained":[{"floor":2,"key":"PowerPotion"},{"floor":5,"key":"ats:Burn Small Potion"},{"floor":10,"key":"ats:Burn Big Potion"},{"floor":12,"key":"SteroidPotion"}],"is_trial":false,"path_per_floor":["M","M","?","$","M","R","?","E","T","E","M","M","R","M","R","B"],"character_chosen":"DOCTOR_CLASS","items_purchased":["Tiny Chest"],"campfire_rested":1,"item_purchase_floors":[4],"current_hp_per_floor":[76,69,69,69,60,60,60,29,29,15,4,4,27,27,27,0,0],"gold":170,"neow_bonus":"TEN_PERCENT_HP_BONUS","is_daily":false,"chose_seed":false,"campfire_upgraded":2,"win_rate":0.0,"timestamp":1613591919,"path_taken":["M","M","?","$","M","R","?","E","T","E","?","M","R","M","R","BOSS"],"items_purchased_type":["Relic"],"build_version":"2020-12-22","purchased_purges":1,"victory":false,"max_hp_per_floor":[79,79,79,79,79,79,79,79,79,79,79,79,79,79,79,79,79],"card_choices":[{"not_picked":["ats:Defend Order","ats:Thorns"],"picked":"ats:Hammer On","floor":1},{"not_picked":["ats:Flexible Camouflage","ats:Shell Defense"],"picked":"ats:Very Hot Blade","floor":2},{"not_picked":["ats:Guard Mode","ats:Neurotoxin"],"picked":"ats:Closed Bolt Burst Fire","floor":5},{"not_picked":["ats:Revitalization","ats:Hammer On"],"picked":"ats:Chain Hook","floor":8},{"not_picked":["ats:Assault Order","ats:Guardian Obelisk"],"picked":"ats:Closed Bolt Burst Fire+1","floor":10},{"not_picked":["ats:Guardian Obelisk","ats:Apocalypse"],"picked":"ats:Echo Reverb","floor":11},{"not_picked":["ats:Song Of Battle","ats:Burning Ground"],"picked":"ats:Assault Order","floor":12},{"not_picked":["ats:Mental Burst+1","ats:Assault Order"],"picked":"ats:Serious Mode","floor":14}],"player_experience":780292,"relics_obtained":[{"floor":8,"key":"ats:Originium"},{"floor":8,"key":"Whetstone"},{"floor":9,"key":"Bag of Preparation"},{"floor":10,"key":"ats:Originium"},{"floor":10,"key":"Molten Egg 2"}],"event_choices":[{"damage_healed":0,"gold_gain":175,"player_choice":"AGREE","damage_taken":121,"max_hp_gain":0,"max_hp_loss":0,"event_name":"betterThird:BetterSerpent","floor":3,"gold_loss":0},{"cards_removed":["ats:Strike S"],"damage_healed":0,"gold_gain":0,"player_choice":"Card Removal","damage_taken":0,"max_hp_gain":0,"max_hp_loss":0,"event_name":"The Cleric","floor":7,"gold_loss":50}],"is_beta":false,"boss_relics":[],"items_purged_floors":[4],"is_endless":false,"potions_floor_spawned":[2,5,10,12],"killed_by":"The Guardian","ascension_level":0}}