{"host":"lstr3pesnbx2qpzo","time":1613589162,"event":{"mods":["Aspiration","BaseMod","Conspire","Downfall","Hubris","Infinite Spire","Minty Spire (QoL Compilation)","Replay The Spire","StSLib"],"gold_per_floor":[99,114,114,126,141,141,168,168,168,181,197,197,29,63,79,79,79,79],"floor_reached":16,"language":"ENG","playtime":848,"items_purged":["downfall:Malfunctioning"],"score":102,"play_id":"e1e0395d-21d3-409e-9685-337a2c749ff8","local_time":"20210217121242","is_ascension_mode":false,"campfire_choices":[{"floor":1,"key":"DIG"},{"data":"hexamod:Sear","floor":9,"key":"SMITH"},{"data":"hexamod:RadiantFlame","floor":12,"key":"SMITH"}],"circlet_count":0,"master_deck":["hexamod:Strike","hexamod:Strike+1","hexamod:Strike","hexamod:Strike","hexamod:Defend+1","hexamod:Defend","hexamod:Defend+1","hexamod:Defend","hexamod:Sear+1","hexamod:Float","hexamod:DynamicBlow+1","hexamod:RadiantFlame+1","hexamod:ChargedBarrage","hexamod:RetreatToShadows","hexamod:HeatShield"],"relics":["hexamod:SpiritBrand","Mummified Hand","conspire:BottledYoYo","Blood Vial","Replay:Kaleidoscope"],"acts_visited":["Exordium"],"potions_floor_usage":[],"damage_taken":[{"damage":1,"enemies":"Cultist","floor":2,"turns":3},{"damage":0,"enemies":"2 Louse","floor":4,"turns":2},{"damage":0,"enemies":"Small Slimes","floor":5,"turns":4},{"damage":10,"enemies":"3 Louse","floor":10,"turns":4},{"damage":12,"enemies":"Exordium Thugs","floor":11,"turns":3},{"damage":0,"enemies":"downfall:FleeingMerchant","floor":13,"turns":4},{"damage":5,"enemies":"Gremlin Nob","floor":14,"turns":3},{"damage":1,"enemies":"2 Fungi Beasts","floor":15,"turns":4},{"damage":56,"enemies":"WA_ARCHETYPE_RETAIN","floor":16,"turns":7}],"seed_played":"-1059531828487997134","potions_obtained":[{"floor":5,"key":"Weak Potion"},{"floor":10,"key":"Venom Potion"},{"floor":14,"key":"conspire:TimeTravelPotion"}],"is_trial":false,"path_per_floor":["R","M","?","M","M","?","T","?","R","M","M","R","$","E","M","B"],"character_chosen":"THE_SPIRIT","items_purchased":["hexamod:HeatShield"],"campfire_rested":0,"item_purchase_floors":[13],"current_hp_per_floor":[77,76,76,76,76,69,69,69,69,61,51,51,53,50,51,0,0,0],"gold":79,"neow_bonus":"TEN_PERCENT_HP_BONUS","is_daily":false,"chose_seed":false,"campfire_upgraded":2,"win_rate":0.0,"timestamp":1613589162,"path_taken":["R","M","?","M","M","?","T","?","R","M","M","R","$","E","M","BOSS"],"items_purchased_type":["Card"],"build_version":"2020-12-22","purchased_purges":1,"victory":false,"max_hp_per_floor":[77,77,77,77,77,77,77,77,77,77,77,77,77,77,77,77,77,77],"card_choices":[{"not_picked":["hexamod:NightmareGuise","hexamod:FastForward"],"picked":"hexamod:DynamicBlow","floor":2},{"not_picked":["hexamod:Firestarter","hexamod:CatchUp"],"picked":"hexamod:RadiantFlame","floor":4},{"not_picked":["hexamod:FastForward","hexamod:GhostOfSpireFuture","hexamod:Rewind"],"picked":"SKIP","floor":5},{"not_picked":["hexamod:InspiringFlames","hexamod:GhostflameBarrier"],"picked":"hexamod:ChargedBarrage","floor":10},{"not_picked":["hexamod:Again","hexamod:SwordOfDarkness"],"picked":"hexamod:RetreatToShadows","floor":11},{"not_picked":["hexamod:Rewind","hexamod:EtherealExpedition","hexamod:Hexaguard"],"picked":"SKIP","floor":13},{"not_picked":["hexamod:ThirdSeal","hexamod:GhostShield","hexamod:GhostOfSpirePresent"],"picked":"SKIP","floor":14},{"not_picked":["hexamod:Hexaguard","hexamod:SecondSeal","hexamod:SwordOfDarkness"],"picked":"SKIP","floor":15}],"player_experience":252659,"relics_obtained":[{"floor":1,"key":"Mummified Hand"},{"floor":7,"key":"Blood Vial"},{"floor":14,"key":"Replay:Kaleidoscope"}],"event_choices":[{"damage_healed":0,"gold_gain":0,"player_choice":"Success","damage_taken":7,"relics_obtained":["conspire:BottledYoYo"],"max_hp_gain":0,"max_hp_loss":0,"event_name":"Scrap Ooze","floor":6,"gold_loss":0}],"is_beta":false,"boss_relics":[],"items_purged_floors":[13],"is_endless":false,"potions_floor_spawned":[5,10,14],"killed_by":"WA_ARCHETYPE_RETAIN","ascension_level":0}}