{"host":"7oiwk103j2prpym5","time":1613568718,"event":{"mods":["BaseMod","BetterRewards","Colored Map","Colored Powertips","GifTheSpireLib","Infinite Spire","Minty Spire (QoL Compilation)","Permanent Neow","Relic Filter Mod","Reliquary","Remove Card Discount Mod","Replay The Spire","StSLib","Stuff the Spire","Weighted Paths"],"gold_per_floor":[114,132,207,207,219,219,247,264,318,351,361,361,361],"floor_reached":12,"language":"ENG","playtime":939,"items_purged":["Strike_G","Defend_G","Strike_G","Defend_G"],"score":104,"play_id":"3d9fee1d-e8d1-4de6-91a7-c76077b890fd","local_time":"20210217073158","is_ascension_mode":true,"campfire_choices":[{"floor":6,"key":"REST"}],"circlet_count":0,"master_deck":["Strike_G","Strike_G","Strike_G","Defend_G","Defend_G","Defend_G","Survivor","Neutralize","Flying Knee","Backflip","Toxin Wave","Deflect","Outmaneuver","Sucker Punch","Underhanded Strike","Catalyst"],"relics":["Ring of the Snake","StuffTheSpire:DarkSteelAnvil","Lizard Tail","Replay:Bottled Steam","Matryoshka"],"acts_visited":["Exordium"],"potions_floor_usage":[10,10],"damage_taken":[{"damage":0,"enemies":"Small Slimes","floor":1,"turns":3},{"damage":3,"enemies":"Jaw Worm","floor":2,"turns":4},{"damage":0,"enemies":"2 Louse","floor":5,"turns":2},{"damage":35,"enemies":"Replay:BlueRogue","floor":7,"turns":11},{"damage":3,"enemies":"Blue Slaver","floor":8,"turns":4},{"damage":33,"enemies":"3 Sentries","floor":10,"turns":9},{"damage":4,"enemies":"Looter","floor":11,"turns":4},{"damage":58,"enemies":"Gremlin Nob","floor":12,"turns":4}],"seed_played":"-7082017924976709553","potions_obtained":[{"floor":1,"key":"ColorlessPotion"},{"floor":7,"key":"ColorlessPotion"}],"is_trial":false,"path_per_floor":["M","M","?","T","M","R","E","M","T","E","M","E"],"character_chosen":"THE_SILENT","items_purchased":["StuffTheSpire:DarkSteelAnvil","Flying Knee"],"campfire_rested":1,"item_purchase_floors":[0,0],"current_hp_per_floor":[58,55,44,44,44,65,30,27,27,35,31,0,0],"gold":361,"neow_bonus":"","is_daily":false,"chose_seed":false,"campfire_upgraded":0,"win_rate":0.0,"timestamp":1613568718,"path_taken":["M","M","?","?","M","R","E","M","T","E","M","E"],"items_purchased_type":["Relic","Card"],"build_version":"2020-12-22","purchased_purges":4,"victory":false,"max_hp_per_floor":[70,70,70,70,70,70,70,70,70,70,70,70,70],"card_choices":[{"not_picked":["Flechettes","Dagger Throw"],"picked":"Backflip","floor":1},{"not_picked":["StuffTheSpire:ClusterCrunch","Prepared"],"picked":"Toxin Wave","floor":2},{"not_picked":["Concentrate","Sneak Up"],"picked":"Deflect","floor":5},{"not_picked":["Hidden Blade","StuffTheSpire:ClusterCrunch"],"picked":"Outmaneuver","floor":7},{"not_picked":["Footwork","StuffTheSpire:ReptileScales"],"picked":"Sucker Punch","floor":8},{"not_picked":["Deflect","Glass Knife"],"picked":"Underhanded Strike","floor":10},{"not_picked":["Quick Slash","Riddle With Holes"],"picked":"Catalyst","floor":11}],"player_experience":879725,"relics_obtained":[{"floor":4,"key":"Lizard Tail"},{"floor":7,"key":"Replay:Bottled Steam"},{"floor":10,"key":"Matryoshka"}],"event_choices":[{"damage_healed":0,"gold_gain":75,"player_choice":"Gather Gold","damage_taken":11,"max_hp_gain":0,"max_hp_loss":0,"event_name":"World of Goop","floor":3,"gold_loss":0}],"is_beta":false,"boss_relics":[],"items_purged_floors":[0,0,0,0],"is_endless":false,"potions_floor_spawned":[1,7],"killed_by":"Gremlin Nob","ascension_level":3}}