{"host":"og21o26alpnbwmz8","time":1613579629,"event":{"mods":["Act Like it!","Aspiration","BaseMod","Conspire","Downfall","Gensokyo","GungeonMod","Halation","Hubris","Jedi Mod","Mimic Mod","Minty Spire (QoL Compilation)","Pale of the Ancients","Reliquary","Replay The Spire","Shop Mod","Spikes Relics","StSLib","The Alterego","The Blue Laboratory","The Florist","The Poker Player","Waifu the Spire","Yuri Mod"],"gold_per_floor":[99,111,138,42,59,59,59,59,75,75,86,98,98,23,41,144,144,144,144,144,159,226,226,226,258,158,178,205,222,222,222,222],"floor_reached":30,"language":"ENG","playtime":846,"items_purged":["sneckomod:Strike"],"score":263,"play_id":"b7bf9997-9501-4831-9d7d-5e0d3742cefd","local_time":"20210217113349","is_ascension_mode":false,"campfire_choices":[{"data":"sneckomod:SnekBite","floor":1,"key":"SMITH"},{"data":"sneckomod:MasterEye","floor":6,"key":"SMITH"},{"data":"expansioncontent:DashGenerateEvil","floor":8,"key":"SMITH"},{"data":"sneckomod:WideSting","floor":13,"key":"SMITH"},{"data":"sneckomod:UnknownBoss","floor":18,"key":"SMITH"},{"data":"sneckomod:SnakeSap","floor":23,"key":"SMITH"},{"floor":26,"key":"REST"}],"circlet_count":0,"master_deck":["sneckomod:Strike+1","sneckomod:Strike","sneckomod:Defend","sneckomod:Defend","sneckomod:Defend+1","sneckomod:TailWhip","sneckomod:SnekBite+1","sneckomod:Unknown","sneckomod:Unknown","sneckomod:UnknownDraw","sneckomod:WideSting+1","sneckomod:Nope","sneckomod:UnknownBoss+1","sneckomod:MasterEye+1","expansioncontent:DashGenerateEvil+1","sneckomod:UnknownExhaust","sneckomod:UnknownColorless","sneckomod:UnknownCommonSkill","sneckomod:MorePower","sneckomod:UnknownUncommonSkill+1","sneckomod:SnakeSap+1","sneckomod:Unknown3Cost+1","sneckomod:UnknownBlock+1","sneckomod:UnknownCommonAttack+1","sneckomod:UnknownUncommonSkill+1"],"relics":["sneckomod:SneckoSoul","NeowsBlessing","reliquary:RoseTintedGlasses","Replay:Kaleidoscope","hubris:Towel","aspiration:FutureDiary","Iron Hammer","Potion Belt","downfall:HeartBlessingBlue","Simple Rune"],"acts_visited":["Exordium","Gensokyo:Gensokyo"],"potions_floor_usage":[9],"damage_taken":[{"damage":0,"enemies":"Gensokyo:Python","floor":2,"turns":1},{"damage":0,"enemies":"conspire:MimicChest","floor":3,"turns":1},{"damage":0,"enemies":"downfall:FleeingMerchant","floor":4,"turns":1},{"damage":0,"enemies":"Gensokyo:2_Kodama","floor":5,"turns":3},{"damage":7,"enemies":"Gensokyo:Gryphon","floor":9,"turns":2},{"damage":0,"enemies":"Gensokyo:VengefulSpirit","floor":11,"turns":4},{"damage":7,"enemies":"Gensokyo:Python_and_Kodama","floor":12,"turns":4},{"damage":0,"enemies":"Gensokyo:Gryphon_and_Rabbit","floor":15,"turns":1},{"damage":48,"enemies":"DF_ARCHETYPE_STREAMLINE","floor":16,"turns":7},{"damage":8,"enemies":"Gensokyo:Chomper","floor":21,"turns":4},{"damage":37,"enemies":"Gensokyo:Tenshi","floor":25,"turns":4},{"damage":16,"enemies":"Gensokyo:AngelMirror","floor":27,"turns":3},{"damage":21,"enemies":"Gensokyo:3_Gloops","floor":29,"turns":5},{"damage":12,"enemies":"Gensokyo:Monolith_and_Dog","floor":30,"turns":3}],"seed_played":"1666690980624162659","potions_obtained":[{"floor":5,"key":"champ:CounterPotion"},{"floor":11,"key":"FearPotion"},{"floor":15,"key":"sneckomod:OffclassReductionPotion"},{"floor":16,"key":"blueLaboratory:HummingbirdPotion"},{"floor":27,"key":"hexamod:SoulburnPotion"}],"is_trial":false,"path_per_floor":["R","M","?","$","M","R","T","R","M","?","M","M","R","$","M","B",null,"R","?","?","M","?","R","T","E","R","M","T","M","M"],"character_chosen":"THE_SNECKO","items_purchased":["sneckomod:UnknownBoss","sneckomod:MasterEye","expansioncontent:DashGenerateEvil"],"campfire_rested":1,"item_purchase_floors":[4,4,4],"current_hp_per_floor":[90,90,90,90,90,90,90,90,83,83,83,76,76,76,76,28,90,90,95,95,87,49,49,49,12,53,37,37,30,18,18,18],"gold":222,"neow_bonus":"THREE_ENEMY_KILL","is_daily":false,"chose_seed":false,"campfire_upgraded":6,"win_rate":0.0,"timestamp":1613579629,"path_taken":["R","M","?","$","M","R","T","R","M","?","M","M","R","?","M","BOSS","R","?","?","?","?","R","T","E","R","M","?","?","?"],"items_purchased_type":["Card","Card","Card"],"build_version":"2020-12-22","purchased_purges":1,"victory":false,"max_hp_per_floor":[90,90,90,90,90,90,90,90,90,90,90,90,90,90,90,90,90,90,95,95,95,95,95,95,95,105,105,105,105,105,105,105],"card_choices":[{"not_picked":["sneckomod:DiceCrush","sneckomod:IronFang"],"picked":"sneckomod:UnknownDraw","floor":2},{"not_picked":["sneckomod:IronFang","sneckomod:SoulDraw"],"picked":"sneckomod:WideSting","floor":3},{"not_picked":["sneckomod:Unknown1Cost","sneckomod:SoulRoll"],"picked":"sneckomod:Nope","floor":4},{"not_picked":["sneckomod:SnekBeam","sneckomod:Nope"],"picked":"sneckomod:UnknownExhaust","floor":5},{"not_picked":["sneckomod:Nope","sneckomod:Unknown1Cost","sneckomod:MasterEye"],"picked":"SKIP","floor":9},{"not_picked":["sneckomod:QuickBite","sneckomod:DefensiveFlair","sneckomod:Nope"],"picked":"SKIP","floor":11},{"not_picked":["sneckomod:UnknownStrike","sneckomod:DiceBlock"],"picked":"sneckomod:UnknownColorless","floor":12},{"not_picked":["sneckomod:IronFang","sneckomod:SoulRoll"],"picked":"sneckomod:UnknownCommonSkill","floor":15},{"not_picked":["sneckomod:DangerNoodle","sneckomod:UnknownRareSkill"],"picked":"sneckomod:MorePower","floor":16},{"not_picked":["sneckomod:QuickMove","sneckomod:UnknownColorless"],"picked":"sneckomod:UnknownUncommonSkill+1","floor":21},{"not_picked":["sneckomod:SoulDraw","sneckomod:Restock"],"picked":"sneckomod:SnakeSap","floor":22},{"not_picked":["sneckomod:UnknownRareAttack+1","sneckomod:UnknownBlock+1"],"picked":"sneckomod:Unknown3Cost+1","floor":25},{"not_picked":["sneckomod:UnknownClassPURPLE","sneckomod:SoulRoll","sneckomod:UnknownUncommonSkill"],"picked":"SKIP","floor":25},{"not_picked":["sneckomod:UnknownClassPURPLE+1","sneckomod:UnknownCommonAttack+1"],"picked":"sneckomod:UnknownBlock+1","floor":27},{"not_picked":["sneckomod:QuickMove","sneckomod:UnknownVulnerable","sneckomod:UnknownDraw"],"picked":"SKIP","floor":27},{"not_picked":["sneckomod:UnknownVulnerable+1","sneckomod:Unknown0Cost+1"],"picked":"sneckomod:UnknownCommonAttack+1","floor":29},{"not_picked":["sneckomod:UnknownUncommonPower","sneckomod:ImprovisedAttack"],"picked":"sneckomod:UnknownUncommonSkill+1","floor":29}],"player_experience":300925,"relics_obtained":[{"floor":3,"key":"reliquary:RoseTintedGlasses"},{"floor":7,"key":"Replay:Kaleidoscope"},{"floor":25,"key":"Potion Belt"},{"floor":28,"key":"Simple Rune"}],"event_choices":[],"is_beta":false,"boss_relics":[{"not_picked":["conspire:SpecialSausage","reliquary:KinkedSpring"],"picked":"aspiration:FutureDiary"}],"items_purged_floors":[14],"is_endless":false,"potions_floor_spawned":[5,11,15,16,27],"killed_by":"Gensokyo:Monolith_and_Dog","ascension_level":0}}