{"host":"2zt55z1m1j8q763w","time":1613583287,"event":{"mods":["AchievementEnabler","BaseMod","Highlight Path","Minty Spire (QoL Compilation)","Relic Stats"],"gold_per_floor":[112,129,143,143,143,143,468,488,488,126,126,138,158,191,191,287,287,307,35,54,74,91,91,91,91],"floor_reached":24,"language":"ENG","playtime":1993,"items_purged":["Strike_R","Forethought"],"score":210,"play_id":"439ebf3b-5d78-4c6f-a282-d59c5f27fd0f","local_time":"20210217183447","is_ascension_mode":false,"campfire_choices":[{"data":"Flame Barrier","floor":6.0,"key":"SMITH"},{"floor":11.0,"key":"REST"},{"data":"Trip","floor":15.0,"key":"SMITH"},{"data":"True Grit","floor":23,"key":"SMITH"}],"circlet_count":0,"master_deck":["Strike_R","Strike_R","Strike_R","Defend_R","Defend_R","Defend_R","Defend_R","Bash","Pummel","Flame Barrier+1","Inflame","Cleave","Flex","Trip+1","Clothesline","Twin Strike","Headbutt","Barricade","Thunderclap","Mayhem","Shrug It Off","True Grit+1"],"relics":["Burning Blood","Bag of Marbles","Old Coin","Sling","Question Card","SlaversCollar"],"acts_visited":["Exordium","TheCity"],"potions_floor_usage":[21,24],"damage_taken":[{"damage":0.0,"enemies":"Small Slimes","floor":1.0,"turns":4.0},{"damage":7.0,"enemies":"2 Louse","floor":2.0,"turns":2.0},{"damage":1.0,"enemies":"Jaw Worm","floor":3.0,"turns":3.0},{"damage":55.0,"enemies":"Lagavulin","floor":7.0,"turns":10.0},{"damage":14.0,"enemies":"Gremlin Gang","floor":8.0,"turns":6.0},{"damage":4.0,"enemies":"Blue Slaver","floor":12.0,"turns":4.0},{"damage":0.0,"enemies":"Exordium Wildlife","floor":13.0,"turns":3.0},{"damage":6.0,"enemies":"3 Sentries","floor":14.0,"turns":5.0},{"damage":44.0,"enemies":"Slime Boss","floor":16.0,"turns":11.0},{"damage":0,"enemies":"Chosen","floor":18,"turns":4},{"damage":20,"enemies":"Shell Parasite","floor":20,"turns":6},{"damage":27,"enemies":"Snecko","floor":21,"turns":8},{"damage":27,"enemies":"Snake Plant","floor":22,"turns":4},{"damage":32,"enemies":"Slavers","floor":24,"turns":3}],"seed_played":"-3275170542020735843","potions_obtained":[{"floor":2.0,"key":"Weak Potion"},{"floor":3.0,"key":"Regen Potion"},{"floor":13.0,"key":"Explosive Potion"},{"floor":16.0,"key":"HeartOfIron"},{"floor":18,"key":"SkillPotion"}],"is_trial":false,"path_per_floor":["M","M","M","?","?","R","E","M","T","$","R","M","M","E","R","B",null,"M","$","M","M","M","R","E"],"character_chosen":"IRONCLAD","items_purchased":["Sling","Flex","Trip","Mayhem"],"campfire_rested":1,"item_purchase_floors":[10,10,10,19],"current_hp_per_floor":[80,79,80,73,61,61,26,18,18,18,42,44,50,50,50,12,80,80,80,66,45,24,24,0,0],"gold":91,"neow_bonus":"RANDOM_COLORLESS","is_daily":false,"chose_seed":false,"campfire_upgraded":3,"win_rate":0.0,"timestamp":1613583287,"path_taken":["M","M","M","?","?","R","E","M","T","?","R","M","M","E","R","BOSS","M","$","M","M","M","R","E"],"items_purchased_type":["Relic","Card","Card","Card"],"build_version":"2020-12-22","purchased_purges":2,"victory":false,"max_hp_per_floor":[80,80,80,80,80,80,80,80,80,80,80,80,80,80,80,80,80,80,80,80,80,80,80,80,80],"relic_stats":{"counters":[14,73],"Question Card":5,"obtain_stats":[{"SlaversCollar":17,"Bag of Marbles":5,"Sling":10,"Question Card":14,"Burning Blood":0,"Old Coin":7},{"SlaversCollar":9,"Bag of Marbles":3,"Sling":5,"Question Card":8,"Burning Blood":0,"Old Coin":4},{"SlaversCollar":48,"Bag of Marbles":9,"Sling":25,"Question Card":37,"Burning Blood":0,"Old Coin":19}],"Burning Blood":62},"card_choices":[{"not_picked":["Blind","Impatience"],"picked":"Forethought","floor":0.0},{"not_picked":["Dual Wield","Anger"],"picked":"Pummel","floor":1.0},{"not_picked":["Feel No Pain","Dark Embrace","Anger"],"picked":"SKIP","floor":2.0},{"not_picked":["Shockwave","Burning Pact"],"picked":"Flame Barrier","floor":3.0},{"not_picked":["Iron Wave","Reckless Charge"],"picked":"Inflame","floor":7.0},{"not_picked":["Body Slam","Fire Breathing"],"picked":"Cleave","floor":8.0},{"not_picked":["Rupture","Power Through"],"picked":"Clothesline","floor":12.0},{"not_picked":["Rupture","Anger"],"picked":"Twin Strike","floor":13.0},{"not_picked":["Warcry","Seeing Red"],"picked":"Headbutt","floor":14.0},{"not_picked":["Double Tap","Bludgeon","Fiend Fire"],"picked":"Barricade","floor":16.0},{"not_picked":["Bloodletting","Power Through","Iron Wave+1"],"picked":"Thunderclap","floor":18},{"not_picked":["Flame Barrier+1","Searing Blow+1","Warcry"],"picked":"Shrug It Off","floor":20},{"not_picked":["Heavy Blade","Havoc","Pommel Strike","Wild Strike"],"picked":"SKIP","floor":21},{"not_picked":["Blood for Blood","Twin Strike","Headbutt"],"picked":"True Grit","floor":22}],"player_experience":86957,"relics_obtained":[{"floor":7.0,"key":"Old Coin"},{"floor":14.0,"key":"Question Card"}],"event_choices":[{"cards_removed":["Strike_R"],"damage_healed":0.0,"max_hp_gain":0.0,"max_hp_loss":0.0,"gold_gain":0.0,"event_name":"Golden Wing","player_choice":"Card Removal","floor":4.0,"gold_loss":0.0,"damage_taken":7.0},{"damage_healed":0.0,"max_hp_gain":0.0,"max_hp_loss":0.0,"gold_gain":0.0,"event_name":"Scrap Ooze","player_choice":"Success","floor":5.0,"gold_loss":0.0,"damage_taken":12.0,"relics_obtained":["Bag of Marbles"]}],"is_beta":false,"boss_relics":[{"not_picked":["Runic Dome","Runic Pyramid"],"picked":"SlaversCollar"}],"items_purged_floors":[10,19],"is_endless":false,"potions_floor_spawned":[2,3,13,16,18],"killed_by":"Slavers","ascension_level":0}}