{"host":"s41rn2jhghpwfrvz","time":1613594165,"event":{"mods":["BaseMod","Minty Spire (QoL Compilation)","Quick Restart","Relic Stats","SuperFastMode"],"gold_per_floor":[111,121,101,113,124,157,168,201,201,201,201],"floor_reached":10,"language":"ENG","playtime":440,"items_purged":[],"score":160,"play_id":"b9aa12cc-c017-4957-99fd-c2edb64c4ae3","local_time":"20210217223605","daily_mods":["SealedDeck","Diverse","DeadlyEvents"],"is_ascension_mode":true,"campfire_choices":[],"circlet_count":0,"master_deck":["AscendersBane","Calculated Gamble","Dagger Spray","Hologram","Well Laid Plans","Hologram","Blade Dance","Body Slam","Flex","Evolve","Skim","Undo","Backflip"],"relics":["Burning Blood","Toy Ornithopter","Frozen Egg 2","Shuriken"],"acts_visited":["Exordium"],"potions_floor_usage":[6,6,10],"damage_taken":[{"damage":3,"enemies":"Cultist","floor":1,"turns":3},{"damage":12,"enemies":"Jaw Worm","floor":2,"turns":2},{"damage":0,"enemies":"2 Louse","floor":4,"turns":2},{"damage":1,"enemies":"Red Slaver","floor":5,"turns":4},{"damage":47,"enemies":"Gremlin Nob","floor":6,"turns":4},{"damage":0,"enemies":"Blue Slaver","floor":7,"turns":6},{"damage":26,"enemies":"3 Sentries","floor":8,"turns":6},{"damage":22,"enemies":"Gremlin Nob","floor":10,"turns":4}],"seed_played":"2095667526382278600","potions_obtained":[{"floor":1,"key":"AttackPotion"},{"floor":3,"key":"Strength Potion"},{"floor":5,"key":"Fruit Juice"},{"floor":6,"key":"Dexterity Potion"}],"is_trial":true,"path_per_floor":["M","M","?","M","M","E","M","E","T","E"],"character_chosen":"IRONCLAD","items_purchased":[],"campfire_rested":0,"item_purchase_floors":[],"current_hp_per_floor":[71,65,65,71,75,39,45,25,25,8,8],"gold":201,"neow_bonus":"","is_daily":false,"chose_seed":false,"campfire_upgraded":0,"win_rate":0.0,"timestamp":1613594165,"path_taken":["M","M","?","M","M","E","M","E","T","E"],"items_purchased_type":[],"build_version":"2020-12-22","purchased_purges":0,"victory":false,"max_hp_per_floor":[75,75,75,75,75,80,80,80,80,80,80],"relic_stats":{"counters":[8,31],"Shuriken":[0],"obtain_stats":[{"Shuriken":9,"Frozen Egg 2":8,"Burning Blood":0,"Toy Ornithopter":6},{"Shuriken":7,"Frozen Egg 2":7,"Burning Blood":0,"Toy Ornithopter":5},{"Shuriken":27,"Frozen Egg 2":27,"Burning Blood":0,"Toy Ornithopter":15}],"Burning Blood":41,"Toy Ornithopter":5},"card_choices":[{"not_picked":["Loop","Ball Lightning","EmptyBody"],"picked":"SKIP","floor":1},{"not_picked":["Cleave","Deflect"],"picked":"Undo","floor":2},{"not_picked":["Sucker Punch","Evaluate"],"picked":"Backflip","floor":4},{"not_picked":["Protect","ClearTheMind","Prostrate"],"picked":"SKIP","floor":5},{"not_picked":["BowlingBash","Uppercut","ForeignInfluence"],"picked":"SKIP","floor":6},{"not_picked":["Cleave","FlurryOfBlows","Doom and Gloom"],"picked":"SKIP","floor":7},{"not_picked":["Flechettes","Riddle With Holes","Thunderclap"],"picked":"SKIP","floor":8}],"player_experience":1929323,"relics_obtained":[{"floor":6,"key":"Toy Ornithopter"},{"floor":8,"key":"Frozen Egg 2"},{"floor":9,"key":"Shuriken"}],"event_choices":[{"damage_healed":0,"gold_gain":0,"player_choice":"Bought 1 Potion","damage_taken":0,"max_hp_gain":0,"max_hp_loss":0,"event_name":"The Woman in Blue","floor":3,"gold_loss":0}],"is_beta":false,"boss_relics":[],"items_purged_floors":[],"is_endless":false,"potions_floor_spawned":[1,5,6],"killed_by":"Gremlin Nob","ascension_level":20}}