{"host":"Cenci","time":1613578906,"event":{"mods":["BaseMod","Bestiary","Downfall","Highlight Path","Minty Spire (QoL Compilation)","StSLib"],"gold_per_floor":[199,210,229,129,129,29,29,60,76,104,116,129,129,149,163,264,264,264,277,277,291,291,291,314,214,214,230,257,257,273,63,63,63,63],"floor_reached":32,"language":"ENG","playtime":1654,"items_purged":["sneckomod:Strike"],"score":351,"play_id":"970671ef-2578-461f-bdc3-1ff92ec2480d","local_time":"20210217172146","is_ascension_mode":true,"campfire_choices":[{"floor":1.0,"key":"RECALL"},{"data":"sneckomod:TailWhip","floor":6.0,"key":"SMITH"}],"circlet_count":0,"master_deck":["sneckomod:Strike","sneckomod:Strike","sneckomod:Defend","sneckomod:Defend","sneckomod:Defend","sneckomod:TailWhip+1","sneckomod:SnekBite","sneckomod:Unknown","sneckomod:QuickMove","sneckomod:QuickMove","sneckomod:WideSting","sneckomod:QuickBite","sneckomod:UnknownStrength","sneckomod:CheapStock","sneckomod:WideSting+1","Reprogram","sneckomod:RainOfDice+1","CurseOfTheBell","Reprogram","sneckomod:UnknownDexterity","Slimebound:CheckThePlaybook","Sucker Punch+1","Glass Knife+1","sneckomod:UnknownDraw+1","sneckomod:RainOfDice+1","sneckomod:RainOfDice+1","sneckomod:UnknownUncommonSkill"],"relics":["sneckomod:SneckoSoul","Oddly Smooth Stone","downfall:HeartBlessingRed","Molten Egg 2","bronze:DecasWashers","Singing Bowl","Calling Bell","bronze:BronzeIdol","Slimebound:PreparedRelic","FossilizedHelix","downfall:HeartBlessingBlue","Blue Candle"],"acts_visited":["Exordium","TheCity"],"potions_floor_usage":[],"damage_taken":[{"damage":11.0,"enemies":"2 Louse","floor":2.0,"turns":3.0},{"damage":5.0,"enemies":"Small Slimes","floor":3.0,"turns":3.0},{"damage":2.0,"enemies":"downfall:FleeingMerchant","floor":4.0,"turns":4.0},{"damage":17.0,"enemies":"Gremlin Nob","floor":8.0,"turns":4.0},{"damage":0.0,"enemies":"Cultist","floor":9.0,"turns":2.0},{"damage":16.0,"enemies":"3 Sentries","floor":10.0,"turns":6.0},{"damage":0.0,"enemies":"2 Fungi Beasts","floor":11.0,"turns":1.0},{"damage":0.0,"enemies":"3 Louse","floor":12.0,"turns":2.0},{"damage":3.0,"enemies":"Red Slaver","floor":14.0,"turns":2.0},{"damage":0.0,"enemies":"2 Fungi Beasts","floor":15.0,"turns":3.0},{"damage":8.0,"enemies":"WA_ARCHETYPE_RETAIN","floor":16.0,"turns":6.0},{"damage":0.0,"enemies":"downfall:LooterAlt2","floor":19.0,"turns":2.0},{"damage":6.0,"enemies":"Chosen","floor":21.0,"turns":4.0},{"damage":0.0,"enemies":"Snake Plant","floor":27.0,"turns":3.0},{"damage":48.0,"enemies":"Slavers","floor":28.0,"turns":7.0},{"damage":25.0,"enemies":"Cultist and Chosen","floor":30.0,"turns":8.0},{"damage":2.0,"enemies":"downfall:FleeingMerchant","floor":31.0,"turns":4.0},{"damage":0,"enemies":"Centurion and Healer","floor":32,"turns":1}],"seed_played":"4343671728300765315","potions_obtained":[{"floor":9.0,"key":"SmokeBomb"},{"floor":10.0,"key":"sneckomod:MuddlingPotion"},{"floor":11.0,"key":"DistilledChaos"},{"floor":12.0,"key":"ColorlessPotion"},{"floor":16.0,"key":"sneckomod:OffclassReductionPotion"},{"floor":19.0,"key":"sneckomod:DiceRollPotion"}],"is_trial":false,"path_per_floor":["R","M","M","$","?","R","T","E","M","E","M","M","R","M","M","B",null,"R","M","?","M","?","R","T","R","?","M","E","?","M","$","M"],"character_chosen":"THE_SNECKO","items_purchased":["sneckomod:UnknownWeak","sneckomod:QuickBite","sneckomod:RainOfDice+1","sneckomod:UnknownUncommonSkill"],"campfire_rested":0,"item_purchase_floors":[4,4,31,31],"current_hp_per_floor":[90,79,74,72,65,65,65,48,48,32,32,32,32,29,31,25,94,94,94,85,81,64,64,64,74,74,74,28,28,3,3,3,3,3],"gold":63,"neow_bonus":"HUNDRED_GOLD","is_daily":false,"chose_seed":false,"campfire_upgraded":1,"win_rate":0.0,"timestamp":1613578906,"path_taken":["R","M","M","$","?","R","T","E","M","E","M","M","R","M","M","BOSS","R","M","?","M","?","R","T","R","?","?","E","?","M","$","M"],"items_purchased_type":["Card","Card","Card","Card"],"build_version":"2020-11-17","purchased_purges":1,"victory":false,"max_hp_per_floor":[90,90,90,90,90,90,90,90,90,90,90,90,90,90,92,94,94,94,94,85,87,92,92,92,102,102,102,104,104,104,106,106,106,106],"card_choices":[{"not_picked":["sneckomod:PureSnecko","sneckomod:UnknownCommonAttack"],"picked":"sneckomod:QuickMove","floor":2.0},{"not_picked":["sneckomod:UnknownDraw","sneckomod:UnknownCommonSkill"],"picked":"sneckomod:QuickMove","floor":3.0},{"not_picked":["sneckomod:UnknownCommonAttack","sneckomod:SlitherStrike"],"picked":"sneckomod:WideSting","floor":4.0},{"not_picked":["sneckomod:UnknownColorless","sneckomod:UnknownBoss"],"picked":"sneckomod:UnknownStrength","floor":8.0},{"not_picked":["sneckomod:UnknownStrike+1","sneckomod:MasterEye"],"picked":"sneckomod:CheapStock","floor":9.0},{"not_picked":["sneckomod:RainOfDice+1","sneckomod:UnknownStrike+1"],"picked":"sneckomod:UnknownDexterity","floor":10.0},{"not_picked":["sneckomod:RainOfDice+1","sneckomod:SlitherStrike+1"],"picked":"sneckomod:WideSting+1","floor":11.0},{"not_picked":["sneckomod:Rotation","sneckomod:ImprovisedGuard"],"picked":"sneckomod:UnknownDexterity","floor":12.0},{"not_picked":["sneckomod:Unknown0Cost","sneckomod:UnknownX"],"picked":"sneckomod:RainOfDice+1","floor":14.0},{"not_picked":["sneckomod:Nope","sneckomod:QuickBite+1","sneckomod:UnknownBlock"],"picked":"Singing Bowl","floor":15.0},{"not_picked":["sneckomod:Transmogrify","sneckomod:Restock","sneckomod:UnlimitedRolls"],"picked":"Singing Bowl","floor":16.0},{"not_picked":["sneckomod:UnknownCommonSkill","sneckomod:SoulRoll+1"],"picked":"sneckomod:UnknownDexterity","floor":19.0},{"not_picked":["sneckomod:DiceCrush+1","sneckomod:SoulRoll","sneckomod:DefensiveFlair"],"picked":"Singing Bowl","floor":21.0},{"not_picked":["sneckomod:UnknownClassBLUE","sneckomod:IronFang+1"],"picked":"sneckomod:UnknownDraw+1","floor":27.0},{"not_picked":["sneckomod:IronFang+1","sneckomod:Unknown1Cost","sneckomod:UnknownClassPURPLE"],"picked":"Singing Bowl","floor":28.0},{"not_picked":["sneckomod:DiceBlock","sneckomod:UnknownClassPURPLE"],"picked":"sneckomod:RainOfDice+1","floor":30.0},{"not_picked":["sneckomod:UnknownUncommonSkill","sneckomod:SnekBeam+1","sneckomod:UnlimitedRolls"],"picked":"Singing Bowl","floor":31.0}],"player_experience":357755,"relics_obtained":[{"floor":7.0,"key":"Molten Egg 2"},{"floor":8.0,"key":"bronze:DecasWashers"},{"floor":10.0,"key":"Singing Bowl"},{"floor":17.0,"key":"bronze:BronzeIdol"},{"floor":17.0,"key":"Slimebound:PreparedRelic"},{"floor":17.0,"key":"FossilizedHelix"},{"floor":28.0,"key":"Blue Candle"}],"event_choices":[{"damage_healed":0.0,"max_hp_gain":0.0,"max_hp_loss":0.0,"gold_gain":0.0,"event_name":"Scrap Ooze","player_choice":"Success","floor":5.0,"gold_loss":0.0,"damage_taken":7.0,"relics_obtained":["Oddly Smooth Stone"]}],"is_beta":true,"boss_relics":[{"not_picked":["Fusion Hammer","Sozu"],"picked":"Calling Bell"}],"items_purged_floors":[31],"is_endless":false,"potions_floor_spawned":[9,10,11,12,16,19,27],"killed_by":"Centurion and Healer","ascension_level":4}}