{"host":"kfzb6d1vwx0oeud7","time":1613594282,"event":{"mods":["BaseMod","Colored Map","Colored Powertips","Infinite Spire","Marisa????????","Minty Spire (QoL Compilation)","Remilia??????","StSLib","The Cursed","The Disciple","The Servant 0.9.4"],"gold_per_floor":[114,114,124,50,63,63,74,92,92,105,125,159,176,195,195,293,293,311,311,322,322,322,322,356,356,382,399,416,443,456,4,4,105,105,118,136,136,136],"floor_reached":37,"language":"ENG","playtime":3154,"items_purged":[],"score":417,"play_id":"3c56729d-c8d5-4fc9-82c6-e29ed00336e4","local_time":"20210217153802","is_ascension_mode":false,"campfire_choices":[{"data":"Loop","floor":6,"key":"SMITH"},{"data":"Static Discharge","floor":15,"key":"SMITH"},{"floor":23,"key":"REST"},{"data":"Rainbow","floor":25,"key":"SMITH"},{"floor":32,"key":"REST"}],"circlet_count":0,"master_deck":["Strike_B+1","Strike_B","Strike_B","Defend_B","Defend_B","Defend_B","Zap","Dualcast","Loop+1","Leap","Self Repair","Chill","BootSequence","Static Discharge+1","Rebound","Melter","Turbo","Genetic Algorithm","Stack","Rainbow+1","Steam","Melter+1","Sweeping Beam+1","Double Energy","Undo","infinitespire:Punishment","Redo","Hello World","Electrodynamics","Amplify","Steam+1"],"relics":["Cracked Core","White Beast Statue","Akabeko","Busted Crown","MealTicket","Whetstone","infinitespire:FocusingShard","Bird Faced Urn","Nuclear Battery"],"acts_visited":["Exordium","TheCity","TheBeyond"],"potions_floor_usage":[11,11,11,12,12,12,14,16,16,18,24,27,28,29,29,33,33,37,37,37],"damage_taken":[{"damage":2,"enemies":"2 Louse","floor":1,"turns":2},{"damage":1,"enemies":"Cultist","floor":3,"turns":3},{"damage":5,"enemies":"Jaw Worm","floor":5,"turns":4},{"damage":3,"enemies":"Red Slaver","floor":7,"turns":4},{"damage":0,"enemies":"Large Slime","floor":8,"turns":6},{"damage":1,"enemies":"3 Louse","floor":10,"turns":3},{"damage":0,"enemies":"Looter","floor":11,"turns":2},{"damage":22,"enemies":"3 Sentries","floor":12,"turns":8},{"damage":15,"enemies":"Blue Slaver","floor":13,"turns":4},{"damage":21,"enemies":"Gremlin Gang","floor":14,"turns":4},{"damage":28,"enemies":"Hexaghost","floor":16,"turns":7},{"damage":25,"enemies":"2 Thieves","floor":18,"turns":3},{"damage":11,"enemies":"Chosen","floor":20,"turns":5},{"damage":20,"enemies":"Book of Stabbing","floor":24,"turns":4},{"damage":11,"enemies":"Snake Plant","floor":27,"turns":4},{"damage":12,"enemies":"Centurion and Healer","floor":28,"turns":5},{"damage":33,"enemies":"Nightmare","floor":29,"turns":10},{"damage":0,"enemies":"3 Cultists","floor":30,"turns":4},{"damage":60,"enemies":"Automaton","floor":33,"turns":9},{"damage":13,"enemies":"Orb Walker","floor":35,"turns":5},{"damage":0,"enemies":"3 Shapes","floor":36,"turns":5},{"damage":4,"enemies":"infinitespire:Three Voidlings","floor":37,"turns":3},{"damage":109,"enemies":"Nightmare_Alpha","floor":37,"turns":8}],"seed_played":"1505457375725838540","potions_obtained":[{"floor":1,"key":"EntropicBrew"},{"floor":10,"key":"Dexterity Potion"},{"floor":11,"key":"DuplicationPotion"},{"floor":12,"key":"Weak Potion"},{"floor":13,"key":"AttackPotion"},{"floor":14,"key":"SpeedPotion"},{"floor":16,"key":"Explosive Potion"},{"floor":18,"key":"DuplicationPotion"},{"floor":20,"key":"SteroidPotion"},{"floor":24,"key":"Block Potion"},{"floor":27,"key":"Energy Potion"},{"floor":28,"key":"Block Potion"},{"floor":29,"key":"Weak Potion"},{"floor":30,"key":"Regen Potion"},{"floor":33,"key":"FocusPotion"},{"floor":35,"key":"Regen Potion"},{"floor":36,"key":"Block Potion"}],"is_trial":false,"path_per_floor":["M","?","M","$","M","R","M","M","T","M","M","E","M","M","R","B",null,"M","?","M","AVR","?","R","E","R","T","M","M","NM","M","$","R","B",null,"M","M","?"],"character_chosen":"DEFECT","items_purchased":["Self Repair","Electrodynamics","Bird Faced Urn"],"campfire_rested":2,"item_purchase_floors":[4,31,31],"current_hp_per_floor":[80,80,79,79,81,81,82,82,82,82,82,74,66,52,52,24,82,57,57,53,53,53,77,64,64,64,60,55,29,29,44,68,34,82,80,82,0,0],"gold":136,"neow_bonus":"TEN_PERCENT_HP_BONUS","is_daily":false,"chose_seed":false,"campfire_upgraded":3,"win_rate":0.0,"timestamp":1613594282,"path_taken":["M","?","M","$","M","R","?","M","T","M","M","E","M","M","R","BOSS","M","?","?","AVR","?","R","E","R","T","M","M","NM","?","$","R","BOSS","M","M","?"],"items_purchased_type":["Card","Card","Relic"],"build_version":"2020-12-22","purchased_purges":0,"victory":false,"max_hp_per_floor":[82,82,82,82,82,82,82,82,82,82,82,82,82,82,82,82,82,82,82,82,82,82,82,82,82,82,82,82,82,82,82,82,82,82,82,82,82,82],"card_choices":[{"not_picked":["Rebound","Ball Lightning"],"picked":"Loop","floor":1},{"not_picked":["Beam Cell","Sweeping Beam"],"picked":"Leap","floor":3},{"not_picked":["Fission","Sweeping Beam"],"picked":"Chill","floor":5},{"not_picked":["Gash","Hello World"],"picked":"BootSequence","floor":7},{"not_picked":["Skim","Cold Snap"],"picked":"Static Discharge","floor":8},{"not_picked":["Rip and Tear","Skim"],"picked":"Rebound","floor":10},{"not_picked":["Reinforced Body","Steam"],"picked":"Melter","floor":11},{"not_picked":["Aggregate","Melter"],"picked":"Turbo","floor":12},{"not_picked":["Leap","Turbo"],"picked":"Genetic Algorithm","floor":13},{"not_picked":["Glacier","Scrape"],"picked":"Stack","floor":14},{"not_picked":["Core Surge","Meteor Strike"],"picked":"Rainbow","floor":16},{"not_picked":[],"picked":"Steam","floor":18},{"not_picked":[],"picked":"Melter","floor":20},{"not_picked":[],"picked":"Sweeping Beam+1","floor":24},{"not_picked":[],"picked":"Double Energy","floor":27},{"not_picked":[],"picked":"Undo","floor":28},{"not_picked":["infinitespire:Gouge","infinitespire:FinalStrike"],"picked":"infinitespire:Punishment","floor":29},{"not_picked":[],"picked":"Redo","floor":29},{"not_picked":[],"picked":"Hello World","floor":30},{"not_picked":[],"picked":"Amplify","floor":33},{"not_picked":[],"picked":"Steam+1","floor":35},{"not_picked":["Gash"],"picked":"SKIP","floor":36}],"player_experience":437587,"relics_obtained":[{"floor":9,"key":"White Beast Statue"},{"floor":12,"key":"Akabeko"},{"floor":24,"key":"Whetstone"},{"floor":29,"key":"infinitespire:FocusingShard"}],"event_choices":[{"cards_removed":["Defend_B"],"damage_healed":0,"gold_gain":0,"player_choice":"Offered Basic","damage_taken":0,"max_hp_gain":0,"max_hp_loss":0,"event_name":"Bonfire Elementals","floor":2,"gold_loss":0},{"damage_healed":0,"gold_gain":0,"player_choice":"Ignored","damage_taken":0,"max_hp_gain":0,"max_hp_loss":0,"event_name":"Purifier","floor":19,"gold_loss":0},{"cards_removed":["Strike_B"],"damage_healed":0,"gold_gain":0,"player_choice":"Card Removal","damage_taken":0,"max_hp_gain":0,"max_hp_loss":0,"event_name":"Wheel of Change","floor":22,"gold_loss":0}],"is_beta":false,"boss_relics":[{"not_picked":["Runic Pyramid","Philosopher\u0027s Stone"],"picked":"Busted Crown"},{"not_picked":["Tiny House","Sozu"],"picked":"Nuclear Battery"}],"items_purged_floors":[],"is_endless":true,"potions_floor_spawned":[1,10,11,12,13,14,16,18,20,24,27,28,29,30,33,35,36,37],"killed_by":"Nightmare_Alpha","ascension_level":0}}