{"host":"cz96naaoibjp08st","time":1613563574,"event":{"mods":["Act Like it!","BaseMod","BetterRewards","GifTheSpireLib","Minty Spire (QoL Compilation)","Replay The Spire","Shop Mod","StSLib","The Bug Knight"],"gold_per_floor":[116,116,191,41,98,123,123,150,150,150,160,176,142,152,152,249,249,249],"floor_reached":17,"language":"ZHS","playtime":904,"items_purged":[],"score":238,"play_id":"f4f7b521-bd5d-4296-930f-c717e143a236","local_time":"20210217200614","is_ascension_mode":false,"campfire_choices":[{"data":"HollowMod:FocusHealStart","floor":7,"key":"SMITH"},{"data":"HollowMod:GoodIntentions","floor":10,"key":"SMITH"}],"circlet_count":0,"master_deck":["HollowMod:NailStrikeStart","HollowMod:NailStrikeStart","HollowMod:NailStrikeStart","HollowMod:QuickDashStart","HollowMod:QuickDashStart","HollowMod:QuickDashStart","HollowMod:QuickDashStart","HollowMod:FocusHealStart+1","HollowMod:PogoStrike","HollowMod:TaintedHusks","HollowMod:VengefulVoid","HollowMod:GoodIntentions+1","HollowMod:CornifersMapStart","HollowMod:HornetsHelp","HollowMod:SoulEater","HollowMod:CloakDash","HollowMod:BlackTendrils","HollowMod:SharpenedShadows","HollowMod:DungDefenderAura","HollowMod:AwokenDreamNail"],"relics":["HollowMod:VesselMask","NeowsBlessing","HollowMod:StagPassRelic","Smiling Mask","InkBottle","Toy Ornithopter","HornCleat","Velvet Choker"],"acts_visited":["Exordium","TheCity"],"potions_floor_usage":[8,16],"damage_taken":[{"damage":0,"enemies":"2 Louse","floor":1,"turns":1},{"damage":0,"enemies":"Replay:BlueRogue","floor":6,"turns":1},{"damage":0,"enemies":"3 Sentries","floor":8,"turns":2},{"damage":0,"enemies":"Small Slimes","floor":11,"turns":4},{"damage":3,"enemies":"Jaw Worm","floor":12,"turns":7},{"damage":5,"enemies":"Blue Slaver","floor":14,"turns":5},{"damage":85,"enemies":"The Guardian","floor":16,"turns":18}],"seed_played":"7105524148625676856","potions_obtained":[{"floor":1,"key":"FairyPotion"},{"floor":5,"key":"CultistPotion"},{"floor":11,"key":"Doom Potion"}],"is_trial":false,"path_per_floor":["M","$","?","?","?","E","R","E","T","R","M","M","$","M","R","B",null],"character_chosen":"THE_BUGKNIGHT","items_purchased":["HollowMod:BlackTendrils"],"campfire_rested":0,"item_purchase_floors":[13],"current_hp_per_floor":[75,75,64,64,46,46,46,52,52,52,58,67,67,70,70,28,75,75],"gold":249,"neow_bonus":"THREE_ENEMY_KILL","is_daily":false,"chose_seed":false,"campfire_upgraded":2,"win_rate":0.0,"timestamp":1613563574,"path_taken":["M","$","?","?","?","E","R","E","T","R","M","M","?","M","R","BOSS"],"items_purchased_type":["Card"],"build_version":"2020-12-22","purchased_purges":0,"victory":false,"max_hp_per_floor":[75,75,75,75,75,75,75,75,75,75,75,75,75,75,75,75,75,75],"card_choices":[{"not_picked":["HollowMod:GrimmsGift","HollowMod:SoulSplash"],"picked":"HollowMod:TaintedHusks","floor":1},{"not_picked":["HollowMod:ShadowDash","HollowMod:InfectionAssault"],"picked":"HollowMod:VengefulVoid","floor":5},{"not_picked":["HollowMod:AbyssShriek","HollowMod:DoubleDash"],"picked":"HollowMod:GoodIntentions","floor":5},{"not_picked":["HollowMod:SharpenedNail","HollowMod:RecoilStrike"],"picked":"HollowMod:CornifersMapStart","floor":6},{"not_picked":["HollowMod:GoodIntentions","HollowMod:NewLittleFool"],"picked":"HollowMod:HornetsHelp","floor":8},{"not_picked":["HollowMod:MantisMark","HollowMod:ChannelNail"],"picked":"HollowMod:SoulEater","floor":11},{"not_picked":["HollowMod:NewGlowingWomb","HollowMod:SiblingsShadow"],"picked":"HollowMod:CloakDash","floor":12},{"not_picked":["HollowMod:BaldurShell","HollowMod:SoulSplash"],"picked":"HollowMod:SharpenedShadows","floor":14},{"not_picked":["HollowMod:ElderbugsWisdom","HollowMod:MidwifesHunger"],"picked":"HollowMod:AwokenDreamNail","floor":16}],"player_experience":293926,"relics_obtained":[{"floor":5,"key":"Smiling Mask"},{"floor":6,"key":"InkBottle"},{"floor":8,"key":"Toy Ornithopter"},{"floor":9,"key":"HornCleat"}],"event_choices":[{"damage_healed":0,"gold_gain":75,"player_choice":"Gather Gold","damage_taken":11,"max_hp_gain":0,"max_hp_loss":0,"event_name":"World of Goop","floor":3,"gold_loss":0}],"is_beta":false,"boss_relics":[{"not_picked":["Pandora\u0027s Box","Tiny House"],"picked":"Velvet Choker"}],"items_purged_floors":[],"is_endless":false,"potions_floor_spawned":[1,11],"ascension_level":0}}