{"host":"w4c9oc640fn2feul","time":1613581284,"event":{"mods":["AchievementEnabler","Act Like it!","Aspiration","BaseMod","BetterRewards","Conspire","Custom Start","Defuse TimeMaze Blight","Energized Spire","Gensokyo","GifTheSpireLib","Halation","Hubris","Infinite Spire","Marked Mod","Minty Spire (QoL Compilation)","Quarter Circle Forward PUNCH!","Reliquary","Replay The Spire","Shop Mod","StSLib","Stuff the Spire","The Animator","The Cursed","The Jungle"],"gold_per_floor":[111,126,144,162,182,182,197,197,197,214,244,244,260,491,491,388,388,407,425,425,11,25,25,55,74,74,86,96,96,112,125,125,223,223,248,248,275,275,311,357,357,357,357,357,400,215,264,295,295,295],"floor_reached":51,"language":"ENG","playtime":7276,"items_purged":["animator:KyokoSakura","animator:Curse_Greed","hubris:Lust"],"score":1137,"play_id":"a3c1332f-9fcc-4640-bbb2-107a33403a63","local_time":"20210217180124","daily_mods":["SealedDeck","Vintage","Diverse","Heirloom","Cursed Run"],"is_ascension_mode":false,"campfire_choices":[{"floor":6.0,"key":"REST"},{"data":"animator:Evileye","floor":8.0,"key":"SMITH"},{"data":"animator:DolaSchwi","floor":15.0,"key":"SMITH"},{"floor":23,"key":"REST"},{"floor":29,"key":"REST"},{"floor":32,"key":"REST"},{"data":"animator:Archer","floor":49,"key":"SMITH"}],"circlet_count":0,"master_deck":["animator:Vanir+1","animator:DolaSchwi+1","animator:SayakaMiki","animator:KyokoSakura+1","animator:Demiurge","animator:Evileye+1","animator:PandorasActor","TheCursedMod:ReleasedStrength","TheCursedMod:SpitefulStrike","ReplayTheSpireMod:IOU","ReplayTheSpireMod:IOU","ReplayTheSpireMod:IOU","After Image","ReplayTheSpireMod:IOU","animator:Mikaela","animator:Archer+1","Escape Plan+1","Parasite","animator:MadokaKaname+1","infinitespire:UltimateForm+1","infinitespire:Collect+1","Shame","animator:ElricAlphonse+1","Feel No Pain+1","ReplayTheSpireMod:Strike From Hell","Writhe"],"relics":["Cursed Key","Darkstone Periapt","Du-Vu Doll","hubris:MedicalManual","Replay:Wax Seal","infinitespire:Broken Mirror","Gremlin Horn","Toxic Egg 2","reliquary:PartyBalloon","Turnip","MerchantsRug","Strange Spoon","energizedSpire:NeverEndingSparkler","Blood Vial","Iron Hammer","reliquary:FingerTrap","Snack Pack","aspiration:ArtOfWarUpgrade","Dream Catcher","Centennial Puzzle","qcfpunch:Not_Strongest_Fighting_Style_Guidebook","Bottled Tornado","qcfpunch:Wrestler\u0027s_Cloak","aspiration:Lifesprig","reliquary:ExpiredCoupon","ReplayTheSpireMod:Shallot","infinitespire:EvilPickle","Ring of Chaos","conspire:TopHat","reliquary:RoseTintedGlasses","aspiration:TomeofQuesting","hubris:Potato","Anchor","qcfpunch:Necklace_of_Skulls","StuffTheSpire:Gunfinga","Bag of Marbles","qcfpunch:Unceasing_Flame"],"acts_visited":["Exordium","TheCity","TheBeyond"],"potions_floor_usage":[22,24,33,37],"damage_taken":[{"damage":0.0,"enemies":"Small Slimes","floor":1.0,"turns":2.0},{"damage":3.0,"enemies":"2 Louse","floor":2.0,"turns":2.0},{"damage":0.0,"enemies":"Cultist","floor":3.0,"turns":2.0},{"damage":29.0,"enemies":"Gremlin Gang","floor":4.0,"turns":3.0},{"damage":0.0,"enemies":"3 Louse","floor":5.0,"turns":2.0},{"damage":0.0,"enemies":"Large Slime","floor":7.0,"turns":2.0},{"damage":8.0,"enemies":"Red Slaver","floor":10.0,"turns":2.0},{"damage":16.0,"enemies":"3 Sentries","floor":11.0,"turns":4.0},{"damage":17.0,"enemies":"Gremlin Gang","floor":13.0,"turns":3.0},{"damage":18.0,"enemies":"Slime Boss","floor":16.0,"turns":6.0},{"damage":28.0,"enemies":"Spheric Guardian","floor":18.0,"turns":4.0},{"damage":21.0,"enemies":"Chosen","floor":19.0,"turns":5.0},{"damage":35,"enemies":"Snake Plant","floor":22,"turns":3},{"damage":60,"enemies":"Book of Stabbing","floor":24,"turns":6},{"damage":16,"enemies":"Shelled Parasite and Fungi","floor":25,"turns":3},{"damage":4,"enemies":"Centurion and Healer","floor":27,"turns":3},{"damage":12,"enemies":"Snecko","floor":28,"turns":4},{"damage":10,"enemies":"Snake Plant","floor":30,"turns":3},{"damage":13,"enemies":"Centurion and Healer","floor":31,"turns":4},{"damage":41,"enemies":"Pondfish","floor":33,"turns":10},{"damage":0,"enemies":"Orb Walker","floor":35,"turns":2},{"damage":0,"enemies":"3 Shapes","floor":37,"turns":3},{"damage":11,"enemies":"Writhing Mass","floor":39,"turns":4},{"damage":14,"enemies":"R_Hoarder","floor":40,"turns":7},{"damage":0,"enemies":"3 Darklings","floor":45,"turns":3},{"damage":9,"enemies":"Nemesis","floor":47,"turns":7},{"damage":0,"enemies":"Sphere and 2 Shapes","floor":48,"turns":3},{"damage":18,"enemies":"infinitespire:MassOfShapes","floor":50,"turns":11}],"seed_played":"-6133269882795211219","potions_obtained":[{"floor":3.0,"key":"SteroidPotion"},{"floor":4.0,"key":"Energy Potion"},{"floor":7.0,"key":"Regen Potion"},{"floor":10.0,"key":"SkillPotion"},{"floor":13.0,"key":"Strength Potion"},{"floor":16.0,"key":"Milkshake"},{"floor":18.0,"key":"ColorlessPotion"},{"floor":22,"key":"Fire Potion"},{"floor":33,"key":"Dexterity Potion"},{"floor":35,"key":"PowerPotion"},{"floor":45,"key":"Reflective Coating"},{"floor":48,"key":"Ancient Potion"}],"is_trial":true,"path_per_floor":["M","M","M","M","M","R","M","R","T","M","E","?","M","$","R","B",null,"M","M","?","$","M","R","E","M","T","M","M","R","M","M","R","B",null,"M","AVR","M","?","M","E","?","R","T","R","M","$","E","M","R","B",null],"character_chosen":"THE_CURSED","items_purchased":["MerchantsRug","Strange Spoon","reliquary:FingerTrap","Snack Pack","Art of War","animator:ElricAlphonse+1","Feel No Pain"],"campfire_rested":4,"item_purchase_floors":[14,14,21,21,21,46,46],"current_hp_per_floor":[75,72,72,43,43,65,65,65,71,63,59,59,42,72,72,60,117,89,70,70,76,45,81,25,13,19,21,11,49,45,36,74,49,135,135,135,135,135,128,127,127,127,133,133,141,141,137,141,141,140],"gold":295,"neow_bonus":"","is_daily":false,"chose_seed":false,"campfire_upgraded":3,"win_rate":0.0,"timestamp":1613581284,"path_taken":["M","M","M","M","M","R","M","R","T","M","E","?","M","$","R","BOSS","M","M","?","$","M","R","E","M","T","?","M","R","M","?","R","BOSS","M","AVR","M","?","M","E","?","R","T","R","?","$","E","M","R","BOSS"],"items_purchased_type":["Relic","Relic","Relic","Relic","Relic","Card","Card"],"build_version":"2020-12-22","purchased_purges":3,"victory":true,"max_hp_per_floor":[75,75,75,75,75,75,75,75,81,81,81,81,81,111,111,117,117,117,117,117,123,123,123,123,123,129,129,129,129,129,129,129,135,135,135,135,135,135,135,135,135,135,141,141,141,141,141,141,141,147],"card_choices":[{"not_picked":["MarkedMod:GracefulMovements","Lockon","ReplayTheSpireMod:Tripwire+1"],"picked":"SKIP","floor":11.0},{"not_picked":["Hemogenesis","infinitespire:Neurotoxin+1"],"picked":"After Image","floor":16.0},{"not_picked":["Sneak Up+1","TheCursedMod:CircleOfFocus+1"],"picked":"animator:Mikaela","floor":23},{"not_picked":["Reprogram+1","StuffTheSpire:Rend+1"],"picked":"animator:Archer","floor":24},{"not_picked":["Rupture","Deadly Poison+1"],"picked":"Escape Plan+1","floor":32},{"not_picked":["Storm of Steel+1","Demonic Infusion+1"],"picked":"animator:MadokaKaname+1","floor":33},{"not_picked":["Abandon+1","animator:ChaikaBohdan","Sucker Punch+1"],"picked":"SKIP","floor":40},{"not_picked":["Double Tap+1","ReplayTheSpireMod:GoodbyeWorld+1"],"picked":"ReplayTheSpireMod:Strike From Hell","floor":47}],"player_experience":485682,"relics_obtained":[{"floor":1.0,"key":"reliquary:HotPoker"},{"floor":2.0,"key":"qcfpunch:Black_Training_Shirt"},{"floor":3.0,"key":"Replay:Wax Seal"},{"floor":4.0,"key":"Whetstone"},{"floor":5.0,"key":"infinitespire:Broken Mirror"},{"floor":7.0,"key":"Gremlin Horn"},{"floor":9.0,"key":"Toxic Egg 2"},{"floor":10.0,"key":"reliquary:PartyBalloon"},{"floor":13.0,"key":"Turnip"},{"floor":18.0,"key":"Blood Vial"},{"floor":19.0,"key":"Iron Hammer"},{"floor":22,"key":"Dream Catcher"},{"floor":24,"key":"Centennial Puzzle"},{"floor":25,"key":"qcfpunch:Not_Strongest_Fighting_Style_Guidebook"},{"floor":26,"key":"Bottled Tornado"},{"floor":27,"key":"qcfpunch:Wrestler\u0027s_Cloak"},{"floor":28,"key":"aspiration:Lifesprig"},{"floor":30,"key":"reliquary:ExpiredCoupon"},{"floor":31,"key":"ReplayTheSpireMod:Shallot"},{"floor":35,"key":"conspire:TopHat"},{"floor":37,"key":"aspiration:TomeofQuesting"},{"floor":39,"key":"hubris:Potato"},{"floor":40,"key":"Anchor"},{"floor":43,"key":"qcfpunch:Necklace_of_Skulls"},{"floor":45,"key":"StuffTheSpire:Gunfinga"},{"floor":47,"key":"Bag of Marbles"},{"floor":48,"key":"qcfpunch:Unceasing_Flame"}],"event_choices":[{"cards_removed":["Voices","ReplayTheSpireMod:IOU","ReplayTheSpireMod:IOU","ReplayTheSpireMod:IOU"],"damage_healed":0,"gold_gain":0,"player_choice":"Removed Curses","damage_taken":0,"max_hp_gain":0,"max_hp_loss":0,"event_name":"Fountain of Cleansing","floor":20,"gold_loss":0},{"damage_healed":0,"gold_gain":0,"player_choice":"Upgraded","damage_taken":0,"max_hp_gain":0,"max_hp_loss":0,"event_name":"Upgrade Shrine","floor":41,"gold_loss":0,"cards_upgraded":["infinitespire:UltimateForm"]}],"is_beta":false,"boss_relics":[{"not_picked":["Abe\u0027s Treasure","energizedSpire:HugeHouse"],"picked":"energizedSpire:NeverEndingSparkler"},{"not_picked":["ChewingGum","Runic Pyramid"],"picked":"Ring of Chaos"}],"items_purged_floors":[14,36,46],"is_endless":false,"potions_floor_spawned":[3,4,7,10,13,16,18,22,33,35,45,48],"ascension_level":0}}