{"host":"6svvh3ubww6quchd","time":1613602144,"event":{"mods":["AchievementEnabler","BaseMod","Bestiary","Highlight Path","Minty Spire (QoL Compilation)","Rare Cards Sparkle","Relic Stats","StSLib"],"gold_per_floor":[119,119,132,10,23,23,33,66,66,99,99,109,109,119,119,216,216,229,248,163,163,163,193,193,93,116,215,231,266,282,314,314,412,412,429,442,338,356,356,356,120,120,120,120,0,0,0,18,18,18],"floor_reached":51,"language":"ENG","playtime":3205,"items_purged":["Strike_P","WreathOfFlame"],"score":988,"play_id":"fc410ae4-924f-4dc6-992f-21e75ec798d4","local_time":"20210217174904","is_ascension_mode":true,"campfire_choices":[{"data":"EmptyFist","floor":6.0,"key":"SMITH"},{"data":"CutThroughFate","floor":15,"key":"SMITH"},{"floor":24,"key":"REST"},{"floor":32,"key":"REST"},{"floor":40,"key":"REST"},{"data":"Nirvana","floor":44,"key":"SMITH"},{"data":"LikeWater","floor":49,"key":"SMITH"}],"circlet_count":0,"master_deck":["Eruption+1","Vigilance+1","JustLucky+1","EmptyFist+1","CutThroughFate+1","Nirvana+1","Adaptation+1","TalkToTheHand+1","Protect","Omniscience","LessonLearned","JustLucky+1","Vault+1","Establishment+1","EmptyBody","LikeWater","ReachHeaven","Wallop+1","FearNoEvil+1","FlurryOfBlows","Omniscience","CutThroughFate+1","LikeWater","TalkToTheHand","LikeWater+1","Doubt"],"relics":["PureWater","Regal Pillow","White Beast Statue","Oddly Smooth Stone","Bottled Flame","Eternal Feather","Pandora\u0027s Box","Nunchaku","Du-Vu Doll","Damaru","Mercury Hourglass","HornCleat","Philosopher\u0027s Stone","MealTicket","Juzu Bracelet","Red Mask"],"acts_visited":["Exordium","TheCity","TheBeyond"],"potions_floor_usage":[16,23,29,29,29,29,33,50],"damage_taken":[{"damage":2.0,"enemies":"Jaw Worm","floor":1.0,"turns":5.0},{"damage":0.0,"enemies":"Small Slimes","floor":3.0,"turns":3.0},{"damage":0.0,"enemies":"Cultist","floor":5.0,"turns":2.0},{"damage":4.0,"enemies":"Red Slaver","floor":7.0,"turns":4.0},{"damage":5.0,"enemies":"Lagavulin","floor":8.0,"turns":7.0},{"damage":6.0,"enemies":"3 Sentries","floor":10.0,"turns":6.0},{"damage":4.0,"enemies":"Looter","floor":12.0,"turns":3.0},{"damage":1.0,"enemies":"Large Slime","floor":14.0,"turns":4.0},{"damage":0,"enemies":"Slime Boss","floor":16,"turns":7},{"damage":6,"enemies":"Shell Parasite","floor":18,"turns":8},{"damage":9,"enemies":"Chosen","floor":19,"turns":4},{"damage":40,"enemies":"Slavers","floor":23,"turns":9},{"damage":23,"enemies":"Snake Plant","floor":28,"turns":9},{"damage":11,"enemies":"Gremlin Leader","floor":29,"turns":8},{"damage":11,"enemies":"Centurion and Healer","floor":30,"turns":6},{"damage":5,"enemies":"Book of Stabbing","floor":31,"turns":8},{"damage":17,"enemies":"Champ","floor":33,"turns":9},{"damage":6,"enemies":"Orb Walker","floor":35,"turns":4},{"damage":22,"enemies":"3 Shapes","floor":36,"turns":6},{"damage":8,"enemies":"Jaw Worm Horde","floor":38,"turns":6},{"damage":11,"enemies":"Sphere and 2 Shapes","floor":48,"turns":5},{"damage":49,"enemies":"Time Eater","floor":50,"turns":13}],"seed_played":"-4320432814400241696","potions_obtained":[{"floor":0.0,"key":"EntropicBrew"},{"floor":0.0,"key":"Block Potion"},{"floor":0.0,"key":"DistilledChaos"},{"floor":3.0,"key":"Strength Potion"},{"floor":8.0,"key":"StancePotion"},{"floor":10.0,"key":"CultistPotion"},{"floor":16,"key":"Ancient Potion"},{"floor":23,"key":"BlessingOfTheForge"},{"floor":29,"key":"FearPotion"},{"floor":33,"key":"GamblersBrew"},{"floor":35,"key":"Ancient Potion"}],"is_trial":false,"path_per_floor":["M","?","M","$","M","R","M","E","T","E","T","M","?","M","R","B",null,"M","M","?","?","$","E","R","$","T","?","M","E","M","E","R","B",null,"M","M","$","M","?","R","$","?","T","R","?","$","?","M","R","B",null],"character_chosen":"WATCHER","items_purchased":["CutThroughFate","LikeWater","TalkToTheHand","MealTicket","LikeWater"],"campfire_rested":3,"item_purchase_floors":[4,37,37,41,41],"current_hp_per_floor":[63,51,51,51,51,51,47,42,42,36,36,32,32,31,40,40,64,58,49,49,49,49,9,57,57,57,57,34,23,12,7,55,38,64,58,36,36,28,28,72,72,72,72,72,72,72,72,61,72,23],"gold":18,"neow_bonus":"THREE_SMALL_POTIONS","is_daily":false,"chose_seed":false,"campfire_upgraded":4,"win_rate":0.0,"timestamp":1613602144,"path_taken":["M","?","M","$","M","R","M","E","T","E","?","M","?","M","R","BOSS","M","M","?","?","$","E","R","$","T","?","M","E","?","E","R","BOSS","M","?","?","M","?","R","$","?","T","R","?","$","?","M","R","BOSS"],"items_purchased_type":["Card","Card","Card","Relic","Card"],"build_version":"2020-12-22","purchased_purges":2,"victory":true,"max_hp_per_floor":[72,72,72,72,72,72,72,72,72,72,72,72,72,72,72,72,72,72,72,72,72,72,72,72,72,72,72,72,72,72,72,72,72,72,72,72,72,72,72,72,72,72,72,72,72,72,72,72,72,72],"relic_stats":{"Regal Pillow":41,"Nunchaku":[20],"counters":[22,135],"Eternal Feather":56,"Pandora\u0027s Box":["LessonLearned","JustLucky","Vault","WreathOfFlame","Establishment","EmptyBody","LikeWater"],"MealTicket":0,"Juzu Bracelet":1,"obtain_stats":[{"Regal Pillow":2,"Oddly Smooth Stone":9,"Damaru":26,"Eternal Feather":11,"Juzu Bracelet":43,"White Beast Statue":8,"Mercury Hourglass":29,"Du-Vu Doll":23,"Bottled Flame":10,"Nunchaku":20,"HornCleat":31,"Pandora\u0027s Box":17,"Philosopher\u0027s Stone":34,"MealTicket":41,"Red Mask":45,"PureWater":0},{"Regal Pillow":1,"Oddly Smooth Stone":5,"Damaru":12,"Eternal Feather":6,"Juzu Bracelet":20,"White Beast Statue":5,"Mercury Hourglass":14,"Du-Vu Doll":12,"Bottled Flame":6,"Nunchaku":11,"HornCleat":16,"Pandora\u0027s Box":9,"Philosopher\u0027s Stone":17,"MealTicket":20,"Red Mask":20,"PureWater":0},{"Regal Pillow":5,"Oddly Smooth Stone":21,"Damaru":62,"Eternal Feather":27,"Juzu Bracelet":117,"White Beast Statue":21,"Mercury Hourglass":79,"Du-Vu Doll":62,"Bottled Flame":27,"Nunchaku":53,"HornCleat":93,"Pandora\u0027s Box":41,"Philosopher\u0027s Stone":102,"MealTicket":117,"Red Mask":117,"PureWater":0}],"Mercury Hourglass":[184]},"card_choices":[{"not_picked":["ClearTheMind","Crescendo"],"picked":"JustLucky","floor":1.0},{"not_picked":["EmptyBody","Prostrate"],"picked":"EmptyFist","floor":3.0},{"not_picked":["JustLucky","Study","Evaluate"],"picked":"SKIP","floor":5.0},{"not_picked":["SashWhip","MasterReality"],"picked":"Nirvana","floor":7.0},{"not_picked":["ThirdEye","CutThroughFate"],"picked":"Adaptation","floor":8.0},{"not_picked":["FollowUp","Scrawl"],"picked":"TalkToTheHand","floor":10.0},{"not_picked":["EmptyBody","Sanctity","Study"],"picked":"SKIP","floor":12.0},{"not_picked":["Collect","EmptyFist"],"picked":"Protect","floor":14.0},{"not_picked":["SpiritShield","MasterReality"],"picked":"Omniscience","floor":16},{"not_picked":["Crescendo","Prostrate"],"picked":"ReachHeaven","floor":18},{"not_picked":["Crescendo","JustLucky","EmptyBody"],"picked":"SKIP","floor":19},{"not_picked":["Indignation","Brilliance"],"picked":"Halt","floor":23},{"not_picked":["LikeWater","Worship"],"picked":"FearNoEvil","floor":28},{"not_picked":["ThirdEye","PathToVictory","CutThroughFate"],"picked":"SKIP","floor":29},{"not_picked":["ThirdEye","PathToVictory","CutThroughFate"],"picked":"SKIP","floor":29},{"not_picked":["SashWhip+1","Establishment","Collect"],"picked":"SKIP","floor":30},{"not_picked":["Collect","FearNoEvil"],"picked":"FlurryOfBlows","floor":31},{"not_picked":["Devotion","Vault"],"picked":"Omniscience","floor":33},{"not_picked":["Crescendo+1","SignatureMove+1","Consecrate"],"picked":"SKIP","floor":35},{"not_picked":["Prostrate","Weave+1","CutThroughFate+1"],"picked":"SKIP","floor":36},{"not_picked":["Prostrate","Weave+1"],"picked":"CutThroughFate+1","floor":36},{"not_picked":["ThirdEye+1","FlyingSleeves","Evaluate"],"picked":"SKIP","floor":38},{"not_picked":["Halt","ThirdEye+1","FlurryOfBlows"],"picked":"SKIP","floor":48}],"player_experience":157172,"relics_obtained":[{"floor":8.0,"key":"White Beast Statue"},{"floor":9.0,"key":"Oddly Smooth Stone"},{"floor":10.0,"key":"Bottled Flame"},{"floor":11.0,"key":"Eternal Feather"},{"floor":23,"key":"Du-Vu Doll"},{"floor":26,"key":"Damaru"},{"floor":29,"key":"Mercury Hourglass"},{"floor":31,"key":"HornCleat"},{"floor":43,"key":"Juzu Bracelet"}],"event_choices":[{"damage_healed":0.0,"max_hp_gain":0.0,"max_hp_loss":0.0,"gold_gain":0.0,"event_name":"Scrap Ooze","player_choice":"Success","floor":2.0,"gold_loss":0.0,"damage_taken":12.0,"relics_obtained":["Regal Pillow"]},{"damage_healed":0.0,"max_hp_gain":0.0,"max_hp_loss":0.0,"gold_gain":0.0,"event_name":"Living Wall","player_choice":"Grow","floor":13.0,"gold_loss":0.0,"damage_taken":0.0,"cards_upgraded":["TalkToTheHand"]},{"damage_healed":0,"gold_gain":0,"player_choice":"Obtained Relic","damage_taken":0,"relics_obtained":["Nunchaku"],"max_hp_gain":0,"max_hp_loss":0,"event_name":"Addict","floor":20,"gold_loss":85},{"damage_healed":0,"gold_gain":0,"player_choice":"Read","damage_taken":0,"max_hp_gain":0,"max_hp_loss":0,"event_name":"The Library","floor":21,"gold_loss":0,"cards_obtained":["Wallop"]},{"damage_healed":0,"gold_gain":99,"player_choice":"Stole From Cult","damage_taken":0,"max_hp_gain":0,"max_hp_loss":0,"event_name":"Nest","floor":27,"gold_loss":0},{"cards_removed":["Halt"],"damage_healed":0,"gold_gain":0,"player_choice":"Removed Skill","damage_taken":0,"max_hp_gain":0,"max_hp_loss":0,"event_name":"Falling","floor":39,"gold_loss":0},{"damage_healed":0,"gold_gain":0,"player_choice":"Cursed","damage_taken":0,"max_hp_gain":0,"max_hp_loss":0,"event_name":"Wheel of Change","floor":42,"gold_loss":0,"cards_obtained":["Decay"]},{"damage_healed":0,"gold_gain":0,"player_choice":"Paid","damage_taken":0,"relics_obtained":["Red Mask"],"max_hp_gain":0,"max_hp_loss":0,"event_name":"Tomb of Lord Red Mask","floor":45,"gold_loss":120},{"damage_healed":0,"gold_gain":0,"cards_transformed":["Decay"],"player_choice":"Transformed","damage_taken":0,"max_hp_gain":0,"max_hp_loss":0,"event_name":"Transmorgrifier","floor":47,"gold_loss":0,"cards_obtained":["Doubt"]}],"is_beta":false,"boss_relics":[{"not_picked":["Runic Dome","Black Star"],"picked":"Pandora\u0027s Box"},{"not_picked":["Tiny House","SacredBark"],"picked":"Philosopher\u0027s Stone"}],"items_purged_floors":[4,25],"is_endless":false,"potions_floor_spawned":[3,5,8,10,12,14,16,18,19,23,28,29,30,31,33,35,36,38,48],"ascension_level":7}}