{"host":"a3gu5zu37ht99mpa","time":1613593169,"event":{"mods":["100% Spire Juice","Act Like it!","Arknights","BaseMod","Better Silent Start","BetterRewards","ChefMod","Conspire","Downfall","Energized Spire","GifTheSpireLib","Gold Saver","Halation","Minty Spire (QoL Compilation)","Prisma Mod","Reliquary","Robot Space Explorer","StSLib","Stuff the Spire","The Alterego","The Animator","The Cursed","The Dragon Tamer","The Edgeheg","The Marked","The Servant 0.9.4","Virulent Crown","Wandering Minibosses","yUi"],"gold_per_floor":[115,115,135,59,59,59,73,93,146,146,146,173,188,188,188,283,283,301,317,332,257,286,319,319,329,329,329,342,34,52,52,52,52,52,52],"floor_reached":33,"language":"ENG","playtime":1169,"items_purged":[],"score":367,"play_id":"d734ac9a-e11b-49b0-b5a3-f9efc38791b4","local_time":"20210217151929","is_ascension_mode":false,"metric_token":1875,"campfire_choices":[{"floor":6,"key":"RECALL"},{"data":"DTMod:Overwhelm","floor":10,"key":"SMITH"},{"data":"DTMod:MagiciansMark","floor":15,"key":"SMITH"},{"floor":24,"key":"REST"},{"data":"DTMod:CalculatedDefense","floor":27,"key":"SMITH"},{"floor":32,"key":"REST"}],"dtmod_dragon_data":[0,50,3,-1,14,0],"circlet_count":0,"master_deck":["DTMod:Strike","DTMod:Strike","DTMod:Strike","DTMod:Strike","DTMod:DoubleHit","DTMod:TargetDefense","DTMod:TargetDefense","DTMod:TargetDefense","DTMod:TargetDefense","DTMod:SwitchingTactic","DTMod:ComboAttack","DTMod:Feint","DTMod:LightShield","DTMod:BalancedStrike","DTMod:Overwhelm+1","DTMod:Feint","DTMod:MagiciansMark+1","DTMod:EchoTactic","DTMod:FlameSlash","DTMod:FierySynthesis","DTMod:HeatWave+1","DTMod:Punisher+1","DTMod:Training","DTMod:Weaken+1","DTMod:BreakAttack","DTMod:CalculatedDefense+1","DTMod:Observe+1","DTMod:CalculatedDefense","DTMod:Astonish","StuffTheSpire:Deluminance","StuffTheSpire:Deluminance","StuffTheSpire:Deluminance","StuffTheSpire:Deluminance","StuffTheSpire:Deluminance"],"relics":["DTMod:MagicStone","NeowsBlessing","StuffTheSpire:RedRose","halation:PinkSoulGem","halation:LettersToHer","Oddly Smooth Stone","halation:VictoryRuler","Lizard Tail","reliquary:PrincelyHelmet","StuffTheSpire:BlackoutCurse"],"acts_visited":["Exordium","TheCity"],"potions_floor_usage":[23,23,23,28,30],"damage_taken":[{"damage":0,"enemies":"Small Slimes","floor":1,"turns":1},{"damage":0,"enemies":"2 Louse","floor":3,"turns":1},{"damage":0,"enemies":"Cultist","floor":7,"turns":1},{"damage":0,"enemies":"Looter","floor":8,"turns":3},{"damage":7,"enemies":"Gremlin Nob","floor":12,"turns":4},{"damage":0,"enemies":"2 Fungi Beasts","floor":13,"turns":2},{"damage":0,"enemies":"Hexaghost","floor":16,"turns":9},{"damage":0,"enemies":"3 Byrds","floor":18,"turns":4},{"damage":3,"enemies":"conspire:FuzzyDice","floor":19,"turns":5},{"damage":21,"enemies":"Snake Plant","floor":20,"turns":3},{"damage":30,"enemies":"conspire:MimicChest","floor":22,"turns":7},{"damage":0,"enemies":"Gremlin Leader","floor":23,"turns":1},{"damage":3,"enemies":"Shelled Parasite and Fungi","floor":25,"turns":6},{"damage":14,"enemies":"Sentry and Sphere","floor":28,"turns":3},{"damage":15,"enemies":"Centurion and Healer","floor":30,"turns":4},{"damage":59,"enemies":"Collector","floor":33,"turns":8}],"seed_played":"-6563263729377197791","potions_obtained":[{"floor":3,"key":"sneckomod:MuddlingPotion"},{"floor":13,"key":"SteroidPotion"},{"floor":16,"key":"champ:CounterPotion"},{"floor":23,"key":"bronze:BurnAndBuffPotion"},{"floor":25,"key":"champ:CounterPotion"},{"floor":30,"key":"EssenceOfSteel"}],"is_trial":false,"path_per_floor":["M","?","M","$","?","R","M","M","T","R","?","E","M","?","R","B",null,"M","M","M","?","?","E","R","M","T","R","M","$","M","?","R","B"],"character_chosen":"THE_DT","items_purchased":["DTMod:LightShield","DTMod:CalculatedDefense","reliquary:PrincelyHelmet"],"campfire_rested":2,"item_purchase_floors":[4,29,29],"current_hp_per_floor":[45,45,45,45,45,45,45,45,45,45,45,38,38,38,38,38,45,45,42,24,24,1,8,21,25,25,25,18,18,10,10,23,0,0,0],"gold":52,"neow_bonus":"THREE_ENEMY_KILL","is_daily":false,"chose_seed":false,"campfire_upgraded":3,"win_rate":0.0,"timestamp":1613593169,"path_taken":["M","?","M","$","?","R","?","M","T","R","?","E","M","?","R","BOSS","M","M","M","?","?","E","R","M","T","R","M","$","M","?","R","BOSS"],"items_purchased_type":["Card","Card","Relic"],"build_version":"2020-12-22","purchased_purges":0,"victory":false,"max_hp_per_floor":[45,45,45,45,45,45,45,45,45,45,45,45,45,45,45,45,45,45,45,45,45,45,45,45,45,45,45,45,45,45,45,45,45,45,45],"card_choices":[{"not_picked":["DTMod:Punisher","DTMod:FlameSlash"],"picked":"DTMod:ComboAttack","floor":1},{"not_picked":["DTMod:Punisher","DTMod:BurningForce"],"picked":"DTMod:Feint","floor":3},{"not_picked":["DTMod:Adaptation","DTMod:TriAttack"],"picked":"DTMod:BalancedStrike","floor":7},{"not_picked":["DTMod:MasterPlan","DTMod:BurningForce"],"picked":"DTMod:Overwhelm","floor":8},{"not_picked":["DTMod:BizarreTactic","DTMod:ShadowImage"],"picked":"DTMod:Feint","floor":12},{"not_picked":["DTMod:MagicField","DTMod:RecklessFlurry"],"picked":"DTMod:MagiciansMark","floor":13},{"not_picked":["DTMod:ExcessFootwork","DTMod:HeadStart"],"picked":"DTMod:FierySynthesis","floor":16},{"not_picked":["DTMod:Hide","DTMod:Overwhelm"],"picked":"DTMod:HeatWave+1","floor":18},{"not_picked":["DTMod:BlazingStrike","DTMod:BalancedStrike"],"picked":"DTMod:Punisher+1","floor":19},{"not_picked":["DTMod:DarkBreath","DTMod:Shift"],"picked":"DTMod:Training","floor":20},{"not_picked":["DTMod:Punisher","DTMod:Threaten"],"picked":"DTMod:Weaken+1","floor":22},{"not_picked":["DTMod:WarmUp","DTMod:MaximumCharge+1"],"picked":"DTMod:BreakAttack","floor":23},{"not_picked":["DTMod:Observe","DTMod:QuickFly+1"],"picked":"DTMod:CalculatedDefense","floor":25},{"not_picked":["DTMod:Hide+1","DTMod:EchoTactic"],"picked":"DTMod:Observe+1","floor":28},{"not_picked":["DTMod:StarRain","DTMod:HeatWave"],"picked":"DTMod:Astonish","floor":30}],"player_experience":118560,"relics_obtained":[{"floor":12,"key":"halation:LettersToHer"},{"floor":22,"key":"Oddly Smooth Stone"},{"floor":23,"key":"halation:VictoryRuler"},{"floor":26,"key":"halation:LettersToHer"},{"floor":26,"key":"Lizard Tail"}],"event_choices":[{"damage_healed":0,"gold_gain":0,"cards_transformed":["Regret"],"player_choice":"Transformed","damage_taken":0,"max_hp_gain":0,"max_hp_loss":0,"event_name":"Transmorgrifier","floor":5,"gold_loss":0,"cards_obtained":["StuffTheSpire:GnomedCurse"]},{"damage_healed":0,"gold_gain":0,"player_choice":"2 cards matched","damage_taken":0,"max_hp_gain":0,"max_hp_loss":0,"event_name":"Match and Keep!","floor":14,"gold_loss":0,"cards_obtained":["DTMod:EchoTactic","DTMod:FlameSlash"]},{"cards_removed":["StuffTheSpire:GnomedCurse"],"damage_healed":0,"gold_gain":0,"player_choice":"Gave Gold","damage_taken":0,"max_hp_gain":0,"max_hp_loss":0,"event_name":"Beggar","floor":21,"gold_loss":75}],"is_beta":false,"boss_relics":[{"not_picked":["halation:HeavySnake","energizedSpire:EnergizedDie"],"picked":"DTMod:MagicStone"}],"items_purged_floors":[],"is_endless":false,"potions_floor_spawned":[3,13,16,22,23,25,30],"killed_by":"Collector","ascension_level":0}}