{"host":"5jdby9iqu3ct6557","time":1613528493,"event":{"mods":["BaseMod","DeckTracker","Highlight Path","Minty Spire (QoL Compilation)","Relic Stats","StSLib","ojb\u0027s Info Mod"],"gold_per_floor":[114,114,127,127,143,143,159,189,189,189,216,216,234,253,253,329,329,349,359,56,76,95,95,126,126,126,136,161,173,198,226,238,324,336,366,378,409,441,466,478,521,543,580,185,215,234,286,298,298,298,298,298,298,28,63,63],"floor_reached":57,"language":"ENG","playtime":7728,"items_purged":["Strike_R","Shame"],"score":2765,"play_id":"57b8837e-533c-4d78-85f7-7bd99bc30ba0","local_time":"20210216212133","is_ascension_mode":true,"campfire_choices":[{"data":"Bash","floor":6.0,"key":"SMITH"},{"data":"Combust","floor":10.0,"key":"SMITH"},{"data":"Battle Trance","floor":15.0,"key":"SMITH"},{"floor":23.0,"key":"REST"},{"floor":25.0,"key":"REST"},{"floor":32.0,"key":"REST"},{"floor":40,"key":"RECALL"},{"data":"Entrench","floor":49,"key":"SMITH"},{"data":"Feel No Pain","floor":53,"key":"SMITH"}],"circlet_count":0,"master_deck":["AscendersBane","Strike_R","Strike_R+1","Strike_R","Defend_R","Defend_R","Defend_R","Defend_R","Bash+1","Battle Trance+1","Entrench+1","Combust+1","Clothesline","Anger+1","Cleave+1","Rage+1","True Grit+1","Spot Weakness+1","Barricade+1","Shrug It Off+1","True Grit+1","Sentinel+1","Havoc+1","Sword Boomerang+1","Feel No Pain+1","Havoc+1","J.A.X.+1","Body Slam+1","Dark Embrace","Reaper","Shockwave+1","Double Tap+1","Headbutt+1","Entrench+1","Flame Barrier+1","Bloodletting+1","Reaper","Evolve+1","Bloodletting+1","Havoc+1"],"relics":["Burning Blood","Dream Catcher","Question Card","Kunai","Toxic Egg 2","Runic Pyramid","Bag of Preparation","Ancient Tea Set","Magic Flower","MawBank","Cursed Key","Oddly Smooth Stone","DollysMirror","Pantograph","Thread and Needle","Orrery","Whetstone"],"acts_visited":["Exordium","TheCity","TheBeyond","TheEnding"],"potions_floor_usage":[37,39,51,56],"damage_taken":[{"damage":5.0,"enemies":"Small Slimes","floor":1.0,"turns":3.0},{"damage":3.0,"enemies":"2 Louse","floor":3.0,"turns":3.0},{"damage":9.0,"enemies":"Cultist","floor":5.0,"turns":4.0},{"damage":15.0,"enemies":"Large Slime","floor":7.0,"turns":7.0},{"damage":18.0,"enemies":"3 Sentries","floor":8.0,"turns":5.0},{"damage":8.0,"enemies":"Gremlin Nob","floor":11.0,"turns":3.0},{"damage":20.0,"enemies":"Gremlin Gang","floor":13.0,"turns":3.0},{"damage":1.0,"enemies":"2 Fungi Beasts","floor":14.0,"turns":2.0},{"damage":17.0,"enemies":"Hexaghost","floor":16.0,"turns":7.0},{"damage":23.0,"enemies":"Shell Parasite","floor":18.0,"turns":7.0},{"damage":6.0,"enemies":"Chosen","floor":19.0,"turns":5.0},{"damage":12.0,"enemies":"Sentry and Sphere","floor":21.0,"turns":7.0},{"damage":16.0,"enemies":"3 Cultists","floor":22.0,"turns":4.0},{"damage":25.0,"enemies":"Gremlin Leader","floor":24.0,"turns":7.0},{"damage":59.0,"enemies":"Snecko","floor":27.0,"turns":8.0},{"damage":2.0,"enemies":"Slavers","floor":28.0,"turns":5.0},{"damage":0.0,"enemies":"Centurion and Healer","floor":30.0,"turns":5.0},{"damage":4.0,"enemies":"3 Cultists","floor":31.0,"turns":4.0},{"damage":45.0,"enemies":"Automaton","floor":33.0,"turns":9.0},{"damage":12.0,"enemies":"Orb Walker","floor":35.0,"turns":4.0},{"damage":13,"enemies":"3 Darklings","floor":37,"turns":6},{"damage":9,"enemies":"Writhing Mass","floor":38,"turns":12},{"damage":37,"enemies":"Jaw Worm Horde","floor":39,"turns":5},{"damage":6,"enemies":"Reptomancer","floor":41,"turns":6},{"damage":22,"enemies":"Sphere and 2 Shapes","floor":42,"turns":6},{"damage":12,"enemies":"Giant Head","floor":45,"turns":6},{"damage":21,"enemies":"Maw","floor":46,"turns":7},{"damage":78,"enemies":"2 Orb Walkers","floor":47,"turns":9},{"damage":24,"enemies":"4 Shapes","floor":48,"turns":7},{"damage":40,"enemies":"Donu and Deca","floor":50,"turns":10},{"damage":62,"enemies":"Time Eater","floor":51,"turns":11},{"damage":59,"enemies":"Shield and Spear","floor":55,"turns":11},{"damage":118,"enemies":"The Heart","floor":56,"turns":10}],"seed_played":"6410652865704491741","potions_obtained":[{"floor":1.0,"key":"Explosive Potion"},{"floor":5.0,"key":"PowerPotion"},{"floor":18.0,"key":"Fruit Juice"},{"floor":19.0,"key":"EntropicBrew"},{"floor":22.0,"key":"SteroidPotion"},{"floor":27.0,"key":"DuplicationPotion"},{"floor":31.0,"key":"Explosive Potion"},{"floor":33.0,"key":"Block Potion"},{"floor":35.0,"key":"FairyPotion"},{"floor":38,"key":"Block Potion"},{"floor":42,"key":"Weak Potion"}],"is_trial":false,"path_per_floor":["M","?","M","?","M","R","M","E","T","R","E","?","M","M","R","B",null,"M","M","$","M","M","R","E","R","T","M","E","?","M","M","R","B",null,"M","?","M","M","M","R","E","M","T","$","E","M","?","M","R","B","B",null,"R","$","E","B",null],"character_chosen":"IRONCLAD","items_purchased":["Bag of Preparation","True Grit+1","DollysMirror","Flame Barrier+1","SpeedPotion","DuplicationPotion","Orrery","Havoc+1"],"campfire_rested":3,"item_purchase_floors":[20,20,44,44,44,54,54,54],"current_hp_per_floor":[69,69,72,72,69,69,60,48,48,48,46,46,32,37,37,26,63,46,46,46,40,35,59,40,64,64,14,21,21,30,35,59,23,66,75,75,80,80,69,69,80,80,80,80,80,80,32,65,65,80,57,74,74,74,45,32],"gold":63,"neow_bonus":"RANDOM_COMMON_RELIC","is_daily":false,"chose_seed":false,"campfire_upgraded":5,"win_rate":0.0,"timestamp":1613528493,"path_taken":["M","?","M","?","?","R","M","E","T","R","E","?","M","M","R","BOSS","M","M","$","M","?","R","E","R","T","M","E","?","M","M","R","BOSS","M","?","M","M","M","R","E","?","T","$","E","M","?","M","R","BOSS","BOSS","R","$","E","BOSS"],"items_purchased_type":["Relic","Card","Relic","Card","Potion","Potion","Relic","Card"],"build_version":"2020-12-22","purchased_purges":2,"victory":true,"max_hp_per_floor":[75,75,75,75,75,75,75,75,75,75,75,75,75,75,75,75,75,75,75,75,75,80,80,80,80,80,80,80,80,80,80,80,80,80,80,80,80,80,80,80,80,80,80,80,80,80,80,80,80,80,80,80,80,80,80,80],"relic_stats":{"Dream Catcher":3,"counters":[33,208],"Pantograph":50,"Magic Flower":[128],"Bag of Preparation":[44],"Kunai":[45],"Whetstone":["Strike_R","Cleave"],"Question Card":33,"MawBank":192,"Cursed Key":1,"obtain_stats":[{"Magic Flower":26,"Oddly Smooth Stone":41,"Thread and Needle":47,"Bag of Preparation":20,"Whetstone":55,"Question Card":8,"Ancient Tea Set":24,"MawBank":28,"Cursed Key":34,"Burning Blood":0,"Dream Catcher":0,"DollysMirror":44,"Pantograph":45,"Orrery":54,"Kunai":9,"Toxic Egg 2":11,"Runic Pyramid":17},{"Magic Flower":14,"Oddly Smooth Stone":24,"Thread and Needle":28,"Bag of Preparation":11,"Whetstone":32,"Question Card":5,"Ancient Tea Set":14,"MawBank":16,"Cursed Key":19,"Burning Blood":0,"Dream Catcher":0,"DollysMirror":25,"Pantograph":26,"Orrery":31,"Kunai":5,"Toxic Egg 2":6,"Runic Pyramid":9},{"Magic Flower":67,"Oddly Smooth Stone":131,"Thread and Needle":159,"Bag of Preparation":49,"Whetstone":198,"Question Card":22,"Ancient Tea Set":67,"MawBank":80,"Cursed Key":98,"Burning Blood":0,"Dream Catcher":0,"DollysMirror":137,"Pantograph":143,"Orrery":187,"Kunai":22,"Toxic Egg 2":25,"Runic Pyramid":37}],"Burning Blood":196},"card_choices":[{"not_picked":["Wild Strike","Shockwave"],"picked":"Battle Trance","floor":1.0},{"not_picked":["Clash","Flex"],"picked":"Combust","floor":3.0},{"not_picked":["Warcry","Flame Barrier"],"picked":"Anger","floor":5.0},{"not_picked":["Entrench","Armaments"],"picked":"Cleave","floor":7.0},{"not_picked":["Shockwave+1","Entrench+1","Perfected Strike"],"picked":"Rage+1","floor":11.0},{"not_picked":["Warcry+1","Clash","Havoc+1"],"picked":"True Grit+1","floor":13.0},{"not_picked":["Combust","Flame Barrier+1","Clash"],"picked":"Spot Weakness+1","floor":14.0},{"not_picked":["Bludgeon","Exhume+1","Demon Form"],"picked":"Barricade","floor":16.0},{"not_picked":["Perfected Strike","Dropkick+1","Flex+1"],"picked":"Shrug It Off+1","floor":19.0},{"not_picked":["Warcry+1","Heavy Blade","Anger"],"picked":"Sentinel+1","floor":21.0},{"not_picked":["Searing Blow","Perfected Strike","Blood for Blood"],"picked":"Havoc+1","floor":22.0},{"not_picked":["Wild Strike","Headbutt","Corruption"],"picked":"Sword Boomerang+1","floor":23.0},{"not_picked":["Clothesline","Warcry+1","Havoc+1"],"picked":"Feel No Pain","floor":24.0},{"not_picked":["Shrug It Off+1","Anger","Whirlwind"],"picked":"Havoc+1","floor":27.0},{"not_picked":["Heavy Blade","Feel No Pain","Shrug It Off+1"],"picked":"Body Slam+1","floor":30.0},{"not_picked":["Carnage","Inflame","Wild Strike"],"picked":"Dark Embrace","floor":32.0},{"not_picked":["Feed","Bludgeon","Barricade"],"picked":"Reaper","floor":33.0},{"not_picked":["Clothesline","Havoc+1","Anger"],"picked":"Shockwave+1","floor":39},{"not_picked":["Flex+1","Sentinel+1","Wild Strike"],"picked":"Double Tap+1","floor":41},{"not_picked":["Blood for Blood","Thunderclap","Flex+1"],"picked":"Headbutt+1","floor":42},{"not_picked":["Inflame","Flex+1","Hemokinesis+1"],"picked":"Bloodletting+1","floor":45},{"not_picked":["Intimidate+1","Metallicize","Blood for Blood"],"picked":"Reaper","floor":54},{"not_picked":["Headbutt","Whirlwind","Perfected Strike"],"picked":"Evolve+1","floor":54},{"not_picked":["Uppercut","True Grit+1","Armaments+1"],"picked":"Bloodletting+1","floor":54},{"not_picked":["Infernal Blade+1","Fire Breathing+1","Hemokinesis","Spot Weakness+1"],"picked":"SKIP","floor":55}],"player_experience":2784183,"relics_obtained":[{"floor":8.0,"key":"Question Card"},{"floor":9.0,"key":"Kunai"},{"floor":11.0,"key":"Toxic Egg 2"},{"floor":24.0,"key":"Ancient Tea Set"},{"floor":26.0,"key":"Magic Flower"},{"floor":28.0,"key":"MawBank"},{"floor":41,"key":"Oddly Smooth Stone"},{"floor":45,"key":"Pantograph"},{"floor":47,"key":"Thread and Needle"},{"floor":55,"key":"Whetstone"}],"event_choices":[{"damage_healed":0.0,"max_hp_gain":0.0,"max_hp_loss":0.0,"gold_gain":0.0,"cards_transformed":["Strike_R"],"event_name":"Living Wall","player_choice":"Change","floor":2.0,"gold_loss":0.0,"damage_taken":0.0,"cards_obtained":["Entrench"]},{"damage_healed":0.0,"max_hp_gain":0.0,"max_hp_loss":0.0,"gold_gain":0.0,"event_name":"Match and Keep!","player_choice":"1 cards matched","floor":4.0,"gold_loss":0.0,"damage_taken":0.0,"cards_obtained":["Clothesline"]},{"damage_healed":0.0,"max_hp_gain":0.0,"max_hp_loss":0.0,"gold_gain":0.0,"event_name":"Accursed Blacksmith","player_choice":"Forge","floor":12.0,"gold_loss":0.0,"damage_taken":0.0,"cards_upgraded":["Anger"]},{"damage_healed":0.0,"max_hp_gain":0.0,"max_hp_loss":0.0,"gold_gain":0.0,"event_name":"Drug Dealer","player_choice":"Obtain J.A.X.","floor":29.0,"gold_loss":0.0,"damage_taken":0.0,"cards_obtained":["J.A.X."]},{"damage_healed":0,"gold_gain":0,"player_choice":"Upgraded","damage_taken":0,"max_hp_gain":0,"max_hp_loss":0,"event_name":"Upgrade Shrine","floor":36,"gold_loss":0,"cards_upgraded":["Barricade"]},{"damage_healed":0,"gold_gain":0,"player_choice":"Fight","damage_taken":0,"max_hp_gain":0,"max_hp_loss":0,"event_name":"Mysterious Sphere","floor":47,"gold_loss":0}],"is_beta":false,"boss_relics":[{"not_picked":["Ectoplasm","Sozu"],"picked":"Runic Pyramid"},{"not_picked":["Black Blood","SacredBark"],"picked":"Cursed Key"}],"items_purged_floors":[20,44],"is_endless":false,"potions_floor_spawned":[1,5,7,18,19,22,27,31,33,35,38,42,45,47,55],"ascension_level":20}}