{"host":"l3lzhw5qete3bz2v","time":1613533865,"event":{"mods":["BaseMod","Colored Map","Colored Powertips","Minty Spire (QoL Compilation)","StSLib","SuperFastMode","The Disciple"],"gold_per_floor":[110,123,123,73,93,93,109,125,125,138,167,167,167,193,193,298,298,316,329,340,351,67,93,93,110,163,163,163,197,208,208,208,208,208],"floor_reached":33,"language":"JPN","playtime":3938,"items_purged":["Strike_Br"],"score":339,"play_id":"be111638-ef6f-4326-8082-29e152c34c58","local_time":"20210217125105","is_ascension_mode":true,"campfire_choices":[{"data":"SecondHand","floor":6.0,"key":"SMITH"},{"data":"HandsUpC","floor":12.0,"key":"SMITH"},{"data":"ResonantCall","floor":15.0,"key":"SMITH"},{"data":"LockedPlans","floor":24,"key":"SMITH"},{"data":"Accruing","floor":28,"key":"SMITH"},{"data":"OracleForm","floor":32,"key":"SMITH"}],"circlet_count":0,"master_deck":["Allegro+1","Allegro","Defend_Br","Defend_Br","Defend_Br","Defend_Br","SecondHand+1","PatternShift","WatchCommand","ResonantCall+1","SlimeSpray","HandsUpC+1","CrunchTime","Cuckoo","LockedTornado","LockedBlood","OracleForm+1","ExoVibe","Accruing+1","HandsUpB+1","LockedPlans+1","BeatsPerMinute","OldTimer","Ghostly","Ghostly","Ghostly","Ghostly","Ghostly","BackFourSeconds","LockedWhetstone","LockedFlame","LockedWarPaint"],"relics":["Chronometer","NeowsBlessing","Mercury?","Smiling Mask","Omamori","Question Card","Cursed Key","Sling","Pocketwatch","Bag of Preparation","MealTicket"],"acts_visited":["Exordium","TheCity"],"potions_floor_usage":[21,21,23],"damage_taken":[{"damage":0.0,"enemies":"2 Louse","floor":1.0,"turns":1.0},{"damage":0.0,"enemies":"Small Slimes","floor":2.0,"turns":1.0},{"damage":0.0,"enemies":"Jaw Worm","floor":5.0,"turns":1.0},{"damage":2.0,"enemies":"Blue Slaver","floor":7.0,"turns":6.0},{"damage":3.0,"enemies":"Lots of Slimes","floor":8.0,"turns":3.0},{"damage":1.0,"enemies":"3 Louse","floor":10.0,"turns":3.0},{"damage":13.0,"enemies":"Gremlin Nob","floor":11.0,"turns":4.0},{"damage":3.0,"enemies":"Lagavulin","floor":14.0,"turns":7.0},{"damage":18.0,"enemies":"The Guardian","floor":16.0,"turns":12.0},{"damage":14.0,"enemies":"Chosen","floor":18.0,"turns":5.0},{"damage":2.0,"enemies":"Shell Parasite","floor":19.0,"turns":8.0},{"damage":14.0,"enemies":"Snake Plant","floor":20.0,"turns":4.0},{"damage":25,"enemies":"Shelled Parasite and Fungi","floor":21,"turns":6},{"damage":35,"enemies":"Gremlin Leader","floor":23,"turns":7},{"damage":0,"enemies":"Snecko","floor":25,"turns":4},{"damage":20,"enemies":"Slavers","floor":29,"turns":8},{"damage":0,"enemies":"3 Cultists","floor":30,"turns":6},{"damage":23,"enemies":"Collector","floor":33,"turns":7}],"seed_played":"5637763789582009655","potions_obtained":[{"floor":1.0,"key":"Strength Potion"},{"floor":7.0,"key":"AttackPotion"},{"floor":8.0,"key":"Energy Potion"},{"floor":10.0,"key":"FearPotion"},{"floor":11.0,"key":"PowerPotion"},{"floor":13.0,"key":"Fruit Juice"},{"floor":13.0,"key":"SneckoOil"},{"floor":18.0,"key":"Swift Potion"},{"floor":20.0,"key":"HastePotion"},{"floor":21,"key":"Block Potion"},{"floor":25,"key":"LiquidMemories"}],"is_trial":false,"path_per_floor":["M","M","?","?","M","R","M","M","T","M","E","R","?","E","R","B",null,"M","M","M","M","$","E","R","M","T","?","R","E","M","?","R","B"],"character_chosen":"CHRONO_CLASS","items_purchased":["BeatsPerMinute","Sling"],"campfire_rested":0,"item_purchase_floors":[22,22],"current_hp_per_floor":[65,65,65,65,65,65,63,60,60,59,46,46,51,48,48,36,70,60,70,58,39,39,16,16,24,24,24,24,10,15,15,15,0,0],"gold":208,"neow_bonus":"THREE_ENEMY_KILL","is_daily":false,"chose_seed":false,"campfire_upgraded":6,"win_rate":0.0,"timestamp":1613533865,"path_taken":["M","M","?","?","?","R","M","M","T","M","E","R","?","E","R","BOSS","BOSS","M","?","M","M","$","E","R","M","T","?","R","E","M","?","R","BOSS"],"items_purchased_type":["Card","Relic"],"build_version":"2020-12-22","purchased_purges":1,"victory":false,"max_hp_per_floor":[65,65,65,65,65,65,65,65,65,65,65,65,70,70,70,70,70,70,70,70,70,70,70,70,70,70,35,35,35,35,35,35,35,35],"card_choices":[{"not_picked":["LockedWarPaint","HandsUpB"],"picked":"WatchCommand","floor":1.0},{"not_picked":["LockedThread","Echoward"],"picked":"ResonantCall","floor":2.0},{"not_picked":["LockedOrichalcum","WindUp"],"picked":"SlimeSpray","floor":5.0},{"not_picked":["LockedBlood","LockedTurtyl"],"picked":"HandsUpC","floor":7.0},{"not_picked":["Parity","LockedAnchor"],"picked":"CrunchTime","floor":8.0},{"not_picked":["LockedScales","Tempo"],"picked":"Cuckoo","floor":10.0},{"not_picked":["Parity","HandsUpC"],"picked":"LockedTornado","floor":11.0},{"not_picked":["CrunchTime","AlternateTimeline"],"picked":"LockedBlood","floor":14.0},{"not_picked":["RageCommand","Fragmentalize","LockedBell"],"picked":"OracleForm","floor":16.0},{"not_picked":["Tempo","BiteCommand","HandsUpC"],"picked":"ExoVibe","floor":18.0},{"not_picked":["WindUp+1","CrunchTime","HandsUpB"],"picked":"Accruing","floor":19.0},{"not_picked":["LockedMedicine","Echoward","LockedScales"],"picked":"HandsUpB+1","floor":20.0},{"not_picked":["Recurrance","Echoward","LockedMercury+1"],"picked":"LockedPlans","floor":21},{"not_picked":["AlternateTimeline","Goo","HandsUpC"],"picked":"OldTimer","floor":23},{"not_picked":["Cuckoo","EscortCommand","WindUp","LockedMawBank"],"picked":"SKIP","floor":25},{"not_picked":["Echoward+1","LockedAnchor+1","Parity"],"picked":"BackFourSeconds","floor":29},{"not_picked":["BlueShift","Echoward+1","LockedAnchor"],"picked":"LockedWhetstone","floor":30}],"player_experience":121588,"relics_obtained":[{"floor":9.0,"key":"Smiling Mask"},{"floor":11.0,"key":"Omamori"},{"floor":14.0,"key":"Question Card"},{"floor":23,"key":"Pocketwatch"},{"floor":26,"key":"Bag of Preparation"},{"floor":29,"key":"MealTicket"}],"event_choices":[{"cards_removed":["Strike_Br"],"damage_healed":0.0,"max_hp_gain":0.0,"max_hp_loss":0.0,"gold_gain":0.0,"event_name":"The Cleric","player_choice":"Card Removal","floor":4.0,"gold_loss":50.0,"damage_taken":0.0},{"damage_healed":0.0,"max_hp_gain":0.0,"max_hp_loss":0.0,"gold_gain":0.0,"event_name":"Lab","player_choice":"Got Potions","floor":13.0,"gold_loss":0.0,"damage_taken":0.0},{"damage_healed":0,"gold_gain":0,"player_choice":"Became a Ghost","damage_taken":0,"max_hp_gain":0,"max_hp_loss":35,"event_name":"Ghosts","floor":27,"gold_loss":0,"cards_obtained":["Ghostly","Ghostly","Ghostly","Ghostly","Ghostly"]},{"damage_healed":0,"gold_gain":0,"cards_transformed":["Strike_Br","Strike_Br"],"player_choice":"Became Test Subject","damage_taken":0,"max_hp_gain":0,"max_hp_loss":0,"event_name":"Drug Dealer","floor":31,"gold_loss":0,"cards_obtained":["LockedFlame","LockedWarPaint"]}],"is_beta":false,"boss_relics":[{"not_picked":["Snecko Eye","SacredBark"],"picked":"Cursed Key"}],"items_purged_floors":[22],"is_endless":false,"potions_floor_spawned":[1,7,8,10,11,18,20,21,25],"killed_by":"Collector","ascension_level":1}}