{"host":"lgow17wc5wawziz1","time":1613576221,"event":{"mods":["AchievementEnabler","Act Like it!","Aspiration","BaseMod","Better Third Choice","Colored Map","Colored Powertips","Gensokyo","Hubris","Minty Spire (QoL Compilation)","MostiFishMod","Permanent Neow","Quick Restart","Replay The Spire","StSLib","SuperFastMode","¡¼?Úª?ø«¡½REMEMod"],"gold_per_floor":[111,111,16,65,82,114,130,157,208,208,219,1,1,32,32,132,132,148,164,164,175,175,203,203,214,238,238,238,238,270,122,122,218,218,236,236,236,38,49,49,78,96,96,126,167,234,234,280,280,306],"floor_reached":51,"language":"KOR","playtime":2105,"items_purged":[],"score":1542,"play_id":"3c96c21c-ba30-4d19-9e0f-553e37db9914","local_time":"20210218003701","is_ascension_mode":true,"campfire_choices":[{"data":"Gensokyo:UnhurriedMind","floor":10,"key":"SMITH"},{"data":"Pot Of Greed","floor":15,"key":"SMITH"},{"data":"Berserk","floor":24,"key":"SMITH"},{"data":"Phantasmal Killer","floor":32,"key":"SMITH"},{"data":"Pot Of Greed","floor":40,"key":"SMITH"},{"data":"Pot Of Greed","floor":47,"key":"SMITH"},{"data":"Pot Of Greed","floor":49,"key":"SMITH"}],"circlet_count":0,"master_deck":["Defend_B","Defend_B+1","Defend_B+1","Gensokyo:UnhurriedMind+1","Double Energy","Pot Of Greed+1","Pot Of Greed","Gensokyo:SalamanderShield","Turbo","Impatience","BootSequence","All For One+1","Pot Of Greed+1","Berserk+1","Gensokyo:BrilliantDragonBullet+1","hubris:ReadiedAction","Beam Cell+1","Phantasmal Killer+1","All Out Attack+1","Sucker Punch+1","Hologram+1","Gensokyo:Kunekune+1","Flex","DeusExMachina","Sword Boomerang+1","Pot Of Greed+1","Gensokyo:LifeforceConverter","Skewer+1","Flechettes+1","MostiFishMod:InvigoratingSolution","Gensokyo:MenInBlack","Crescendo+1","Clothesline+1","Survey Options+1","Body Slam+1","Armaments+1","Double Energy+1","Well Laid Plans+1","Pot Of Greed+1"],"relics":["Cracked Core","REME_ComplimentaryCards","DaveBox","PrismaticShard","SynthV:TestCard","Replay:Ringing Soul","Grinning Jar","REME_HandOfSuture","hubris:PeanutButter","SynthV:C4","Centennial Puzzle","Replay:Mystery Machine","Replay:Antivirus Software","Molten Egg 2","Replay:Drink Me","aspiration:ChemicalBlood","Simple Rune","hubris:Towel","BionicSphere","ChiLing","Chi","Ling","GuanYuAspect","HornCleat","Replay:Bottled Flurry","Replay:Bandana","Smiling Mask","Frozen Egg 2"],"acts_visited":["Gensokyo:Gensokyo","Gensokyo:Gensokyoer","Gensokyo:Gensokyoest"],"potions_floor_usage":[6,11,50],"damage_taken":[{"damage":0,"enemies":"Gensokyo:Python","floor":1,"turns":2},{"damage":4,"enemies":"Gensokyo:2_Kodama","floor":5,"turns":4},{"damage":35,"enemies":"Gensokyo:Aya","floor":6,"turns":5},{"damage":0,"enemies":"Gensokyo:3_Fairies","floor":7,"turns":3},{"damage":12,"enemies":"Gensokyo:Mamizou","floor":8,"turns":7},{"damage":0,"enemies":"Gensokyo:LivingMonolith","floor":11,"turns":3},{"damage":8,"enemies":"Gensokyo:Cirno","floor":14,"turns":6},{"damage":1,"enemies":"Gensokyo:Yukari","floor":16,"turns":6},{"damage":0,"enemies":"Gensokyo:Chomper","floor":18,"turns":2},{"damage":0,"enemies":"Gensokyo:2_Gloops","floor":19,"turns":3},{"damage":0,"enemies":"Gensokyo:Wraith","floor":21,"turns":4},{"damage":7,"enemies":"Gensokyo:Tenshi","floor":23,"turns":2},{"damage":0,"enemies":"Gensokyo:Chomper_and_Gloop","floor":25,"turns":3},{"damage":0,"enemies":"Gensokyo:Reisen","floor":30,"turns":3},{"damage":0,"enemies":"Gensokyo:Kaguya","floor":33,"turns":3},{"damage":0,"enemies":"Gensokyo:3_Bats","floor":35,"turns":2},{"damage":0,"enemies":"Gensokyo:AncientGuardian","floor":39,"turns":2},{"damage":0,"enemies":"Gensokyo:Kasen","floor":41,"turns":3},{"damage":0,"enemies":"Gensokyo:Dusk_and_Dawn","floor":42,"turns":2},{"damage":0,"enemies":"Gensokyo:Doremy","floor":44,"turns":2},{"damage":0,"enemies":"Gensokyo:Sharpion","floor":45,"turns":2},{"damage":0,"enemies":"Gensokyo:Kasen","floor":46,"turns":2},{"damage":0,"enemies":"Gensokyo:Marisa","floor":48,"turns":2},{"damage":0,"enemies":"Gensokyo:Scarlet_Devils","floor":50,"turns":4}],"seed_played":"-501816885418384239","potions_obtained":[{"floor":1,"key":"Fire Potion"},{"floor":5,"key":"FearPotion"},{"floor":8,"key":"ColorlessPotion"},{"floor":11,"key":"SmokeBomb"},{"floor":18,"key":"Energy Potion"},{"floor":21,"key":"SteroidPotion"},{"floor":30,"key":"Energy Potion"},{"floor":35,"key":"Elixir"},{"floor":44,"key":"Reflective Coating"},{"floor":45,"key":"PowerPotion"}],"is_trial":false,"path_per_floor":["M","?","COS","T","M","E","M","E","T","R","M","$","?","E","R","B",null,"M","M","?","M","?","E","R","M","T","?","?","$","E","COS","R","B",null,"M","?","?","COS","M","R","E","M","T","E","M","E","R","E","R","B",null],"character_chosen":"DEFECT","items_purchased":["Replay:Antivirus Software","BootSequence"],"campfire_rested":0,"item_purchase_floors":[12,12],"current_hp_per_floor":[68,71,74,77,76,41,44,35,35,35,38,41,44,39,39,91,81,84,87,87,90,93,89,89,89,89,92,92,92,95,95,95,98,53,55,57,59,61,67,67,70,73,73,76,79,82,82,85,85,86],"gold":306,"neow_bonus":"TRANSFORM_CARD","is_daily":false,"chose_seed":false,"campfire_upgraded":7,"win_rate":0.0,"timestamp":1613576221,"path_taken":["M","?","COS","?","M","E","?","E","T","R","M","$","?","E","R","BOSS","M","M","?","M","?","E","R","?","T","?","?","?","E","COS","R","BOSS","M","?","?","COS","M","R","E","?","T","E","?","E","R","E","R","BOSS"],"items_purchased_type":["Relic","Card"],"build_version":"2020-12-22","purchased_purges":0,"victory":true,"max_hp_per_floor":[75,78,81,84,87,87,90,93,93,93,96,99,102,105,105,108,81,84,87,87,90,93,96,96,96,96,99,99,99,102,102,102,105,53,56,59,62,65,68,68,71,74,74,77,80,83,83,86,86,86],"card_choices":[{"not_picked":["ClearTheMind","Well Laid Plans"],"picked":"Melter","floor":1},{"not_picked":["Tempest","Turbo","WheelKick","Acrobatics"],"picked":"Gensokyo:SalamanderShield","floor":5},{"not_picked":["FollowUp","Dodge and Roll","Pummel","MostiFishMod:Opportunism","EmptyFist"],"picked":"SKIP","floor":6},{"not_picked":["Lockon","REME_SingleHolding","EmptyFist","hubris:SlightOfHand"],"picked":"Turbo","floor":7},{"not_picked":["Ball Lightning","Blade Dance","Stack","Deflect"],"picked":"Impatience","floor":8},{"not_picked":["REME_Whirling","Seeing Red","Cloak And Dagger","Twin Strike"],"picked":"Predator","floor":11},{"not_picked":["Leg Sweep","ClearTheMind","Prostrate","ReplayTheSpireMod:Strike From Hell+1"],"picked":"All For One+1","floor":14},{"not_picked":["Wraith Form v2","Malaise","MostiFishMod:Opportunism","Amplify"],"picked":"Berserk","floor":16},{"not_picked":["Poisoned Stab+1","Underhanded Strike+1","Wild Strike+1","Bandage Up"],"picked":"Gensokyo:BrilliantDragonBullet+1","floor":18},{"not_picked":["Dagger Throw+1","Chaos","MostiFishMod:Distribution","Sucker Punch+1"],"picked":"hubris:ReadiedAction","floor":19},{"not_picked":["Flying Knee+1","Barrage+1","Defragment","Rebound+1"],"picked":"Beam Cell+1","floor":21},{"not_picked":["Poisoned Stab+1","REME_WheelOfFate","FlurryOfBlows+1","BowlingBash+1"],"picked":"Hologram+1","floor":23},{"not_picked":["ReplayTheSpireMod:Scrap Shanks","Pommel Strike+1","Replay:Undeath\u0027s Touch+1","MostiFishMod:Impulse","Ball Lightning+1"],"picked":"SKIP","floor":25},{"not_picked":["Gash+1","Flying Knee+1","MostiFishMod:PreservedThorns","Ball Lightning+1"],"picked":"Flex","floor":30},{"not_picked":["MostiFishMod:AdrenalineArouse","Feed+1","Phantasmal Killer","REME_EyeOfCthun+1"],"picked":"DeusExMachina","floor":33},{"not_picked":["Redo+1","MostiFishMod:ThornCasing+1","Replay:AtTheReady","REME_WorshipGod"],"picked":"Sword Boomerang+1","floor":35},{"not_picked":["Barrage+1","SignatureMove+1","LikeWater+1","ThirdEye"],"picked":"Crescendo+1","floor":39},{"not_picked":["Go for the Eyes+1","CutThroughFate+1","Outmaneuver+1","MostiFishMod:GatherIntelligence+1"],"picked":"Clothesline+1","floor":41},{"not_picked":["Redo+1","MostiFishMod:Adaptation","Beam Cell+1","ReplayTheSpireMod:Speed Training"],"picked":"Survey Options+1","floor":42},{"not_picked":["Venomology","Dagger Spray+1","Chaos","Warcry"],"picked":"Body Slam+1","floor":44},{"not_picked":["Dagger Spray+1","Rampage+1","Replay:ManipulateFuture+1","Coolheaded"],"picked":"Armaments+1","floor":45},{"not_picked":["Replay:Many Hands","ReplayTheSpireMod:GoodbyeWorld","Underhanded Strike+1","Body Slam+1"],"picked":"Double Energy+1","floor":46},{"not_picked":["MostiFishMod:PushDownKick+1","The Bomb","Consecrate+1","Toxin Wave+1"],"picked":"Well Laid Plans+1","floor":48}],"player_experience":323969,"relics_obtained":[{"floor":1,"key":"SynthV:TestCard"},{"floor":4,"key":"Grinning Jar"},{"floor":6,"key":"hubris:PeanutButter"},{"floor":8,"key":"Centennial Puzzle"},{"floor":9,"key":"Replay:Mystery Machine"},{"floor":14,"key":"Molten Egg 2"},{"floor":23,"key":"aspiration:ChemicalBlood"},{"floor":26,"key":"Simple Rune"},{"floor":30,"key":"BionicSphere"},{"floor":41,"key":"HornCleat"},{"floor":43,"key":"Replay:Bottled Flurry"},{"floor":44,"key":"Replay:Bandana"},{"floor":46,"key":"Smiling Mask"},{"floor":48,"key":"Frozen Egg 2"}],"event_choices":[],"is_beta":false,"boss_relics":[{"not_picked":["Snecko Eye","aspiration:BursterCore"],"picked":"Replay:Drink Me"},{"not_picked":["hubris:HollowSoul","Astrolabe"],"picked":"GuanYuAspect"}],"items_purged_floors":[],"is_endless":false,"potions_floor_spawned":[1,5,8,11,18,21,30,35,44,45,46,48],"ascension_level":9}}