{"host":"xf2qgw60ouc7kuj7","time":1613528016,"event":{"mods":["100% Spire Juice","Act Like it!","Arknights","BaseMod","Bestiary","Better Altar","Better Match","Better Note","Better Sensory Stone","Better Skull","Better Third Choice","Curses Come First","Dark Map","Friendly Minions","Gensokyo","Hallownest","HololiveMod","KomeijiMod","Lobotomy","LobotomyExtend","Marisa????????","Marked Mod","Minty Spire (QoL Compilation)","Quick Restart","Rare Cards Sparkle","Reimu??????","Relic Stats","Reliquary","Robot Space Explorer","Ruina","StSLib","The Bug Knight","Waifu the Spire"],"gold_per_floor":[118,137,137,137,21,53,53,66,66,384,384,164,44,5,5,100,100,114,114,114,114,15,41,41,19,42,42,59,59,59,34,34,136,136,30,40,40,40,59,59,59],"floor_reached":40,"language":"ENG","playtime":2225,"items_purged":["Doubt"],"score":450,"play_id":"df2f624e-7ada-4c31-8f1e-9d654ba1aee3","local_time":"20210216181336","is_ascension_mode":false,"campfire_choices":[{"floor":11,"key":"REST"},{"data":"Moonworks:RagingMadness","floor":15,"key":"SMITH"},{"floor":24,"key":"REST"},{"floor":27,"key":"RECALL"},{"floor":32,"key":"REST"}],"circlet_count":0,"master_deck":["Moonworks:Strike","Moonworks:Strike","Moonworks:Strike","Moonworks:Strike","Moonworks:Defend","Moonworks:Defend","Moonworks:Defend","Moonworks:Ambush","Moonworks:LongDistanceShot","Moonworks:HolyNight","Moonworks:TreasureThief+1","Moonworks:NicePresent+1","Moonworks:JonathanRush+1","Moonworks:MiracleWalker","Moonworks:RagingMadness+1","Moonworks:MetallicMonocoque","Moonworks:JonathanRush+1","Moonworks:JonathanRush","Moonworks:JonathanRush","Moonworks:NicePresent+1","Moonworks:CloudOfSeagulls","Moonworks:ReflectiveShell","Moonworks:FullSpeedAlicianrone","Moonworks:NicePresent+1","Moonworks:JonathanRush+1"],"relics":["Moonworks:BrokenBomb","Moonworks:Homemark","Shovel","Kunai","Busted Crown","Gensokyo:Companionship","Pocketwatch","HornCleat","ruina:Prescript","SlaversCollar","HollowMod:QueensCombRelic","Gensokyo:TheCrow"],"acts_visited":["Gensokyo:Gensokyo","ruina:Briah","Gensokyo:Gensokyoest"],"potions_floor_usage":[6,6,10,10,23,23,23,33,39],"damage_taken":[{"damage":0,"enemies":"Gensokyo:3_Fairies","floor":1,"turns":3},{"damage":11,"enemies":"Gensokyo:Gryphon","floor":2,"turns":4},{"damage":9,"enemies":"Gensokyo:Mamizou","floor":6,"turns":9},{"damage":5,"enemies":"Gensokyo:Python","floor":8,"turns":3},{"damage":4,"enemies":"Gensokyo:2_Rabbits","floor":10,"turns":4},{"damage":3,"enemies":"Gensokyo:5_Fairies","floor":12,"turns":4},{"damage":19,"enemies":"Gensokyo:Reimu","floor":16,"turns":8},{"damage":20,"enemies":"ruina:BadWolf","floor":18,"turns":3},{"damage":1,"enemies":"ruina:ServantOfWrath","floor":23,"turns":5},{"damage":0,"enemies":"ruina:Nosferatu","floor":28,"turns":3},{"damage":20,"enemies":"ruina:Red_and_Wolf","floor":33,"turns":7},{"damage":17,"enemies":"Gensokyo:3_Boulders","floor":35,"turns":3},{"damage":2,"enemies":"Gensokyo:AncientGuardian","floor":36,"turns":4},{"damage":17,"enemies":"Gensokyo:3_Boulders","floor":39,"turns":4},{"damage":15,"enemies":"Gensokyo:Kasen","floor":40,"turns":2}],"seed_played":"-5107384109127872512","potions_obtained":[{"floor":2,"key":"FearPotion"},{"floor":6,"key":"EntropicBrew"},{"floor":16,"key":"Ancient Potion"},{"floor":18,"key":"AttackPotion"},{"floor":28,"key":"AttackPotion"},{"floor":33,"key":"SteroidPotion"},{"floor":36,"key":"LiquidMemories"}],"is_trial":false,"path_per_floor":["M","M","?","?","COS","E","?","M","T","M","R","M","?","$","R","B",null,"M","?","?","?","$","E","R","$","T","R","M","?","?","$","R","B",null,"M","M","?","?","M","E"],"character_chosen":"THE_STARBREAKER","items_purchased":["Moonworks:RagingMadness","Moonworks:JonathanRush","Moonworks:JonathanRush","Moonworks:CloudOfSeagulls"],"campfire_rested":3,"item_purchase_floors":[14,22,25,31],"current_hp_per_floor":[60,49,49,43,43,34,37,32,32,28,46,43,59,59,59,40,60,40,22,22,22,22,21,39,39,39,39,39,39,42,42,60,40,60,43,41,17,17,8,0,0],"gold":59,"neow_bonus":"ONE_RANDOM_RARE_CARD","is_daily":false,"chose_seed":false,"campfire_upgraded":1,"win_rate":0.0,"timestamp":1613528016,"path_taken":["M","M","?","?","COS","E","?","?","T","M","R","M","?","$","R","BOSS","M","?","?","?","$","E","R","?","T","R","?","?","?","$","R","BOSS","M","?","?","?","M","E"],"items_purchased_type":["Card","Card","Card","Card"],"build_version":"2020-12-22","purchased_purges":1,"victory":false,"max_hp_per_floor":[60,60,60,60,60,60,60,60,60,60,60,60,60,60,60,60,60,60,60,60,60,60,60,60,60,60,60,60,60,60,60,60,60,60,60,60,40,40,40,40,40],"relic_stats":{"Shovel":0,"Busted Crown":14,"counters":[15,66],"Kunai":[38],"obtain_stats":[{"SlaversCollar":34,"HollowMod:QueensCombRelic":37,"Shovel":6,"Busted Crown":17,"HornCleat":23,"Gensokyo:Companionship":18,"Moonworks:Homemark":0,"Gensokyo:TheCrow":38,"ruina:Prescript":29,"Kunai":9,"Moonworks:BrokenBomb":0,"Pocketwatch":20},{"SlaversCollar":11,"HollowMod:QueensCombRelic":13,"Shovel":3,"Busted Crown":7,"HornCleat":9,"Gensokyo:Companionship":8,"Moonworks:Homemark":0,"Gensokyo:TheCrow":13,"ruina:Prescript":10,"Kunai":4,"Moonworks:BrokenBomb":0,"Pocketwatch":8},{"SlaversCollar":53,"HollowMod:QueensCombRelic":60,"Shovel":16,"Busted Crown":35,"HornCleat":43,"Gensokyo:Companionship":36,"Moonworks:Homemark":0,"Gensokyo:TheCrow":60,"ruina:Prescript":46,"Kunai":19,"Moonworks:BrokenBomb":0,"Pocketwatch":38}],"Pocketwatch":[0]},"card_choices":[{"not_picked":["Moonworks:ImOnFire","Moonworks:BackdoorTrade"],"picked":"Moonworks:TreasureThief","floor":1},{"not_picked":["Moonworks:BigBangBell","Moonworks:BigMagnum"],"picked":"Moonworks:JonathanRush","floor":2},{"not_picked":["Moonworks:BigMagnum+1","Moonworks:IndiscriminateFireSupport+1"],"picked":"Moonworks:NicePresent+1","floor":6},{"not_picked":["Moonworks:BigMagnum","Moonworks:SakisCookie","Moonworks:ImOnFire"],"picked":"SKIP","floor":6},{"not_picked":["Moonworks:IntelligenceOfficer","Moonworks:EvilSpyWorkPreparation"],"picked":"Moonworks:JonathanRush","floor":8},{"not_picked":["Moonworks:LuckyCharm","Moonworks:Assault"],"picked":"Moonworks:GoAway","floor":10},{"not_picked":["Moonworks:SakisCookie","Moonworks:ImmovableObject"],"picked":"Moonworks:MiracleWalker","floor":12},{"not_picked":["Moonworks:LeapThroughSpace","Moonworks:FinalBattle"],"picked":"Moonworks:MetallicMonocoque","floor":16},{"not_picked":[],"picked":"Moonworks:JonathanRush","floor":18},{"not_picked":["Moonworks:ImOnFire"],"picked":"SKIP","floor":23},{"not_picked":[],"picked":"Moonworks:NicePresent+1","floor":28},{"not_picked":[],"picked":"Moonworks:ReflectiveShell","floor":33},{"not_picked":[],"picked":"Moonworks:FullSpeedAlicianrone","floor":35},{"not_picked":[],"picked":"Moonworks:NicePresent+1","floor":36},{"not_picked":[],"picked":"Moonworks:JonathanRush+1","floor":39}],"player_experience":295024,"relics_obtained":[{"floor":6,"key":"Shovel"},{"floor":9,"key":"Kunai"},{"floor":23,"key":"HornCleat"}],"event_choices":[{"damage_healed":3,"gold_gain":0,"player_choice":"LEAVE ","damage_taken":0,"relics_obtained":[],"max_hp_gain":0,"max_hp_loss":0,"event_name":"betterSkull:BetterSkull","floor":7,"gold_loss":0,"cards_upgraded":[]},{"damage_healed":3,"gold_gain":0,"player_choice":"LEAVE ","damage_taken":0,"relics_obtained":[],"max_hp_gain":0,"max_hp_loss":0,"event_name":"betterSkull:BetterSkull","floor":30,"gold_loss":0,"cards_upgraded":[]}],"is_beta":false,"boss_relics":[{"not_picked":["reliquary:Ember","Hololive_Finger"],"picked":"Busted Crown"},{"not_picked":["SacredBark","Calling Bell"],"picked":"SlaversCollar"}],"items_purged_floors":[22],"is_endless":false,"potions_floor_spawned":[2,6,16,18,28,33,36],"killed_by":"Gensokyo:Kasen","ascension_level":0}}