{"host":"ve9aztkoyqeblvav","time":1613580406,"event":{"mods":["Act Like it!","Aspiration","BaseMod","Colored Map","Colored Powertips","Highlight Path","Minty Spire (QoL Compilation)","Pale of the Ancients","Quick Restart","Reorder Act Four","StSLib","The Hierophant","Waifu the Spire"],"gold_per_floor":[117,117,136,153,167,167,235,75,99,99,112,112,135,148,148,241,241,256,256,256,280,125,166,166,182,209,253,153,184,213,236,236,330,330,349,149,149,175,175,216,216,232,232,232,267,267,290,321,321,321,321,321,171,171,212,212,212],"floor_reached":56,"language":"ZHS","playtime":2290,"items_purged":["hierophant:Punish","hierophant:Defend_Hierophant","hierophant:ThreeLashes","aspiration:Lunge+1"],"score":2618,"play_id":"dbe3ec87-bc26-4e43-af50-1006294f5996","local_time":"20210218004645","is_ascension_mode":true,"campfire_choices":[{"data":"Glass Knife","floor":6.0,"key":"SMITH"},{"data":"hierophant:Glossolalia","floor":10.0,"key":"SMITH"},{"data":"Skewer","floor":15.0,"key":"SMITH"},{"data":"hierophant:Upheaval","floor":24.0,"key":"SMITH"},{"floor":32.0,"key":"RECALL"},{"data":"aspiration:Lunge","floor":49.0,"key":"SMITH"},{"data":"hierophant:Community","floor":54.0,"key":"SMITH"}],"circlet_count":0,"master_deck":["AscendersBane","hierophant:Defend_Hierophant","hierophant:Defend_Hierophant","hierophant:Defend_Hierophant+1","hierophant:ChurchCoffers+1","Skewer+1","hierophant:Glossolalia+1","hierophant:HammerAndAnvil+1","hierophant:Kindle+1","hierophant:Racketeering+1","hierophant:Community+1","hierophant:Rebuild+1","hierophant:Upheaval+1","hierophant:Racketeering+1","hierophant:Doubloon+1","hierophant:ConvertCurrency+1","hierophant:MirrorShield+1"],"relics":["hierophant:PropheticMaskRelic","Bird Faced Urn","Toxic Egg 2","Orrery","War Paint","Golden Idol","Runic Dome","aspiration:RitualStick","Potion Belt","PreservedInsect","aspiration:ArtOfWarUpgrade","Nunchaku","Philosopher\u0027s Stone","Centennial Puzzle","White Beast Statue","FossilizedHelix"],"acts_visited":["Exordium","TheCity","TheBeyond","TheEnding"],"potions_floor_usage":[56,56,56],"damage_taken":[{"damage":0.0,"enemies":"2 Louse","floor":1.0,"turns":2.0},{"damage":0.0,"enemies":"Cultist","floor":3.0,"turns":2.0},{"damage":3.0,"enemies":"Small Slimes","floor":4.0,"turns":3.0},{"damage":10.0,"enemies":"Exordium Wildlife","floor":5.0,"turns":3.0},{"damage":0.0,"enemies":"Large Slime","floor":11.0,"turns":2.0},{"damage":0.0,"enemies":"Gremlin Gang","floor":13.0,"turns":1.0},{"damage":8.0,"enemies":"Exordium Thugs","floor":14.0,"turns":3.0},{"damage":5.0,"enemies":"The Guardian","floor":16.0,"turns":6.0},{"damage":12.0,"enemies":"Chosen","floor":18.0,"turns":3.0},{"damage":0.0,"enemies":"Shell Parasite","floor":21.0,"turns":1.0},{"damage":0.0,"enemies":"Slavers","floor":23.0,"turns":1.0},{"damage":0.0,"enemies":"Centurion and Healer","floor":25.0,"turns":2.0},{"damage":0.0,"enemies":"Book of Stabbing","floor":27.0,"turns":1.0},{"damage":0.0,"enemies":"Gremlin Leader","floor":29.0,"turns":1.0},{"damage":0.0,"enemies":"Snecko","floor":30.0,"turns":3.0},{"damage":0.0,"enemies":"Cultist and Chosen","floor":31.0,"turns":2.0},{"damage":0.0,"enemies":"Collector","floor":33.0,"turns":2.0},{"damage":0.0,"enemies":"3 Shapes","floor":35.0,"turns":1.0},{"damage":0.0,"enemies":"Orb Walker","floor":38.0,"turns":2.0},{"damage":0.0,"enemies":"Nemesis","floor":40.0,"turns":1.0},{"damage":0.0,"enemies":"Writhing Mass","floor":42.0,"turns":2.0},{"damage":0.0,"enemies":"Giant Head","floor":45.0,"turns":1.0},{"damage":0.0,"enemies":"Spire Growth","floor":47.0,"turns":1.0},{"damage":0.0,"enemies":"3 Darklings","floor":48.0,"turns":1.0},{"damage":0.0,"enemies":"Time Eater","floor":50.0,"turns":2.0},{"damage":0.0,"enemies":"Donu and Deca","floor":51.0,"turns":1.0},{"damage":0.0,"enemies":"Shield and Spear","floor":55.0,"turns":2.0},{"damage":69,"enemies":"The Heart","floor":56,"turns":6}],"seed_played":"-4002215102287889408","potions_obtained":[{"floor":4.0,"key":"LiquidMemories"},{"floor":5.0,"key":"BlessingOfTheForge"},{"floor":16.0,"key":"PowerPotion"},{"floor":29.0,"key":"Energy Potion"},{"floor":31.0,"key":"Block Potion"},{"floor":33.0,"key":"Explosive Potion"},{"floor":38.0,"key":"LiquidMemories"},{"floor":48.0,"key":"PowerPotion"}],"is_trial":false,"path_per_floor":["M","?","M","M","M","R","T","$","T","R","M","?","M","M","R","B",null,"M","?","?","M","$","E","R","M","T","E","$","E","M","M","R","B",null,"M","$","?","M","?","E","R","M","T","R","E","?","M","M","R","B","B",null,"$","R","E","B"],"character_chosen":"HIEROPHANT","items_purchased":["Orrery","GamblersBrew","hierophant:MirrorShield+1"],"campfire_rested":0,"item_purchase_floors":[8,22,36],"current_hp_per_floor":[50,50,50,47,37,37,37,37,37,37,37,37,37,31,31,30,59,49,32,32,32,32,32,32,34,34,34,34,34,36,38,38,38,61,61,61,61,61,61,61,61,63,63,63,65,65,65,65,65,65,65,65,65,65,65,0,0],"gold":212,"neow_bonus":"ONE_RARE_RELIC","is_daily":false,"chose_seed":false,"campfire_upgraded":6,"win_rate":0.0,"timestamp":1613580405,"path_taken":["M","?","M","M","?","R","?","$","T","R","M","?","M","M","R","BOSS","BOSS","M","?","?","M","$","E","R","?","T","E","?","E","?","M","R","BOSS","M","$","?","M","?","E","R","M","T","R","E","?","?","?","R","BOSS","BOSS","$","R","E","BOSS"],"items_purchased_type":["Relic","Potion","Card"],"build_version":"2020-12-22","purchased_purges":4,"victory":false,"max_hp_per_floor":[75,75,75,75,75,75,75,75,75,75,75,68,68,68,68,68,68,68,68,68,68,68,68,68,68,68,68,68,68,68,68,68,68,68,68,68,65,65,65,65,65,65,65,65,65,65,65,65,65,65,65,65,65,65,65,65,65],"card_choices":[{"not_picked":["hierophant:OrnateBuckler","hierophant:FaithHealing","hierophant:SealAway"],"picked":"SKIP","floor":1.0},{"not_picked":["hierophant:SealAway","hierophant:RustyCrate","hierophant:ThreeLashes"],"picked":"SKIP","floor":3.0},{"not_picked":["hierophant:FieryStrike","hierophant:Dazzle"],"picked":"hierophant:Glossolalia","floor":4.0},{"not_picked":["hierophant:Flagellation","hierophant:DisplayOfPower","hierophant:AuricBeam"],"picked":"SKIP","floor":5.0},{"not_picked":["hierophant:RepressedViolence","hierophant:DeathKnell+1"],"picked":"hierophant:HammerAndAnvil+1","floor":8.0},{"not_picked":["hierophant:OrnateBuckler+1","hierophant:ThreeLashes"],"picked":"hierophant:Kindle+1","floor":8.0},{"not_picked":["hierophant:Doubloon+1","hierophant:SealAway"],"picked":"hierophant:Racketeering+1","floor":8.0},{"not_picked":["hierophant:Zeal","hierophant:Shelter+1"],"picked":"hierophant:ThreeLashes","floor":8.0},{"not_picked":["hierophant:AuricBeam","hierophant:FieryStrike","hierophant:Repentance+1"],"picked":"SKIP","floor":11.0},{"not_picked":["hierophant:SealAway","hierophant:DeathKnell+1"],"picked":"hierophant:Community","floor":13.0},{"not_picked":["hierophant:FieryStrike","hierophant:ThreeLashes","hierophant:PassingBell"],"picked":"SKIP","floor":14.0},{"not_picked":["hierophant:Sermon+1","hierophant:Smite","hierophant:RepressedViolence"],"picked":"SKIP","floor":18.0},{"not_picked":["hierophant:OrnateBuckler+1","hierophant:SealAway+1"],"picked":"hierophant:Upheaval","floor":21.0},{"not_picked":["hierophant:SealAway+1","hierophant:Empathy+1","hierophant:DivineIntervention+1"],"picked":"SKIP","floor":23.0},{"not_picked":["hierophant:MorningPrayer+1","hierophant:Repentance+1"],"picked":"hierophant:Racketeering+1","floor":25.0},{"not_picked":["hierophant:Bribe+1","hierophant:Remorse","hierophant:Cornucopia+1"],"picked":"SKIP","floor":27.0},{"not_picked":["hierophant:Prophecy+1","hierophant:MorningPrayer+1"],"picked":"hierophant:ConvertCurrency+1","floor":29.0},{"not_picked":["hierophant:Smite","hierophant:FieryStrike","hierophant:PassingBell"],"picked":"SKIP","floor":30.0},{"not_picked":["hierophant:SealAway","hierophant:OrnateJavelin","hierophant:Kindle+1"],"picked":"SKIP","floor":31.0},{"not_picked":["hierophant:Zeal","hierophant:PristineSoul+1","hierophant:Doubloon+1"],"picked":"SKIP","floor":35.0},{"not_picked":["hierophant:Blessing+1","hierophant:Upheaval","hierophant:Charity"],"picked":"SKIP","floor":38.0},{"not_picked":["hierophant:Sermon+1","hierophant:OrnateJavelin+1","hierophant:Cornucopia+1"],"picked":"SKIP","floor":40.0},{"not_picked":["hierophant:Zeal","hierophant:FlamingChariot+1","hierophant:RustyCrate+1"],"picked":"SKIP","floor":42.0},{"not_picked":["hierophant:Levitation+1","hierophant:MorningPrayer+1","hierophant:TollTheBells+1"],"picked":"SKIP","floor":45.0},{"not_picked":["hierophant:Doubloon+1","hierophant:RustyCrate+1","hierophant:Mercenaries"],"picked":"SKIP","floor":47.0},{"not_picked":["hierophant:Flagellation+1","hierophant:MorningPrayer+1","hierophant:Zeal"],"picked":"SKIP","floor":48.0},{"not_picked":["hierophant:Charity","hierophant:DeathKnell+1","hierophant:Empathy+1"],"picked":"SKIP","floor":55.0}],"player_experience":1661451,"relics_obtained":[{"floor":7.0,"key":"Toxic Egg 2"},{"floor":9.0,"key":"War Paint"},{"floor":23.0,"key":"Potion Belt"},{"floor":26.0,"key":"PreservedInsect"},{"floor":27.0,"key":"Art of War"},{"floor":29.0,"key":"Nunchaku"},{"floor":40.0,"key":"Centennial Puzzle"},{"floor":45.0,"key":"White Beast Statue"},{"floor":55.0,"key":"FossilizedHelix"}],"event_choices":[{"damage_healed":0.0,"max_hp_gain":0.0,"max_hp_loss":7.0,"gold_gain":0.0,"event_name":"Golden Idol","player_choice":"Lose Max HP","floor":12.0,"gold_loss":0.0,"damage_taken":0.0,"relics_obtained":["Golden Idol"]},{"damage_healed":0.0,"max_hp_gain":0.0,"max_hp_loss":0.0,"gold_gain":0.0,"cards_transformed":["hierophant:Strike_Hierophant"],"event_name":"Transmorgrifier","player_choice":"Transformed","floor":20.0,"gold_loss":0.0,"damage_taken":0.0,"cards_obtained":["hierophant:Rebuild"]},{"damage_healed":0.0,"max_hp_gain":0.0,"max_hp_loss":3.0,"gold_gain":0.0,"event_name":"Winding Halls","player_choice":"Max HP","floor":37.0,"gold_loss":0.0,"damage_taken":0.0},{"cards_removed":["Glass Knife"],"damage_healed":0.0,"max_hp_gain":0.0,"max_hp_loss":0.0,"gold_gain":0.0,"event_name":"Falling","player_choice":"Removed Attack","floor":39.0,"gold_loss":0.0,"damage_taken":0.0},{"damage_healed":0.0,"max_hp_gain":0.0,"max_hp_loss":0.0,"gold_gain":0.0,"event_name":"Match and Keep!","player_choice":"0 cards matched","floor":46.0,"gold_loss":0.0,"damage_taken":0.0,"cards_obtained":[]}],"is_beta":false,"boss_relics":[{"not_picked":["Cursed Key","SacredBark"],"picked":"Runic Dome"},{"not_picked":["aspiration:RitualDagger","Velvet Choker"],"picked":"Philosopher\u0027s Stone"}],"items_purged_floors":[22,28,36,53],"is_endless":false,"potions_floor_spawned":[4,5,16,29,31,33,38,42,47,48,55],"killed_by":"The Heart","ascension_level":20}}