{"host":"8z3t04jhmmneumck","time":1613592050,"event":{"mods":["AchievementEnabler","BaseMod","Colored Map","Colored Powertips","Downfall","Googly Eyes","Hermit","Marisa????????","Minty Spire (QoL Compilation)","StSLib","The Animator","The Bug Knight","The Cursed","The Servant 0.9.4"],"gold_per_floor":[113,124,135,145,61,88,88,101,101,101,111,111,111,129,129,234,284,99999,99999,100011,99269,99287,99287,98714,98714,98714,98744,98755,98755,98768,98786,98786,98883,98883,98901,98913,98929,98629,98287,98321,98339,98339,98339,98389,98069,98101,98120,98135,98135,98135],"floor_reached":51,"language":"ENG","playtime":4344,"items_purged":[],"score":740,"play_id":"af2b114e-f81b-4dc3-9dc0-4e26135b8a2c","local_time":"20210217150050","is_ascension_mode":false,"campfire_choices":[{"floor":7,"key":"REST"},{"floor":15,"key":"REST"},{"floor":23,"key":"REST"},{"data":"1","floor":25,"key":"LIFT"},{"data":"2","floor":32,"key":"LIFT"},{"data":"3","floor":49,"key":"LIFT"}],"circlet_count":0,"master_deck":["HollowMod:NailStrikeStart","HollowMod:NailStrikeStart","HollowMod:NailStrikeStart","HollowMod:NailStrikeStart","HollowMod:QuickDashStart+1","HollowMod:QuickDashStart","HollowMod:QuickDashStart","HollowMod:FocusHealStart","HollowMod:PogoStrike","HollowMod:DoubleDash","HollowMod:CycloneSlash","HollowMod:SoulStrike","HollowMod:Grubsong","Good Instincts+1","HollowMod:CornifersMapStart","HollowMod:VengefulVoid","HollowMod:MantisMark+1","HollowMod:DoubleDash","HollowMod:DescendingDark","HollowMod:GoodIntentions","Good Instincts","HollowMod:HeavyBlow","HollowMod:GoodIntentions","The Bomb","HollowMod:VengefulVoid","Transmutation","HollowMod:HuntersJournal+1","HollowMod:GoodIntentions","HollowMod:VengefulVoid","HollowMod:SoulEater","HollowMod:MidwifesHunger","HollowMod:CloakDash","HollowMod:SharpenedNail+1","HollowMod:ZotesMagnificence","HollowMod:NewLastStag","HollowMod:MantisMark","Slimebound:SplitLeeching","Slimebound:PressTheAttack+1","HollowMod:MylasSalvation","InstantArmor+1","Transmutation+1","Secret Technique","animator:Vanir","Slimebound:SplitLeeching","Consecrate"],"relics":["HollowMod:VesselMask","NeowsBlessing","Girya","Letter Opener","Tiny House","Regal Pillow","Bottled Tornado","Pantograph","Membership Card","Strawberry","Bag of Marbles","Runic Dome","Calipers","HollowMod:MillibellesNoteRelic","PrismaticShard","Boot","Juzu Bracelet","Ginger","DollysMirror","War Paint","Nunchaku","Question Card"],"acts_visited":["Exordium","TheCity","TheBeyond"],"potions_floor_usage":[4,16,16,18,33],"damage_taken":[{"damage":0,"enemies":"Cultist","floor":1,"turns":1},{"damage":0,"enemies":"Jaw Worm","floor":2,"turns":1},{"damage":0,"enemies":"Small Slimes","floor":3,"turns":1},{"damage":15,"enemies":"Exordium Wildlife","floor":4,"turns":5},{"damage":35,"enemies":"3 Sentries","floor":6,"turns":8},{"damage":4,"enemies":"Red Slaver","floor":8,"turns":4},{"damage":15,"enemies":"Looter","floor":11,"turns":4},{"damage":4,"enemies":"Gremlin Gang","floor":14,"turns":4},{"damage":59,"enemies":"Slime Boss","floor":16,"turns":13},{"damage":35,"enemies":"3 Byrds","floor":18,"turns":6},{"damage":0,"enemies":"Spheric Guardian","floor":20,"turns":4},{"damage":0,"enemies":"Snake Plant","floor":22,"turns":3},{"damage":35,"enemies":"Shelled Parasite and Fungi","floor":27,"turns":4},{"damage":0,"enemies":"Snecko","floor":28,"turns":1},{"damage":19,"enemies":"Cultist and Chosen","floor":30,"turns":5},{"damage":11,"enemies":"Shelled Parasite and Fungi","floor":31,"turns":3},{"damage":34,"enemies":"Collector","floor":33,"turns":9},{"damage":1,"enemies":"Orb Walker","floor":35,"turns":3},{"damage":19,"enemies":"3 Shapes","floor":36,"turns":4},{"damage":0,"enemies":"Sphere and 2 Shapes","floor":37,"turns":1},{"damage":3,"enemies":"Giant Head","floor":40,"turns":6},{"damage":24,"enemies":"Writhing Mass","floor":41,"turns":4},{"damage":55,"enemies":"Mind Bloom Boss Battle","floor":44,"turns":3},{"damage":0,"enemies":"Nemesis","floor":46,"turns":3},{"damage":0,"enemies":"Maw","floor":47,"turns":2},{"damage":3,"enemies":"Sphere and 2 Shapes","floor":48,"turns":3},{"damage":201,"enemies":"Time Eater","floor":50,"turns":12}],"seed_played":"8568024942408889607","potions_obtained":[{"floor":1,"key":"Fire Potion"},{"floor":6,"key":"Weak Potion"},{"floor":8,"key":"SteroidPotion"},{"floor":16,"key":"Dexterity Potion"},{"floor":17,"key":"Ancient Potion"},{"floor":27,"key":"LiquidBronze"},{"floor":28,"key":"Weak Potion"},{"floor":31,"key":"FairyPotion"},{"floor":33,"key":"FairyPotion"},{"floor":46,"key":"hexamod:SoulburnPotion"}],"is_trial":false,"path_per_floor":["M","M","M","M","$","E","R","M","T","$","M","?","?","M","R","B",null,"M","?","M","$","M","R","$","R","T","M","M","?","M","M","R","B",null,"M","M","M","?","$","E","M","?","T","?","$","E","M","M","R","B",null],"character_chosen":"THE_BUGKNIGHT","items_purchased":["Good Instincts","Regal Pillow","Bottled Tornado","Good Instincts","HollowMod:HeavyBlow","HollowMod:GoodIntentions","The Bomb","Pantograph","Membership Card","Strawberry","Transmutation","Calipers","HollowMod:MillibellesNoteRelic","PrismaticShard","HollowMod:MantisMark","DollysMirror","War Paint","Nunchaku","Secret Technique"],"campfire_rested":3,"item_purchase_floors":[5,21,21,21,21,21,21,24,24,24,24,39,39,39,39,45,45,45,45],"current_hp_per_floor":[75,75,75,66,66,41,63,65,65,65,50,50,35,31,53,6,80,45,45,45,45,45,999,999,999,999,999,999,87,100,100,100,88,88,88,888,888,888,888,885,861,861,861,32,32,32,32,99999,99999,999798],"gold":98135,"neow_bonus":"THREE_ENEMY_KILL","is_daily":false,"chose_seed":false,"campfire_upgraded":0,"win_rate":0.0,"timestamp":1613592050,"path_taken":["M","M","?","?","$","E","R","M","T","$","M","?","?","M","R","BOSS","M","?","M","$","M","R","$","R","T","M","?","?","M","M","R","BOSS","M","?","M","?","?","E","?","?","T","?","$","E","M","M","R","BOSS"],"items_purchased_type":["Card","Relic","Relic","Card","Card","Card","Card","Relic","Relic","Relic","Card","Relic","Relic","Relic","Card","Relic","Relic","Relic","Card"],"build_version":"2020-12-22","purchased_purges":0,"victory":true,"max_hp_per_floor":[75,75,75,75,75,75,75,75,75,75,75,75,75,75,75,75,80,80,80,80,80,80,80,87,87,87,87,87,87,87,87,87,87,87,87,87,87,87,87,87,87,87,87,87,87,87,87,87,87,87],"card_choices":[{"not_picked":["HollowMod:SiblingsShadow","HollowMod:GoodIntentions"],"picked":"HollowMod:DoubleDash","floor":1},{"not_picked":["HollowMod:HeavyBlow","HollowMod:DreamGate"],"picked":"HollowMod:CycloneSlash","floor":2},{"not_picked":["HollowMod:GreatSlash","HollowMod:GoodIntentions"],"picked":"HollowMod:SoulStrike","floor":3},{"not_picked":["HollowMod:SoulEater","HollowMod:GreatSlash"],"picked":"HollowMod:Grubsong","floor":4},{"not_picked":["HollowMod:SharpenedShadows","HollowMod:SoulMaster"],"picked":"HollowMod:CornifersMapStart","floor":6},{"not_picked":["HollowMod:SiblingsSouls","HollowMod:WraithStrike"],"picked":"HollowMod:VengefulVoid","floor":8},{"not_picked":["HollowMod:ShapeofUnn","HollowMod:SiblingsSouls","HollowMod:CornifersMapStart"],"picked":"SKIP","floor":11},{"not_picked":["HollowMod:CloakDash","HollowMod:MawleksShell"],"picked":"HollowMod:MantisMark","floor":14},{"not_picked":["HollowMod:CoiledNail","HollowMod:WraithStrike"],"picked":"HollowMod:DoubleDash","floor":17},{"not_picked":["HollowMod:DoubleDash","HollowMod:CoiledNail"],"picked":"HollowMod:DescendingDark","floor":18},{"not_picked":["HollowMod:CloakDash","HollowMod:CycloneSlash"],"picked":"HollowMod:GoodIntentions","floor":20},{"not_picked":["HollowMod:ChannelNail","HollowMod:BlackTendrils"],"picked":"HollowMod:VengefulVoid","floor":22},{"not_picked":["HollowMod:VengefulVoid","HollowMod:ShadowDash"],"picked":"HollowMod:HuntersJournal+1","floor":27},{"not_picked":["HollowMod:DoubleDash","HollowMod:Hiveblood"],"picked":"HollowMod:GoodIntentions","floor":28},{"not_picked":["HollowMod:TaintedHusks+1","HollowMod:InfectedCysts"],"picked":"HollowMod:VengefulVoid","floor":30},{"not_picked":["HollowMod:Grubsong","HollowMod:CloakDash"],"picked":"HollowMod:SoulEater","floor":31},{"not_picked":["HollowMod:NewInfectedGuardian","HollowMod:AwokenDreamNail"],"picked":"HollowMod:MidwifesHunger","floor":33},{"not_picked":["HollowMod:PureNailStrike","HollowMod:ShadowDash+1"],"picked":"HollowMod:CloakDash","floor":35},{"not_picked":["HollowMod:CloakDash","HollowMod:HowlingWraiths+1"],"picked":"HollowMod:SharpenedNail+1","floor":36},{"not_picked":["HollowMod:SharpenedNail","HollowMod:Grubsong+1"],"picked":"HollowMod:ZotesMagnificence","floor":37},{"not_picked":["hermit:GhostlyPresence","Perfected Strike+1"],"picked":"Slimebound:SplitLeeching","floor":40},{"not_picked":["Steam","HollowMod:SoulVessel"],"picked":"Slimebound:PressTheAttack+1","floor":41},{"not_picked":["Slimebound:MassRepurpose","Nirvana+1"],"picked":"InstantArmor+1","floor":44},{"not_picked":["hexamod:NightmareStrike+1","TheCursedMod:BlessingInDisguise+1"],"picked":"animator:Vanir","floor":46},{"not_picked":["Hightail","animator:ZankiKiguchi+1","Slimebound:RainOfGoop"],"picked":"Slimebound:SplitLeeching","floor":47},{"not_picked":["bronze:Shield+1","animator:Spearman","ShatteredReality+1"],"picked":"Consecrate","floor":48}],"player_experience":17555,"relics_obtained":[{"floor":6,"key":"Girya"},{"floor":9,"key":"Letter Opener"},{"floor":26,"key":"Bag of Marbles"},{"floor":40,"key":"Boot"},{"floor":43,"key":"Juzu Bracelet"},{"floor":44,"key":"Ginger"},{"floor":46,"key":"Question Card"}],"event_choices":[{"damage_healed":0,"gold_gain":0,"player_choice":"Entered Light","damage_taken":15,"max_hp_gain":0,"max_hp_loss":0,"event_name":"Shining Light","floor":13,"gold_loss":0,"cards_upgraded":["HollowMod:QuickDashStart","HollowMod:QuickDashStart"]},{"cards_removed":["HollowMod:QuickDashStart"],"damage_healed":0,"gold_gain":0,"player_choice":"Offered Basic","damage_taken":0,"max_hp_gain":0,"max_hp_loss":0,"event_name":"Bonfire Elementals","floor":19,"gold_loss":0},{"damage_healed":-912,"gold_gain":0,"player_choice":"Full Heal","damage_taken":0,"max_hp_gain":0,"max_hp_loss":0,"event_name":"Wheel of Change","floor":29,"gold_loss":0},{"damage_healed":0,"gold_gain":0,"player_choice":"Fight","damage_taken":0,"max_hp_gain":0,"max_hp_loss":0,"event_name":"MindBloom","floor":44,"gold_loss":0}],"is_beta":false,"boss_relics":[{"not_picked":["Black Star","Coffee Dripper"],"picked":"Tiny House"},{"not_picked":["Sozu","Fusion Hammer"],"picked":"Runic Dome"}],"items_purged_floors":[],"is_endless":false,"potions_floor_spawned":[1,6,8,16,27,28,30,31,33,36,37,46],"ascension_level":0}}