{"host":"rs956zbefct9hzhl","time":1613585585,"event":{"mods":["BaseMod","BetterRewards","Downfall","Minty Spire (QoL Compilation)","Shop Mod","Spikes Relics","StSLib"],"gold_per_floor":[99,99,99,73,10,10,86,86,114,127,153,153,53,87,104,201,201,201,221,241,151,151,202,202,102,162,222,222,222,278,335,391,431,431,431],"floor_reached":33,"language":"ENG","playtime":2048,"items_purged":["Regret"],"score":280,"play_id":"c7681127-0e61-4691-acf6-bb1e7093d848","local_time":"20210217191305","is_ascension_mode":false,"campfire_choices":[{"data":"bronze:Replicate","floor":1,"key":"SMITH"},{"data":"bronze:Format","floor":8,"key":"SMITH"},{"floor":13,"key":"REST"},{"data":"bronze:RecursiveStrike","floor":18,"key":"SMITH"},{"data":"bronze:Invalidate","floor":25,"key":"SMITH"}],"circlet_count":0,"master_deck":["bronze:Strike","bronze:Strike+1","bronze:Strike","bronze:Strike","bronze:Defend","bronze:Defend","bronze:Defend","bronze:Defend","bronze:Replicate+1","bronze:Goto","bronze:WildBeam+1","bronze:BugBarrage","bronze:Overload","bronze:DelayedSlice","bronze:Format+1","bronze:FineTuning","bronze:BronzeOrb","bronze:ThunderWave","bronze:Allocate","bronze:Spike","bronze:DazingPulse","bronze:Explode","bronze:Invalidate+1","bronze:Repair","bronze:RecursiveStrike+1","bronze:Philosophize","bronze:HyperBeam","bronze:MaxOutput"],"relics":["bronze:BronzeCore","downfall:HeartsMalice","BlackRope","Question Card","Odd Mushroom","Matryoshka","downfall:HeartBlessingGreen","Whetstone","Busted Crown","downfall:KnowingSkull","Guardian:PocketSentry","downfall:HeartBlessingBlue"],"acts_visited":["Exordium","TheCity"],"potions_floor_usage":[11,16,16,19,19,19,19,30,33,33,33],"damage_taken":[{"damage":0,"enemies":"Cultist","floor":2,"turns":1},{"damage":0,"enemies":"Jaw Worm","floor":3,"turns":1},{"damage":0,"enemies":"downfall:FleeingMerchant","floor":4,"turns":1},{"damage":5,"enemies":"downfall:FleeingMerchant","floor":5,"turns":4},{"damage":3,"enemies":"The Mushroom Lair","floor":9,"turns":3},{"damage":3,"enemies":"2 Louse","floor":10,"turns":2},{"damage":22,"enemies":"Gremlin Nob","floor":11,"turns":5},{"damage":27,"enemies":"Gremlin Nob","floor":12,"turns":6},{"damage":2,"enemies":"3 Sentries","floor":14,"turns":6},{"damage":1,"enemies":"Exordium Wildlife","floor":15,"turns":3},{"damage":33,"enemies":"WA_ARCHETYPE_RETAIN","floor":16,"turns":6},{"damage":0,"enemies":"3 Byrds","floor":19,"turns":3},{"damage":0,"enemies":"Spheric Guardian","floor":20,"turns":2},{"damage":15,"enemies":"downfall:FleeingMerchant","floor":21,"turns":4},{"damage":25,"enemies":"Shelled Parasite and Fungi","floor":23,"turns":4},{"damage":3,"enemies":"Snake Plant","floor":26,"turns":2},{"damage":3,"enemies":"Sentry and Sphere","floor":27,"turns":2},{"damage":4,"enemies":"3 Cultists","floor":30,"turns":3},{"damage":7,"enemies":"Snake Plant","floor":31,"turns":3},{"damage":3,"enemies":"Shelled Parasite and Fungi","floor":32,"turns":3},{"damage":73,"enemies":"DF_ARCHETYPE_CLAW","floor":33,"turns":5}],"seed_played":"-8224058118392317222","potions_obtained":[{"floor":10,"key":"Swift Potion"},{"floor":12,"key":"EssenceOfSteel"},{"floor":15,"key":"Swift Potion"},{"floor":16,"key":"EntropicBrew"},{"floor":27,"key":"BlessingOfTheForge"},{"floor":30,"key":"Dexterity Potion"}],"is_trial":false,"path_per_floor":["R","M","M","$","$","?","T","R","?","M","E","?","R","E","M","B",null,"R","M","M","$","?","M","T","R","M","M","?","?","M","M","M","B"],"character_chosen":"THE_AUTOMATON","items_purchased":["bronze:DelayedSlice","bronze:FineTuning"],"campfire_rested":1,"item_purchase_floors":[4,5],"current_hp_per_floor":[70,70,70,70,65,65,65,65,62,59,37,10,31,29,28,2,70,70,70,70,62,55,30,30,40,44,41,41,41,37,38,35,0,0,0],"gold":431,"neow_bonus":"THREE_ENEMY_KILL","is_daily":false,"chose_seed":false,"campfire_upgraded":4,"win_rate":0.0,"timestamp":1613585585,"path_taken":["R","M","M","?","$","?","T","R","?","M","E","?","R","E","M","BOSS","R","M","M","$","?","M","T","R","M","?","?","?","M","M","M","BOSS"],"items_purchased_type":["Card","Card"],"build_version":"2020-12-22","purchased_purges":1,"victory":false,"max_hp_per_floor":[70,70,70,70,70,70,70,70,70,70,70,70,70,70,70,70,70,70,70,70,70,70,70,70,80,80,80,80,80,80,80,80,80,80,80],"card_choices":[{"not_picked":["bronze:ForceShield","bronze:BitShift"],"picked":"bronze:WildBeam","floor":2},{"not_picked":["bronze:WhirlingStrike","bronze:Iterate"],"picked":"bronze:BugBarrage","floor":3},{"not_picked":["bronze:WildBeam","bronze:ForceShield"],"picked":"bronze:Overload","floor":4},{"not_picked":["bronze:BugBarrage","bronze:Shield"],"picked":"bronze:Format","floor":5},{"not_picked":["bronze:BugBarrage","bronze:MaxOutput","bronze:CutThrough"],"picked":"bronze:BronzeOrb","floor":9},{"not_picked":["bronze:Frontload","bronze:Turbo","bronze:DigitalCarnage"],"picked":"bronze:ThunderWave","floor":10},{"not_picked":["bronze:FollowUp","bronze:Flail","bronze:BitShift"],"picked":"bronze:Allocate","floor":11},{"not_picked":[],"picked":"bronze:Spike","floor":12},{"not_picked":[],"picked":"bronze:DazingPulse","floor":12},{"not_picked":[],"picked":"bronze:Explode","floor":12},{"not_picked":["bronze:Shield","bronze:DelayedGuard","bronze:ThunderWave"],"picked":"bronze:Invalidate","floor":12},{"not_picked":["bronze:Branch","bronze:Iterate","bronze:Allocate","bronze:ForceShield"],"picked":"SKIP","floor":14},{"not_picked":["bronze:BuggyMess","bronze:Shell","bronze:Repulsor"],"picked":"bronze:Repair","floor":15},{"not_picked":["bronze:ShipIt","bronze:HardenedForm","bronze:Mutator"],"picked":"bronze:RecursiveStrike","floor":16},{"not_picked":["bronze:BuggyMess","bronze:DelayedGuard"],"picked":"SKIP","floor":19},{"not_picked":["bronze:Branch","bronze:CutThrough"],"picked":"SKIP","floor":20},{"not_picked":["bronze:Turbo","bronze:ForLoop"],"picked":"SKIP","floor":21},{"not_picked":["bronze:DelayedGuard"],"picked":"bronze:Philosophize","floor":23},{"not_picked":["bronze:Fortify","bronze:Overheat"],"picked":"SKIP","floor":26},{"not_picked":["bronze:Invalidate"],"picked":"bronze:HyperBeam","floor":27},{"not_picked":["bronze:Philosophize"],"picked":"bronze:MaxOutput","floor":30},{"not_picked":["bronze:BuggyMess","bronze:MaxOutput"],"picked":"SKIP","floor":31},{"not_picked":["bronze:Branch","bronze:Safeguard"],"picked":"SKIP","floor":32}],"player_experience":519846,"relics_obtained":[{"floor":7,"key":"Question Card"},{"floor":9,"key":"Odd Mushroom"},{"floor":11,"key":"Matryoshka"},{"floor":14,"key":"Whetstone"},{"floor":24,"key":"Guardian:PocketSentry"}],"event_choices":[{"damage_healed":0,"gold_gain":0,"player_choice":"Box","damage_taken":0,"relics_obtained":["BlackRope"],"max_hp_gain":0,"max_hp_loss":0,"event_name":"Big Fish","floor":6,"gold_loss":0,"cards_obtained":["Regret"]},{"damage_healed":0,"gold_gain":0,"player_choice":"Fought Mushrooms","damage_taken":0,"max_hp_gain":0,"max_hp_loss":0,"event_name":"Mushrooms","floor":9,"gold_loss":0},{"damage_healed":0,"gold_gain":0,"player_choice":"Ignored","damage_taken":0,"max_hp_gain":0,"max_hp_loss":0,"event_name":"Ghosts","floor":28,"gold_loss":0},{"damage_healed":0,"gold_gain":0,"player_choice":"Ignored","damage_taken":0,"max_hp_gain":0,"max_hp_loss":0,"event_name":"NoteForYourself","floor":29,"gold_loss":0}],"is_beta":false,"boss_relics":[{"not_picked":["Tiny House","Coffee Dripper"],"picked":"Busted Crown"}],"items_purged_floors":[21],"is_endless":false,"potions_floor_spawned":[10,12,15,16,27,30,31,32],"killed_by":"DF_ARCHETYPE_CLAW","ascension_level":0}}