{"host":"Sylvester","time":1613543616,"event":{"mods":["AchievementEnabler","BaseMod","Filter the Spire","Lobotomy","Minty Spire (QoL Compilation)","Replay The Spire","StSLib"],"gold_per_floor":[113,125,125,125,125,151,171,202,226,9,29,56,74,102,102,198,198,198,198,198,198,198,198,198,74,74,74,74,74,74,74,74,74,74,74,74,74,74,74,74,74,74,74,74,74,74,74,74,74,74,74,74],"floor_reached":53,"language":"ENG","playtime":1483,"items_purged":[],"score":1277,"play_id":"fd0825f9-7b2a-4e0b-a10c-73e8f05f945b","local_time":"20210216223336","is_ascension_mode":true,"campfire_choices":[],"circlet_count":0,"master_deck":["SpecialBullet","SpecialBullet","SpecialBullet","SpecialBullet","SpecialBullet","SpecialBullet","SpecialBullet","CentralCode","Hornet","MagicBullet","SwordSharpenedByTears","GoldRush","DaCapo","Laetitia_ego+1","Master of Strategy","LifeForTheDareDevil+1","RecordCode","Mimicry","Regret_ego+1","BearPaw","BlackSwan_ego+1","Noise+1","DisciplinaryCode"],"relics":["Replay:Drink Me","Replay:Baseball","Replay:Towering Pillar of Hats","Vajra","War Paint","Bag of Preparation","Dream Catcher","Art of War","Ectoplasm","ReplayTheSpireMod:ShopPack","Strawberry","Coffee Dripper","Replay:Bottled Steam","ReplayTheSpireMod:Shallot"],"acts_visited":["Exordium","TheCity","TheBeyond"],"potions_floor_usage":[14],"damage_taken":[{"damage":6.0,"enemies":"Cultist","floor":1.0,"turns":4.0},{"damage":7,"enemies":"Jaw Worm","floor":2,"turns":3},{"damage":0,"enemies":"Gremlin Nob","floor":6,"turns":4},{"damage":0,"enemies":"Small Slimes","floor":7,"turns":2},{"damage":0,"enemies":"Lagavulin","floor":8,"turns":5},{"damage":0,"enemies":"Exordium Thugs","floor":11,"turns":1},{"damage":10,"enemies":"3 Sentries","floor":12,"turns":4},{"damage":0,"enemies":"2 Fungi Beasts","floor":13,"turns":1},{"damage":0,"enemies":"Gremlin Nob","floor":14,"turns":2},{"damage":16,"enemies":"The Guardian","floor":16,"turns":9},{"damage":0,"enemies":"2 Thieves","floor":18,"turns":1},{"damage":0,"enemies":"Spheric Guardian","floor":20,"turns":2},{"damage":0,"enemies":"3 Cultists","floor":21,"turns":2},{"damage":0,"enemies":"Snake Plant","floor":29,"turns":1},{"damage":0,"enemies":"Snecko","floor":31,"turns":2},{"damage":6,"enemies":"Champ","floor":34,"turns":3},{"damage":0,"enemies":"Orb Walker","floor":36,"turns":1},{"damage":0,"enemies":"3 Darklings","floor":37,"turns":1},{"damage":0,"enemies":"Jaw Worm Horde","floor":38,"turns":1},{"damage":0,"enemies":"4 Shapes","floor":39,"turns":1},{"damage":0,"enemies":"Maw","floor":40,"turns":4},{"damage":0,"enemies":"Transient","floor":46,"turns":5},{"damage":0,"enemies":"3 Darklings","floor":48,"turns":1},{"damage":0,"enemies":"Reptomancer","floor":49,"turns":1},{"damage":39,"enemies":"Awakened One","floor":51,"turns":7}],"seed_played":"-7563805684884324960","potions_obtained":[{"floor":1,"key":"Energy Potion"},{"floor":8,"key":"Strength Potion"},{"floor":13,"key":"Milkshake"},{"floor":16,"key":"Fire Potion"},{"floor":20,"key":"SkillPotion"},{"floor":31,"key":"PowerPotion"},{"floor":34,"key":"LiquidBronze"},{"floor":41,"key":"FairyPotion"}],"is_trial":false,"path_per_floor":["M","M","T","?","?","E","M","E","T","$","M","E","M","E","R","B",null,"M","?","M","M","?","R","$","$","T","R","$","M","R","M","R","R","B",null,"M","M","M","M","M","?","R","$","T","R","M","R","M","E","R","B",null,null],"character_chosen":"Angela","items_purchased":["MagicBullet","Bag of Preparation","ReplayTheSpireMod:ShopPack"],"campfire_rested":0,"item_purchase_floors":[10,10,25],"current_hp_per_floor":[47,40,40,53,53,53,53,53,53,53,53,43,43,43,43,27,47,47,47,47,47,47,47,47,47,54,54,54,54,54,54,54,54,48,57,57,57,57,57,57,33,120,120,120,120,120,120,120,120,120,81,81],"gold":74,"neow_bonus":"BOSS_RELIC","is_daily":false,"chose_seed":false,"campfire_upgraded":0,"win_rate":0.0,"timestamp":1613543616,"path_taken":["M","?","?","?","?","E","?","E","T","$","M","E","M","E","R","BOSS","M","?","M","M","?","R","?","$","T","R","$","M","R","M","R","R","BOSS","M","M","M","M","M","?","R","$","T","R","M","R","?","E","R","BOSS"],"items_purchased_type":["Card","Relic","Relic"],"build_version":"2020-11-17","purchased_purges":0,"victory":true,"max_hp_per_floor":[53,53,53,53,53,53,53,53,53,53,53,53,53,53,53,53,53,53,53,53,53,53,53,53,53,60,60,60,60,60,60,60,60,60,60,60,60,60,60,60,60,120,120,120,120,120,120,120,120,120,120,120],"card_choices":[{"not_picked":["ShedSkin"],"picked":"Harmony","floor":1},{"not_picked":["CherryBlossom","GrinderMk4"],"picked":"SKIP","floor":2},{"not_picked":["Discord"],"picked":"Hornet","floor":6},{"not_picked":["CrimsonScar","Penitence"],"picked":"SKIP","floor":7},{"not_picked":["Wingbeat","Beak"],"picked":"SKIP","floor":8},{"not_picked":["Tough"],"picked":"SwordSharpenedByTears","floor":11},{"not_picked":["CUTE","Gaze"],"picked":"SKIP","floor":12},{"not_picked":["Soda","Hypocrisy"],"picked":"SKIP","floor":13},{"not_picked":["Beak"],"picked":"GoldRush","floor":14},{"not_picked":["Twilight"],"picked":"DaCapo","floor":16},{"not_picked":["Soda"],"picked":"Laetitia_ego+1","floor":18},{"not_picked":["SolemnVow","RapturousDream+1"],"picked":"SKIP","floor":20},{"not_picked":["DaCapo","Regret_ego"],"picked":"SKIP","floor":21},{"not_picked":["ReplayTheSpireMod:Necrogeddon"],"picked":"Master of Strategy","floor":25},{"not_picked":["BlackSwan_ego"],"picked":"LifeForTheDareDevil+1","floor":29},{"not_picked":["CUTE","Wingbeat"],"picked":"SKIP","floor":31},{"not_picked":["Twilight"],"picked":"Mimicry","floor":34},{"not_picked":["InTheNameOfLoveAndHate+1"],"picked":"Regret_ego+1","floor":36},{"not_picked":["Tough","Soda+1"],"picked":"SKIP","floor":37},{"not_picked":["Tough","Soda+1"],"picked":"SKIP","floor":38},{"not_picked":["Regret_ego+1","Discord+1"],"picked":"SKIP","floor":39},{"not_picked":["BlackSwan_ego+1"],"picked":"BearPaw","floor":40},{"not_picked":["Beak+1"],"picked":"BlackSwan_ego+1","floor":40},{"not_picked":["Loneliness+1"],"picked":"Noise+1","floor":41},{"not_picked":["Soda+1","ParadiseLost"],"picked":"SKIP","floor":46},{"not_picked":["Penitence","FourthMatchFlame+1"],"picked":"SKIP","floor":46},{"not_picked":["CherryBlossom+1","GrinderMk4+1"],"picked":"SKIP","floor":48},{"not_picked":["Galaxy+1","InTheNameOfLoveAndHate"],"picked":"SKIP","floor":48},{"not_picked":["Moonlight","BlueScar"],"picked":"SKIP","floor":49},{"not_picked":["Soda+1","Beak+1"],"picked":"SKIP","floor":49}],"player_experience":274546,"relics_obtained":[{"floor":3,"key":"Replay:Baseball"},{"floor":6,"key":"Replay:Towering Pillar of Hats"},{"floor":8,"key":"Vajra"},{"floor":9,"key":"War Paint"},{"floor":12,"key":"Dream Catcher"},{"floor":14,"key":"Art of War"},{"floor":26,"key":"Strawberry"},{"floor":44,"key":"Replay:Bottled Steam"},{"floor":49,"key":"ReplayTheSpireMod:Shallot"}],"event_choices":[{"damage_healed":17,"gold_gain":0,"player_choice":"Banana","damage_taken":0,"max_hp_gain":0,"max_hp_loss":0,"event_name":"Big Fish","floor":4,"gold_loss":0},{"cards_removed":["Harmony"],"damage_healed":0,"gold_gain":0,"player_choice":"Purged","damage_taken":0,"max_hp_gain":0,"max_hp_loss":0,"event_name":"Purifier","floor":5,"gold_loss":0},{"damage_healed":0,"gold_gain":0,"player_choice":"Ignored","damage_taken":0,"max_hp_gain":0,"max_hp_loss":0,"event_name":"Beggar","floor":19,"gold_loss":0},{"damage_healed":0,"gold_gain":99,"player_choice":"Stole From Cult","damage_taken":0,"max_hp_gain":0,"max_hp_loss":0,"event_name":"Nest","floor":22,"gold_loss":0}],"is_beta":true,"boss_relics":[{"not_picked":["Astrolabe","SlaversCollar"],"picked":"Ectoplasm"},{"not_picked":["ChewingGum","Tiny House"],"picked":"Coffee Dripper"}],"items_purged_floors":[],"is_endless":false,"potions_floor_spawned":[1,8,13,16,20,31,34,37,38,39,46],"ascension_level":8}}