{"host":"ilhhjx796p2x2wmd","time":1613546412,"event":{"mods":["AchievementEnabler","BaseMod","BetterRewards","Colored Map","Colored Powertips","DeckTracker","Highlight Path","Minty Spire (QoL Compilation)","Permanent Neow","Rare Cards Sparkle","Shop Mod"],"gold_per_floor":[19,36,50,65,76,76,95,121,189,189,189,209,234,314,314,314,314],"floor_reached":16,"language":"KOR","playtime":419,"items_purged":[],"score":160,"play_id":"f2569072-3aad-444f-adb7-33de9cbab00a","local_time":"20210217162012","is_ascension_mode":true,"campfire_choices":[{"data":"Armaments","floor":6.0,"key":"SMITH"},{"floor":15.0,"key":"REST"}],"circlet_count":0,"master_deck":["Strike_R","Strike_R","Strike_R","Strike_R","Defend_R","Defend_R","Defend_R","Defend_R+1","Bash","Immolate","Twin Strike","Whirlwind+1","Armaments+1","True Grit","Offering","Evolve"],"relics":["Burning Blood","Du-Vu Doll","Kunai","MealTicket","Shuriken"],"acts_visited":["Exordium"],"potions_floor_usage":[16],"damage_taken":[{"damage":12.0,"enemies":"Jaw Worm","floor":1.0,"turns":2.0},{"damage":0.0,"enemies":"2 Louse","floor":2.0,"turns":1.0},{"damage":5.0,"enemies":"Small Slimes","floor":3.0,"turns":3.0},{"damage":22.0,"enemies":"Exordium Wildlife","floor":4.0,"turns":3.0},{"damage":0.0,"enemies":"3 Louse","floor":5.0,"turns":1.0},{"damage":0.0,"enemies":"Gremlin Gang","floor":7.0,"turns":1.0},{"damage":10.0,"enemies":"3 Sentries","floor":8.0,"turns":3.0},{"damage":6.0,"enemies":"Lots of Slimes","floor":12.0,"turns":1.0},{"damage":27.0,"enemies":"Lagavulin","floor":13.0,"turns":5.0},{"damage":46,"enemies":"The Guardian","floor":16,"turns":13}],"seed_played":"-8791384476570588787","potions_obtained":[{"floor":3.0,"key":"Swift Potion"},{"floor":4.0,"key":"DistilledChaos"},{"floor":8.0,"key":"LiquidBronze"}],"is_trial":false,"path_per_floor":["M","M","M","M","M","R","M","E","T","?","?","M","E","T","R","B"],"character_chosen":"IRONCLAD","items_purchased":[],"campfire_rested":1,"item_purchase_floors":[],"current_hp_per_floor":[66,72,73,57,63,63,69,65,65,58,42,42,21,21,45,0,0],"gold":314,"neow_bonus":"THREE_RARE_CARDS","is_daily":false,"chose_seed":false,"campfire_upgraded":1,"win_rate":0.0,"timestamp":1613546412,"path_taken":["M","M","M","M","M","R","M","E","T","?","?","M","E","?","R","BOSS"],"items_purchased_type":[],"build_version":"2020-12-22","purchased_purges":0,"victory":false,"max_hp_per_floor":[80,80,80,80,80,80,80,80,80,80,80,80,80,80,80,80,80],"card_choices":[{"not_picked":["Barricade","Bludgeon"],"picked":"Immolate","floor":0.0},{"not_picked":["Clothesline","Sever Soul"],"picked":"Twin Strike","floor":1.0},{"not_picked":["Cleave","Clash","Spot Weakness"],"picked":"SKIP","floor":2.0},{"not_picked":["Body Slam","Rage"],"picked":"Whirlwind","floor":3.0},{"not_picked":["Headbutt","Second Wind"],"picked":"Armaments","floor":4.0},{"not_picked":["Body Slam","Rage","Iron Wave"],"picked":"SKIP","floor":5.0},{"not_picked":["Sword Boomerang","Searing Blow"],"picked":"True Grit","floor":7.0},{"not_picked":["Disarm","Entrench"],"picked":"Offering","floor":8.0},{"not_picked":["Rage","Wild Strike","Twin Strike"],"picked":"SKIP","floor":12.0},{"not_picked":["Feel No Pain","Iron Wave"],"picked":"Evolve","floor":13.0}],"player_experience":340251,"relics_obtained":[{"floor":8.0,"key":"Du-Vu Doll"},{"floor":9.0,"key":"Kunai"},{"floor":13.0,"key":"MealTicket"},{"floor":14.0,"key":"Shuriken"}],"event_choices":[{"cards_removed":["Strike_R"],"damage_healed":0.0,"max_hp_gain":0.0,"max_hp_loss":0.0,"gold_gain":0.0,"event_name":"Golden Wing","player_choice":"Card Removal","floor":10.0,"gold_loss":0.0,"damage_taken":7.0},{"damage_healed":0.0,"max_hp_gain":0.0,"max_hp_loss":0.0,"gold_gain":0.0,"event_name":"Shining Light","player_choice":"Entered Light","floor":11.0,"gold_loss":0.0,"damage_taken":16.0,"cards_upgraded":["Whirlwind","Defend_R"]}],"is_beta":false,"boss_relics":[],"items_purged_floors":[],"is_endless":false,"potions_floor_spawned":[3,4,8],"killed_by":"The Guardian","ascension_level":8}}