{"host":"k7udt7atmcuzf6l0","time":1613573696,"event":{"mods":["AchievementEnabler","Act Like it!","BaseMod","BetterRewards","Colored Map","Colored Powertips","Highlight Path","Minty Spire (QoL Compilation)","Quick Restart","Rare Cards Sparkle","StSLib","UnlockEverythingMod"],"gold_per_floor":[111,111,28,44,54,54,84,84,84,94,105,105,115,32,32,133,133,150,150,169,184,4,32,56,95,184,206,218,16,16,30,30,30,30],"floor_reached":33,"language":"ZHS","playtime":796,"items_purged":[],"score":269,"play_id":"0906b854-3e24-4f4f-9ac3-6724a5eedce4","local_time":"20210217225456","is_ascension_mode":false,"campfire_choices":[{"data":"Shockwave","floor":6,"key":"SMITH"},{"data":"Discovery","floor":8,"key":"SMITH"},{"data":"Rampage","floor":12,"key":"SMITH"},{"data":"Flex","floor":15,"key":"SMITH"},{"data":"Pommel Strike","floor":28,"key":"SMITH"},{"data":"Dual Wield","floor":30,"key":"SMITH"},{"data":"Sword Boomerang","floor":32,"key":"SMITH"}],"circlet_count":0,"master_deck":["Strike_R","Strike_R","Strike_R","Strike_R","Defend_R","Defend_R","Defend_R","Defend_R","Bash","Rampage+1","Shockwave+1","Discovery+1","Pommel Strike+1","Headbutt","Flex+1","Bloodletting","Berserk+1","Body Slam+1","True Grit+1","Sword Boomerang+1","Dual Wield+1","Cleave+1","Reaper","Thunderclap+1"],"relics":["Burning Blood","Pantograph","Bronze Scales","Sozu","Lee\u0027s Waffle","MawBank","Tiny Chest","Bottled Flame","Orichalcum"],"acts_visited":["Exordium","TheCity"],"potions_floor_usage":[7,16,18,18],"damage_taken":[{"damage":3,"enemies":"Jaw Worm","floor":1,"turns":5},{"damage":4,"enemies":"Cultist","floor":4,"turns":4},{"damage":0,"enemies":"Small Slimes","floor":5,"turns":3},{"damage":10,"enemies":"3 Sentries","floor":7,"turns":6},{"damage":31,"enemies":"Exordium Thugs","floor":10,"turns":4},{"damage":13,"enemies":"Red Slaver","floor":11,"turns":2},{"damage":7,"enemies":"Large Slime","floor":13,"turns":5},{"damage":21,"enemies":"Slime Boss","floor":16,"turns":5},{"damage":4,"enemies":"3 Byrds","floor":18,"turns":3},{"damage":25,"enemies":"Spheric Guardian","floor":20,"turns":4},{"damage":26,"enemies":"Snecko","floor":21,"turns":4},{"damage":46,"enemies":"Slavers","floor":23,"turns":6},{"damage":9,"enemies":"Chosen and Byrds","floor":24,"turns":3},{"damage":36,"enemies":"Snake Plant","floor":27,"turns":3},{"damage":4,"enemies":"Sentry and Sphere","floor":31,"turns":3},{"damage":65,"enemies":"Collector","floor":33,"turns":7}],"seed_played":"-6367986989541867986","potions_obtained":[{"floor":5,"key":"SkillPotion"},{"floor":10,"key":"Weak Potion"},{"floor":13,"key":"AttackPotion"},{"floor":16,"key":"LiquidBronze"}],"is_trial":false,"path_per_floor":["M","?","$","M","M","R","E","R","T","M","M","R","M","$","R","B",null,"M","?","M","M","$","E","M","T","T","M","R","$","R","M","R","B"],"character_chosen":"IRONCLAD","items_purchased":["Discovery","Flex","Bloodletting","Lee\u0027s Waffle","Sword Boomerang","Orichalcum","Reaper"],"campfire_rested":0,"item_purchase_floors":[3,14,14,22,22,29,29],"current_hp_per_floor":[80,80,80,80,80,80,76,76,76,51,44,44,43,43,43,53,80,80,80,61,41,87,47,44,44,44,14,14,14,14,24,24,0,0],"gold":30,"neow_bonus":"THREE_CARDS","is_daily":false,"chose_seed":false,"campfire_upgraded":7,"win_rate":0.0,"timestamp":1613573696,"path_taken":["M","?","$","M","?","R","E","R","T","M","M","R","M","$","R","BOSS","M","?","M","?","$","E","M","?","T","?","R","$","R","M","R","BOSS"],"items_purchased_type":["Card","Card","Card","Relic","Card","Relic","Card"],"build_version":"2020-12-22","purchased_purges":0,"victory":false,"max_hp_per_floor":[80,80,80,80,80,80,80,80,80,80,80,80,80,80,80,80,80,80,80,80,80,87,87,87,87,87,87,87,87,87,87,87,87,87],"card_choices":[{"not_picked":["Thunderclap","Body Slam"],"picked":"Rampage","floor":0},{"not_picked":["Anger","Dark Embrace"],"picked":"Shockwave","floor":1},{"not_picked":["Carnage","Wild Strike","Havoc"],"picked":"SKIP","floor":4},{"not_picked":["Anger","Wild Strike"],"picked":"Pommel Strike","floor":5},{"not_picked":["Heavy Blade","Corruption"],"picked":"Headbutt","floor":7},{"not_picked":["Ghostly Armor","Thunderclap","Headbutt"],"picked":"SKIP","floor":10},{"not_picked":["Thunderclap","Iron Wave","Perfected Strike"],"picked":"SKIP","floor":11},{"not_picked":["Wild Strike","Flame Barrier","Thunderclap"],"picked":"SKIP","floor":13},{"not_picked":["Barricade","Bludgeon"],"picked":"Berserk","floor":16},{"not_picked":["Searing Blow+1","Fire Breathing+1"],"picked":"Body Slam+1","floor":18},{"not_picked":["Headbutt","Combust"],"picked":"True Grit+1","floor":20},{"not_picked":["Barricade","Warcry","Bloodletting"],"picked":"SKIP","floor":21},{"not_picked":["Pommel Strike","Rupture"],"picked":"Dual Wield","floor":23},{"not_picked":["Pummel","Spot Weakness"],"picked":"Cleave+1","floor":24},{"not_picked":["Anger","Havoc","Battle Trance"],"picked":"SKIP","floor":27},{"not_picked":["Uppercut","True Grit"],"picked":"Thunderclap+1","floor":31}],"player_experience":139350,"relics_obtained":[{"floor":7,"key":"Pantograph"},{"floor":9,"key":"Bronze Scales"},{"floor":23,"key":"MawBank"},{"floor":25,"key":"Tiny Chest"},{"floor":26,"key":"Bottled Flame"}],"event_choices":[{"cards_removed":["Strike_R"],"damage_healed":0,"gold_gain":0,"player_choice":"Offered Basic","damage_taken":0,"max_hp_gain":0,"max_hp_loss":0,"event_name":"Bonfire Elementals","floor":2,"gold_loss":0},{"damage_healed":0,"gold_gain":0,"player_choice":"Forge","damage_taken":0,"max_hp_gain":0,"max_hp_loss":0,"event_name":"Accursed Blacksmith","floor":19,"gold_loss":0,"cards_upgraded":["Berserk"]}],"is_beta":false,"boss_relics":[{"not_picked":["SlaversCollar","Tiny House"],"picked":"Sozu"}],"items_purged_floors":[],"is_endless":false,"potions_floor_spawned":[5,10,13,16,18,20],"killed_by":"Collector","ascension_level":0}}