{"host":"en4narc5947t7k9n","time":1613570281,"event":{"mods":["AchievementEnabler","BaseMod","Colored Map","Minty Spire (QoL Compilation)","SuperFastMode"],"gold_per_floor":[110,35,49,49,49,124,124,140,166,166,191,209,224,255,255,255,255],"floor_reached":16,"language":"KOR","playtime":644,"items_purged":[],"score":102,"play_id":"c156c677-219a-44b5-a6b8-f3d2393fe9f8","local_time":"20210217225801","is_ascension_mode":false,"campfire_choices":[{"data":"Zap","floor":7,"key":"SMITH"},{"data":"Double Energy","floor":10,"key":"SMITH"},{"data":"Redo","floor":15,"key":"SMITH"}],"circlet_count":0,"master_deck":["Strike_B","Strike_B","Strike_B","Strike_B","Defend_B","Defend_B","Defend_B","Defend_B","Zap+1","Dualcast","Stack","Barrage","Beam Cell","BootSequence","Double Energy+1","Sweeping Beam","Redo+1","Leap","Ball Lightning"],"relics":["Cracked Core","Bag of Marbles","Golden Idol","Blue Candle","Toy Ornithopter","Bottled Lightning"],"acts_visited":["Exordium"],"potions_floor_usage":[],"damage_taken":[{"damage":0,"enemies":"2 Louse","floor":1,"turns":2},{"damage":3,"enemies":"Jaw Worm","floor":3,"turns":3},{"damage":0,"enemies":"Small Slimes","floor":8,"turns":3},{"damage":4,"enemies":"Exordium Thugs","floor":11,"turns":3},{"damage":2,"enemies":"Red Slaver","floor":12,"turns":3},{"damage":0,"enemies":"Large Slime","floor":13,"turns":5},{"damage":19,"enemies":"Lagavulin","floor":14,"turns":5},{"damage":27,"enemies":"Slime Boss","floor":16,"turns":4}],"seed_played":"-7367930566984029808","potions_obtained":[{"floor":3,"key":"AttackPotion"},{"floor":11,"key":"BlessingOfTheForge"},{"floor":12,"key":"PotionOfCapacity"}],"is_trial":false,"path_per_floor":["M","$","M","?","?","?","R","M","T","R","M","M","M","E","R","B"],"character_chosen":"DEFECT","items_purchased":["Barrage","Beam Cell"],"campfire_rested":0,"item_purchase_floors":[2,2],"current_hp_per_floor":[75,75,72,54,51,40,40,40,40,40,36,34,34,15,15,0,0],"gold":255,"neow_bonus":"RANDOM_COMMON_RELIC","is_daily":false,"chose_seed":false,"campfire_upgraded":3,"win_rate":0.0,"timestamp":1613570281,"path_taken":["M","$","M","?","?","?","R","M","T","R","?","M","M","E","R","BOSS"],"items_purchased_type":["Card","Card"],"build_version":"2020-12-22","purchased_purges":0,"victory":false,"max_hp_per_floor":[75,75,75,75,75,75,75,75,75,75,75,75,75,75,75,75,75],"card_choices":[{"not_picked":["Conserve Battery","BootSequence"],"picked":"Stack","floor":1},{"not_picked":["Auto Shields","Steam"],"picked":"BootSequence","floor":3},{"not_picked":["Glacier","Consume"],"picked":"Double Energy","floor":8},{"not_picked":["Darkness","Multi-Cast"],"picked":"Sweeping Beam","floor":11},{"not_picked":["Hello World","Coolheaded"],"picked":"Redo","floor":12},{"not_picked":["Go for the Eyes","Consume"],"picked":"Leap","floor":13},{"not_picked":["Cold Snap","Auto Shields"],"picked":"Ball Lightning","floor":14}],"player_experience":42722,"relics_obtained":[{"floor":9,"key":"Toy Ornithopter"},{"floor":14,"key":"Bottled Lightning"}],"event_choices":[{"damage_healed":0,"gold_gain":0,"player_choice":"Take Damage","damage_taken":18,"relics_obtained":["Golden Idol"],"max_hp_gain":0,"max_hp_loss":0,"event_name":"Golden Idol","floor":4,"gold_loss":0},{"damage_healed":0,"gold_gain":0,"player_choice":"Success","damage_taken":3,"relics_obtained":["Blue Candle"],"max_hp_gain":0,"max_hp_loss":0,"event_name":"Scrap Ooze","floor":5,"gold_loss":0},{"damage_healed":0,"gold_gain":75,"player_choice":"Gather Gold","damage_taken":11,"max_hp_gain":0,"max_hp_loss":0,"event_name":"World of Goop","floor":6,"gold_loss":0}],"is_beta":false,"boss_relics":[],"items_purged_floors":[],"is_endless":false,"potions_floor_spawned":[3,11,12,14],"killed_by":"Slime Boss","ascension_level":0}}