{"host":"4lch21uqe3ag08cj","time":1613600808,"event":{"mods":["AchievementEnabler","BaseMod","Block Reminder","Colored Map","Colored Powertips","Minty Spire (QoL Compilation)","Permanent Neow","Relic Stats"],"gold_per_floor":[109,123,136,101,121,121,156,156,180,210,223,234,264,264,264,369,369,385,400,400,400,95,124,124,143,221,248,248,263,263,290,290,393,393,403,416,429,448,51,86,86,10,10,45,45,45,45,64,64,64,64,64,26,53,53,53],"floor_reached":55,"language":"ENG","playtime":3024,"items_purged":["Regret","Decay"],"score":1116,"play_id":"65ef2e1f-3b9e-4f69-aba2-2090c3a915ab","local_time":"20210217192648","is_ascension_mode":true,"campfire_choices":[{"data":"TalkToTheHand","floor":6.0,"key":"SMITH"},{"data":"Eruption","floor":8.0,"key":"SMITH"},{"data":"Tantrum","floor":15.0,"key":"SMITH"},{"data":"LessonLearned","floor":24.0,"key":"SMITH"},{"floor":28.0,"key":"REST"},{"data":"Vault","floor":32.0,"key":"SMITH"},{"data":"MentalFortress","floor":41.0,"key":"SMITH"},{"data":"MentalFortress","floor":45.0,"key":"SMITH"},{"floor":47.0,"key":"RECALL"},{"data":"Wallop","floor":49.0,"key":"SMITH"},{"data":"Ragnarok","floor":52.0,"key":"SMITH"}],"circlet_count":0,"master_deck":["Strike_P","Strike_P+1","Defend_P+1","Eruption+1","Vigilance+1","Fasting2+1","SashWhip+1","ClearTheMind+1","EmptyFist+1","DeceiveReality+1","EmptyFist+1","TalkToTheHand+1","Tantrum+1","FlurryOfBlows+1","LessonLearned+1","CrushJoints+1","BowlingBash+1","Study+1","Vault+1","TalkToTheHand+1","Wallop+1","FlurryOfBlows+1","Tantrum+1","ClearTheMind+1","DeusExMachina","EmptyMind+1","MentalFortress+1","Meditate+1","MentalFortress+1","Ragnarok+1","CutThroughFate","Tantrum+1","Wireheading+1","Wallop"],"relics":["Astrolabe","Oddly Smooth Stone","Dream Catcher","Happy Flower","Shuriken","TeardropLocket","Cursed Key","StrikeDummy","OrangePellets","Art of War","Toy Ornithopter","Whetstone","SlaversCollar","Strange Spoon","Shovel","Bronze Scales","Vajra"],"acts_visited":["Exordium","TheCity","TheBeyond","TheEnding"],"potions_floor_usage":[55,55,55],"damage_taken":[{"damage":4.0,"enemies":"Jaw Worm","floor":1.0,"turns":3.0},{"damage":8.0,"enemies":"2 Louse","floor":2.0,"turns":2.0},{"damage":9.0,"enemies":"Small Slimes","floor":3.0,"turns":4.0},{"damage":9.0,"enemies":"Exordium Thugs","floor":5.0,"turns":6.0},{"damage":13.0,"enemies":"Gremlin Nob","floor":7.0,"turns":4.0},{"damage":0.0,"enemies":"Lagavulin","floor":10.0,"turns":4.0},{"damage":0.0,"enemies":"Red Slaver","floor":11.0,"turns":1.0},{"damage":0.0,"enemies":"Blue Slaver","floor":12.0,"turns":3.0},{"damage":0.0,"enemies":"Gremlin Nob","floor":13.0,"turns":3.0},{"damage":2.0,"enemies":"Slime Boss","floor":16.0,"turns":3.0},{"damage":0.0,"enemies":"Spheric Guardian","floor":18.0,"turns":2.0},{"damage":3.0,"enemies":"2 Thieves","floor":19.0,"turns":3.0},{"damage":28.0,"enemies":"Slavers","floor":23.0,"turns":3.0},{"damage":13.0,"enemies":"Shelled Parasite and Fungi","floor":25.0,"turns":3.0},{"damage":6.0,"enemies":"Book of Stabbing","floor":27.0,"turns":3.0},{"damage":10.0,"enemies":"Centurion and Healer","floor":29.0,"turns":3.0},{"damage":0.0,"enemies":"Gremlin Leader","floor":31.0,"turns":3.0},{"damage":10.0,"enemies":"Automaton","floor":33.0,"turns":5.0},{"damage":16.0,"enemies":"Orb Walker","floor":35.0,"turns":2.0},{"damage":1.0,"enemies":"3 Shapes","floor":36.0,"turns":6.0},{"damage":13.0,"enemies":"Maw","floor":37.0,"turns":5.0},{"damage":4.0,"enemies":"3 Darklings","floor":38.0,"turns":3.0},{"damage":0.0,"enemies":"Giant Head","floor":40.0,"turns":8.0},{"damage":0.0,"enemies":"Nemesis","floor":44.0,"turns":4.0},{"damage":4.0,"enemies":"Sphere and 2 Shapes","floor":48.0,"turns":4.0},{"damage":45.0,"enemies":"Donu and Deca","floor":50.0,"turns":6.0},{"damage":20.0,"enemies":"Shield and Spear","floor":54.0,"turns":5.0},{"damage":74,"enemies":"The Heart","floor":55,"turns":6}],"seed_played":"8566751238807910947","potions_obtained":[{"floor":1.0,"key":"CultistPotion"},{"floor":3.0,"key":"SpeedPotion"},{"floor":7.0,"key":"Fire Potion"},{"floor":10.0,"key":"SkillPotion"},{"floor":16.0,"key":"LiquidBronze"},{"floor":19.0,"key":"Dexterity Potion"},{"floor":25.0,"key":"Fruit Juice"},{"floor":29.0,"key":"Explosive Potion"},{"floor":30.0,"key":"Swift Potion"},{"floor":30.0,"key":"Energy Potion"},{"floor":33.0,"key":"DistilledChaos"},{"floor":35.0,"key":"Weak Potion"},{"floor":38.0,"key":"LiquidBronze"},{"floor":40.0,"key":"BlessingOfTheForge"},{"floor":44.0,"key":"Ancient Potion"},{"floor":48.0,"key":"SteroidPotion"},{"floor":54.0,"key":"CultistPotion"}],"is_trial":false,"path_per_floor":["M","M","M","?","M","R","E","R","T","E","M","M","E","?","R","B",null,"M","M","?","?","$","E","R","M","T","E","R","M","?","E","R","B",null,"M","M","M","M","$","E","R","$","T","E","R","T","R","M","R","B",null,"R","$","E","B"],"character_chosen":"WATCHER","items_purchased":["OrangePellets","TalkToTheHand","MentalFortress","Ragnarok","Strange Spoon","Tantrum","Wallop"],"campfire_rested":1,"item_purchase_floors":[22,22,39,39,39,42,53],"current_hp_per_floor":[68,60,51,69,60,60,47,47,47,47,47,47,47,47,47,45,72,72,69,69,69,69,41,41,28,28,22,55,45,45,45,45,40,77,61,60,52,53,53,53,53,53,53,58,58,58,58,54,54,14,77,77,77,57,0,0],"gold":53,"neow_bonus":"BOSS_RELIC","is_daily":false,"chose_seed":false,"campfire_upgraded":9,"win_rate":0.0,"timestamp":1613600808,"path_taken":["M","M","M","?","M","R","E","R","T","E","M","M","E","?","R","BOSS","M","M","?","?","$","E","R","M","T","E","R","M","?","E","R","BOSS","M","M","?","M","$","E","R","?","T","E","R","?","R","M","R","BOSS","R","$","E","BOSS"],"items_purchased_type":["Relic","Card","Card","Card","Relic","Card","Card"],"build_version":"2020-12-22","purchased_purges":2,"victory":false,"max_hp_per_floor":[72,72,72,72,72,72,72,72,72,72,72,72,72,72,72,72,72,72,72,72,72,72,72,72,72,72,72,77,77,77,77,77,77,77,77,77,77,77,77,77,77,77,77,77,77,77,77,77,77,77,77,77,77,77,77,77],"relic_stats":{"Happy Flower":[28],"counters":[28,107],"Astrolabe":["Fasting2","SashWhip","ClearTheMind"],"Whetstone":["FlurryOfBlows","TalkToTheHand"],"Cursed Key":1,"OrangePellets":[18],"Strange Spoon":[21],"Dream Catcher":1,"Shovel":0,"Shuriken":[55],"Bronze Scales":[99],"Art of War":[7],"obtain_stats":[{"Happy Flower":10,"Astrolabe":0,"Oddly Smooth Stone":7,"Vajra":54,"TeardropLocket":14,"Whetstone":31,"Cursed Key":17,"OrangePellets":22,"SlaversCollar":34,"Strange Spoon":39,"Dream Catcher":9,"Shovel":40,"Shuriken":13,"Bronze Scales":44,"Art of War":23,"PureWater":0,"StrikeDummy":20,"Toy Ornithopter":27},{"Happy Flower":6,"Astrolabe":0,"Oddly Smooth Stone":5,"Vajra":27,"TeardropLocket":9,"Whetstone":17,"Cursed Key":10,"OrangePellets":12,"SlaversCollar":18,"Strange Spoon":22,"Dream Catcher":5,"Shovel":23,"Shuriken":9,"Bronze Scales":24,"Art of War":13,"PureWater":0,"StrikeDummy":12,"Toy Ornithopter":15},{"Happy Flower":23,"Astrolabe":0,"Oddly Smooth Stone":19,"Vajra":101,"TeardropLocket":30,"Whetstone":53,"Cursed Key":33,"OrangePellets":38,"SlaversCollar":58,"Strange Spoon":74,"Dream Catcher":19,"Shovel":82,"Shuriken":30,"Bronze Scales":86,"Art of War":41,"PureWater":0,"StrikeDummy":38,"Toy Ornithopter":47}],"Toy Ornithopter":45},"card_choices":[{"not_picked":["WaveOfTheHand","ForeignInfluence"],"picked":"EmptyFist","floor":1.0},{"not_picked":["PathToVictory","Crescendo"],"picked":"DeceiveReality","floor":2.0},{"not_picked":["EmptyMind","ClearTheMind"],"picked":"EmptyFist","floor":3.0},{"not_picked":["WindmillStrike","PathToVictory"],"picked":"TalkToTheHand","floor":5.0},{"not_picked":["EmptyFist","SashWhip","EmptyBody"],"picked":"SKIP","floor":7.0},{"not_picked":["Meditate","Judgement"],"picked":"Tantrum","floor":10.0},{"not_picked":["Swivel","Consecrate"],"picked":"FlurryOfBlows","floor":11.0},{"not_picked":["Perseverance","Crescendo","Evaluate"],"picked":"SKIP","floor":12.0},{"not_picked":["ClearTheMind","Collect","Crescendo"],"picked":"SKIP","floor":13.0},{"not_picked":["Devotion","Ragnarok"],"picked":"LessonLearned","floor":16.0},{"not_picked":["SashWhip","Protect"],"picked":"CrushJoints+1","floor":18.0},{"not_picked":["EmptyFist","LessonLearned"],"picked":"BowlingBash","floor":19.0},{"not_picked":["Weave","BowlingBash"],"picked":"Wallop","floor":23.0},{"not_picked":["SashWhip","Crescendo"],"picked":"FlurryOfBlows","floor":25.0},{"not_picked":["BowlingBash","Vengeance+1","Pray"],"picked":"SKIP","floor":27.0},{"not_picked":["FlyingSleeves","Consecrate"],"picked":"Tantrum","floor":28.0},{"not_picked":["ForeignInfluence","Prostrate"],"picked":"ClearTheMind+1","floor":29.0},{"not_picked":["Establishment","MasterReality"],"picked":"DeusExMachina","floor":31.0},{"not_picked":["JustLucky","CarveReality"],"picked":"EmptyMind+1","floor":35.0},{"not_picked":["EmptyFist","CarveReality+1","Protect"],"picked":"SKIP","floor":36.0},{"not_picked":["FlyingSleeves+1","Protect"],"picked":"MentalFortress","floor":37.0},{"not_picked":["EmptyBody+1","Consecrate"],"picked":"Meditate+1","floor":38.0},{"not_picked":["PathToVictory","Pray+1"],"picked":"CutThroughFate","floor":40.0},{"not_picked":["Weave+1","PathToVictory+1","ReachHeaven+1"],"picked":"SKIP","floor":44.0},{"not_picked":["Evaluate","Wireheading+1","SashWhip"],"picked":"SKIP","floor":48.0},{"not_picked":["Evaluate","SashWhip"],"picked":"Wireheading+1","floor":48.0},{"not_picked":["BowlingBash+1","DeceiveReality+1","LikeWater+1"],"picked":"SKIP","floor":54.0}],"player_experience":87284,"relics_obtained":[{"floor":7.0,"key":"Oddly Smooth Stone"},{"floor":9.0,"key":"Dream Catcher"},{"floor":10.0,"key":"Happy Flower"},{"floor":13.0,"key":"Shuriken"},{"floor":23.0,"key":"Art of War"},{"floor":27.0,"key":"Toy Ornithopter"},{"floor":31.0,"key":"Whetstone"},{"floor":40.0,"key":"Shovel"},{"floor":44.0,"key":"Bronze Scales"},{"floor":54.0,"key":"Vajra"}],"event_choices":[{"damage_healed":18.0,"max_hp_gain":0.0,"max_hp_loss":0.0,"gold_gain":0.0,"event_name":"The Cleric","player_choice":"Healed","floor":4.0,"gold_loss":35.0,"damage_taken":0.0},{"damage_healed":0.0,"max_hp_gain":0.0,"max_hp_loss":0.0,"gold_gain":0.0,"event_name":"Big Fish","player_choice":"Box","floor":14.0,"gold_loss":0.0,"damage_taken":0.0,"relics_obtained":["TeardropLocket"],"cards_obtained":["Regret"]},{"damage_healed":0.0,"max_hp_gain":0.0,"max_hp_loss":0.0,"gold_gain":0.0,"event_name":"The Mausoleum","player_choice":"Opened","floor":20.0,"gold_loss":0.0,"damage_taken":0.0,"relics_obtained":["StrikeDummy"]},{"damage_healed":0.0,"max_hp_gain":0.0,"max_hp_loss":0.0,"gold_gain":0.0,"cards_transformed":["Strike_P","Defend_P"],"event_name":"Drug Dealer","player_choice":"Became Test Subject","floor":21.0,"gold_loss":0.0,"damage_taken":0.0,"cards_obtained":["Study","Vault"]},{"damage_healed":0.0,"max_hp_gain":0.0,"max_hp_loss":0.0,"gold_gain":0.0,"event_name":"Lab","player_choice":"Got Potions","floor":30.0,"gold_loss":0.0,"damage_taken":0.0}],"is_beta":false,"boss_relics":[{"not_picked":["Calling Bell","Coffee Dripper"],"picked":"Cursed Key"},{"not_picked":["SacredBark","Tiny House"],"picked":"SlaversCollar"}],"items_purged_floors":[22,39],"is_endless":false,"potions_floor_spawned":[1,3,7,10,16,19,25,29,33,35,38,40,44,48,54],"killed_by":"The Heart","ascension_level":4}}