{"host":"iovigr651ajk16h5","time":1613603799,"event":{"mods":["2.2 Compatiblity","AchievementEnabler","Aspiration","BaseMod","Better Altar","Better Match","Better Note","Better Sensory Stone","Better Skull","Better Third Choice","Block Reminder","Colored Map","Ekko","Energized Spire","GifTheSpireLib","GungeonMod","Halation","Hermit","Highlight Path","Hubris","Infinite Spire","Koishi","Luminous","Marisa????????","Minty Spire (QoL Compilation)","Nova Terra(??·??)","Onozuka Komachi Mod","Permanent Neow","Prisma Mod","Quick Restart","Railgun Mod","Remilia??????","Replay The Spire","StSLib","Stuff the Spire","Td1madao Mod","The Administrix","The Bladedancer","The Bug Knight","The Construct","The Marked","TheSwordswoman","Trackpad","Waifu the Spire","WarShipGirlsR/????R mod","everything is the same but u backflip on backflip"],"gold_per_floor":[118,118,128,53,53,53,80,99,126,144,163,178,178,189,189,189,189],"floor_reached":16,"language":"ENG","playtime":580,"items_purged":["Defend_MRS"],"score":129,"play_id":"873cae0a-e9e5-4c6e-a466-4c8441f33472","local_time":"20210217181639","is_ascension_mode":false,"campfire_choices":[{"data":"GalacticHalo","floor":6,"key":"SMITH"},{"data":"PulseMagic","floor":13,"key":"SMITH"},{"floor":15,"key":"RECALL"}],"circlet_count":0,"master_deck":["Strike_MRS","Strike_MRS","Strike_MRS","Strike_MRS","Defend_MRS","Defend_MRS","Defend_MRS","MasterSpark","UpSweep","GalacticHalo+1","6A","AsteroidBelt","PulseMagic+1","FairyDestructionRay","AlicesGift","Acceleration"],"relics":["MiniHakkero","NeowsBlessing","hubris:Towel","DemoMod:PinkGuonStone"],"acts_visited":["Exordium"],"potions_floor_usage":[16],"damage_taken":[{"damage":0,"enemies":"Small Slimes","floor":1,"turns":1},{"damage":0,"enemies":"2 Louse","floor":3,"turns":2},{"damage":0,"enemies":"Lagavulin","floor":7,"turns":1},{"damage":0,"enemies":"Cultist","floor":8,"turns":4},{"damage":1,"enemies":"3 Louse","floor":10,"turns":3},{"damage":7,"enemies":"Large Slime","floor":11,"turns":5},{"damage":0,"enemies":"2 Fungi Beasts","floor":12,"turns":2},{"damage":4,"enemies":"Blue Slaver","floor":14,"turns":2},{"damage":5,"enemies":"Slime Boss","floor":16,"turns":5}],"seed_played":"7414795111507783239","potions_obtained":[{"floor":8,"key":"Elixir"},{"floor":10,"key":"EntropicBrew"},{"floor":11,"key":"FearPotion"},{"floor":14,"key":"Block Potion"}],"is_trial":false,"path_per_floor":["M","?","M","$","?","R","E","M","T","M","M","M","R","M","R","B"],"character_chosen":"MARISA","items_purchased":[],"campfire_rested":0,"item_purchase_floors":[],"current_hp_per_floor":[75,75,75,75,75,75,82,82,82,81,74,74,74,70,70,65,65],"gold":189,"neow_bonus":"THREE_ENEMY_KILL","is_daily":false,"chose_seed":false,"campfire_upgraded":2,"win_rate":0.0,"timestamp":1613603799,"path_taken":["M","?","M","$","?","R","E","?","T","M","M","M","R","M","R","BOSS"],"items_purchased_type":[],"build_version":"2020-12-22","purchased_purges":1,"victory":false,"max_hp_per_floor":[75,75,75,75,75,75,82,82,82,82,82,82,82,82,82,82,82],"card_choices":[{"not_picked":["6A","MysteriousBeam","Acceleration"],"picked":"SKIP","floor":1},{"not_picked":["Acceleration","RefractionSpark"],"picked":"GalacticHalo","floor":3},{"not_picked":["GravityBeat","AlicesGift"],"picked":"AsteroidBelt","floor":7},{"not_picked":["SuperPerseids","MysteriousBeam"],"picked":"PulseMagic","floor":8},{"not_picked":["DarkMatter","SporeBomb","Occultation"],"picked":"SKIP","floor":10},{"not_picked":["ShootingEcho","ChargeUpSpray"],"picked":"FairyDestructionRay","floor":11},{"not_picked":["SporeBomb","6A"],"picked":"AlicesGift","floor":12},{"not_picked":["UnstableBomb","WitchLeyline"],"picked":"Acceleration","floor":14}],"player_experience":357647,"relics_obtained":[{"floor":7,"key":"DemoMod:PinkGuonStone"}],"event_choices":[{"cards_removed":["GalacticHalo"],"damage_healed":0,"gold_gain":0,"player_choice":"Take \u0026 Give","damage_taken":0,"max_hp_gain":0,"max_hp_loss":0,"event_name":"betterNote:BetterNote","floor":5,"gold_loss":0,"cards_obtained":["6A"]}],"is_beta":false,"boss_relics":[],"items_purged_floors":[4],"is_endless":false,"potions_floor_spawned":[8,10,11,14],"killed_by":"Slime Boss","ascension_level":0}}