{"host":"fxrgx7wt2cpkbhka","time":1613555272,"event":{"mods":["AchievementEnabler","BaseMod","Colored Powertips","Dark Map","Minty Spire (QoL Compilation)","Permanent Neow","Quick Restart","Slay-I","StSLib","Waifu the Spire"],"gold_per_floor":[117,192,192,166,166,166,179,196,196,196,230,230,284,284,284,284,284],"floor_reached":16,"language":"ENG","playtime":297,"items_purged":[],"score":168,"play_id":"09fae91f-bccc-4d23-a3f9-b4c7fd0f6440","local_time":"20210217014752","is_ascension_mode":true,"campfire_choices":[{"data":"Flex","floor":6,"key":"SMITH"},{"data":"Wild Strike","floor":10,"key":"SMITH"},{"data":"Inflame","floor":12,"key":"SMITH"},{"data":"Bash","floor":15,"key":"SMITH"}],"circlet_count":0,"master_deck":["AscendersBane","Strike_R","Strike_R","Strike_R","Strike_R","Strike_R","Defend_R","Defend_R+1","Defend_R+1","Defend_R","Bash+1","Clash","Wild Strike+1","Flex+1","Inflame+1"],"relics":["Burning Blood","PreservedInsect","Peace Pipe","War Paint"],"acts_visited":["Exordium"],"potions_floor_usage":[8,14,16],"damage_taken":[{"damage":0,"enemies":"2 Louse","floor":1,"turns":2},{"damage":7,"enemies":"Small Slimes","floor":7,"turns":2},{"damage":0,"enemies":"Jaw Worm","floor":8,"turns":1},{"damage":45,"enemies":"3 Sentries","floor":11,"turns":12},{"damage":46,"enemies":"Hexaghost","floor":16,"turns":7}],"seed_played":"-3215431488560960376","potions_obtained":[{"floor":1,"key":"Fire Potion"},{"floor":14,"key":"Fruit Juice"},{"floor":14,"key":"LiquidBronze"}],"is_trial":false,"path_per_floor":["M","?","?","$","?","R","M","M","T","R","E","R","T","?","R","B"],"character_chosen":"IRONCLAD","items_purchased":["Flex"],"campfire_rested":0,"item_purchase_floors":[4],"current_hp_per_floor":[74,63,68,68,68,68,67,73,73,73,34,34,34,39,39,0,0],"gold":284,"neow_bonus":"THREE_CARDS","is_daily":false,"chose_seed":false,"campfire_upgraded":4,"win_rate":0.0,"timestamp":1613555272,"path_taken":["M","?","?","$","?","R","?","M","T","R","E","R","?","?","R","BOSS"],"items_purchased_type":["Card"],"build_version":"2020-12-22","purchased_purges":0,"victory":false,"max_hp_per_floor":[75,75,80,80,80,80,80,80,80,80,80,80,80,85,85,85,85],"card_choices":[{"not_picked":["Sword Boomerang","Rampage"],"picked":"Clash","floor":0},{"not_picked":["Whirlwind","Sword Boomerang"],"picked":"Wild Strike","floor":1},{"not_picked":["Dark Embrace","Rupture","Headbutt"],"picked":"SKIP","floor":7},{"not_picked":["Headbutt","Sever Soul","Havoc"],"picked":"SKIP","floor":8},{"not_picked":["Twin Strike","Headbutt"],"picked":"Inflame","floor":11}],"player_experience":786659,"relics_obtained":[{"floor":9,"key":"PreservedInsect"},{"floor":11,"key":"Peace Pipe"},{"floor":13,"key":"War Paint"}],"event_choices":[{"damage_healed":0,"gold_gain":75,"player_choice":"Gather Gold","damage_taken":11,"max_hp_gain":0,"max_hp_loss":0,"event_name":"World of Goop","floor":2,"gold_loss":0},{"damage_healed":0,"gold_gain":0,"player_choice":"Donut","damage_taken":0,"max_hp_gain":5,"max_hp_loss":0,"event_name":"Big Fish","floor":3,"gold_loss":0},{"damage_healed":0,"gold_gain":0,"player_choice":"Leave","damage_taken":0,"max_hp_gain":0,"max_hp_loss":0,"event_name":"The Cleric","floor":5,"gold_loss":0},{"damage_healed":0,"gold_gain":0,"player_choice":"Got Potions","damage_taken":0,"max_hp_gain":0,"max_hp_loss":0,"event_name":"Lab","floor":14,"gold_loss":0}],"is_beta":false,"boss_relics":[],"items_purged_floors":[],"is_endless":false,"potions_floor_spawned":[1],"killed_by":"Hexaghost","ascension_level":15}}