{"host":"3hzk4hwwdropes3d","time":1613525401,"event":{"mods":["BaseMod","Minty Spire (QoL Compilation)","StSLib"],"gold_per_floor":[114,114,38,38,50,78,88,37,83,83,83],"floor_reached":10,"language":"ENG","playtime":400,"items_purged":[],"score":79,"play_id":"1ae26d2a-9e28-44ff-a161-711df56047e5","local_time":"20210216173001","is_ascension_mode":true,"campfire_choices":[],"circlet_count":0,"master_deck":["Strike_P","Strike_P","Strike_P","Strike_P","Defend_P","Defend_P","Defend_P","Eruption","Vigilance","EmptyBody","EmptyFist","Fasting2","CutThroughFate","FlurryOfBlows","SashWhip","Halt"],"relics":["Philosopher\u0027s Stone","Juzu Bracelet","Regal Pillow"],"acts_visited":["Exordium"],"potions_floor_usage":[10],"damage_taken":[{"damage":0,"enemies":"Cultist","floor":1,"turns":2},{"damage":20,"enemies":"2 Louse","floor":5,"turns":3},{"damage":39,"enemies":"3 Sentries","floor":6,"turns":7},{"damage":0,"enemies":"Jaw Worm","floor":7,"turns":2},{"damage":37,"enemies":"Gremlin Nob","floor":10,"turns":4}],"seed_played":"8836948751656179040","potions_obtained":[{"floor":6,"key":"DuplicationPotion"}],"is_trial":false,"path_per_floor":["M","?","$","?","M","E","M","$","T","E"],"character_chosen":"WATCHER","items_purchased":["Fasting2","Halt"],"campfire_rested":0,"item_purchase_floors":[3,8],"current_hp_per_floor":[72,72,72,77,57,18,18,18,18,0,0],"gold":83,"neow_bonus":"BOSS_RELIC","is_daily":false,"chose_seed":false,"campfire_upgraded":0,"win_rate":0.0,"timestamp":1613525401,"path_taken":["M","?","?","?","M","E","M","?","T","E"],"items_purchased_type":["Card","Card"],"build_version":"2020-12-22","purchased_purges":0,"victory":false,"max_hp_per_floor":[72,72,72,77,77,77,77,77,77,77,77],"card_choices":[{"not_picked":["FollowUp","BattleHymn"],"picked":"EmptyBody","floor":1},{"not_picked":["BowlingBash","Protect"],"picked":"CutThroughFate","floor":5},{"not_picked":["FollowUp","Tantrum"],"picked":"FlurryOfBlows","floor":6},{"not_picked":["FlyingSleeves","DeusExMachina"],"picked":"SashWhip","floor":7}],"player_experience":220458,"relics_obtained":[{"floor":6,"key":"Juzu Bracelet"},{"floor":9,"key":"Regal Pillow"}],"event_choices":[{"damage_healed":0,"gold_gain":0,"cards_transformed":["Defend_P"],"player_choice":"Transformed","damage_taken":0,"max_hp_gain":0,"max_hp_loss":0,"event_name":"Transmorgrifier","floor":2,"gold_loss":0,"cards_obtained":["EmptyFist"]},{"damage_healed":0,"gold_gain":0,"player_choice":"Donut","damage_taken":0,"max_hp_gain":5,"max_hp_loss":0,"event_name":"Big Fish","floor":4,"gold_loss":0}],"is_beta":false,"boss_relics":[],"items_purged_floors":[],"is_endless":false,"potions_floor_spawned":[6],"killed_by":"Gremlin Nob","ascension_level":4}}