{"host":"9tzam4717zt8ei1o","time":1613565836,"event":{"mods":["BaseMod","Colored Map","Keyboard Shortcuts","Minty Spire (QoL Compilation)","Quick Restart","StSLib","SuperFastMode"],"gold_per_floor":[112,112,262,262,262,262,286,319,342,6,29,29,29,44,44,133,133,149,419,111,135,155,198,198,239,264,282,282,94,134,158,158,158,158],"floor_reached":33,"language":"KOR","playtime":714,"items_purged":["Doubt","Strike_G"],"score":545,"play_id":"47eb0cfe-fff9-4c60-88dd-4921d20c4eed","local_time":"20210217214356","is_ascension_mode":true,"campfire_choices":[{"floor":6.0,"key":"REST"},{"data":"Sadistic Nature","floor":13.0,"key":"SMITH"},{"data":"Poisoned Stab","floor":15.0,"key":"SMITH"},{"data":"Prepared","floor":24.0,"key":"SMITH"},{"data":"Well Laid Plans","floor":32.0,"key":"SMITH"}],"circlet_count":0,"master_deck":["AscendersBane","Strike_G","Strike_G","Strike_G+1","Strike_G","Defend_G+1","Defend_G+1","Defend_G","Defend_G+1","Defend_G","Survivor","Neutralize+1","Poisoned Stab+1","Sadistic Nature+1","Deadly Poison","Adrenaline","Backflip","Prepared+1","Blur","Eviscerate","Tactician","Well Laid Plans+1"],"relics":["Ring of the Snake","Golden Idol","The Courier","MealTicket","PreservedInsect","TheAbacus","SlaversCollar","Lee\u0027s Waffle","Toy Ornithopter","Meat on the Bone","Potion Belt","Medical Kit","War Paint"],"acts_visited":["Exordium","TheCity"],"potions_floor_usage":[],"damage_taken":[{"damage":4.0,"enemies":"Jaw Worm","floor":1.0,"turns":5.0},{"damage":2.0,"enemies":"2 Louse","floor":7.0,"turns":3.0},{"damage":16.0,"enemies":"Lagavulin","floor":8.0,"turns":7.0},{"damage":6.0,"enemies":"Small Slimes","floor":11.0,"turns":4.0},{"damage":0.0,"enemies":"Exordium Wildlife","floor":14.0,"turns":3.0},{"damage":15.0,"enemies":"The Guardian","floor":16.0,"turns":10.0},{"damage":6.0,"enemies":"3 Byrds","floor":18.0,"turns":6.0},{"damage":4.0,"enemies":"Chosen","floor":21.0,"turns":4.0},{"damage":2.0,"enemies":"Snecko","floor":22.0,"turns":6.0},{"damage":37.0,"enemies":"Gremlin Leader","floor":23.0,"turns":9.0},{"damage":10.0,"enemies":"Book of Stabbing","floor":25.0,"turns":4.0},{"damage":10.0,"enemies":"Chosen and Byrds","floor":27.0,"turns":7.0},{"damage":1.0,"enemies":"Gremlin Leader","floor":30.0,"turns":7.0},{"damage":18.0,"enemies":"Shelled Parasite and Fungi","floor":31.0,"turns":7.0},{"damage":43,"enemies":"Automaton","floor":33,"turns":6}],"seed_played":"-6059504964446187069","potions_obtained":[{"floor":1.0,"key":"Strength Potion"},{"floor":7.0,"key":"Swift Potion"},{"floor":11.0,"key":"SkillPotion"},{"floor":22.0,"key":"Swift Potion"},{"floor":23.0,"key":"Fire Potion"},{"floor":27.0,"key":"PowerPotion"},{"floor":31.0,"key":"Weak Potion"}],"is_trial":false,"path_per_floor":["M","?","?","T","?","R","M","E","T","$","M","$","R","M","R","B",null,"M","?","$","M","M","E","R","E","T","M","T","$","E","M","R","B"],"character_chosen":"THE_SILENT","items_purchased":["TheAbacus","Sadistic Nature","Prepared","Blur","Lee\u0027s Waffle","Medical Kit","Tactician"],"campfire_rested":1,"item_purchase_floors":[10,10,20,20,20,29,29],"current_hp_per_floor":[55,32,32,32,12,31,29,13,13,28,22,37,37,37,37,22,55,49,22,73,69,67,30,30,25,25,27,27,42,46,40,40,0,0],"gold":158,"neow_bonus":"UPGRADE_CARD","is_daily":false,"chose_seed":false,"campfire_upgraded":4,"win_rate":0.0,"timestamp":1613565836,"path_taken":["M","?","?","?","?","R","M","E","T","$","?","$","R","M","R","BOSS","M","?","$","M","?","E","R","E","T","?","?","$","E","M","R","BOSS"],"items_purchased_type":["Relic","Card","Card","Card","Relic","Relic","Card"],"build_version":"2020-12-22","purchased_purges":2,"victory":false,"max_hp_per_floor":[66,66,66,66,66,66,66,66,66,66,66,66,66,66,66,66,66,66,66,73,73,73,73,73,73,73,73,73,73,73,73,73,73,73],"card_choices":[{"not_picked":["All Out Attack","Dagger Spray","Endless Agony"],"picked":"SKIP","floor":1.0},{"not_picked":["Slice","Setup"],"picked":"Poisoned Stab","floor":7.0},{"not_picked":["Dagger Spray","Poisoned Stab","Quick Slash"],"picked":"SKIP","floor":8.0},{"not_picked":["Sucker Punch","Blade Dance"],"picked":"Deadly Poison","floor":11.0},{"not_picked":["Sucker Punch","Finisher","Slice"],"picked":"SKIP","floor":14.0},{"not_picked":["Die Die Die","Burst"],"picked":"Adrenaline","floor":16.0},{"not_picked":["PiercingWail","Slice"],"picked":"Backflip","floor":18.0},{"not_picked":["Terror","Underhanded Strike","Flying Knee"],"picked":"SKIP","floor":21.0},{"not_picked":["Flying Knee","Underhanded Strike","PiercingWail"],"picked":"SKIP","floor":22.0},{"not_picked":["Dagger Throw","Setup","Underhanded Strike"],"picked":"SKIP","floor":23.0},{"not_picked":["Underhanded Strike","Blade Dance+1","Bane"],"picked":"SKIP","floor":25.0},{"not_picked":["Sucker Punch","Doppelganger"],"picked":"Eviscerate","floor":27.0},{"not_picked":["Crippling Poison+1","Flying Knee","Leg Sweep"],"picked":"SKIP","floor":30.0},{"not_picked":["Well Laid Plans","Quick Slash","Distraction"],"picked":"SKIP","floor":31.0},{"not_picked":["Quick Slash","Distraction"],"picked":"Well Laid Plans","floor":31.0}],"player_experience":123417,"relics_obtained":[{"floor":4.0,"key":"The Courier"},{"floor":8.0,"key":"MealTicket"},{"floor":9.0,"key":"PreservedInsect"},{"floor":23.0,"key":"Toy Ornithopter"},{"floor":25.0,"key":"Meat on the Bone"},{"floor":26.0,"key":"Potion Belt"},{"floor":30.0,"key":"War Paint"}],"event_choices":[{"damage_healed":0.0,"max_hp_gain":0.0,"max_hp_loss":0.0,"gold_gain":0.0,"event_name":"Golden Idol","player_choice":"Take Damage","floor":2.0,"gold_loss":0.0,"damage_taken":23.0,"relics_obtained":["Golden Idol"]},{"damage_healed":0.0,"max_hp_gain":0.0,"max_hp_loss":0.0,"gold_gain":150.0,"event_name":"Liars Game","player_choice":"AGREE","floor":3.0,"gold_loss":0.0,"damage_taken":0.0,"cards_obtained":["Doubt"]},{"damage_healed":0.0,"max_hp_gain":0.0,"max_hp_loss":0.0,"gold_gain":0.0,"event_name":"Shining Light","player_choice":"Entered Light","floor":5.0,"gold_loss":0.0,"damage_taken":20.0,"cards_upgraded":["Defend_G","Strike_G"]},{"damage_healed":0.0,"max_hp_gain":0.0,"max_hp_loss":0.0,"gold_gain":270.0,"event_name":"Knowing Skull","player_choice":"GOLD GOLD GOLD ","floor":19.0,"potions_obtained":[],"gold_loss":0.0,"damage_taken":27.0,"cards_obtained":[]}],"is_beta":false,"boss_relics":[{"not_picked":["Runic Dome","Fusion Hammer"],"picked":"SlaversCollar"}],"items_purged_floors":[10,20],"is_endless":false,"potions_floor_spawned":[1,7,11,22,23,27,31],"killed_by":"Automaton","ascension_level":16}}