{"host":"b7j598ve05halrwk","time":1613535304,"event":{"mods":["2.2 Compatiblity","BaseMod","Block Reminder","DeckTracker","Minty Spire (QoL Compilation)","Relic Stats","Slay the Relics Exporter","StSLib","ojb\u0027s Better Paths Mod","ojb\u0027s Info Mod"],"gold_per_floor":[359,28,303,319,330,330,13,13,13,49,100,145,171,118,118,194,194,233,233,53,65,65,65,90,90,139,58,58,105,144,204,204,204,204],"floor_reached":33,"language":"ENG","playtime":1789,"items_purged":["Writhe","Regret","Strike_B"],"score":607,"play_id":"7920aa78-fddf-4b60-91a9-caffe15a1fed","local_time":"20210216231504","is_ascension_mode":true,"campfire_choices":[{"data":"Sunder","floor":6.0,"key":"SMITH"},{"data":"HandOfGreed","floor":8.0,"key":"SMITH"},{"data":"Zap","floor":15.0,"key":"SMITH"},{"data":"Seek","floor":23,"key":"SMITH"},{"data":"Rainbow","floor":25,"key":"SMITH"},{"floor":32,"key":"DIG"}],"circlet_count":0,"master_deck":["AscendersBane","Strike_B+1","Strike_B+1","Strike_B+1","Defend_B+1","Defend_B+1","Defend_B+1","Defend_B+1","Zap+1","Dualcast","Compile Driver","Sunder+1","Leap","FTL","HandOfGreed+1","Capacitor","Echo Form","Rainbow+1","Cold Snap","Seek+1","Self Repair","Turbo+1","Shame","Doom and Gloom","Seek"],"relics":["Cracked Core","ClockworkSouvenir","Blue Candle","Potion Belt","Girya","Coffee Dripper","War Paint","Blood Vial","Vajra","MealTicket","Shovel","Bronze Scales"],"acts_visited":["Exordium","TheCity"],"potions_floor_usage":[24,30,31],"damage_taken":[{"damage":2.0,"enemies":"2 Louse","floor":1.0,"turns":3.0},{"damage":6.0,"enemies":"Cultist","floor":4.0,"turns":3.0},{"damage":0.0,"enemies":"Small Slimes","floor":5.0,"turns":2.0},{"damage":0.0,"enemies":"Exordium Wildlife","floor":10.0,"turns":2.0},{"damage":26.0,"enemies":"3 Sentries","floor":11.0,"turns":8.0},{"damage":1.0,"enemies":"3 Louse","floor":12.0,"turns":3.0},{"damage":8.0,"enemies":"Gremlin Nob","floor":13.0,"turns":3.0},{"damage":5.0,"enemies":"Hexaghost","floor":16.0,"turns":8.0},{"damage":20,"enemies":"3 Byrds","floor":18,"turns":5},{"damage":29,"enemies":"2 Thieves","floor":21,"turns":5},{"damage":10,"enemies":"Book of Stabbing","floor":24,"turns":4},{"damage":17,"enemies":"Centurion and Healer","floor":30,"turns":5},{"damage":9,"enemies":"Slavers","floor":31,"turns":6},{"damage":27,"enemies":"Collector","floor":33,"turns":2}],"seed_played":"5007318647808411826","potions_obtained":[{"floor":5.0,"key":"ColorlessPotion"},{"floor":10.0,"key":"FocusPotion"},{"floor":11.0,"key":"Regen Potion"},{"floor":13.0,"key":"LiquidBronze"},{"floor":24,"key":"Dexterity Potion"},{"floor":31,"key":"SmokeBomb"}],"is_trial":false,"path_per_floor":["M","$","?","M","M","R","$","R","T","M","E","M","E","$","R","B",null,"M","?","$","M","?","R","E","R","T","$","?","T","M","E","R","B"],"character_chosen":"DEFECT","items_purchased":["Sunder","ClockworkSouvenir","HandOfGreed","Cold Snap","Block Potion","Doom and Gloom"],"campfire_rested":0,"item_purchase_floors":[2,2,7,14,20,27],"current_hp_per_floor":[62,62,62,56,56,56,56,56,56,56,30,29,21,21,21,16,57,37,37,37,22,22,22,19,19,19,19,19,19,25,18,18,0,0],"gold":204,"neow_bonus":"TWO_FIFTY_GOLD","is_daily":false,"chose_seed":false,"campfire_upgraded":5,"win_rate":0.0,"timestamp":1613535304,"path_taken":["M","$","?","?","M","R","$","R","T","M","E","M","E","?","R","BOSS","M","?","$","M","?","R","E","R","T","?","?","?","M","E","R","BOSS"],"items_purchased_type":["Card","Relic","Card","Card","Potion","Card"],"build_version":"2020-12-22","purchased_purges":3,"victory":false,"max_hp_per_floor":[71,71,71,71,71,71,71,71,71,71,71,71,71,71,71,71,71,71,71,71,71,71,71,71,71,71,71,71,71,71,71,71,71,71],"relic_stats":{"Blood Vial":6,"Shovel":1,"counters":[14,59],"Blue Candle":[4],"Bronze Scales":[3],"MealTicket":0,"War Paint":["Turbo","Defend_B"],"obtain_stats":[{"Potion Belt":11,"Blood Vial":24,"Girya":13,"Shovel":31,"Blue Candle":9,"Bronze Scales":32,"Vajra":26,"MealTicket":29,"Coffee Dripper":17,"War Paint":22,"Cracked Core":0,"ClockworkSouvenir":2},{"Potion Belt":5,"Blood Vial":11,"Girya":7,"Shovel":13,"Blue Candle":3,"Bronze Scales":13,"Vajra":11,"MealTicket":11,"Coffee Dripper":8,"War Paint":10,"Cracked Core":0,"ClockworkSouvenir":1},{"Potion Belt":18,"Blood Vial":46,"Girya":24,"Shovel":57,"Blue Candle":8,"Bronze Scales":57,"Vajra":46,"MealTicket":46,"Coffee Dripper":32,"War Paint":42,"Cracked Core":0,"ClockworkSouvenir":3}]},"card_choices":[{"not_picked":["Static Discharge","Beam Cell"],"picked":"Compile Driver","floor":1.0},{"not_picked":["Go for the Eyes","Redo"],"picked":"Leap","floor":4.0},{"not_picked":["Go for the Eyes","Melter"],"picked":"FTL","floor":5.0},{"not_picked":["Coolheaded","Barrage"],"picked":"Capacitor","floor":10.0},{"not_picked":["Streamline","Lockon","Rip and Tear"],"picked":"SKIP","floor":11.0},{"not_picked":["Streamline","Lockon","Rip and Tear"],"picked":"SKIP","floor":11.0},{"not_picked":["Gash","Redo"],"picked":"Echo Form","floor":12.0},{"not_picked":["Sweeping Beam","Turbo"],"picked":"Rainbow","floor":13.0},{"not_picked":["Hyperbeam","Core Surge"],"picked":"Seek","floor":16.0},{"not_picked":["Hello World","Barrage","Stack"],"picked":"SKIP","floor":18},{"not_picked":["Static Discharge","Coolheaded"],"picked":"Turbo","floor":21},{"not_picked":["Ball Lightning","Sunder","Streamline"],"picked":"SKIP","floor":24},{"not_picked":["Steam","Streamline","Rebound"],"picked":"SKIP","floor":30},{"not_picked":["Cold Snap+1","BootSequence"],"picked":"Seek","floor":31}],"player_experience":1155060,"relics_obtained":[{"floor":9.0,"key":"Blue Candle"},{"floor":11.0,"key":"Potion Belt"},{"floor":13.0,"key":"Girya"},{"floor":24,"key":"Blood Vial"},{"floor":26,"key":"Vajra"},{"floor":29,"key":"MealTicket"},{"floor":31,"key":"Shovel"},{"floor":32,"key":"Bronze Scales"}],"event_choices":[{"damage_healed":0.0,"max_hp_gain":0.0,"max_hp_loss":0.0,"gold_gain":275.0,"event_name":"Golden Shrine","player_choice":"Desecrate","floor":3.0,"gold_loss":0.0,"damage_taken":0.0,"cards_obtained":["Regret"]},{"damage_healed":0,"gold_gain":0,"player_choice":"Read","damage_taken":0,"max_hp_gain":0,"max_hp_loss":0,"event_name":"The Library","floor":19,"gold_loss":0,"cards_obtained":["Self Repair"]},{"damage_healed":0,"gold_gain":0,"player_choice":"Stole Relic","damage_taken":0,"relics_obtained":["War Paint"],"max_hp_gain":0,"max_hp_loss":0,"event_name":"Addict","floor":22,"gold_loss":0,"cards_obtained":["Shame"]},{"damage_healed":0,"gold_gain":0,"player_choice":"Simplicity","damage_taken":0,"max_hp_gain":0,"max_hp_loss":0,"event_name":"Back to Basics","floor":28,"gold_loss":0,"cards_upgraded":["Strike_B","Strike_B","Strike_B","Defend_B","Defend_B","Defend_B"]}],"is_beta":false,"boss_relics":[{"not_picked":["Runic Dome","Inserter"],"picked":"Coffee Dripper"}],"items_purged_floors":[2,7,20],"is_endless":false,"potions_floor_spawned":[5,10,11,13,24,31],"killed_by":"Collector","ascension_level":20}}