{"host":"lv7etzzgwahaenh9","time":1613534553,"event":{"mods":["AchievementEnabler","BaseMod","Colored Map","Colored Powertips","Highlight Path","Minty Spire (QoL Compilation)","Permanent Neow","Quick Restart","Random Character Button","StSLib"],"gold_per_floor":[17,36,49,66,79,79,109,109,109,153,167,206,206,206,206,337,400,419,419,438,453,653,697,697,738,738,756,756,345,360,374,374,498,498,517,517,74,74,0,0,18,37,37,37,70,20,20,41,41,41,41,41,41,77,77,77],"floor_reached":55,"language":"ENG","playtime":3108,"items_purged":["Strike_G","Strike_G"],"score":1248,"play_id":"c3430df7-ea8f-4c5e-bc52-bf3054f4c246","local_time":"20210216200233","is_ascension_mode":true,"campfire_choices":[{"data":"Noxious Fumes","floor":6.0,"key":"SMITH"},{"data":"Neutralize","floor":13.0,"key":"SMITH"},{"data":"Caltrops","floor":15.0,"key":"SMITH"},{"floor":24.0,"key":"REST"},{"data":"Ghostly","floor":32.0,"key":"SMITH"},{"data":"Apotheosis","floor":40.0,"key":"SMITH"},{"data":"Ghostly","floor":44.0,"key":"SMITH"},{"floor":47.0,"key":"RECALL"},{"data":"Bouncing Flask","floor":49.0,"key":"SMITH"},{"data":"Wraith Form v2","floor":52.0,"key":"SMITH"}],"circlet_count":0,"master_deck":["AscendersBane","Strike_G","Strike_G","Defend_G","Defend_G","Defend_G","Defend_G","Survivor+1","Neutralize+1","Phantasmal Killer","Noxious Fumes+1","Terror","Slice","Dagger Spray","Caltrops+1","Bouncing Flask+1","Blur","Sucker Punch","Eviscerate+1","Corpse Explosion","Footwork","PiercingWail","Cloak And Dagger+1","Blade Dance+1","Dagger Throw+1","Ghostly+1","Ghostly+1","Ghostly","Ghostly","Ghostly","PiercingWail","Deflect","Wraith Form v2+1","Deflect+1","The Bomb","Apotheosis+1","Parasite","Predator+1"],"relics":["Ring of the Snake","Dead Branch","Golden Idol","Juzu Bracelet","Bronze Scales","Molten Egg 2","Tiny House","Incense Burner","Boot","Eternal Feather","Lizard Tail","SlaversCollar","Centennial Puzzle","Red Mask","Happy Flower","Vajra","Pantograph"],"acts_visited":["Exordium","TheCity","TheBeyond","TheEnding"],"potions_floor_usage":[55,55],"damage_taken":[{"damage":6.0,"enemies":"Jaw Worm","floor":1.0,"turns":4.0},{"damage":4.0,"enemies":"2 Louse","floor":2.0,"turns":4.0},{"damage":1.0,"enemies":"Cultist","floor":3.0,"turns":4.0},{"damage":0.0,"enemies":"Large Slime","floor":4.0,"turns":5.0},{"damage":6.0,"enemies":"Red Slaver","floor":5.0,"turns":5.0},{"damage":5.0,"enemies":"3 Sentries","floor":7.0,"turns":4.0},{"damage":0.0,"enemies":"Gremlin Nob","floor":10.0,"turns":2.0},{"damage":1.0,"enemies":"Looter","floor":11.0,"turns":3.0},{"damage":2.0,"enemies":"3 Sentries","floor":12.0,"turns":4.0},{"damage":24.0,"enemies":"Hexaghost","floor":16.0,"turns":7.0},{"damage":24.0,"enemies":"Shell Parasite","floor":18.0,"turns":5.0},{"damage":0.0,"enemies":"Chosen","floor":20.0,"turns":4.0},{"damage":8.0,"enemies":"Snake Plant","floor":21.0,"turns":5.0},{"damage":16.0,"enemies":"Gremlin Leader","floor":23.0,"turns":6.0},{"damage":33.0,"enemies":"Book of Stabbing","floor":25.0,"turns":5.0},{"damage":2.0,"enemies":"Chosen and Byrds","floor":27.0,"turns":4.0},{"damage":1.0,"enemies":"Snecko","floor":30.0,"turns":5.0},{"damage":0.0,"enemies":"Snake Plant","floor":31.0,"turns":3.0},{"damage":84.0,"enemies":"Automaton","floor":33.0,"turns":13.0},{"damage":1.0,"enemies":"Orb Walker","floor":35.0,"turns":2.0},{"damage":4.0,"enemies":"3 Darklings","floor":41.0,"turns":5.0},{"damage":1.0,"enemies":"Jaw Worm Horde","floor":42.0,"turns":7.0},{"damage":1.0,"enemies":"Reptomancer","floor":45.0,"turns":7.0},{"damage":22.0,"enemies":"Writhing Mass","floor":48.0,"turns":8.0},{"damage":3.0,"enemies":"Time Eater","floor":50.0,"turns":9.0},{"damage":2.0,"enemies":"Shield and Spear","floor":54.0,"turns":5.0},{"damage":56,"enemies":"The Heart","floor":55,"turns":8}],"seed_played":"3326520941836258951","potions_obtained":[{"floor":1.0,"key":"BlessingOfTheForge"},{"floor":2.0,"key":"FairyPotion"},{"floor":7.0,"key":"SteroidPotion"},{"floor":11.0,"key":"CunningPotion"},{"floor":17.0,"key":"Explosive Potion"},{"floor":23.0,"key":"DistilledChaos"},{"floor":30.0,"key":"Block Potion"},{"floor":33.0,"key":"Strength Potion"},{"floor":42.0,"key":"EntropicBrew"},{"floor":45.0,"key":"LiquidBronze"}],"is_trial":false,"path_per_floor":["M","M","M","M","M","R","E","?","T","E","M","E","R","?","R","B",null,"M","?","M","M","?","E","R","E","T","M","?","$","M","M","R","B",null,"M","?","$","?","?","R","M","M","T","R","E","?","R","M","R","B",null,"R","$","E","B"],"character_chosen":"THE_SILENT","items_purchased":["Lizard Tail","PiercingWail","Apotheosis","Centennial Puzzle"],"campfire_rested":1,"item_purchase_floors":[29,29,37,37],"current_hp_per_floor":[57,53,52,52,46,46,41,41,41,41,40,38,38,38,38,14,57,33,33,33,25,25,9,30,21,21,19,19,19,18,18,35,17,31,30,30,30,30,30,35,31,30,30,35,34,34,35,13,34,31,34,35,35,33,0,0],"gold":77,"neow_bonus":"THREE_RARE_CARDS","is_daily":false,"chose_seed":false,"campfire_upgraded":8,"win_rate":0.0,"timestamp":1613534553,"path_taken":["M","M","M","M","M","R","E","?","T","E","M","E","R","?","R","BOSS","M","?","M","M","?","E","R","E","T","M","?","$","M","M","R","BOSS","M","?","$","?","?","R","M","M","T","R","E","?","R","M","R","BOSS","R","$","E","BOSS"],"items_purchased_type":["Relic","Card","Card","Relic"],"build_version":"2020-12-22","purchased_purges":2,"victory":false,"max_hp_per_floor":[70,70,70,70,70,70,70,65,65,65,65,65,65,65,65,65,70,70,70,70,70,70,70,70,70,70,70,35,35,35,35,35,35,35,35,35,35,35,35,35,35,35,35,35,35,35,35,35,35,35,35,35,35,35,35,35],"card_choices":[{"not_picked":["Night Terror","Wraith Form v2"],"picked":"Phantasmal Killer","floor":0.0},{"not_picked":["All Out Attack","Terror"],"picked":"Noxious Fumes","floor":1.0},{"not_picked":["Acrobatics","Quick Slash"],"picked":"Terror","floor":2.0},{"not_picked":["Masterful Stab","Flying Knee"],"picked":"Slice","floor":3.0},{"not_picked":["Acrobatics","Prepared"],"picked":"Dagger Spray","floor":4.0},{"not_picked":["Backstab","Heel Hook"],"picked":"Caltrops","floor":5.0},{"not_picked":["Die Die Die","Underhanded Strike"],"picked":"Bouncing Flask","floor":7.0},{"not_picked":["Dagger Spray","Underhanded Strike"],"picked":"Blur","floor":10.0},{"not_picked":["Acrobatics","Distraction"],"picked":"Sucker Punch","floor":11.0},{"not_picked":["Grand Finale+1","Cloak And Dagger"],"picked":"Eviscerate+1","floor":12.0},{"not_picked":["A Thousand Cuts","Doppelganger"],"picked":"Corpse Explosion","floor":16.0},{"not_picked":["Eviscerate+1","Dodge and Roll"],"picked":"Footwork","floor":17.0},{"not_picked":["Finisher+1","Sucker Punch+1"],"picked":"PiercingWail","floor":18.0},{"not_picked":["Slice+1","Dagger Spray+1"],"picked":"Cloak And Dagger+1","floor":20.0},{"not_picked":["Poisoned Stab+1","Infinite Blades"],"picked":"Blade Dance+1","floor":21.0},{"not_picked":["Sucker Punch+1","Underhanded Strike+1","Accuracy"],"picked":"SKIP","floor":23.0},{"not_picked":["Prepared","Bouncing Flask"],"picked":"Dagger Throw+1","floor":25.0},{"not_picked":["Sucker Punch+1","Expertise","Underhanded Strike+1"],"picked":"SKIP","floor":27.0},{"not_picked":["Unload+1","Poisoned Stab+1"],"picked":"Deflect","floor":30.0},{"not_picked":["Slice+1","Poisoned Stab+1","Terror"],"picked":"SKIP","floor":31.0},{"not_picked":["Storm of Steel","Malaise"],"picked":"Wraith Form v2","floor":33.0},{"not_picked":["Blade Dance+1","Terror"],"picked":"Deflect+1","floor":35.0},{"not_picked":["Flash of Steel+1","Trip"],"picked":"The Bomb","floor":36.0},{"not_picked":["Expertise","Riddle With Holes+1","Bane+1"],"picked":"SKIP","floor":41.0},{"not_picked":["Dagger Spray+1","Quick Slash+1","Flying Knee+1"],"picked":"SKIP","floor":42.0},{"not_picked":["PiercingWail","Die Die Die+1","Bane+1"],"picked":"SKIP","floor":45.0},{"not_picked":["Poisoned Stab+1","PiercingWail"],"picked":"Predator+1","floor":48.0},{"not_picked":["Reflex","Doppelganger","Acrobatics+1"],"picked":"SKIP","floor":54.0}],"player_experience":401227,"relics_obtained":[{"floor":7.0,"key":"Dead Branch"},{"floor":9.0,"key":"Juzu Bracelet"},{"floor":10.0,"key":"Bronze Scales"},{"floor":12.0,"key":"Molten Egg 2"},{"floor":23.0,"key":"Incense Burner"},{"floor":25.0,"key":"Boot"},{"floor":26.0,"key":"Eternal Feather"},{"floor":45.0,"key":"Happy Flower"},{"floor":54.0,"key":"Pantograph"}],"event_choices":[{"damage_healed":0.0,"max_hp_gain":0.0,"max_hp_loss":5.0,"gold_gain":0.0,"event_name":"Golden Idol","player_choice":"Lose Max HP","floor":8.0,"gold_loss":0.0,"damage_taken":0.0,"relics_obtained":["Golden Idol"]},{"cards_removed":["Strike_G"],"damage_healed":0.0,"max_hp_gain":0.0,"max_hp_loss":0.0,"gold_gain":0.0,"event_name":"Purifier","player_choice":"Purged","floor":14.0,"gold_loss":0.0,"damage_taken":0.0},{"damage_healed":0.0,"max_hp_gain":0.0,"max_hp_loss":0.0,"gold_gain":0.0,"event_name":"Cursed Tome","player_choice":"Ignored","floor":19.0,"gold_loss":0.0,"damage_taken":0.0},{"damage_healed":0.0,"max_hp_gain":0.0,"max_hp_loss":0.0,"gold_gain":200.0,"event_name":"Wheel of Change","player_choice":"Gold","floor":22.0,"gold_loss":0.0,"damage_taken":0.0},{"damage_healed":0.0,"max_hp_gain":0.0,"max_hp_loss":35.0,"gold_gain":0.0,"event_name":"Ghosts","player_choice":"Became a Ghost","floor":28.0,"gold_loss":0.0,"damage_taken":0.0,"cards_obtained":["Ghostly","Ghostly","Ghostly","Ghostly","Ghostly"]},{"damage_healed":0.0,"max_hp_gain":0.0,"max_hp_loss":0.0,"gold_gain":0.0,"event_name":"SensoryStone","player_choice":"Memory 1","floor":36.0,"gold_loss":0.0,"damage_taken":0.0},{"cards_removed":["Defend_G"],"damage_healed":0.0,"max_hp_gain":0.0,"max_hp_loss":0.0,"gold_gain":0.0,"event_name":"Purifier","player_choice":"Purged","floor":38.0,"gold_loss":0.0,"damage_taken":0.0},{"damage_healed":0.0,"max_hp_gain":0.0,"max_hp_loss":0.0,"gold_gain":0.0,"event_name":"Tomb of Lord Red Mask","player_choice":"Paid","floor":39.0,"gold_loss":74.0,"damage_taken":0.0,"relics_obtained":["Red Mask"]},{"damage_healed":0.0,"max_hp_gain":0.0,"max_hp_loss":0.0,"gold_gain":0.0,"event_name":"WeMeetAgain","player_choice":"Paid Gold","floor":46.0,"gold_loss":50.0,"damage_taken":0.0,"relics_obtained":["Vajra"]}],"is_beta":false,"boss_relics":[{"not_picked":["Sozu","HoveringKite"],"picked":"Tiny House"},{"not_picked":["WristBlade","Snecko Eye"],"picked":"SlaversCollar"}],"items_purged_floors":[29,37],"is_endless":false,"potions_floor_spawned":[1,2,7,11,18,23,30,33,42,45,48],"killed_by":"The Heart","ascension_level":11}}