{"host":"zwfn3igoxym2o8ah","time":1613587870,"event":{"mods":["AchievementEnabler","BaseMod","Downfall","Hermit","Minty Spire (QoL Compilation)","Quick Restart","Replay The Spire","StSLib","The Cursed"],"gold_per_floor":[118,118,130,59,76,102,102,102,154,167,167,177,190,190,190,207,207,302,302,319,330,344,264,444,444,444],"floor_reached":25,"language":"ENG","playtime":2502,"items_purged":[],"score":255,"play_id":"4030b984-db2e-4d09-852e-3f7af987addb","local_time":"20210217135110","is_ascension_mode":false,"campfire_choices":[{"floor":7,"key":"REST"},{"data":"Armaments","floor":11,"key":"SMITH"},{"data":"ReplayTheSpireMod:LeadingStrike","floor":17,"key":"SMITH"}],"circlet_count":0,"master_deck":["Strike_R","Strike_R","Strike_R","Strike_R","Strike_R","Defend_R","Defend_R","Defend_R","Defend_R","Bash","Rupture+1","Sword Boomerang","Hemokinesis","Burning Pact","Armaments+1","Clothesline","Pommel Strike","Demon Form","ReplayTheSpireMod:LeadingStrike+1","Headbutt","Flame Barrier","Rampage","Metallicize","Cleave"],"relics":["Black Blood","ReplayTheSpireMod:TigerMarble","Lantern"],"acts_visited":["Exordium","TheCity"],"potions_floor_usage":[6,18,18,18,20,21],"damage_taken":[{"damage":1,"enemies":"Jaw Worm","floor":1,"turns":6},{"damage":5,"enemies":"Cultist","floor":3,"turns":4},{"damage":5,"enemies":"Small Slimes","floor":5,"turns":3},{"damage":50,"enemies":"3 Sentries","floor":6,"turns":9},{"damage":5,"enemies":"Red Slaver","floor":10,"turns":3},{"damage":4,"enemies":"Large Slime","floor":12,"turns":4},{"damage":4,"enemies":"Blue Slaver","floor":13,"turns":2},{"damage":8,"enemies":"Exordium Wildlife","floor":16,"turns":3},{"damage":10,"enemies":"Fading Forest","floor":18,"turns":11},{"damage":45,"enemies":"Shell Parasite","floor":20,"turns":5},{"damage":7,"enemies":"Spheric Guardian","floor":21,"turns":4},{"damage":39,"enemies":"Shelled Parasite and Fungi","floor":22,"turns":8},{"damage":14,"enemies":"Snake Plant","floor":25,"turns":2}],"seed_played":"5359186544183611543","potions_obtained":[{"floor":1,"key":"SteroidPotion"},{"floor":8,"key":"LifebloodPotion"},{"floor":8,"key":"Dexterity Potion"},{"floor":8,"key":"Toxic Potion"},{"floor":10,"key":"PowerPotion"},{"floor":18,"key":"GamblersBrew"},{"floor":20,"key":"Block Potion"}],"is_trial":false,"path_per_floor":["M","?","M","$","M","E","R","?","T","M","R","M","M","PTL","PTL","M","R","B",null,"M","M","M","$","?","M"],"character_chosen":"IRONCLAD","items_purchased":["Hemokinesis","Metallicize","Cleave"],"campfire_rested":1,"item_purchase_floors":[4,23,23],"current_hp_per_floor":[88,88,88,88,88,44,70,70,70,75,75,77,79,79,79,86,86,82,88,55,60,33,33,14,0,0],"gold":444,"neow_bonus":"TEN_PERCENT_HP_BONUS","is_daily":false,"chose_seed":false,"campfire_upgraded":2,"win_rate":0.0,"timestamp":1613587870,"path_taken":["M","?","M","$","?","E","R","?","T","M","R","?","M","PTL","PTL","M","R","BOSS","M","M","M","$","?","?"],"items_purchased_type":["Card","Card","Card"],"build_version":"2020-12-22","purchased_purges":0,"victory":false,"max_hp_per_floor":[88,88,88,88,88,88,88,88,88,88,88,88,88,88,88,88,88,88,88,88,88,88,88,88,88,88],"card_choices":[{"not_picked":["Pommel Strike","Perfected Strike"],"picked":"Rupture","floor":1},{"not_picked":["Body Slam","True Grit"],"picked":"Sword Boomerang","floor":3},{"not_picked":["Perfected Strike","Pummel"],"picked":"Burning Pact","floor":5},{"not_picked":["Sword Boomerang","Twin Strike"],"picked":"Armaments","floor":6},{"not_picked":["Sever Soul","Body Slam"],"picked":"Clothesline","floor":10},{"not_picked":["Entrench","Thunderclap"],"picked":"Pommel Strike","floor":12},{"not_picked":["Life Link","Clash"],"picked":"Demon Form","floor":13},{"not_picked":["Anger","Perfected Strike"],"picked":"ReplayTheSpireMod:LeadingStrike","floor":16},{"not_picked":["Dual Wield","Pommel Strike"],"picked":"Headbutt","floor":20},{"not_picked":["Perfected Strike","Clothesline"],"picked":"Flame Barrier","floor":21},{"not_picked":["Perfected Strike","Uppercut"],"picked":"Rampage","floor":22}],"player_experience":0,"relics_obtained":[{"floor":6,"key":"ReplayTheSpireMod:TigerMarble"},{"floor":9,"key":"Lantern"}],"event_choices":[{"damage_healed":0,"gold_gain":0,"player_choice":"Upgraded","damage_taken":0,"max_hp_gain":0,"max_hp_loss":0,"event_name":"Upgrade Shrine","floor":2,"gold_loss":0,"cards_upgraded":["Rupture"]},{"damage_healed":0,"gold_gain":0,"player_choice":"Got Potions","damage_taken":0,"max_hp_gain":0,"max_hp_loss":0,"event_name":"Lab","floor":8,"gold_loss":0},{"damage_healed":0,"gold_gain":180,"player_choice":"GOLD GOLD ","damage_taken":19,"max_hp_gain":0,"max_hp_loss":0,"event_name":"Knowing Skull","floor":24,"potions_obtained":[],"gold_loss":0,"cards_obtained":[]}],"is_beta":false,"boss_relics":[{"not_picked":["bronze:MakeshiftBattery","SlaversCollar"],"picked":"Black Blood"}],"items_purged_floors":[],"is_endless":false,"potions_floor_spawned":[1,10,12,13,18,20],"killed_by":"Snake Plant","ascension_level":0}}