{"host":"9slw7l0ws16384qq","time":1613595546,"event":{"mods":["A Penny For Your Troubles","BaseMod","Colored Map","Downfall","Evolution","Hubris","Minty Spire (QoL Compilation)","Replay The Spire","StS++","StSLib"],"gold_per_floor":[99,112,126,36,48,48,48,67,67,81,66,91,91,107,125,199,199,199,219,239,249,38,23,23,23,33,33,43,43,43,54,64,64,64,64],"floor_reached":33,"language":"FRA","playtime":5274,"items_purged":["hubris:Compulsion","Guardian:Strike_Guardian"],"score":430,"play_id":"1d7d33a7-6daf-44c6-a5ea-b70f43013644","local_time":"20210217215906","is_ascension_mode":true,"campfire_choices":[{"data":"Guardian:TwinSlam","floor":6.0,"key":"SMITH"},{"floor":9.0,"key":"REST"},{"data":"Guardian:Clone","floor":13.0,"key":"SMITH"},{"floor":18,"key":"RECALL"},{"data":"Guardian:FierceBash","floor":30,"key":"SMITH"}],"circlet_count":0,"master_deck":["AscendersBane","Guardian:Strike_Guardian","Guardian:Strike_Guardian","Guardian:Strike_Guardian","Guardian:Defend_Guardian","Guardian:Defend_Guardian","Guardian:Defend_Guardian","Guardian:Defend_Guardian","Guardian:CurlUp","Guardian:TwinSlam+1","Guardian:ShieldCharger","Guardian:Clone+1","Guardian:SentryBeam","Guardian:FierceBash+1","CurseOfTheBell","Guardian:TwinSlam+1"],"relics":["Guardian:ModeShifter","EVO:Axolotl","StSpp:BoiledEgg","Calipers","Onion Ring","Meat on the Bone","Replay:Grab Bag","Busted Crown","Coffee Dripper","Calling Bell","Smiling Mask","StSpp:SailorCap","hubris:64BitClover","DollysMirror","StSpp:BrokenTotem","Letter Opener"],"acts_visited":["Exordium","TheCity"],"potions_floor_usage":[19,22,32,33,33],"damage_taken":[{"damage":7.0,"enemies":"Jaw Worm","floor":2.0,"turns":4.0},{"damage":0.0,"enemies":"Small Slimes","floor":3.0,"turns":6.0},{"damage":5.0,"enemies":"downfall:FleeingMerchant","floor":4.0,"turns":4.0},{"damage":2.0,"enemies":"Cultist","floor":5.0,"turns":4.0},{"damage":7.0,"enemies":"Blue Slaver","floor":8.0,"turns":3.0},{"damage":3.0,"enemies":"Lots of Slimes","floor":10.0,"turns":4.0},{"damage":2.0,"enemies":"downfall:FleeingMerchant","floor":11.0,"turns":4.0},{"damage":10.0,"enemies":"Replay:BlueRogue","floor":12.0,"turns":14.0},{"damage":3.0,"enemies":"3 Louse","floor":14.0,"turns":6.0},{"damage":3.0,"enemies":"Exordium Thugs","floor":15.0,"turns":6.0},{"damage":33.0,"enemies":"WA_ARCHETYPE_RETAIN","floor":16.0,"turns":13.0},{"damage":0,"enemies":"Shell Parasite","floor":19,"turns":5},{"damage":4,"enemies":"3 Byrds","floor":20,"turns":5},{"damage":7,"enemies":"Snecko","floor":21,"turns":5},{"damage":0,"enemies":"downfall:FleeingMerchant","floor":22,"turns":4},{"damage":17,"enemies":"downfall:FleeingMerchant","floor":23,"turns":4},{"damage":3,"enemies":"Cultist and Chosen","floor":26,"turns":6},{"damage":19,"enemies":"Snake Plant","floor":28,"turns":5},{"damage":7,"enemies":"3 Cultists","floor":31,"turns":5},{"damage":33,"enemies":"Cultist and Chosen","floor":32,"turns":7},{"damage":36,"enemies":"IC_MUSHROOM_ARCHETYPE","floor":33,"turns":7}],"seed_played":"-8290552362907144992","potions_obtained":[{"floor":2.0,"key":"StSpp:ScatteredWeakPotion"},{"floor":5.0,"key":"Guardian:StasisDiscoveryPotion"},{"floor":8.0,"key":"AttackPotion"},{"floor":14.0,"key":"FearPotion"},{"floor":15.0,"key":"Dexterity Potion"},{"floor":16.0,"key":"Guardian:AcceleratePotion"},{"floor":19,"key":"Adrenaline Potion"},{"floor":26,"key":"DuplicationPotion"},{"floor":28,"key":"Weak Potion"},{"floor":32,"key":"Guardian:BlockOnCardUsePotion"}],"is_trial":false,"path_per_floor":["R_BF","M","M","$","M","R","T","M","R","M","$","E","R","M","M","B",null,"R_BF","M","M","M","$","$","T","T","M","?","M","?","R","M","M","B"],"character_chosen":"GUARDIAN","items_purchased":["DollysMirror"],"campfire_rested":1,"item_purchase_floors":[22],"current_hp_per_floor":[58,51,51,46,44,44,44,37,58,55,53,43,43,40,37,16,58,58,58,54,47,47,42,42,42,39,63,44,44,44,37,16,0,0,0],"gold":64,"neow_bonus":"ONE_RARE_RELIC","is_daily":false,"chose_seed":false,"campfire_upgraded":3,"win_rate":0.0,"timestamp":1613595546,"path_taken":["R_BF","M","M","$","M","R","T","M","R","M","?","E","R","M","M","BOSS","R_BF","M","M","M","?","$","T","?","?","?","M","?","R","M","M","BOSS"],"items_purchased_type":["Relic"],"build_version":"2020-12-22","purchased_purges":2,"victory":false,"max_hp_per_floor":[72,72,72,72,72,72,72,72,72,72,72,72,72,72,72,72,72,72,72,72,72,72,72,72,72,72,72,72,72,72,72,72,72,72,72],"card_choices":[{"not_picked":["Guardian:Incinerate","Guardian:CrystalBeam","Guardian:TemporalStrike"],"picked":"SKIP","floor":2.0},{"not_picked":["Guardian:Gem_Red","Guardian:Gem_Yellow","Guardian:ArmoredProtocol"],"picked":"SKIP","floor":3.0},{"not_picked":["Guardian:WalkerClaw","Guardian:BodySlam"],"picked":"Guardian:Gem_Cyan","floor":4.0},{"not_picked":["Guardian:BronzeArmor","Guardian:PolyBeam"],"picked":"Guardian:Gem_Cyan","floor":5.0},{"not_picked":["Guardian:Incinerate","Guardian:MultiBeam","Guardian:WalkerClaw"],"picked":"SKIP","floor":8.0},{"not_picked":["Guardian:Gem_Green","Guardian:EvasiveProtocol"],"picked":"Guardian:ShieldCharger","floor":10.0},{"not_picked":["Guardian:GuardianWhirl","Guardian:Gem_Purple","Guardian:PrimingBeam"],"picked":"SKIP","floor":11.0},{"not_picked":["Guardian:CompilePackage","Guardian:RefractedBeam"],"picked":"Guardian:Clone","floor":12.0},{"not_picked":["Guardian:TimeCapacitor","Guardian:Gem_Purple"],"picked":"Guardian:SentryBeam","floor":14.0},{"not_picked":["Guardian:PiercingHide","Guardian:Gem_Purple","Guardian:Reroute"],"picked":"SKIP","floor":15.0},{"not_picked":["Guardian:Gem_Synthetic","Guardian:GemFire"],"picked":"Guardian:FierceBash","floor":16.0},{"not_picked":["Guardian:ShieldCharger"],"picked":"SKIP","floor":19},{"not_picked":["Guardian:Harden"],"picked":"SKIP","floor":20},{"not_picked":["Guardian:Planning"],"picked":"SKIP","floor":21},{"not_picked":["Guardian:Planning"],"picked":"SKIP","floor":22},{"not_picked":["Guardian:TimeCapacitor"],"picked":"SKIP","floor":23},{"not_picked":["Guardian:PrismaticBarrier"],"picked":"SKIP","floor":26},{"not_picked":["Guardian:Gem_Cyan"],"picked":"SKIP","floor":28},{"not_picked":["Guardian:SpikerProtocol"],"picked":"SKIP","floor":31},{"not_picked":["Guardian:Gem_White"],"picked":"SKIP","floor":32}],"player_experience":1695470,"relics_obtained":[{"floor":7.0,"key":"Onion Ring"},{"floor":12.0,"key":"Meat on the Bone"},{"floor":17,"key":"Smiling Mask"},{"floor":17,"key":"StSpp:SailorCap"},{"floor":17,"key":"hubris:64BitClover"},{"floor":24,"key":"StSpp:BrokenTotem"},{"floor":32,"key":"Letter Opener"}],"event_choices":[{"damage_healed":0.0,"max_hp_gain":0.0,"max_hp_loss":0.0,"gold_gain":0.0,"event_name":"Scrap Ooze","player_choice":"Success","floor":1.0,"gold_loss":0.0,"damage_taken":7.0,"relics_obtained":["Calipers"]},{"damage_healed":24,"gold_gain":0,"player_choice":"Heal","damage_taken":0,"max_hp_gain":0,"max_hp_loss":0,"event_name":"The Library","floor":27,"gold_loss":0}],"is_beta":false,"boss_relics":[{"not_picked":["Guardian:StasisSlotReductionRelic","Abe\u0027s Treasure"],"picked":"Replay:Grab Bag"},{"not_picked":["hubris:TerracottaHorce","Runic Dome"],"picked":"Busted Crown"},{"not_picked":["hubris:CrackedHourglass","hubris:RunicObelisk"],"picked":"Coffee Dripper"},{"not_picked":["Black Star","StSpp:Magatama"],"picked":"Calling Bell"}],"items_purged_floors":[4,22],"is_endless":false,"potions_floor_spawned":[2,5,8,14,15,16,19,26,28,32],"killed_by":"IC_MUSHROOM_ARCHETYPE","ascension_level":14}}