{"host":"kcg3v0hgymzitgl9","time":1613550345,"event":{"mods":["BaseMod","Colored Map","DeckTracker","Minty Spire (QoL Compilation)","Relic Stats","Weighted Paths"],"gold_per_floor":[115,115,4,16,28,28,59,59,84,101,127,145,145,160,160,263,263,280,293,293,293,170,196,196,214,214,225,15,25,55,75,75,173,173,185,239,239,239,15,47,97,116,116,26,46,72,72,84,84,84,84,84,12,45,45,45],"floor_reached":55,"language":"ENG","playtime":6239,"items_purged":["Strike_R","Bash","Strike_R","Defend_R"],"score":752,"play_id":"cc4425ad-cf08-4d5f-9795-4e72c80cbd9a","local_time":"20210217192544","is_ascension_mode":false,"campfire_choices":[{"data":"Iron Wave","floor":6.0,"key":"SMITH"},{"data":"Dual Wield","floor":8.0,"key":"SMITH"},{"data":"Anger","floor":13.0,"key":"SMITH"},{"data":"Disarm","floor":15.0,"key":"SMITH"},{"data":"Body Slam","floor":24.0,"key":"SMITH"},{"data":"Metallicize","floor":32.0,"key":"SMITH"},{"floor":49.0,"key":"RECALL"},{"data":"Offering","floor":52.0,"key":"SMITH"}],"circlet_count":0,"master_deck":["Strike_R","Strike_R","Strike_R","Defend_R","Defend_R","Defend_R","Anger+1","Metallicize+1","Iron Wave","Iron Wave+1","Dual Wield+1","Thunderclap","Disarm+1","Flex","Exhume","Disarm","Anger+1","Body Slam+1","Rage+1","Body Slam+1","Blind","Shrug It Off+1","Intimidate","Burning Pact+1","Inflame","Offering+1","Warcry+1","Seeing Red+1","Panacea","Metallicize+1","Juggernaut+1","Madness","Madness"],"relics":["Black Blood","NeowsBlessing","Omamori","Incense Burner","Philosopher\u0027s Stone","Thread and Needle","Bag of Marbles","Bag of Preparation","Unceasing Top","Meat on the Bone","Torii","Frozen Egg 2","Champion Belt","Ornamental Fan"],"acts_visited":["Exordium","TheCity","TheBeyond","TheEnding"],"potions_floor_usage":[55,55],"damage_taken":[{"damage":0.0,"enemies":"2 Louse","floor":1.0,"turns":1.0},{"damage":0.0,"enemies":"Cultist","floor":4.0,"turns":1.0},{"damage":0.0,"enemies":"Small Slimes","floor":5.0,"turns":1.0},{"damage":20.0,"enemies":"Gremlin Nob","floor":7.0,"turns":4.0},{"damage":4.0,"enemies":"Blue Slaver","floor":10.0,"turns":4.0},{"damage":27.0,"enemies":"Lagavulin","floor":11.0,"turns":7.0},{"damage":3.0,"enemies":"Exordium Wildlife","floor":12.0,"turns":3.0},{"damage":6.0,"enemies":"Large Slime","floor":14.0,"turns":8.0},{"damage":9.0,"enemies":"Hexaghost","floor":16.0,"turns":12.0},{"damage":8.0,"enemies":"Spheric Guardian","floor":18.0,"turns":8.0},{"damage":7.0,"enemies":"Chosen","floor":19.0,"turns":7.0},{"damage":6.0,"enemies":"Book of Stabbing","floor":23.0,"turns":8.0},{"damage":4.0,"enemies":"Centurion and Healer","floor":25.0,"turns":9.0},{"damage":17.0,"enemies":"Shelled Parasite and Fungi","floor":27.0,"turns":9.0},{"damage":0.0,"enemies":"Sentry and Sphere","floor":29.0,"turns":10.0},{"damage":13.0,"enemies":"Gremlin Leader","floor":30.0,"turns":10.0},{"damage":0.0,"enemies":"3 Cultists","floor":31.0,"turns":7.0},{"damage":44.0,"enemies":"Champ","floor":33.0,"turns":20.0},{"damage":16.0,"enemies":"3 Shapes","floor":35.0,"turns":8.0},{"damage":59.0,"enemies":"2 Orb Walkers","floor":36.0,"turns":10.0},{"damage":15.0,"enemies":"Nemesis","floor":40.0,"turns":8.0},{"damage":2.0,"enemies":"Mind Bloom Boss Battle","floor":41.0,"turns":4.0},{"damage":7.0,"enemies":"3 Darklings","floor":42.0,"turns":4.0},{"damage":7.0,"enemies":"Writhing Mass","floor":45.0,"turns":6.0},{"damage":8.0,"enemies":"Reptomancer","floor":46.0,"turns":3.0},{"damage":6.0,"enemies":"Sphere and 2 Shapes","floor":48.0,"turns":6.0},{"damage":16.0,"enemies":"Awakened One","floor":50.0,"turns":9.0},{"damage":22.0,"enemies":"Shield and Spear","floor":54.0,"turns":7.0},{"damage":49,"enemies":"The Heart","floor":55,"turns":5}],"seed_played":"-8827120378266662773","potions_obtained":[{"floor":5.0,"key":"GamblersBrew"},{"floor":11.0,"key":"SkillPotion"},{"floor":12.0,"key":"EssenceOfSteel"},{"floor":14.0,"key":"EntropicBrew"},{"floor":18.0,"key":"BlessingOfTheForge"},{"floor":25.0,"key":"SkillPotion"},{"floor":30.0,"key":"FearPotion"},{"floor":35.0,"key":"AttackPotion"},{"floor":40.0,"key":"ColorlessPotion"},{"floor":41.0,"key":"Fire Potion"},{"floor":45.0,"key":"Dexterity Potion"},{"floor":48.0,"key":"Fire Potion"}],"is_trial":false,"path_per_floor":["M","?","$","M","M","R","E","R","T","M","E","M","R","M","R","B",null,"M","M","?","?","$","E","R","M","T","M","$","M","E","M","R","B",null,"M","?","?","?","$","E","?","M","T","$","M","E","?","M","R","B",null,"R","$","E","B"],"character_chosen":"IRONCLAD","items_purchased":["Metallicize","Body Slam","Blind","Inflame","Panacea","LiquidBronze"],"campfire_rested":0,"item_purchase_floors":[3,22,28,39,44,53],"current_hp_per_floor":[80,72,72,78,80,80,66,66,66,68,47,50,50,50,50,47,80,78,77,77,77,77,77,77,79,79,68,68,74,67,73,73,35,80,76,29,70,70,70,67,70,70,70,70,70,70,61,67,67,63,70,70,70,60,11,11],"gold":45,"neow_bonus":"THREE_ENEMY_KILL","is_daily":false,"chose_seed":false,"campfire_upgraded":7,"win_rate":0.0,"timestamp":1613550344,"path_taken":["M","?","$","M","M","R","E","R","T","?","E","M","R","M","R","BOSS","M","M","?","?","$","E","R","M","T","M","?","M","E","M","R","BOSS","M","?","?","?","$","E","?","M","T","$","M","E","?","M","R","BOSS","R","$","E","BOSS"],"items_purchased_type":["Card","Card","Card","Card","Card","Potion"],"build_version":"2020-12-22","purchased_purges":4,"victory":false,"max_hp_per_floor":[80,80,80,80,80,80,80,80,80,80,80,80,80,80,80,80,80,80,80,80,80,80,80,80,80,80,80,80,80,80,80,80,80,80,80,80,70,70,70,70,70,70,70,70,70,70,70,70,70,70,70,70,70,70,70,70],"relic_stats":{"Torii":28,"counters":[29,199],"Ornamental Fan":[0],"Black Blood":197,"Bag of Preparation":[26],"Champion Belt":[12],"obtain_stats":[{"NeowsBlessing":0,"Torii":41,"Black Blood":34,"Thread and Needle":23,"Omamori":7,"Incense Burner":11,"Bag of Preparation":30,"Frozen Egg 2":43,"Burning Blood":0,"Ornamental Fan":54,"Philosopher\u0027s Stone":17,"Bag of Marbles":26,"Champion Belt":46,"Unceasing Top":36,"Meat on the Bone":40},{"NeowsBlessing":0,"Torii":22,"Black Blood":18,"Thread and Needle":12,"Omamori":4,"Incense Burner":6,"Bag of Preparation":16,"Frozen Egg 2":23,"Burning Blood":0,"Ornamental Fan":28,"Philosopher\u0027s Stone":9,"Bag of Marbles":13,"Champion Belt":25,"Unceasing Top":20,"Meat on the Bone":21},{"NeowsBlessing":0,"Torii":159,"Black Blood":129,"Thread and Needle":64,"Omamori":7,"Incense Burner":18,"Bag of Preparation":102,"Frozen Egg 2":163,"Burning Blood":0,"Ornamental Fan":194,"Philosopher\u0027s Stone":41,"Bag of Marbles":73,"Champion Belt":172,"Unceasing Top":147,"Meat on the Bone":155}],"Unceasing Top":[85],"Meat on the Bone":0},"card_choices":[{"not_picked":["Clash","Seeing Red"],"picked":"Anger","floor":1.0},{"not_picked":["Armaments","Clash"],"picked":"Iron Wave","floor":4.0},{"not_picked":["Twin Strike","Shockwave"],"picked":"Iron Wave","floor":5.0},{"not_picked":["Havoc","Evolve"],"picked":"Dual Wield","floor":7.0},{"not_picked":["Shrug It Off","Twin Strike"],"picked":"Corruption","floor":10.0},{"not_picked":["Spot Weakness","Heavy Blade"],"picked":"Thunderclap","floor":11.0},{"not_picked":["Thunderclap","Rampage"],"picked":"Disarm","floor":12.0},{"not_picked":["Intimidate","Thunderclap"],"picked":"Flex","floor":14.0},{"not_picked":["Immolate","Bludgeon"],"picked":"Exhume","floor":16.0},{"not_picked":["Clash+1","Uppercut"],"picked":"Disarm","floor":18.0},{"not_picked":["Shockwave","Headbutt"],"picked":"Anger+1","floor":19.0},{"not_picked":["Shockwave+1","Dark Embrace"],"picked":"Rage+1","floor":23.0},{"not_picked":["Pommel Strike","Cleave"],"picked":"Body Slam+1","floor":25.0},{"not_picked":["Clothesline","Heavy Blade","Headbutt"],"picked":"SKIP","floor":27.0},{"not_picked":["Rupture","Carnage"],"picked":"Shrug It Off+1","floor":29.0},{"not_picked":["Thunderclap+1","Hemokinesis"],"picked":"Intimidate","floor":30.0},{"not_picked":["Whirlwind+1","Thunderclap"],"picked":"Burning Pact+1","floor":31.0},{"not_picked":["Bludgeon","Limit Break"],"picked":"Exhume","floor":33.0},{"not_picked":["Clash+1","Flex+1","Twin Strike"],"picked":"SKIP","floor":35.0},{"not_picked":["Havoc","Clash"],"picked":"Offering","floor":40.0},{"not_picked":["Shrug It Off+1","Clash"],"picked":"Warcry+1","floor":41.0},{"not_picked":["Second Wind","Twin Strike"],"picked":"Seeing Red+1","floor":42.0},{"not_picked":["Warcry","Searing Blow+1"],"picked":"Metallicize+1","floor":45.0},{"not_picked":["Cleave+1","Iron Wave+1"],"picked":"Juggernaut+1","floor":46.0},{"not_picked":["Sentinel","Headbutt","Ghostly Armor+1"],"picked":"SKIP","floor":48.0},{"not_picked":["Headbutt","Brutality+1","Evolve+1"],"picked":"SKIP","floor":54.0}],"player_experience":326671,"relics_obtained":[{"floor":7.0,"key":"Omamori"},{"floor":11.0,"key":"Incense Burner"},{"floor":23.0,"key":"Thread and Needle"},{"floor":26.0,"key":"Bag of Marbles"},{"floor":30.0,"key":"Bag of Preparation"},{"floor":36.0,"key":"Unceasing Top"},{"floor":40.0,"key":"Meat on the Bone"},{"floor":41.0,"key":"Torii"},{"floor":43.0,"key":"Frozen Egg 2"},{"floor":46.0,"key":"Champion Belt"},{"floor":54.0,"key":"Ornamental Fan"}],"event_choices":[{"damage_healed":0.0,"max_hp_gain":0.0,"max_hp_loss":0.0,"gold_gain":0.0,"event_name":"Wheel of Change","player_choice":"Damaged","floor":2.0,"gold_loss":0.0,"damage_taken":8.0},{"damage_healed":0.0,"max_hp_gain":0.0,"max_hp_loss":0.0,"gold_gain":0.0,"event_name":"Vampires","player_choice":"Ignored","floor":20.0,"gold_loss":0.0,"damage_taken":0.0},{"cards_removed":["Corruption"],"damage_healed":0.0,"max_hp_gain":0.0,"max_hp_loss":0.0,"gold_gain":0.0,"event_name":"Back to Basics","player_choice":"Elegance","floor":21.0,"gold_loss":0.0,"damage_taken":0.0},{"damage_healed":0.0,"max_hp_gain":0.0,"max_hp_loss":0.0,"gold_gain":0.0,"event_name":"Mysterious Sphere","player_choice":"Fight","floor":36.0,"gold_loss":0.0,"damage_taken":0.0},{"damage_healed":70.0,"max_hp_gain":0.0,"max_hp_loss":10.0,"gold_gain":0.0,"event_name":"The Moai Head","player_choice":"Heal","floor":37.0,"gold_loss":0.0,"damage_taken":0.0},{"cards_removed":["Exhume"],"damage_healed":0.0,"max_hp_gain":0.0,"max_hp_loss":0.0,"gold_gain":0.0,"event_name":"Falling","player_choice":"Removed Skill","floor":38.0,"gold_loss":0.0,"damage_taken":0.0},{"damage_healed":0.0,"max_hp_gain":0.0,"max_hp_loss":0.0,"gold_gain":0.0,"event_name":"MindBloom","player_choice":"Fight","floor":41.0,"gold_loss":0.0,"damage_taken":0.0},{"damage_healed":0.0,"max_hp_gain":0.0,"max_hp_loss":0.0,"gold_gain":0.0,"event_name":"Winding Halls","player_choice":"Embrace Madness","floor":47.0,"gold_loss":0.0,"damage_taken":9.0,"cards_obtained":["Madness","Madness"]}],"is_beta":false,"boss_relics":[{"not_picked":["Black Star","Coffee Dripper"],"picked":"Philosopher\u0027s Stone"},{"not_picked":["Sozu","Snecko Eye"],"picked":"Black Blood"}],"items_purged_floors":[3,22,28,39],"is_endless":false,"potions_floor_spawned":[5,11,12,14,18,19,25,30,35,40,41,45,48],"killed_by":"The Heart","ascension_level":0}}