{"host":"tzwikg9s6mkzv6w0","time":1613537166,"event":{"mods":["BaseMod","Good Game Mod","Minty Spire (QoL Compilation)","Spicy Shops","StSLib"],"gold_per_floor":[113,113,124,143,154,154,154],"floor_reached":6,"language":"ZHS","playtime":163,"items_purged":[],"score":59,"play_id":"820896d8-9879-46ff-b77f-dcd17d28e964","local_time":"20210217124606","is_ascension_mode":true,"campfire_choices":[],"circlet_count":0,"master_deck":["AscendersBane","Strike_G","Strike_G","Strike_G","Strike_G","Strike_G","Defend_G","Defend_G","Defend_G","Defend_G","Defend_G","Survivor","Neutralize","Panache+1","Acrobatics","All Out Attack"],"relics":["Ring of the Snake","REME:ComplimentaryCards","NeowsBlessing"],"acts_visited":["Exordium"],"potions_floor_usage":[6],"damage_taken":[{"damage":0.0,"enemies":"Jaw Worm","floor":1.0,"turns":1.0},{"damage":0.0,"enemies":"Cultist","floor":3.0,"turns":1.0},{"damage":0.0,"enemies":"Small Slimes","floor":4.0,"turns":1.0},{"damage":7.0,"enemies":"Exordium Thugs","floor":5.0,"turns":6.0},{"damage":67,"enemies":"Gremlin Nob","floor":6,"turns":6}],"seed_played":"4608074573934460681","potions_obtained":[{"floor":3.0,"key":"CultistPotion"},{"floor":4.0,"key":"Swift Potion"}],"is_trial":false,"path_per_floor":["M","?","M","M","M","E"],"character_chosen":"THE_SILENT","items_purchased":[],"campfire_rested":0,"item_purchase_floors":[],"current_hp_per_floor":[63,63,63,63,56,0,0],"gold":154,"neow_bonus":"THREE_ENEMY_KILL","is_daily":false,"chose_seed":false,"campfire_upgraded":0,"win_rate":0.0,"timestamp":1613537166,"path_taken":["M","?","?","M","M","E"],"items_purchased_type":[],"build_version":"2020-12-22","purchased_purges":0,"victory":false,"max_hp_per_floor":[70,70,70,70,70,70,70],"card_choices":[{"not_picked":["PiercingWail","Dagger Spray","Dodge and Roll"],"picked":"SKIP","floor":1.0},{"not_picked":["Well Laid Plans","Backflip","Outmaneuver"],"picked":"SKIP","floor":3.0},{"not_picked":["Terror","Underhanded Strike"],"picked":"Acrobatics","floor":4.0},{"not_picked":["Flying Knee","Sucker Punch"],"picked":"All Out Attack","floor":5.0}],"player_experience":114400,"relics_obtained":[],"event_choices":[{"damage_healed":0.0,"max_hp_gain":0.0,"max_hp_loss":0.0,"gold_gain":0.0,"event_name":"Accursed Blacksmith","player_choice":"Forge","floor":2.0,"gold_loss":0.0,"damage_taken":0.0,"cards_upgraded":["Panache"]}],"is_beta":false,"boss_relics":[],"items_purged_floors":[],"is_endless":false,"potions_floor_spawned":[3,4],"killed_by":"Gremlin Nob","ascension_level":11}}