{"host":"c97twqu0op5dg8i4","time":1613602873,"event":{"mods":["AchievementEnabler","BaseMod","Colored Map","Minty Spire (QoL Compilation)","Permanent Neow"],"gold_per_floor":[168,178,178,191,266,266,266,266,266,276,276,301,301,345,345,476,476,489,514,538,628,191,191,191],"floor_reached":23,"language":"ENG","playtime":645,"items_purged":[],"score":358,"play_id":"fca96680-40cd-4347-9141-63749de6da5f","local_time":"20210217180113","is_ascension_mode":true,"campfire_choices":[{"data":"Zap","floor":6.0,"key":"SMITH"},{"data":"Beam Cell","floor":8.0,"key":"SMITH"},{"data":"Ball Lightning","floor":11.0,"key":"SMITH"},{"data":"Scrape","floor":15,"key":"SMITH"}],"circlet_count":0,"master_deck":["AscendersBane","Strike_B","Strike_B","Defend_B","Defend_B","Defend_B","Defend_B","Zap+1","Dualcast+1","Scrape+1","Beam Cell+1","Scrape","Streamline","Ball Lightning+1","FTL","All For One","Coolheaded","Ball Lightning","Self Repair","Scrape","Apotheosis","Coolheaded"],"relics":["Tiny House","Akabeko","StrikeDummy","Lantern","Golden Idol","Centennial Puzzle","Empty Cage","Anchor"],"acts_visited":["Exordium","TheCity"],"potions_floor_usage":[23],"damage_taken":[{"damage":2.0,"enemies":"2 Louse","floor":1.0,"turns":3.0},{"damage":0.0,"enemies":"Cultist","floor":2.0,"turns":3.0},{"damage":0.0,"enemies":"Small Slimes","floor":4.0,"turns":2.0},{"damage":9.0,"enemies":"2 Fungi Beasts","floor":10.0,"turns":2.0},{"damage":0,"enemies":"Gremlin Nob","floor":12,"turns":2},{"damage":5,"enemies":"3 Sentries","floor":14,"turns":4},{"damage":17,"enemies":"Hexaghost","floor":16,"turns":6},{"damage":10,"enemies":"3 Byrds","floor":18,"turns":3},{"damage":18,"enemies":"Shell Parasite","floor":19,"turns":4},{"damage":0,"enemies":"Snecko","floor":20,"turns":2},{"damage":57,"enemies":"Gremlin Leader","floor":23,"turns":6}],"seed_played":"-2986978719734954131","potions_obtained":[{"floor":0.0,"key":"PowerPotion"},{"floor":4.0,"key":"FearPotion"},{"floor":14,"key":"FairyPotion"}],"is_trial":false,"path_per_floor":["M","M","?","M","?","R","?","R","T","M","R","E","?","E","R","B",null,"M","M","M","?","$","E"],"character_chosen":"DEFECT","items_purchased":["Scrape","Apotheosis","Anchor","Coolheaded"],"campfire_rested":0,"item_purchase_floors":[22,22,22,22],"current_hp_per_floor":[71,71,71,71,60,60,60,60,60,51,51,51,51,46,46,29,63,53,35,35,23,23,0,0],"gold":191,"neow_bonus":"BOSS_RELIC","is_daily":false,"chose_seed":false,"campfire_upgraded":4,"win_rate":0.0,"timestamp":1613602873,"path_taken":["M","M","?","?","?","R","?","R","T","M","R","E","?","E","R","BOSS","M","M","M","?","$","E"],"items_purchased_type":["Card","Card","Relic","Card"],"build_version":"2020-12-22","purchased_purges":0,"victory":false,"max_hp_per_floor":[80,80,80,80,80,80,80,80,80,80,80,80,74,74,74,74,74,74,74,74,74,74,74,74],"card_choices":[{"not_picked":["Hologram","Ball Lightning"],"picked":"Scrape","floor":0.0},{"not_picked":["Storm","Rebound"],"picked":"Beam Cell","floor":1.0},{"not_picked":["Conserve Battery","Defragment"],"picked":"Scrape","floor":2.0},{"not_picked":["Genetic Algorithm","Reprogram"],"picked":"Streamline","floor":4.0},{"not_picked":["Compile Driver","Loop"],"picked":"Ball Lightning","floor":10.0},{"not_picked":["Turbo","Chaos"],"picked":"FTL","floor":12},{"not_picked":["Doom and Gloom","Stack","Sweeping Beam"],"picked":"SKIP","floor":14},{"not_picked":["Buffer","Multi-Cast"],"picked":"All For One","floor":16},{"not_picked":["Rebound","Defragment"],"picked":"Coolheaded","floor":18},{"not_picked":["Reinforced Body","Chaos"],"picked":"Ball Lightning","floor":19},{"not_picked":["Go for the Eyes","Reboot"],"picked":"Self Repair","floor":20}],"player_experience":414754,"relics_obtained":[{"floor":3.0,"key":"Akabeko"},{"floor":9.0,"key":"StrikeDummy"},{"floor":12,"key":"Lantern"},{"floor":14,"key":"Centennial Puzzle"}],"event_choices":[{"damage_healed":0.0,"max_hp_gain":0.0,"max_hp_loss":0.0,"gold_gain":0.0,"event_name":"Wheel of Change","player_choice":"Relic","floor":3.0,"gold_loss":0.0,"damage_taken":0.0},{"damage_healed":0.0,"max_hp_gain":0.0,"max_hp_loss":0.0,"gold_gain":75.0,"event_name":"World of Goop","player_choice":"Gather Gold","floor":5.0,"gold_loss":0.0,"damage_taken":11.0},{"damage_healed":0.0,"max_hp_gain":0.0,"max_hp_loss":0.0,"gold_gain":0.0,"event_name":"The Cleric","player_choice":"Leave","floor":7.0,"gold_loss":0.0,"damage_taken":0.0},{"damage_healed":0,"gold_gain":0,"player_choice":"Lose Max HP","damage_taken":0,"relics_obtained":["Golden Idol"],"max_hp_gain":0,"max_hp_loss":6,"event_name":"Golden Idol","floor":13,"gold_loss":0},{"damage_healed":0,"gold_gain":90,"player_choice":"GOLD ","damage_taken":12,"max_hp_gain":0,"max_hp_loss":0,"event_name":"Knowing Skull","floor":21,"potions_obtained":[],"gold_loss":0,"cards_obtained":[]}],"is_beta":false,"boss_relics":[{"not_picked":["Nuclear Battery","Ectoplasm"],"picked":"Empty Cage"}],"items_purged_floors":[],"is_endless":false,"potions_floor_spawned":[4,10,14,18],"killed_by":"Gremlin Leader","ascension_level":12}}