{"host":"blhqr6uo32maonpv","time":1613547533,"event":{"mods":["BaseMod","Conspire","Downfall","Minty Spire (QoL Compilation)","StSLib","The Bug Knight","The Marked"],"gold_per_floor":[113,147,166,166,176,201,201,211,211,223,66,77,77,39,39,135,135,147,147,167,33,45,45,65,65,65],"floor_reached":25,"language":"ENG","playtime":1142,"items_purged":[],"score":230,"play_id":"73185837-8c44-4b05-ae75-1c9c2bb58c32","local_time":"20210217033853","is_ascension_mode":false,"campfire_choices":[{"data":"Dualcast","floor":7,"key":"SMITH"},{"data":"Loop","floor":15,"key":"SMITH"},{"floor":23,"key":"REST"}],"circlet_count":0,"master_deck":["conspire:GhostlyStrike","conspire:GhostlyStrike","conspire:GhostlyDefend","conspire:GhostlyDefend","conspire:GhostlyDefend","conspire:GhostlyDefend","Zap","Dualcast+1","Ball Lightning","Cold Snap","BootSequence","Compile Driver","Darkness","Compile Driver","Capacitor","Electrodynamics","Steam","Loop+1","Echo Form","Leap","Sweeping Beam","conspire:Banana","Stack","Hello World","Defragment"],"relics":["Cracked Core","NeowsBlessing","Potion Belt","Pear","Orichalcum","bronze:MakeshiftBattery"],"acts_visited":["Exordium","TheCity"],"potions_floor_usage":[12,12,16,22,24],"damage_taken":[{"damage":0,"enemies":"Jaw Worm","floor":1,"turns":1},{"damage":0,"enemies":"conspire:MimicChest","floor":2,"turns":1},{"damage":0,"enemies":"Cultist","floor":3,"turns":1},{"damage":0,"enemies":"2 Louse","floor":5,"turns":3},{"damage":23,"enemies":"Gremlin Nob","floor":6,"turns":4},{"damage":0,"enemies":"Looter","floor":8,"turns":2},{"damage":0,"enemies":"3 Louse","floor":10,"turns":2},{"damage":0,"enemies":"Exordium Wildlife","floor":12,"turns":4},{"damage":25,"enemies":"Hexaghost","floor":16,"turns":8},{"damage":27,"enemies":"Spheric Guardian","floor":18,"turns":6},{"damage":4,"enemies":"Shell Parasite","floor":20,"turns":6},{"damage":41,"enemies":"Shelled Parasite and Fungi","floor":22,"turns":6},{"damage":11,"enemies":"Chosen and Byrds","floor":24,"turns":5},{"damage":0,"enemies":"Snecko","floor":25,"turns":1}],"seed_played":"8742700349050334603","potions_obtained":[{"floor":6,"key":"Weak Potion"},{"floor":8,"key":"DistilledChaos"},{"floor":10,"key":"GamblersBrew"},{"floor":16,"key":"Strength Potion"},{"floor":18,"key":"SkillPotion"},{"floor":24,"key":"FocusPotion"}],"is_trial":false,"path_per_floor":["M","?","M","?","M","E","R","M","T","M","$","M","?","$","R","B",null,"M","?","M","$","M","R","M","M"],"character_chosen":"DEFECT","items_purchased":["Electrodynamics","Loop","conspire:Banana","Stack"],"campfire_rested":1,"item_purchase_floors":[11,14,21,21],"current_hp_per_floor":[75,75,75,68,68,55,55,55,55,55,55,55,55,55,55,30,85,58,58,54,54,15,41,31,31,31],"gold":65,"neow_bonus":"THREE_ENEMY_KILL","is_daily":false,"chose_seed":false,"campfire_upgraded":2,"win_rate":0.0,"timestamp":1613547533,"path_taken":["M","?","?","?","M","E","R","M","T","M","$","M","?","$","R","BOSS","M","?","M","$","M","R","M","M"],"items_purchased_type":["Card","Card","Card","Card"],"build_version":"2020-12-22","purchased_purges":0,"victory":false,"max_hp_per_floor":[75,75,75,75,75,85,85,85,85,85,85,85,85,85,85,85,85,85,85,85,85,87,87,88,88,88],"card_choices":[{"not_picked":["Sweeping Beam","Rebound"],"picked":"Ball Lightning","floor":1},{"not_picked":["Gash","Redo"],"picked":"Cold Snap","floor":2},{"not_picked":["Leap","Double Energy"],"picked":"BootSequence","floor":3},{"not_picked":["Stack","Fusion"],"picked":"Compile Driver","floor":5},{"not_picked":["Conserve Battery","Chill"],"picked":"Darkness","floor":6},{"not_picked":["Consume","Sweeping Beam"],"picked":"Compile Driver","floor":8},{"not_picked":["Beam Cell","Conserve Battery"],"picked":"Capacitor","floor":10},{"not_picked":["Ball Lightning","Coolheaded"],"picked":"Steam","floor":12},{"not_picked":["Fission","Buffer"],"picked":"Echo Form","floor":16},{"not_picked":["Genetic Algorithm","Steam Power"],"picked":"Leap","floor":18},{"not_picked":["Rebound","Genetic Algorithm+1"],"picked":"Sweeping Beam","floor":20},{"not_picked":["Barrage","Skim+1"],"picked":"Hello World","floor":22},{"not_picked":["Beam Cell","Streamline+1"],"picked":"Defragment","floor":24}],"player_experience":24673,"relics_obtained":[{"floor":2,"key":"Potion Belt"},{"floor":6,"key":"Pear"},{"floor":9,"key":"Orichalcum"}],"event_choices":[{"cards_removed":["Strike_B"],"damage_healed":0,"gold_gain":0,"player_choice":"Card Removal","damage_taken":7,"max_hp_gain":0,"max_hp_loss":0,"event_name":"Golden Wing","floor":4,"gold_loss":0},{"damage_healed":0,"gold_gain":0,"player_choice":"Agree","damage_taken":0,"max_hp_gain":0,"max_hp_loss":0,"event_name":"conspire:LoneGhost","floor":13,"gold_loss":0},{"cards_removed":["conspire:GhostlyStrike"],"damage_healed":0,"gold_gain":0,"player_choice":"Elegance","damage_taken":0,"max_hp_gain":0,"max_hp_loss":0,"event_name":"Back to Basics","floor":19,"gold_loss":0}],"is_beta":false,"boss_relics":[{"not_picked":["Busted Crown","Fusion Hammer"],"picked":"bronze:MakeshiftBattery"}],"items_purged_floors":[],"is_endless":false,"potions_floor_spawned":[6,8,10,16,18,24],"killed_by":"Snecko","ascension_level":0}}