{"host":"iovigr651ajk16h5","time":1613592772,"event":{"mods":["2.2 Compatiblity","AchievementEnabler","Aspiration","BaseMod","Better Altar","Better Match","Better Note","Better Sensory Stone","Better Skull","Better Third Choice","Block Reminder","Colored Map","Ekko","Energized Spire","GifTheSpireLib","GungeonMod","Halation","Hermit","Highlight Path","Hubris","Infinite Spire","Koishi","Luminous","Marisa????????","Minty Spire (QoL Compilation)","Nova Terra(??·??)","Onozuka Komachi Mod","Permanent Neow","Prisma Mod","Quick Restart","Railgun Mod","Remilia??????","Replay The Spire","StSLib","Stuff the Spire","Td1madao Mod","The Administrix","The Bladedancer","The Bug Knight","The Construct","The Marked","TheSwordswoman","Trackpad","Waifu the Spire","WarShipGirlsR/????R mod","everything is the same but u backflip on backflip"],"gold_per_floor":[118,43,43,59,78,109,122,122,203,236,253,253,353,98,98,98,98],"floor_reached":16,"language":"ENG","playtime":964,"items_purged":["Defend_MRS","Strike_MRS"],"score":110,"play_id":"37a9b6ab-a077-4e84-b8c9-a511591105bf","local_time":"20210217151252","is_ascension_mode":false,"campfire_choices":[{"floor":8,"key":"REST"},{"floor":12,"key":"REST"},{"floor":15,"key":"REST"}],"circlet_count":0,"master_deck":["Strike_MRS","Strike_MRS","Strike_MRS","Defend_MRS","Defend_MRS","Defend_MRS","MasterSpark","UpSweep","AsteroidBelt","GalacticHalo","ShootTheMoon","Occultation","AsteroidBelt","BlazeAway"],"relics":["MiniHakkero","aspiration:Nostalgia","infinitespire:DarkRift","FossilizedHelix","White Beast Statue","trackpad:WritersBlock"],"acts_visited":["Exordium"],"potions_floor_usage":[16],"damage_taken":[{"damage":1,"enemies":"Cultist","floor":1,"turns":3},{"damage":2,"enemies":"Jaw Worm","floor":4,"turns":4},{"damage":0,"enemies":"Small Slimes","floor":5,"turns":3},{"damage":28,"enemies":"Gremlin Nob","floor":6,"turns":7},{"damage":0,"enemies":"Blue Slaver","floor":7,"turns":4},{"damage":23,"enemies":"3 Sentries","floor":10,"turns":13},{"damage":20,"enemies":"Lots of Slimes","floor":11,"turns":6},{"damage":60,"enemies":"Hexaghost","floor":16,"turns":13}],"seed_played":"6611994021999431558","potions_obtained":[{"floor":6,"key":"Weak Potion"},{"floor":10,"key":"ShroomBrew"},{"floor":11,"key":"Energy Potion"}],"is_trial":false,"path_per_floor":["M","$","?","M","M","E","M","R","T","E","M","R","?","$","R","B"],"character_chosen":"MARISA","items_purchased":["trackpad:WritersBlock"],"campfire_rested":3,"item_purchase_floors":[14],"current_hp_per_floor":[74,74,75,73,73,45,45,67,67,44,24,46,46,46,68,8,8],"gold":98,"neow_bonus":"NOSTALGIA","is_daily":false,"chose_seed":false,"campfire_upgraded":0,"win_rate":0.0,"timestamp":1613592772,"path_taken":["M","$","?","M","?","E","M","R","T","E","M","R","?","$","R","BOSS"],"items_purchased_type":["Relic"],"build_version":"2020-12-22","purchased_purges":2,"victory":false,"max_hp_per_floor":[75,75,75,75,75,75,75,75,75,75,75,75,75,75,75,75,75],"card_choices":[{"not_picked":["WitchOfGreed","GrandCross"],"picked":"AsteroidBelt","floor":1},{"not_picked":["Orbital","ShootTheMoon"],"picked":"GalacticHalo","floor":4},{"not_picked":["DC","DragonMeteor"],"picked":"ShootTheMoon","floor":5},{"not_picked":["OneTimeOff","MagicAbsorber"],"picked":"Occultation","floor":6},{"not_picked":["ShootingEcho","MilkyWay"],"picked":"AsteroidBelt","floor":7},{"not_picked":["SprinkleStarSeal","BigCrunch"],"picked":"BlazeAway","floor":10},{"not_picked":["GravityBeat","MilkyWay","DeepEcoloBomb"],"picked":"SKIP","floor":11}],"player_experience":352555,"relics_obtained":[{"floor":6,"key":"FossilizedHelix"},{"floor":10,"key":"White Beast Statue"}],"event_choices":[{"damage_healed":0,"gold_gain":100,"player_choice":"Pray","damage_taken":0,"max_hp_gain":0,"max_hp_loss":0,"event_name":"Golden Shrine","floor":13,"gold_loss":0}],"is_beta":false,"boss_relics":[],"items_purged_floors":[2,14],"is_endless":false,"potions_floor_spawned":[1,6,10,11],"killed_by":"Hexaghost","ascension_level":0}}