{"host":"ufhw4cf0hh51lveu","time":1613562589,"event":{"mods":["BaseMod","DeckTracker","Minty Spire (QoL Compilation)","SuperFastMode"],"gold_per_floor":[118,138,156,156,167,167,180,193,239,239,251,267,11,11,11,108,108,119,119,119,138,0,0,0,0,25,40,57,57,57],"floor_reached":29,"language":"KOR","playtime":681,"items_purged":["Strike_G"],"score":219,"play_id":"22121c0b-be0c-4899-bab8-6a30b17ba555","local_time":"20210217204949","is_ascension_mode":false,"campfire_choices":[{"data":"Poisoned Stab","floor":6,"key":"SMITH"},{"floor":10,"key":"REST"},{"data":"Metamorphosis","floor":15,"key":"SMITH"},{"floor":23,"key":"REST"}],"circlet_count":0,"master_deck":["Strike_G","Strike_G","Strike_G","Defend_G","Defend_G","Defend_G","Defend_G","Defend_G","Survivor","Neutralize","Poisoned Stab+1","Dagger Spray","Noxious Fumes","Poisoned Stab","Leg Sweep","Dagger Throw","Metamorphosis+1","Die Die Die","Well Laid Plans","Necronomicurse","Writhe","Flying Knee"],"relics":["Ring of the Snake","NeowsBlessing","Potion Belt","SacredBark","Necronomicon","Eternal Feather","MealTicket"],"acts_visited":["Exordium","TheCity"],"potions_floor_usage":[11,16,16,16,16,28],"damage_taken":[{"damage":0,"enemies":"Cultist","floor":1,"turns":1},{"damage":0,"enemies":"Small Slimes","floor":2,"turns":1},{"damage":0,"enemies":"2 Louse","floor":3,"turns":1},{"damage":3,"enemies":"Blue Slaver","floor":5,"turns":4},{"damage":0,"enemies":"Looter","floor":7,"turns":2},{"damage":13,"enemies":"Lots of Slimes","floor":8,"turns":3},{"damage":0,"enemies":"Large Slime","floor":11,"turns":4},{"damage":10,"enemies":"Exordium Wildlife","floor":12,"turns":5},{"damage":15,"enemies":"Slime Boss","floor":16,"turns":7},{"damage":16,"enemies":"Chosen","floor":18,"turns":5},{"damage":20,"enemies":"Shell Parasite","floor":21,"turns":5},{"damage":26,"enemies":"Shelled Parasite and Fungi","floor":27,"turns":8},{"damage":47,"enemies":"3 Cultists","floor":28,"turns":6},{"damage":0,"enemies":"Slavers","floor":29,"turns":1}],"seed_played":"-7737076460475610742","potions_obtained":[{"floor":2,"key":"DuplicationPotion"},{"floor":3,"key":"Explosive Potion"},{"floor":5,"key":"BlessingOfTheForge"},{"floor":11,"key":"EssenceOfSteel"},{"floor":12,"key":"DuplicationPotion"},{"floor":21,"key":"SpeedPotion"},{"floor":27,"key":"Regen Potion"}],"is_trial":false,"path_per_floor":["M","M","M","?","M","R","M","M","T","R","M","M","$","?","R","B",null,"M","?","?","M","?","R","$","$","T","M","M","E"],"character_chosen":"THE_SILENT","items_purchased":["Metamorphosis"],"campfire_rested":2,"item_purchase_floors":[13],"current_hp_per_floor":[70,70,70,70,67,67,67,54,54,70,70,60,60,60,60,45,70,54,38,38,18,18,51,51,51,51,25,18,18,18],"gold":57,"neow_bonus":"THREE_ENEMY_KILL","is_daily":false,"chose_seed":false,"campfire_upgraded":2,"win_rate":0.0,"timestamp":1613562589,"path_taken":["M","?","M","?","?","R","M","M","T","R","M","M","$","?","R","BOSS","M","?","?","M","?","R","?","$","T","M","?","E"],"items_purchased_type":["Card"],"build_version":"2020-12-22","purchased_purges":1,"victory":false,"max_hp_per_floor":[70,70,70,70,70,70,70,70,70,70,70,70,70,70,70,70,70,70,70,70,70,70,70,70,70,70,70,70,70,70],"card_choices":[{"not_picked":["Blade Dance","Backflip"],"picked":"Poisoned Stab","floor":1},{"not_picked":["Outmaneuver","Expertise"],"picked":"Dagger Spray","floor":2},{"not_picked":["Blade Dance","Quick Slash"],"picked":"Noxious Fumes","floor":3},{"not_picked":["Calculated Gamble","Dagger Throw"],"picked":"Poisoned Stab","floor":5},{"not_picked":["Bane","Outmaneuver"],"picked":"Leg Sweep","floor":7},{"not_picked":["Dagger Spray","Bane"],"picked":"Dagger Throw","floor":8},{"not_picked":["Underhanded Strike","Caltrops","Quick Slash"],"picked":"SKIP","floor":11},{"not_picked":["Calculated Gamble","Dodge and Roll","Malaise"],"picked":"SKIP","floor":12},{"not_picked":["After Image","Malaise"],"picked":"Die Die Die","floor":16},{"not_picked":["Dodge and Roll","All Out Attack"],"picked":"Well Laid Plans","floor":18},{"not_picked":["Noxious Fumes","Outmaneuver","Blade Dance"],"picked":"SKIP","floor":21},{"not_picked":["Heel Hook","Skewer+1"],"picked":"Flying Knee","floor":27},{"not_picked":["Terror","Underhanded Strike+1","Backstab"],"picked":"SKIP","floor":28}],"player_experience":31863,"relics_obtained":[{"floor":9,"key":"Potion Belt"},{"floor":19,"key":"Necronomicon"},{"floor":26,"key":"MealTicket"}],"event_choices":[{"cards_removed":["Strike_G"],"damage_healed":0,"gold_gain":0,"player_choice":"Purged","damage_taken":0,"max_hp_gain":0,"max_hp_loss":0,"event_name":"Purifier","floor":4,"gold_loss":0},{"damage_healed":0,"gold_gain":0,"player_choice":"Ignored","damage_taken":0,"max_hp_gain":0,"max_hp_loss":0,"event_name":"Liars Game","floor":14,"gold_loss":0},{"damage_healed":0,"gold_gain":0,"player_choice":"Obtained Book","damage_taken":16,"max_hp_gain":0,"max_hp_loss":0,"event_name":"Cursed Tome","floor":19,"gold_loss":0},{"damage_healed":0,"gold_gain":0,"player_choice":"Opened","damage_taken":0,"relics_obtained":["Eternal Feather"],"max_hp_gain":0,"max_hp_loss":0,"event_name":"The Mausoleum","floor":20,"gold_loss":0,"cards_obtained":["Writhe"]},{"damage_healed":0,"gold_gain":0,"player_choice":"Paid Fearfully","damage_taken":0,"max_hp_gain":0,"max_hp_loss":0,"event_name":"Masked Bandits","floor":22,"gold_loss":138}],"is_beta":false,"boss_relics":[{"not_picked":["Runic Pyramid","Ectoplasm"],"picked":"SacredBark"}],"items_purged_floors":[13],"is_endless":false,"potions_floor_spawned":[2,3,5,11,12,21,27],"killed_by":"Slavers","ascension_level":0}}