{"host":"hf8wn58z41rkrmnq","time":1613588884,"event":{"mods":["BaseMod","Better Third Choice","BetterRewards","Colored Map","Colored Powertips","Infinite Spire","Minty Spire (QoL Compilation)","Quick Restart","Relic Sorter","Relic Stats","Reliquary","Replay The Spire","Spicy Shops","StSLib"],"gold_per_floor":[118,136,136,147,164,164,190,202,202,227,237,237,62,74,74,169,169,179,54,67,67,80,80,95,114,161,161,161,192,206,109,109,208,208,225,6,6,6,16,16,31,45,56,56,56],"floor_reached":44,"language":"ENG","playtime":3461,"items_purged":["Defend_B","Strike_B","Strike_B","Defend_B","Strike_B"],"score":486,"play_id":"15ae9847-43de-4b38-9e3d-b11dd389d425","local_time":"20210217140804","is_ascension_mode":false,"campfire_choices":[{"data":"Sweeping Beam","floor":6,"key":"SMITH"},{"floor":12,"key":"REST"},{"data":"Static Discharge","floor":15,"key":"SMITH"},{"data":"Conserve Battery","floor":15,"key":"SMITH"},{"data":"Creative AI","floor":23,"key":"SMITH"},{"data":"infinitespire:Collect","floor":23,"key":"SMITH"},{"floor":27,"key":"REST"},{"floor":32,"key":"REST"}],"circlet_count":0,"master_deck":["Strike_B","Defend_B+1","Zap+1","Conserve Battery+1","Go for the Eyes","Bash","Gash","Sweeping Beam+1","Static Discharge+1","Creative AI+1","infinitespire:Collect+1","Melter+1","Capacitor+1","Reinforced Body+1"],"relics":["Iron Core","Replay:Wax Seal","infinitespire:EmpoweringShard","Replay:Arrowhead","Potion Belt","Runic Pyramid","MealTicket","Omamori","Boot","reliquary:FingerTrap","Black Star","Ancient Tea Set","Toy Ornithopter","Nuclear Battery","War Paint"],"acts_visited":["Exordium","TheCity","TheBeyond"],"potions_floor_usage":[5,16,18,33,33,33,44],"damage_taken":[{"damage":16,"enemies":"infinitespire:Voidling","floor":1,"turns":4},{"damage":5,"enemies":"Small Slimes","floor":2,"turns":3},{"damage":8,"enemies":"Jaw Worm","floor":4,"turns":3},{"damage":15,"enemies":"Gremlin Gang","floor":5,"turns":5},{"damage":9,"enemies":"Replay:BlueRogue","floor":7,"turns":4},{"damage":6,"enemies":"3 Louse","floor":8,"turns":3},{"damage":1,"enemies":"Exordium Thugs","floor":11,"turns":3},{"damage":0,"enemies":"Looter","floor":14,"turns":3},{"damage":0,"enemies":"Slime Boss","floor":16,"turns":4},{"damage":14,"enemies":"Spheric Guardian","floor":18,"turns":3},{"damage":13,"enemies":"3 Byrds","floor":20,"turns":4},{"damage":10,"enemies":"Cultist and Chosen","floor":22,"turns":3},{"damage":5,"enemies":"Snake Plant","floor":24,"turns":4},{"damage":10,"enemies":"Sentry and Sphere","floor":25,"turns":3},{"damage":8,"enemies":"Nightmare","floor":29,"turns":6},{"damage":9,"enemies":"Chosen and Byrds","floor":30,"turns":4},{"damage":37,"enemies":"Collector","floor":33,"turns":7},{"damage":0,"enemies":"3 Shapes","floor":35,"turns":3},{"damage":1,"enemies":"Orb Walker","floor":39,"turns":3},{"damage":4,"enemies":"3 Darklings","floor":41,"turns":3},{"damage":18,"enemies":"Writhing Mass","floor":42,"turns":4},{"damage":12,"enemies":"Spire Growth","floor":43,"turns":3},{"damage":53,"enemies":"Nightmare","floor":44,"turns":5}],"seed_played":"-1785931754354019478","potions_obtained":[{"floor":2,"key":"Adrenaline Potion"},{"floor":8,"key":"SpeedPotion"},{"floor":11,"key":"SteroidPotion"},{"floor":14,"key":"Languid Potion"},{"floor":16,"key":"LiquidMemories"},{"floor":24,"key":"Explosive Potion"},{"floor":29,"key":"Reflective Coating"},{"floor":30,"key":"Block Potion"},{"floor":33,"key":"Fruit Juice"},{"floor":39,"key":"BlessingOfTheForge"},{"floor":43,"key":"EntropicBrew"}],"is_trial":false,"path_per_floor":["M","M","?","M","M","R","E","M","T","T","M","R","$","M","R","B",null,"M","$","M","AVR","M","R","M","M","T","R","?","NM","M","$","R","B",null,"M","$","PTL","PTL","M","AVR","M","M","M","NM"],"character_chosen":"DEFECT","items_purchased":["Boot","reliquary:FingerTrap","Ancient Tea Set","Toy Ornithopter"],"campfire_rested":3,"item_purchase_floors":[31,31,36,36],"current_hp_per_floor":[66,61,61,53,38,38,29,23,23,23,22,44,44,44,44,44,75,61,61,48,48,38,38,33,23,23,45,45,37,28,43,65,33,80,80,80,80,80,79,79,75,57,45,0,0],"gold":56,"neow_bonus":"REMOVE_CARD","is_daily":false,"chose_seed":false,"campfire_upgraded":5,"win_rate":0.0,"timestamp":1613588884,"path_taken":["M","?","?","M","M","R","E","M","T","?","M","R","$","?","R","BOSS","M","$","M","AVR","M","R","M","M","T","R","?","NM","M","$","R","BOSS","M","$","PTL","PTL","M","AVR","M","M","M","NM"],"items_purchased_type":["Relic","Relic","Relic","Relic"],"build_version":"2020-12-22","purchased_purges":5,"victory":false,"max_hp_per_floor":[75,75,75,75,75,75,75,75,75,75,75,75,75,75,75,75,75,75,75,75,75,75,75,75,75,75,75,75,75,75,75,75,80,80,80,80,80,80,80,80,80,80,80,80,80],"relic_stats":{"counters":[23,87],"MealTicket":15,"Black Star":0,"War Paint":["Defend_B","Zap"],"Boot":[6],"obtain_stats":[{"Potion Belt":10,"Iron Core":3,"Omamori":29,"War Paint":40,"Boot":31,"Ancient Tea Set":36,"Replay:Arrowhead":9,"Nuclear Battery":40,"MealTicket":26,"infinitespire:EmpoweringShard":7,"Black Star":34,"reliquary:FingerTrap":31,"Replay:Wax Seal":21,"Cracked Core":0,"Toy Ornithopter":36,"Runic Pyramid":17},{"Potion Belt":6,"Iron Core":2,"Omamori":15,"War Paint":19,"Boot":16,"Ancient Tea Set":18,"Replay:Arrowhead":6,"Nuclear Battery":19,"MealTicket":14,"infinitespire:EmpoweringShard":5,"Black Star":17,"reliquary:FingerTrap":16,"Replay:Wax Seal":11,"Cracked Core":0,"Toy Ornithopter":18,"Runic Pyramid":9},{"Potion Belt":22,"Iron Core":7,"Omamori":55,"War Paint":72,"Boot":59,"Ancient Tea Set":69,"Replay:Arrowhead":22,"Nuclear Battery":72,"MealTicket":49,"infinitespire:EmpoweringShard":19,"Black Star":66,"reliquary:FingerTrap":59,"Replay:Wax Seal":39,"Cracked Core":0,"Toy Ornithopter":69,"Runic Pyramid":32}],"Toy Ornithopter":5},"card_choices":[{"not_picked":["Ball Lightning","White Noise"],"picked":"Conserve Battery","floor":1},{"not_picked":["Steam","ReplayTheSpireMod:GoodbyeWorld"],"picked":"Go for the Eyes","floor":2},{"not_picked":["ReplayTheSpireMod:System Scan","Turbo"],"picked":"Gash","floor":4},{"not_picked":["Seeing Red","Headbutt"],"picked":"Sweeping Beam","floor":5},{"not_picked":["Amplify","WeaponsOverheat","Reinforced Body"],"picked":"SKIP","floor":7},{"not_picked":["Tempest","WeaponsOverheat","Heavy Blade"],"picked":"SKIP","floor":8},{"not_picked":["WeaponsOverheat","Headbutt"],"picked":"Static Discharge","floor":11},{"not_picked":["Conserve Battery","Hello World","ReplaySort"],"picked":"SKIP","floor":14},{"not_picked":["ReplayTheSpireMod:Omega Cannon","Fission"],"picked":"Creative AI","floor":16},{"not_picked":["BootSequence+1","BasicCrystalCard+1","Hologram"],"picked":"SKIP","floor":18},{"not_picked":["ReplayTheSpireMod:GoodbyeWorld","Go for the Eyes+1","Ball Lightning"],"picked":"SKIP","floor":20},{"not_picked":["Panic Button","ReplaySort","Coolheaded+1"],"picked":"SKIP","floor":22},{"not_picked":["Consume","Streamline","Force Field"],"picked":"SKIP","floor":24},{"not_picked":["Lockon","Redo"],"picked":"Melter+1","floor":25},{"not_picked":["Beam Cell","Steam","Machine Learning"],"picked":"SKIP","floor":29},{"not_picked":["Beam Cell+1","Scrape","ReplayTheSpireMod:Reroute Power"],"picked":"SKIP","floor":30},{"not_picked":["FIFO Queue+1","Streamline","Time Bomb"],"picked":"SKIP","floor":35},{"not_picked":["Coolheaded","Cold Snap","Lockon"],"picked":"SKIP","floor":39},{"not_picked":["Steam Power","Ball Lightning+1","BasicCrystalCard+1"],"picked":"SKIP","floor":41},{"not_picked":["Cold Snap+1","Fusion+1"],"picked":"Capacitor+1","floor":42},{"not_picked":["Panic Button+1","Conserve Battery+1"],"picked":"Reinforced Body+1","floor":43}],"player_experience":300102,"relics_obtained":[{"floor":7,"key":"infinitespire:EmpoweringShard"},{"floor":9,"key":"Replay:Arrowhead"},{"floor":10,"key":"Potion Belt"},{"floor":26,"key":"MealTicket"},{"floor":29,"key":"Omamori"}],"event_choices":[{"damage_healed":0,"gold_gain":0,"player_choice":"Bought 0 Potions","damage_taken":0,"max_hp_gain":0,"max_hp_loss":0,"event_name":"The Woman in Blue","floor":28,"gold_loss":0}],"is_beta":false,"boss_relics":[{"not_picked":["SlaversCollar","Replay:Grab Bag"],"picked":"Runic Pyramid"},{"not_picked":["reliquary:RedCape","Tiny House"],"picked":"Black Star"}],"items_purged_floors":[13,13,19,21,40],"is_endless":true,"potions_floor_spawned":[2,8,11,14,16,24,29,30,33,39,43],"killed_by":"Nightmare","ascension_level":0}}