{"host":"7eytxr1oawi6r5nr","time":1613595192,"event":{"mods":["BaseMod","Better Third Choice","Curses Come First","Dark Map","Hermit","Hubris","Ironclad Rager","Minty Spire (QoL Compilation)","Permanent Neow","Quick Restart","Rare Cards Sparkle","Relic Filter Mod","Reliquary","Replay The Spire","StSLib","The Cursed","The Disciple","The Forsaken","The IronCluck","The Runesmith","The Servant 0.9.4","Wide Potions"],"gold_per_floor":[117,131,144,94,94,125,125,73,98,117,42,52,52,70,70,167,167,185,136,152,172,172,199,28,38,38,54,65,65,77,89,89,194,194,213,65,0,0,0,31,51,51,51,51,84,103,117,127,127,127,127,127,2,36,36,36],"floor_reached":55,"language":"ENG","playtime":5240,"items_purged":["Strike_B","Compile Driver","Steam"],"score":803,"play_id":"8b0406ad-7718-4d02-bf1f-9baa4aa0af77","local_time":"20210217205312","is_ascension_mode":false,"campfire_choices":[{"data":"Hologram","floor":7.0,"key":"SMITH"},{"data":"ReplayTheSpireMod:Fabricate Wheel","floor":29.0,"key":"SMITH"},{"floor":32.0,"key":"REST"},{"data":"Defragment","floor":44.0,"key":"SMITH"},{"floor":49.0,"key":"RECALL"},{"data":"Barrage","floor":52.0,"key":"SMITH"}],"circlet_count":0,"master_deck":["Defend_B","Defend_B","Defend_B","Defend_B","Zap","Dualcast","Beam Cell","Cold Snap+1","Gash","Hologram+1","Scrape","ReplayTheSpireMod:Omega Cannon","Double Energy","Defragment+1","FIFO Queue","Machine Learning","Glacier+1","Barrage+1","Turbo","ReplayGash","Streamline","Steam Power","BootSequence","Loop+1","ICR:Cyclone","Force Field+1","Gash","All For One","ReplayTheSpireMod:Calculation Training+1","Coolheaded+1","ReplayTheSpireMod:System Scan","Gash","FIFO Queue"],"relics":["FrozenCore","Prayer Wheel","reliquary:PurpleTingedLeaf","Potion Belt","Onion Ring","TungstenRod","Prayer Wheel","Replay:Grab Bag","Painkiller Herb","hubris:TerracottaHorce","Snecko Eye","Bronze Scales","Red Mask","hubris:SoftwareUpdate","hubris:Icosahedron","Unceasing Top","reliquary:Buckler","Replay:Antivirus Software"],"acts_visited":["Exordium","TheCity","TheBeyond","TheEnding"],"potions_floor_usage":[55,55,55,55],"damage_taken":[{"damage":2.0,"enemies":"2 Louse","floor":1.0,"turns":3.0},{"damage":1.0,"enemies":"Jaw Worm","floor":2.0,"turns":3.0},{"damage":6.0,"enemies":"Cultist","floor":3.0,"turns":4.0},{"damage":18.0,"enemies":"Gremlin Nob","floor":6.0,"turns":5.0},{"damage":5.0,"enemies":"3 Louse","floor":10.0,"turns":4.0},{"damage":0.0,"enemies":"Blue Slaver","floor":12.0,"turns":2.0},{"damage":0.0,"enemies":"Exordium Wildlife","floor":14.0,"turns":1.0},{"damage":28.0,"enemies":"Hexaghost","floor":16.0,"turns":10.0},{"damage":0.0,"enemies":"Spheric Guardian","floor":18.0,"turns":9.0},{"damage":0.0,"enemies":"Shell Parasite","floor":20.0,"turns":6.0},{"damage":7.0,"enemies":"Chosen and Byrds","floor":21.0,"turns":7.0},{"damage":0.0,"enemies":"Replay:Snechameleon","floor":23.0,"turns":12.0},{"damage":14.0,"enemies":"Shelled Parasite and Fungi","floor":25.0,"turns":5.0},{"damage":18.0,"enemies":"Sentry and Sphere","floor":27.0,"turns":7.0},{"damage":4.0,"enemies":"Chosen and Byrds","floor":28.0,"turns":8.0},{"damage":0.0,"enemies":"Centurion and Healer","floor":30.0,"turns":12.0},{"damage":0.0,"enemies":"3 Cultists","floor":31.0,"turns":2.0},{"damage":24.0,"enemies":"Collector","floor":33.0,"turns":12.0},{"damage":0.0,"enemies":"Orb Walker","floor":35.0,"turns":3.0},{"damage":0.0,"enemies":"Giant Head","floor":40.0,"turns":7.0},{"damage":0.0,"enemies":"3 Shapes","floor":41.0,"turns":4.0},{"damage":12.0,"enemies":"Nemesis","floor":45.0,"turns":7.0},{"damage":0.0,"enemies":"Spire Growth","floor":46.0,"turns":2.0},{"damage":14.0,"enemies":"Jaw Worm Horde","floor":47.0,"turns":5.0},{"damage":0.0,"enemies":"4 Shapes","floor":48.0,"turns":4.0},{"damage":0.0,"enemies":"Awakened One","floor":50.0,"turns":12.0},{"damage":47.0,"enemies":"Shield and Spear","floor":54.0,"turns":5.0},{"damage":29,"enemies":"The Heart","floor":55,"turns":6}],"seed_played":"-582400759341647636","potions_obtained":[{"floor":3.0,"key":"SneckoOil"},{"floor":6.0,"key":"Fire Potion"},{"floor":14.0,"key":"Reflective Coating"},{"floor":16.0,"key":"Fruit Juice"},{"floor":18.0,"key":"SkillPotion"},{"floor":21.0,"key":"SkillPotion"},{"floor":23.0,"key":"AttackPotion"},{"floor":30.0,"key":"Doom Potion"},{"floor":33.0,"key":"Death Potion"},{"floor":35.0,"key":"BlessingOfTheForge"},{"floor":46.0,"key":"EntropicBrew"},{"floor":47.0,"key":"SpeedPotion"}],"is_trial":false,"path_per_floor":["M","M","M","?","T","E","R","$","T","M","$","M","$","M","R","B",null,"M","$","M","M","?","E","$","M","T","M","M","R","M","M","R","B",null,"?","T","?","?","?","E","?","?","T","T","E","?","?","?","T","B",null,"T","T","E","B"],"character_chosen":"DEFECT","items_purchased":["Steam","Compile Driver","Steam Power","Bronze Scales"],"campfire_rested":1,"item_purchase_floors":[8,19,24,36],"current_hp_per_floor":[73,72,66,66,66,50,50,50,50,46,46,47,47,47,47,27,80,80,80,80,73,73,74,74,61,61,45,44,44,46,46,70,49,72,72,72,72,72,72,76,78,78,78,78,67,67,53,53,53,56,74,74,74,27,0,0],"gold":36,"neow_bonus":"ONE_RANDOM_RARE_CARD","is_daily":false,"chose_seed":false,"campfire_upgraded":4,"win_rate":0.0,"timestamp":1613595192,"path_taken":["M","M","M","?","?","E","R","$","T","M","$","M","?","?","R","BOSS","M","$","M","M","?","E","$","M","T","M","M","R","M","M","R","BOSS","?","T","?","?","?","E","?","?","T","T","E","?","?","?","T","BOSS","T","T","E","BOSS"],"items_purchased_type":["Card","Card","Card","Relic"],"build_version":"2020-12-22","purchased_purges":3,"victory":false,"max_hp_per_floor":[75,75,75,75,75,75,75,75,75,75,75,75,75,75,75,80,80,80,80,80,80,80,80,80,80,80,80,80,80,80,80,80,80,80,80,80,80,80,80,80,80,80,80,80,80,80,80,80,80,80,80,80,80,80,80,80],"card_choices":[{"not_picked":["Conserve Battery","Turbo"],"picked":"Beam Cell","floor":1.0},{"not_picked":["Rebound","Chill"],"picked":"Cold Snap","floor":2.0},{"not_picked":["Sweeping Beam","Chill"],"picked":"Gash","floor":3.0},{"not_picked":["Darkness","Turbo"],"picked":"Coolheaded","floor":3.0},{"not_picked":["Turbo","Beam Cell"],"picked":"Hologram","floor":6.0},{"not_picked":["Conserve Battery","Stack"],"picked":"Scrape","floor":10.0},{"not_picked":["Coolheaded","ReplayTheSpireMod:Reroute Power"],"picked":"ReplayTheSpireMod:Omega Cannon","floor":10.0},{"not_picked":["Redo","Force Field"],"picked":"Double Energy","floor":12.0},{"not_picked":["Reprogram","Hologram"],"picked":"Defragment","floor":12.0},{"not_picked":["Scrape","Barrage"],"picked":"FIFO Queue","floor":14.0},{"not_picked":["Barrage","Compile Driver","Redo"],"picked":"SKIP","floor":14.0},{"not_picked":["Cold Snap","Rebound"],"picked":"Glacier+1","floor":18.0},{"not_picked":["hubris:PowerSurge","Time Bomb","Leap"],"picked":"SKIP","floor":18.0},{"not_picked":["Compile Driver","Static Discharge"],"picked":"Barrage","floor":20.0},{"not_picked":["White Noise","Ball Lightning","Panic Button"],"picked":"SKIP","floor":20.0},{"not_picked":["Leap","Panic Button"],"picked":"Turbo","floor":21.0},{"not_picked":["Conserve Battery","Steam"],"picked":"ReplayGash","floor":21.0},{"not_picked":["ReplayTheSpireMod:Repulse","Loop"],"picked":"Streamline","floor":23.0},{"not_picked":["Redo","Chaos","Steam"],"picked":"SKIP","floor":25.0},{"not_picked":["ReplayTheSpireMod:GoodbyeWorld+1","Melter","Storm+1"],"picked":"SKIP","floor":25.0},{"not_picked":["Hologram+1","Leap"],"picked":"BootSequence","floor":27.0},{"not_picked":["Tempest","Consume","Redo"],"picked":"SKIP","floor":27.0},{"not_picked":["BasicCrystalCard","Compile Driver"],"picked":"Loop+1","floor":28.0},{"not_picked":["Beam Cell","Leap+1"],"picked":"ReplayTheSpireMod:Fabricate Wheel","floor":28.0},{"not_picked":["Crystallizer+1","Go for the Eyes"],"picked":"Force Field","floor":30.0},{"not_picked":["Sunder+1","Doom and Gloom","Hello World"],"picked":"SKIP","floor":30.0},{"not_picked":["Genetic Algorithm","Rip and Tear","Hologram"],"picked":"SKIP","floor":30.0},{"not_picked":["Conserve Battery","Hologram"],"picked":"Gash","floor":31.0},{"not_picked":["Steam","Melter","Beam Cell"],"picked":"SKIP","floor":31.0},{"not_picked":["Panic Button+1","Glacier","Coolheaded+1"],"picked":"SKIP","floor":31.0},{"not_picked":["Fission","hubris:Prefetch"],"picked":"All For One","floor":33.0},{"not_picked":["Hologram","ReplaySort+1"],"picked":"ReplayTheSpireMod:Calculation Training+1","floor":35.0},{"not_picked":["hubris:PowerSurge+1","Steam+1","Sweeping Beam+1"],"picked":"SKIP","floor":35.0},{"not_picked":["Compile Driver","ReplayTheSpireMod:Reroute Power","Steam+1"],"picked":"SKIP","floor":35.0},{"not_picked":["hubris:PowerSurge+1","Steam+1","Sweeping Beam+1"],"picked":"SKIP","floor":35.0},{"not_picked":["Compile Driver","ReplayTheSpireMod:Reroute Power","Steam+1"],"picked":"SKIP","floor":35.0},{"not_picked":["Panic Button","Conserve Battery"],"picked":"Coolheaded+1","floor":40.0},{"not_picked":["Leap+1","Gash+1"],"picked":"ReplayTheSpireMod:System Scan","floor":41.0},{"not_picked":["Reprogram","Steam+1","Barrage+1"],"picked":"SKIP","floor":41.0},{"not_picked":["Melter+1","ReplayTheSpireMod:Omega Cannon","Rip and Tear"],"picked":"SKIP","floor":41.0},{"not_picked":["Stack","ReplayTheSpireMod:System Scan","Leap+1"],"picked":"SKIP","floor":45.0},{"not_picked":["Sweeping Beam","BasicCrystalCard","Conserve Battery"],"picked":"SKIP","floor":46.0},{"not_picked":["Leap","Sunder","Darkness+1"],"picked":"SKIP","floor":46.0},{"not_picked":["ReplayGash+1","Heatsinks","Chaos"],"picked":"SKIP","floor":46.0},{"not_picked":["Beam Cell+1","BasicCrystalCard","Rebound+1"],"picked":"SKIP","floor":47.0},{"not_picked":["Redo+1","Sunder+1","Panic Button"],"picked":"SKIP","floor":47.0},{"not_picked":["Thunder Strike","Conserve Battery+1","Cold Snap+1"],"picked":"SKIP","floor":47.0},{"not_picked":["Steam Power+1","Coolheaded"],"picked":"Gash","floor":48.0},{"not_picked":["Sweeping Beam","Beam Cell"],"picked":"FIFO Queue","floor":48.0},{"not_picked":["Glacier+1","Time Bomb+1","Barrage+1"],"picked":"SKIP","floor":48.0},{"not_picked":["ReplayTheSpireMod:Reroute Power+1","Double Energy","hubris:PowerSurge"],"picked":"SKIP","floor":54.0}],"player_experience":193811,"relics_obtained":[{"floor":5.0,"key":"reliquary:PurpleTingedLeaf"},{"floor":6.0,"key":"Potion Belt"},{"floor":23.0,"key":"Onion Ring"},{"floor":26.0,"key":"TungstenRod"},{"floor":40.0,"key":"hubris:SoftwareUpdate"},{"floor":43.0,"key":"Unceasing Top"},{"floor":45.0,"key":"reliquary:Buckler"},{"floor":54.0,"key":"Replay:Antivirus Software"}],"event_choices":[{"cards_removed":["Strike_B"],"damage_healed":0.0,"max_hp_gain":0.0,"max_hp_loss":0.0,"gold_gain":0.0,"event_name":"The Cleric","player_choice":"Card Removal","floor":4.0,"gold_loss":50.0,"damage_taken":0.0},{"cards_removed":["Strike_B"],"damage_healed":0.0,"max_hp_gain":0.0,"max_hp_loss":0.0,"gold_gain":0.0,"event_name":"betterThird:BetterWriting","player_choice":"Elegance","floor":22.0,"gold_loss":0.0,"damage_taken":0.0},{"damage_healed":0.0,"max_hp_gain":0.0,"max_hp_loss":0.0,"gold_gain":0.0,"event_name":"Tomb of Lord Red Mask","player_choice":"Paid","floor":37.0,"gold_loss":65.0,"damage_taken":0.0,"relics_obtained":["Red Mask"]},{"cards_removed":["Coolheaded"],"damage_healed":0.0,"max_hp_gain":0.0,"max_hp_loss":0.0,"gold_gain":0.0,"event_name":"Falling","player_choice":"Removed Skill","floor":39.0,"gold_loss":0.0,"damage_taken":0.0}],"is_beta":false,"boss_relics":[{"not_picked":["Runic Dome","reliquary:Craggleroot"],"picked":"FrozenCore"},{"not_picked":["Replay:Drink Me","reliquary:ThirdArm"],"picked":"Replay:Grab Bag"},{"not_picked":["theForsaken:PaleLantern","ReplayTheSpireMod:DimensionalGlitch"],"picked":"Painkiller Herb"},{"not_picked":["reliquary:RedPaperclip","reliquary:KinkedSpring"],"picked":"hubris:TerracottaHorce"},{"not_picked":["hubris:HollowSoul","hubris:BlackHole"],"picked":"Snecko Eye"}],"items_purged_floors":[11,24,53],"is_endless":false,"potions_floor_spawned":[3,6,14,16,18,21,23,30,33,35,46,47],"killed_by":"The Heart","ascension_level":0}}