{"host":"strpjp9enjjpooof","time":1613541916,"event":{"mods":["Aspiration","BaseMod","Better Altar","Better Match","Better Note","Better Sensory Stone","Better Skull","Better Third Choice","Colored Powertips","Conspire","Energized Spire","GifTheSpireLib","Halation","Hubris","Minty Spire (QoL Compilation)","Relic Filter Mod","Reliquary","Replay The Spire","Spicy Shops","Spikes Relics","StSLib","Stuff the Spire","The Blue Laboratory","Together in Spire"],"gold_per_floor":[110,86,36,49,68,94,105,105,128,155,172,172,229,258,258,377,377,396,408,408,86,102,102,113,128,128,158,169,169,169,200,200,313,313,331,38,53,64,114,114,149,199,199,230,230,259,259,11,11,11],"floor_reached":51,"language":"ENG","playtime":2577,"items_purged":[],"score":670,"play_id":"77ed8e57-f1ea-4009-92e1-43a24de6b351","local_time":"20210216210516","is_ascension_mode":false,"campfire_choices":[{"data":"Infernal Blade","floor":8,"key":"SMITH"},{"floor":15,"key":"REST"},{"data":"Fiend Fire","floor":23,"key":"SMITH"},{"floor":29,"key":"REST"},{"floor":32,"key":"REST"},{"floor":40,"key":"REST"},{"floor":45,"key":"REST"},{"data":"Fiend Fire","floor":47,"key":"SMITH"},{"data":"Offering","floor":49,"key":"SMITH"}],"circlet_count":0,"master_deck":["Strike_R","Strike_R","Strike_R","Strike_R","Strike_R","Defend_R","Defend_R","Defend_R","Defend_R","Bash","Searing Blow","conspire:SpireCoStock","Thunderclap","Flex","Infernal Blade+1","Twin Strike","Combust","Run Through","Regret","Demon Form+1","Fiend Fire+1","Run Through","Twin Strike+1","Pain","Whirlwind","Iron Wave","Sword Boomerang","Cleave","Infernal Blade","True Grit+1","Heavy Blade","Fiend Fire+1","Battle Trance+1","Battle Trance","Absolvement+1","Iron Wave+1","Warcry+1","Amnesia","Pummel+1","Wild Strike+1","Delirium","Shockwave","Wild Strike+1","Offering+1","Pommel Strike+1"],"relics":["Burning Blood","betterThird:SlimedRelic","BicycleWheel","Pet Ghost","aspiration:ChemicalBlood","StuffTheSpire:RedRose","Replay:Accelerometer","hubris:Stopwatch","WarpedTongs","hubris:Metronome","Letter Opener","reliquary:TridentHead","Runic Pyramid","Regal Pillow","Ring of Misfortune","Ring of Greed","Replay:Wax Seal","Membership Card","StuffTheSpire:Experiment12","halation:VictoryRuler","hubris:GlazedTorus","reliquary:RosewoodLute","reliquary:Buckler","Ancient Tea Set","ExplosiveVial"],"acts_visited":["Exordium","TheCity","TheBeyond"],"potions_floor_usage":[14,16,19,31,33,33,35,38,42,42,44,50],"damage_taken":[{"damage":0,"enemies":"Small Slimes","floor":1,"turns":1},{"damage":4,"enemies":"conspire:RoseBush","floor":4,"turns":1},{"damage":0,"enemies":"Cultist","floor":5,"turns":1},{"damage":26,"enemies":"Lagavulin","floor":6,"turns":6},{"damage":0,"enemies":"2 Fungi Beasts","floor":7,"turns":2},{"damage":27,"enemies":"3 Sentries","floor":10,"turns":4},{"damage":0,"enemies":"Blue Slaver","floor":11,"turns":2},{"damage":11,"enemies":"Lagavulin","floor":14,"turns":3},{"damage":33,"enemies":"Hexaghost","floor":16,"turns":5},{"damage":9,"enemies":"conspire:FuzzyDice","floor":18,"turns":3},{"damage":5,"enemies":"3 Byrds","floor":19,"turns":3},{"damage":6,"enemies":"Snecko","floor":22,"turns":2},{"damage":15,"enemies":"Cultist and Chosen","floor":24,"turns":3},{"damage":0,"enemies":"3 Cultists","floor":25,"turns":2},{"damage":22,"enemies":"Centurion and Healer","floor":27,"turns":4},{"damage":13,"enemies":"Chosen and Byrds","floor":28,"turns":4},{"damage":42,"enemies":"conspire:SneckoGhost","floor":31,"turns":3},{"damage":24,"enemies":"conspire:MysteriousRune","floor":33,"turns":4},{"damage":9,"enemies":"3 Darklings","floor":35,"turns":3},{"damage":0,"enemies":"Orb Walker","floor":37,"turns":1},{"damage":17,"enemies":"Spire Growth","floor":38,"turns":2},{"damage":32,"enemies":"Nemesis","floor":41,"turns":3},{"damage":16,"enemies":"Mind Bloom Boss Battle","floor":42,"turns":4},{"damage":7,"enemies":"Giant Head","floor":44,"turns":5},{"damage":0,"enemies":"conspire:MimicChest","floor":46,"turns":3},{"damage":25,"enemies":"Donu and Deca","floor":50,"turns":4}],"seed_played":"1432044192517536455","potions_obtained":[{"floor":6,"key":"Elixir"},{"floor":11,"key":"blueLaboratory:HorrorPotion"},{"floor":14,"key":"BloodPotion"},{"floor":24,"key":"LiquidBronze"},{"floor":31,"key":"AttackPotion"},{"floor":37,"key":"Toxic Potion"},{"floor":44,"key":"Explosive Potion"}],"is_trial":false,"path_per_floor":["M","?","?","M","M","E","M","R","T","E","M","?","?","E","R","B",null,"M","M","?","$","M","R","M","M","T","M","M","R","?","E","R","B",null,"M","$","M","M","?","R","E","?","T","E","R","?","R","$","R","B",null],"character_chosen":"IRONCLAD","items_purchased":["Whirlwind","hubris:Metronome","Regal Pillow","Battle Trance","Absolvement+1","Ancient Tea Set","ExplosiveVial","Offering","Pommel Strike"],"campfire_rested":5,"item_purchase_floors":[21,21,36,36,36,48,48,48,48],"current_hp_per_floor":[88,77,77,79,85,65,71,71,71,50,56,56,56,51,77,67,88,85,86,86,86,86,86,77,83,83,67,60,86,86,50,76,58,88,85,85,88,77,77,88,62,52,52,51,88,88,88,88,88,69],"gold":11,"neow_bonus":"TEN_PERCENT_HP_BONUS","is_daily":false,"chose_seed":false,"campfire_upgraded":4,"win_rate":0.0,"timestamp":1613541916,"path_taken":["M","?","?","M","M","E","M","R","T","E","M","?","?","E","R","BOSS","M","M","?","$","M","R","M","M","T","M","M","R","?","E","R","BOSS","M","$","M","?","?","R","E","?","T","E","R","?","R","$","R","BOSS"],"items_purchased_type":["Card","Relic","Relic","Card","Card","Relic","Relic","Card","Card"],"build_version":"2020-12-22","purchased_purges":0,"victory":true,"max_hp_per_floor":[88,88,88,88,88,88,88,88,88,88,88,88,88,88,88,88,88,88,88,88,88,88,88,88,88,88,88,88,88,88,88,88,88,88,88,88,88,88,88,88,88,88,88,88,88,88,88,88,88,88],"card_choices":[{"not_picked":["StuffTheSpire:RockThrow","Thunderclap"],"picked":"Searing Blow","floor":1},{"not_picked":["Second Wind","Shrug It Off"],"picked":"Thunderclap","floor":4},{"not_picked":["conspire:Charge","Defy Death"],"picked":"Flex","floor":5},{"not_picked":["Rage","ReplayTheSpireMod:Strike From Hell"],"picked":"Infernal Blade","floor":6},{"not_picked":["Clash","Massacre"],"picked":"Twin Strike","floor":7},{"not_picked":["hubris:ReadiedAction","StuffTheSpire:Resist"],"picked":"Combust","floor":10},{"not_picked":["Thunderclap","ReplayTheSpireMod:Strike From Hell"],"picked":"Run Through","floor":11},{"not_picked":["ReplayTheSpireMod:Corrosion Curse","Twin Strike"],"picked":"Demon Form","floor":14},{"not_picked":["Limit Break","conspire:Purge"],"picked":"Fiend Fire","floor":16},{"not_picked":["StuffTheSpire:RockThrow","Warcry"],"picked":"Run Through","floor":18},{"not_picked":["Dark Embrace","Inflame"],"picked":"Twin Strike+1","floor":19},{"not_picked":["Invigoration","Rage"],"picked":"Iron Wave","floor":22},{"not_picked":["Armaments","Juggernaut"],"picked":"Sword Boomerang","floor":24},{"not_picked":["Pommel Strike+1","conspire:Charge"],"picked":"Cleave","floor":25},{"not_picked":["Flex","Warcry"],"picked":"Infernal Blade","floor":27},{"not_picked":["Body Slam","Power Through"],"picked":"True Grit+1","floor":28},{"not_picked":["hubris:StunningStrike","ReplayTheSpireMod:Strike From Hell"],"picked":"Heavy Blade","floor":31},{"not_picked":["Exhume","Replay:Many Hands"],"picked":"Fiend Fire","floor":33},{"not_picked":["Dropkick+1","Anger"],"picked":"Battle Trance+1","floor":35},{"not_picked":["ReplayTheSpireMod:Strike From Hell","Anger"],"picked":"Iron Wave+1","floor":37},{"not_picked":["Clothesline","Anger"],"picked":"Warcry+1","floor":38},{"not_picked":["Uppercut+1","Ghostly Armor"],"picked":"Pummel+1","floor":41},{"not_picked":["Armaments","StuffTheSpire:RagingBull"],"picked":"Wild Strike+1","floor":42},{"not_picked":["Flex","Warcry+1"],"picked":"Shockwave","floor":44},{"not_picked":["Pommel Strike","True Grit"],"picked":"Wild Strike+1","floor":46}],"player_experience":144635,"relics_obtained":[{"floor":6,"key":"BicycleWheel"},{"floor":9,"key":"Pet Ghost"},{"floor":10,"key":"aspiration:ChemicalBlood"},{"floor":14,"key":"Replay:Accelerometer"},{"floor":26,"key":"Letter Opener"},{"floor":31,"key":"reliquary:TridentHead"},{"floor":39,"key":"Ring of Misfortune"},{"floor":39,"key":"Ring of Greed"},{"floor":39,"key":"Replay:Wax Seal"},{"floor":39,"key":"Membership Card"},{"floor":41,"key":"StuffTheSpire:Experiment12"},{"floor":42,"key":"halation:VictoryRuler"},{"floor":43,"key":"hubris:GlazedTorus"},{"floor":44,"key":"reliquary:RosewoodLute"},{"floor":46,"key":"reliquary:Buckler"}],"event_choices":[{"damage_healed":0,"gold_gain":0,"player_choice":"Slimed","damage_taken":11,"max_hp_gain":0,"max_hp_loss":0,"event_name":"betterThird:BetterGoop","floor":2,"gold_loss":24},{"damage_healed":0,"gold_gain":0,"player_choice":"Invest 1","damage_taken":0,"max_hp_gain":0,"max_hp_loss":0,"event_name":"conspire:Investor","floor":3,"gold_loss":0},{"damage_healed":0,"gold_gain":57,"player_choice":"Gained Gold","damage_taken":0,"max_hp_gain":0,"max_hp_loss":0,"event_name":"Golden Wing","floor":13,"gold_loss":0},{"damage_healed":0,"gold_gain":0,"player_choice":"Rummage","damage_taken":0,"relics_obtained":["WarpedTongs"],"max_hp_gain":0,"max_hp_loss":0,"event_name":"Accursed Blacksmith","floor":20,"gold_loss":0,"cards_obtained":["Pain"]},{"damage_healed":0,"gold_gain":0,"player_choice":"Bought 0 Potions","damage_taken":0,"max_hp_gain":0,"max_hp_loss":0,"event_name":"The Woman in Blue","floor":30,"gold_loss":0},{"damage_healed":0,"gold_gain":0,"player_choice":"Fight","damage_taken":0,"max_hp_gain":0,"max_hp_loss":0,"event_name":"MindBloom","floor":42,"gold_loss":0}],"is_beta":false,"boss_relics":[{"not_picked":["halation:Risk","halation:LoveArrow"],"picked":"hubris:Stopwatch"},{"not_picked":["halation:PinkAlligatorPlush","Black Blood"],"picked":"Runic Pyramid"}],"items_purged_floors":[],"is_endless":false,"potions_floor_spawned":[6,11,14,18,24,31,37,44],"ascension_level":0}}