{"host":"0fd22hpf43j6tvvm","time":1613598132,"event":{"mods":["AchievementEnabler","BaseMod","Colored Map","Minty Spire (QoL Compilation)","Relic Stats"],"gold_per_floor":[117,117,134,152,172,172,200,211,211,211,246,246,287,308,308,431,431,445,445,445,370,345,345,345],"floor_reached":23,"language":"ENG","playtime":1467,"items_purged":[],"score":281,"play_id":"7af3a1d5-21c4-4d81-9d9a-be6cbb243b4c","local_time":"20210217164212","is_ascension_mode":true,"campfire_choices":[{"data":"Neutralize","floor":6.0,"key":"SMITH"},{"floor":12.0,"key":"REST"},{"floor":15.0,"key":"REST"}],"circlet_count":0,"master_deck":["Strike_G","Strike_G","Strike_G","Defend_G","Defend_G","Defend_G","Survivor","Neutralize+1","Backflip","Dash","PiercingWail","PiercingWail","Crippling Poison","Catalyst","Well Laid Plans","Sucker Punch","Footwork","Bullet Time","Dagger Spray","Malaise","Underhanded Strike","Leg Sweep"],"relics":["Ring of the Serpent","NeowsBlessing","Regal Pillow","Kunai","Golden Idol","Odd Mushroom","Singing Bowl","TungstenRod"],"acts_visited":["Exordium","TheCity"],"potions_floor_usage":[],"damage_taken":[{"damage":0.0,"enemies":"Small Slimes","floor":1.0,"turns":1.0},{"damage":0.0,"enemies":"Cultist","floor":3.0,"turns":1.0},{"damage":0.0,"enemies":"2 Louse","floor":4.0,"turns":1.0},{"damage":0.0,"enemies":"Blue Slaver","floor":5.0,"turns":5.0},{"damage":51.0,"enemies":"Gremlin Nob","floor":7.0,"turns":8.0},{"damage":0.0,"enemies":"3 Louse","floor":8.0,"turns":3.0},{"damage":3.0,"enemies":"The Mushroom Lair","floor":11.0,"turns":6.0},{"damage":33.0,"enemies":"Lagavulin","floor":13.0,"turns":13.0},{"damage":0.0,"enemies":"2 Fungi Beasts","floor":14.0,"turns":3.0},{"damage":4.0,"enemies":"The Guardian","floor":16.0,"turns":18.0},{"damage":8.0,"enemies":"Chosen","floor":18.0,"turns":10.0},{"damage":25.0,"enemies":"2 Thieves","floor":22.0,"turns":5.0},{"damage":31,"enemies":"Slavers","floor":23,"turns":4}],"seed_played":"-8910875760290840860","potions_obtained":[{"floor":7.0,"key":"Swift Potion"},{"floor":11.0,"key":"SpeedPotion"},{"floor":13.0,"key":"BlessingOfTheForge"},{"floor":16.0,"key":"LiquidBronze"}],"is_trial":false,"path_per_floor":["M","?","M","M","M","R","E","M","T","?","?","R","E","M","R","B",null,"M","?","?","?","M","E"],"character_chosen":"THE_SILENT","items_purchased":[],"campfire_rested":2,"item_purchase_floors":[],"current_hp_per_floor":[63,63,63,63,63,63,12,12,12,12,9,43,10,10,44,40,59,51,51,51,51,26,0,0],"gold":345,"neow_bonus":"THREE_ENEMY_KILL","is_daily":false,"chose_seed":false,"campfire_upgraded":1,"win_rate":0.0,"timestamp":1613598132,"path_taken":["M","?","M","M","?","R","E","M","T","?","?","R","E","M","R","BOSS","M","?","?","?","M","E"],"items_purchased_type":[],"build_version":"2020-12-22","purchased_purges":0,"victory":false,"max_hp_per_floor":[70,70,70,70,70,70,70,70,70,65,65,65,65,65,65,65,65,65,65,65,65,65,65,65],"relic_stats":{"Regal Pillow":30,"Singing Bowl":0,"counters":[13,78],"Golden Idol":51,"Kunai":[12],"obtain_stats":[{"Regal Pillow":7,"NeowsBlessing":0,"Singing Bowl":13,"Golden Idol":10,"Kunai":9,"Odd Mushroom":11,"Ring of the Serpent":17,"TungstenRod":20,"Ring of the Snake":0},{"Regal Pillow":5,"NeowsBlessing":0,"Singing Bowl":8,"Golden Idol":6,"Kunai":6,"Odd Mushroom":7,"Ring of the Serpent":10,"TungstenRod":11,"Ring of the Snake":0},{"Regal Pillow":16,"NeowsBlessing":0,"Singing Bowl":38,"Golden Idol":19,"Kunai":19,"Odd Mushroom":25,"Ring of the Serpent":59,"TungstenRod":69,"Ring of the Snake":0}],"TungstenRod":9},"card_choices":[{"not_picked":["Deadly Poison","Prepared"],"picked":"Backflip","floor":1.0},{"not_picked":["Outmaneuver","Endless Agony"],"picked":"Dash","floor":3.0},{"not_picked":["Eviscerate","Dodge and Roll"],"picked":"PiercingWail","floor":4.0},{"not_picked":["Poisoned Stab","Predator"],"picked":"PiercingWail","floor":5.0},{"not_picked":["Unload","Masterful Stab"],"picked":"Crippling Poison","floor":7.0},{"not_picked":["Backflip","Acrobatics"],"picked":"Catalyst","floor":8.0},{"not_picked":["Backstab","Setup"],"picked":"Well Laid Plans","floor":11.0},{"not_picked":["Prepared","Backflip"],"picked":"Sucker Punch","floor":13.0},{"not_picked":["Dodge and Roll","Catalyst"],"picked":"Footwork","floor":14.0},{"not_picked":["Storm of Steel","Night Terror"],"picked":"Bullet Time","floor":16.0},{"not_picked":["Poisoned Stab+1","Dodge and Roll+1"],"picked":"Dagger Spray","floor":18.0},{"not_picked":["Backflip","Deflect"],"picked":"Leg Sweep","floor":22.0}],"player_experience":583459,"relics_obtained":[{"floor":7.0,"key":"Regal Pillow"},{"floor":9.0,"key":"Kunai"},{"floor":11.0,"key":"Odd Mushroom"},{"floor":13.0,"key":"Singing Bowl"}],"event_choices":[{"cards_removed":["Strike_G"],"damage_healed":0.0,"max_hp_gain":0.0,"max_hp_loss":0.0,"gold_gain":0.0,"event_name":"Bonfire Elementals","player_choice":"Offered Basic","floor":2.0,"gold_loss":0.0,"damage_taken":0.0},{"damage_healed":0.0,"max_hp_gain":0.0,"max_hp_loss":5.0,"gold_gain":0.0,"event_name":"Golden Idol","player_choice":"Lose Max HP","floor":10.0,"gold_loss":0.0,"damage_taken":0.0,"relics_obtained":["Golden Idol"]},{"damage_healed":0.0,"max_hp_gain":0.0,"max_hp_loss":0.0,"gold_gain":0.0,"event_name":"Mushrooms","player_choice":"Fought Mushrooms","floor":11.0,"gold_loss":0.0,"damage_taken":0.0},{"damage_healed":0.0,"max_hp_gain":0.0,"max_hp_loss":0.0,"gold_gain":0.0,"cards_transformed":["Strike_G","Defend_G"],"event_name":"Drug Dealer","player_choice":"Became Test Subject","floor":19.0,"gold_loss":0.0,"damage_taken":0.0,"cards_obtained":["Malaise","Underhanded Strike"]},{"damage_healed":0.0,"max_hp_gain":0.0,"max_hp_loss":0.0,"gold_gain":0.0,"event_name":"The Mausoleum","player_choice":"Opened","floor":20.0,"gold_loss":0.0,"damage_taken":0.0,"relics_obtained":["TungstenRod"]},{"cards_removed":["Defend_G"],"damage_healed":0.0,"max_hp_gain":0.0,"max_hp_loss":0.0,"gold_gain":0.0,"event_name":"Beggar","player_choice":"Gave Gold","floor":21.0,"gold_loss":75.0,"damage_taken":0.0}],"is_beta":false,"boss_relics":[{"not_picked":["Astrolabe","WristBlade"],"picked":"Ring of the Serpent"}],"items_purged_floors":[],"is_endless":false,"potions_floor_spawned":[7,11,13,16],"killed_by":"Slavers","ascension_level":8}}