{"host":"wxz7488rqrwl2v46","time":1613540250,"event":{"mods":["BaseMod","Minty Spire (QoL Compilation)","Quick Restart","Replay The Spire","StSLib"],"gold_per_floor":[119,132,207,207,224,224,242,255,255,272,13,209,221,251,251,251,251],"floor_reached":16,"language":"ZHS","playtime":895,"items_purged":["Strike_G"],"score":104,"play_id":"3301ff55-fe79-4bc6-aa1d-d84a25ebb221","local_time":"20210217133730","is_ascension_mode":false,"campfire_choices":[{"data":"Infinite Blades","floor":6,"key":"SMITH"},{"data":"Cloak And Dagger","floor":15,"key":"SMITH"}],"circlet_count":0,"master_deck":["Strike_G","Strike_G","Strike_G","Strike_G","Defend_G","Defend_G","Defend_G","Defend_G","Defend_G","Survivor","Neutralize","Dodge and Roll","Infinite Blades+1","Deflect","Slice","All Out Attack","Calculated Gamble","Blade Dance","Underhanded Strike+1","Blade Dance","Cloak And Dagger+1"],"relics":["Ring of the Snake","FaceOfCleric","Singing Bowl","Membership Card","Basket Of Snakes"],"acts_visited":["Exordium"],"potions_floor_usage":[14],"damage_taken":[{"damage":0,"enemies":"2 Louse","floor":1,"turns":5},{"damage":1,"enemies":"Jaw Worm","floor":2,"turns":8},{"damage":0,"enemies":"Cultist","floor":5,"turns":5},{"damage":0,"enemies":"Large Slime","floor":7,"turns":6},{"damage":3,"enemies":"Blue Slaver","floor":8,"turns":5},{"damage":0,"enemies":"2 Fungi Beasts","floor":10,"turns":4},{"damage":7,"enemies":"3 Louse","floor":13,"turns":4},{"damage":10,"enemies":"Lagavulin","floor":14,"turns":5},{"damage":49,"enemies":"The Guardian","floor":16,"turns":8}],"seed_played":"4014018502233045894","potions_obtained":[{"floor":1,"key":"FearPotion"},{"floor":10,"key":"Block Potion"}],"is_trial":false,"path_per_floor":["M","M","?","?","M","R","M","M","T","M","$","?","M","E","R","B"],"character_chosen":"THE_SILENT","items_purchased":["Blade Dance","Membership Card","Underhanded Strike+1"],"campfire_rested":0,"item_purchase_floors":[11,11,11],"current_hp_per_floor":[70,69,58,58,59,59,60,58,58,61,61,61,57,48,48,0,0],"gold":251,"neow_bonus":"THREE_CARDS","is_daily":false,"chose_seed":false,"campfire_upgraded":2,"win_rate":0.0,"timestamp":1613540250,"path_taken":["M","M","?","?","?","R","M","M","T","M","$","?","M","E","R","BOSS"],"items_purchased_type":["Card","Relic","Card"],"build_version":"2020-12-22","purchased_purges":1,"victory":false,"max_hp_per_floor":[70,70,70,70,71,71,72,73,73,76,76,76,79,80,80,80,80],"card_choices":[{"not_picked":["Underhanded Strike","Poisoned Stab"],"picked":"Dodge and Roll","floor":0},{"not_picked":["Well Laid Plans","Underhanded Strike"],"picked":"Infinite Blades","floor":1},{"not_picked":["Terror","Crippling Poison"],"picked":"Deflect","floor":2},{"not_picked":["Quick Slash","Predator"],"picked":"Slice","floor":5},{"not_picked":["Caltrops","Flying Knee"],"picked":"All Out Attack","floor":7},{"not_picked":["Toxin Wave","Dagger Spray"],"picked":"Calculated Gamble","floor":8},{"not_picked":["Poisoned Stab","Calculated Gamble","Endless Agony"],"picked":"Singing Bowl","floor":10},{"not_picked":["Infinite Blades","Prepared"],"picked":"Blade Dance","floor":12},{"not_picked":["Outmaneuver","Phantasmal Killer","Well Laid Plans"],"picked":"Singing Bowl","floor":13},{"not_picked":["Fluid Movement","Glass Knife"],"picked":"Cloak And Dagger","floor":14}],"player_experience":54996,"relics_obtained":[{"floor":9,"key":"Singing Bowl"},{"floor":14,"key":"Basket Of Snakes"}],"event_choices":[{"damage_healed":0,"gold_gain":75,"player_choice":"Gather Gold","damage_taken":11,"max_hp_gain":0,"max_hp_loss":0,"event_name":"World of Goop","floor":3,"gold_loss":0},{"damage_healed":0,"gold_gain":0,"player_choice":"Trade","damage_taken":0,"relics_obtained":["FaceOfCleric"],"max_hp_gain":0,"max_hp_loss":0,"event_name":"FaceTrader","floor":4,"gold_loss":0}],"is_beta":false,"boss_relics":[],"items_purged_floors":[11],"is_endless":false,"potions_floor_spawned":[1,10],"killed_by":"The Guardian","ascension_level":0}}