{"host":"6a9c3xws62y7efyw","time":1613541366,"event":{"mods":["BaseMod","Colored Map","Minty Spire (QoL Compilation)","Relic Stats","StSLib"],"gold_per_floor":[18,38,57,71,84,84,100,100,148,173,190,208,208,236,236,236,236],"floor_reached":16,"language":"ENG","playtime":660,"items_purged":[],"score":232,"play_id":"886c412d-d17d-4f15-942d-ae4c50c5c611","local_time":"20210216215606","is_ascension_mode":true,"campfire_choices":[{"floor":6.0,"key":"REST"},{"floor":8,"key":"REST"},{"floor":15,"key":"REST"}],"circlet_count":0,"master_deck":["AscendersBane","Strike_G","Strike_G","Strike_G","Strike_G","Strike_G","Defend_G","Defend_G","Defend_G","Defend_G","Defend_G","Survivor","Neutralize","Eviscerate","Footwork","Blade Dance","Dagger Spray","Blade Dance","Skewer","Endless Agony","Acrobatics","Glass Knife","Crippling Poison"],"relics":["Ring of the Snake","Lizard Tail","Art of War","Gambling Chip","Question Card"],"acts_visited":["Exordium"],"potions_floor_usage":[7,14],"damage_taken":[{"damage":0.0,"enemies":"Cultist","floor":1.0,"turns":4.0},{"damage":3.0,"enemies":"Small Slimes","floor":2.0,"turns":4.0},{"damage":2.0,"enemies":"Jaw Worm","floor":3.0,"turns":5.0},{"damage":19.0,"enemies":"Large Slime","floor":4.0,"turns":8.0},{"damage":9.0,"enemies":"Red Slaver","floor":5.0,"turns":4.0},{"damage":26,"enemies":"Exordium Thugs","floor":7,"turns":4},{"damage":30,"enemies":"3 Sentries","floor":10,"turns":8},{"damage":0,"enemies":"Looter","floor":11,"turns":1},{"damage":0,"enemies":"Lots of Slimes","floor":12,"turns":1},{"damage":6,"enemies":"Gremlin Nob","floor":14,"turns":3},{"damage":27,"enemies":"Hexaghost","floor":16,"turns":9}],"seed_played":"8135892365095587401","potions_obtained":[{"floor":1.0,"key":"Swift Potion"},{"floor":7,"key":"Ancient Potion"},{"floor":11,"key":"Ancient Potion"},{"floor":12,"key":"Fruit Juice"}],"is_trial":false,"path_per_floor":["M","M","M","M","M","R","M","R","T","E","M","M","?","E","R","B"],"character_chosen":"THE_SILENT","items_purchased":[],"campfire_rested":3,"item_purchase_floors":[],"current_hp_per_floor":[59,56,54,35,26,45,19,38,38,8,8,8,3,2,23,35,35],"gold":236,"neow_bonus":"ONE_RARE_RELIC","is_daily":false,"chose_seed":false,"campfire_upgraded":0,"win_rate":0.0,"timestamp":1613541366,"path_taken":["M","M","M","M","M","R","M","R","T","E","M","M","?","E","R","BOSS"],"items_purchased_type":[],"build_version":"2020-12-22","purchased_purges":0,"victory":false,"max_hp_per_floor":[66,66,66,66,66,66,66,66,66,66,66,66,66,71,71,71,71],"relic_stats":{"Lizard Tail":35,"counters":[11,51],"Gambling Chip":[17],"Art of War":[1],"Question Card":0,"obtain_stats":[{"Lizard Tail":0,"Gambling Chip":10,"Art of War":9,"Question Card":14,"Ring of the Snake":0},{"Lizard Tail":0,"Gambling Chip":7,"Art of War":6,"Question Card":10,"Ring of the Snake":0},{"Lizard Tail":0,"Gambling Chip":37,"Art of War":29,"Question Card":42,"Ring of the Snake":0}],"Ring of the Snake":[22]},"card_choices":[{"not_picked":["Underhanded Strike","Flying Knee"],"picked":"Eviscerate","floor":1.0},{"not_picked":["Tactician","Dagger Spray"],"picked":"Footwork","floor":2.0},{"not_picked":["Backflip","Dagger Spray"],"picked":"Blade Dance","floor":3.0},{"not_picked":["Slice","Dodge and Roll"],"picked":"Dagger Spray","floor":4.0},{"not_picked":["Flying Knee","Deadly Poison"],"picked":"Blade Dance","floor":5.0},{"not_picked":["Outmaneuver","Choke"],"picked":"Skewer","floor":7},{"not_picked":["Bane","Expertise"],"picked":"Endless Agony","floor":10},{"not_picked":["Underhanded Strike","Slice"],"picked":"Acrobatics","floor":11},{"not_picked":["Flying Knee","Dodge and Roll"],"picked":"Glass Knife","floor":12},{"not_picked":["Flying Knee","PiercingWail"],"picked":"Crippling Poison","floor":14}],"player_experience":1541810,"relics_obtained":[{"floor":9,"key":"Art of War"},{"floor":10,"key":"Gambling Chip"},{"floor":14,"key":"Question Card"}],"event_choices":[{"damage_healed":0,"gold_gain":0,"player_choice":"Fled","damage_taken":5,"max_hp_gain":0,"max_hp_loss":0,"event_name":"Scrap Ooze","floor":13,"gold_loss":0}],"is_beta":false,"boss_relics":[],"items_purged_floors":[],"is_endless":false,"potions_floor_spawned":[1,7,11,12],"killed_by":"Hexaghost","ascension_level":20}}