{"host":"jq8d8epkoknfq6em","time":1613587042,"event":{"mods":["AchievementEnabler","BaseMod","Colored Map","Colored Powertips","Highlight Path","Minty Spire (QoL Compilation)","Quick Restart","Relic Stats","StSLib"],"gold_per_floor":[111,123,139,158,172,202,202,229,229,229,248,248,263,288,288,390,390,400,417,49,60,77,112,123,123,123,123,150,150,250,268,268,373,373,391,391,403,417,429,429,461,461,461,480,492,526,544,3,3,3],"floor_reached":51,"language":"ENG","playtime":5157,"items_purged":[],"score":1250,"play_id":"38f3751b-31b6-465c-87d8-7fa7e4e19030","local_time":"20210217193722","is_ascension_mode":true,"campfire_choices":[{"floor":7.0,"key":"REST"},{"floor":10.0,"key":"REST"},{"data":"Cloak And Dagger","floor":12.0,"key":"SMITH"},{"data":"Wraith Form v2","floor":15.0,"key":"SMITH"},{"data":"Burst","floor":25.0,"key":"SMITH"},{"data":"Accuracy","floor":27.0,"key":"SMITH"},{"data":"Accuracy","floor":29.0,"key":"SMITH"},{"data":"Blade Dance","floor":32.0,"key":"SMITH"},{"floor":40,"key":"REST"},{"floor":42,"key":"REST"},{"floor":49,"key":"DIG"}],"circlet_count":0,"master_deck":["AscendersBane","Strike_G","Strike_G","Strike_G","Strike_G","Defend_G","Defend_G","Defend_G","Defend_G","Defend_G","Survivor","Neutralize","Cloak And Dagger+1","Blade Dance","Bouncing Flask","Escape Plan","Skewer","Accuracy+1","Endless Agony","Accuracy+1","Wraith Form v2+1","PiercingWail","Burst+1","Blade Dance+1","Well Laid Plans","Blade Dance+1","Footwork","Terror","Phantasmal Killer","Madness","Madness","Backflip","Blade Dance+1","Calculated Gamble","Blur","Acrobatics"],"relics":["Ring of the Snake","Bag of Preparation","Paper Crane","The Specimen","Pantograph","Cursed Key","FossilizedHelix","Unceasing Top","Pear","Incense Burner","Eternal Feather","Fusion Hammer","Bag of Marbles","Shovel","Shuriken","Bottled Lightning","Thread and Needle"],"acts_visited":["Exordium","TheCity","TheBeyond"],"potions_floor_usage":[44,50,50],"damage_taken":[{"damage":2.0,"enemies":"Cultist","floor":1.0,"turns":5.0},{"damage":2.0,"enemies":"Jaw Worm","floor":2.0,"turns":5.0},{"damage":0.0,"enemies":"2 Louse","floor":3.0,"turns":3.0},{"damage":7.0,"enemies":"Blue Slaver","floor":4.0,"turns":3.0},{"damage":4.0,"enemies":"3 Louse","floor":5.0,"turns":5.0},{"damage":31.0,"enemies":"3 Sentries","floor":6.0,"turns":11.0},{"damage":16.0,"enemies":"Lagavulin","floor":8.0,"turns":6.0},{"damage":3.0,"enemies":"Red Slaver","floor":11.0,"turns":3.0},{"damage":3.0,"enemies":"Exordium Wildlife","floor":13.0,"turns":5.0},{"damage":13.0,"enemies":"Gremlin Nob","floor":14.0,"turns":4.0},{"damage":12.0,"enemies":"The Guardian","floor":16.0,"turns":12.0},{"damage":2.0,"enemies":"Spheric Guardian","floor":18.0,"turns":4.0},{"damage":0.0,"enemies":"Chosen","floor":19.0,"turns":4.0},{"damage":2.0,"enemies":"Centurion and Healer","floor":21.0,"turns":6.0},{"damage":6.0,"enemies":"Snake Plant","floor":22.0,"turns":5.0},{"damage":13.0,"enemies":"Gremlin Leader","floor":23.0,"turns":5.0},{"damage":1.0,"enemies":"Snecko","floor":24.0,"turns":5.0},{"damage":8.0,"enemies":"Book of Stabbing","floor":28.0,"turns":4.0},{"damage":2.0,"enemies":"Colosseum Slavers","floor":30.0,"turns":4.0},{"damage":10.0,"enemies":"Colosseum Nobs","floor":30.0,"turns":3.0},{"damage":1.0,"enemies":"Centurion and Healer","floor":31.0,"turns":4.0},{"damage":1.0,"enemies":"Champ","floor":33.0,"turns":6.0},{"damage":0,"enemies":"Orb Walker","floor":35,"turns":1},{"damage":1,"enemies":"3 Shapes","floor":37,"turns":4},{"damage":26,"enemies":"Spire Growth","floor":38,"turns":5},{"damage":0,"enemies":"4 Shapes","floor":39,"turns":5},{"damage":6,"enemies":"Giant Head","floor":41,"turns":5},{"damage":0,"enemies":"Jaw Worm Horde","floor":44,"turns":4},{"damage":0,"enemies":"Maw","floor":45,"turns":3},{"damage":0,"enemies":"Nemesis","floor":46,"turns":3},{"damage":0,"enemies":"Spire Growth","floor":47,"turns":1},{"damage":52,"enemies":"Time Eater","floor":50,"turns":10}],"seed_played":"-7430675361347970267","potions_obtained":[{"floor":3.0,"key":"Dexterity Potion"},{"floor":4.0,"key":"Swift Potion"},{"floor":8.0,"key":"GamblersBrew"},{"floor":13.0,"key":"Block Potion"},{"floor":16.0,"key":"ColorlessPotion"},{"floor":18.0,"key":"SkillPotion"},{"floor":21.0,"key":"DistilledChaos"},{"floor":23.0,"key":"AttackPotion"},{"floor":24.0,"key":"Poison Potion"},{"floor":28.0,"key":"Swift Potion"},{"floor":33.0,"key":"Strength Potion"},{"floor":35,"key":"AttackPotion"},{"floor":37,"key":"LiquidMemories"},{"floor":38,"key":"SpeedPotion"},{"floor":46,"key":"EssenceOfSteel"}],"is_trial":false,"path_per_floor":["M","M","M","M","M","E","R","E","T","R","M","R","M","E","R","B",null,"M","M","$","M","M","E","M","R","T","R","E","R","?","M","R","B",null,"M","?","M","M","M","R","E","R","T","M","M","E","M","$","R","B",null],"character_chosen":"THE_SILENT","items_purchased":["FossilizedHelix","Well Laid Plans","Shuriken","Bottled Lightning","Acrobatics"],"campfire_rested":4,"item_purchase_floors":[20,20,48,48,48],"current_hp_per_floor":[61,59,59,52,48,17,38,22,22,43,40,40,37,24,24,37,62,60,60,60,58,52,39,38,38,38,38,40,40,28,27,42,66,77,77,67,66,40,40,80,74,80,80,80,80,80,80,80,80,28],"gold":3,"neow_bonus":"REMOVE_CARD","is_daily":false,"chose_seed":false,"campfire_upgraded":6,"win_rate":0.0,"timestamp":1613587042,"path_taken":["M","M","M","M","M","E","R","E","T","R","M","R","?","E","R","BOSS","M","M","$","M","M","E","?","R","T","R","E","R","?","M","R","BOSS","M","?","M","M","M","R","E","R","T","M","M","E","M","$","R","BOSS"],"items_purchased_type":["Relic","Card","Relic","Relic","Card"],"build_version":"2020-12-22","purchased_purges":0,"victory":true,"max_hp_per_floor":[70,70,70,70,70,70,70,70,70,70,70,70,70,70,70,70,70,70,70,70,70,70,70,70,70,70,70,80,80,80,80,80,80,80,80,80,80,80,80,80,80,80,80,80,80,80,80,80,80,80],"relic_stats":{"Shovel":1,"counters":[32,153],"Shuriken":[8],"Pantograph":50,"Eternal Feather":39,"Bag of Preparation":[55],"Cursed Key":0,"obtain_stats":[{"Pear":28,"The Specimen":9,"Eternal Feather":30,"Thread and Needle":49,"Bag of Preparation":6,"Incense Burner":30,"Paper Crane":8,"Cursed Key":17,"Shovel":46,"Shuriken":48,"Pantograph":14,"Fusion Hammer":34,"Bag of Marbles":41,"Bottled Lightning":48,"FossilizedHelix":20,"Unceasing Top":23,"Ring of the Snake":0},{"Pear":18,"The Specimen":7,"Eternal Feather":20,"Thread and Needle":31,"Bag of Preparation":6,"Incense Burner":20,"Paper Crane":7,"Cursed Key":11,"Shovel":30,"Shuriken":31,"Pantograph":10,"Fusion Hammer":22,"Bag of Marbles":27,"Bottled Lightning":31,"FossilizedHelix":13,"Unceasing Top":16,"Ring of the Snake":0},{"Pear":95,"The Specimen":38,"Eternal Feather":102,"Thread and Needle":143,"Bag of Preparation":32,"Incense Burner":102,"Paper Crane":38,"Cursed Key":62,"Shovel":142,"Shuriken":143,"Pantograph":50,"Fusion Hammer":112,"Bag of Marbles":132,"Bottled Lightning":143,"FossilizedHelix":70,"Unceasing Top":86,"Ring of the Snake":0}],"Unceasing Top":[20],"Ring of the Snake":[65]},"card_choices":[{"not_picked":["Dodge and Roll","Choke"],"picked":"Cloak And Dagger","floor":1.0},{"not_picked":["Deadly Poison","Flying Knee"],"picked":"Blade Dance","floor":2.0},{"not_picked":["Dagger Spray","Deadly Poison"],"picked":"Bouncing Flask","floor":3.0},{"not_picked":["All Out Attack","Outmaneuver"],"picked":"Escape Plan","floor":4.0},{"not_picked":["Deadly Poison","Distraction"],"picked":"Skewer","floor":5.0},{"not_picked":["Concentrate","Acrobatics"],"picked":"Accuracy","floor":6.0},{"not_picked":["Deadly Poison","Cloak And Dagger"],"picked":"Endless Agony","floor":8.0},{"not_picked":["Concentrate","Calculated Gamble"],"picked":"Accuracy","floor":11.0},{"not_picked":["Tactician","Blur"],"picked":"Wraith Form v2","floor":13.0},{"not_picked":["Dagger Throw","Backstab"],"picked":"PiercingWail","floor":14.0},{"not_picked":["Storm of Steel","Wraith Form v2"],"picked":"Burst","floor":16.0},{"not_picked":["Slice","Endless Agony","Sucker Punch"],"picked":"SKIP","floor":18.0},{"not_picked":["Calculated Gamble+1","PiercingWail"],"picked":"Blade Dance","floor":19.0},{"not_picked":["Cloak And Dagger","Quick Slash","Finisher"],"picked":"SKIP","floor":21.0},{"not_picked":["Cloak And Dagger","Deflect"],"picked":"Blade Dance+1","floor":22.0},{"not_picked":["Slice","Finisher","Reflex+1"],"picked":"SKIP","floor":23.0},{"not_picked":["Acrobatics","Caltrops+1","Quick Slash"],"picked":"SKIP","floor":24.0},{"not_picked":["Choke","Glass Knife","Quick Slash"],"picked":"SKIP","floor":28.0},{"not_picked":["Bane","Choke"],"picked":"Footwork","floor":30.0},{"not_picked":["Bane","Sucker Punch"],"picked":"Terror","floor":31.0},{"not_picked":["Malaise","Corpse Explosion"],"picked":"Phantasmal Killer","floor":33.0},{"not_picked":["Expertise","Poisoned Stab","Endless Agony+1"],"picked":"SKIP","floor":35},{"not_picked":["Flying Knee","Finisher+1","Prepared"],"picked":"SKIP","floor":37},{"not_picked":["Cloak And Dagger","Poisoned Stab","Deflect"],"picked":"SKIP","floor":38},{"not_picked":["Well Laid Plans","Malaise"],"picked":"Backflip","floor":39},{"not_picked":["Dagger Spray+1","Bane","Cloak And Dagger"],"picked":"SKIP","floor":41},{"not_picked":["Heel Hook","All Out Attack+1"],"picked":"Blade Dance+1","floor":44},{"not_picked":["Doppelganger","Flechettes+1"],"picked":"Calculated Gamble","floor":45},{"not_picked":["Underhanded Strike","Finisher+1","Cloak And Dagger"],"picked":"SKIP","floor":46},{"not_picked":["Prepared","Bouncing Flask"],"picked":"Blur","floor":47}],"player_experience":1065269,"relics_obtained":[{"floor":6.0,"key":"Bag of Preparation"},{"floor":8.0,"key":"Paper Crane"},{"floor":9.0,"key":"The Specimen"},{"floor":14.0,"key":"Pantograph"},{"floor":23.0,"key":"Unceasing Top"},{"floor":28.0,"key":"Pear"},{"floor":30.0,"key":"Incense Burner"},{"floor":30.0,"key":"Eternal Feather"},{"floor":41,"key":"Bag of Marbles"},{"floor":46,"key":"Shovel"},{"floor":49,"key":"Thread and Needle"}],"event_choices":[{"damage_healed":0.0,"max_hp_gain":0.0,"max_hp_loss":0.0,"gold_gain":0.0,"event_name":"Colosseum","player_choice":"Fight","floor":30.0,"gold_loss":0.0,"damage_taken":0.0},{"damage_healed":0.0,"max_hp_gain":0.0,"max_hp_loss":0.0,"gold_gain":0.0,"event_name":"Colosseum","player_choice":"Fought Nobs","floor":30.0,"gold_loss":0.0,"damage_taken":0.0},{"damage_healed":0,"gold_gain":0,"player_choice":"Embrace Madness","damage_taken":10,"max_hp_gain":0,"max_hp_loss":0,"event_name":"Winding Halls","floor":36,"gold_loss":0,"cards_obtained":["Madness","Madness"]}],"is_beta":false,"boss_relics":[{"not_picked":["Tiny House","Snecko Eye"],"picked":"Cursed Key"},{"not_picked":["Calling Bell","HoveringKite"],"picked":"Fusion Hammer"}],"items_purged_floors":[],"is_endless":false,"potions_floor_spawned":[3,4,8,13,16,18,21,23,24,28,33,35,37,38,41,46],"ascension_level":12}}