{"host":"l7ku00cw7dmofayg","time":1613598668,"event":{"mods":["ATMod(°¢èªMod)","BaseMod","Marisa£¨ìFÓê¡¡Ä§ÀíÉ³£©","Minty Spire (QoL Compilation)","StSLib","The Invoker Mod"],"gold_per_floor":[114,114,189,189,189,189,202,260,283,36,95,111,161,185,185,303,303,318,318,318,368,368,426,426,462,462,523,523,523],"floor_reached":28,"language":"ZHS","playtime":1021,"items_purged":["Regret"],"score":604,"play_id":"037eca9d-25d7-4e3a-9b05-5e96f56b0ed8","local_time":"20210218055108","is_ascension_mode":true,"campfire_choices":[{"floor":6,"key":"REST"},{"data":"AT_KneejerkReflex","floor":15,"key":"SMITH"},{"data":"TreasureHunter","floor":24,"key":"SMITH"}],"circlet_count":0,"master_deck":["AscendersBane","Defend_MRS","Defend_MRS","Defend_MRS","Defend_MRS","MasterSpark","UpSweep","AT_KneejerkReflex+1","6A","UnstableBomb","WitchOfGreed","DeepEcoloBomb","Parasite","Parasite","MilkyWay","MysteriousBeam","PropBag","MilkyWay","TreasureHunter+1","6A","Writhe","Bite","Bite","Bite","Bite","Bite+1","NonDirectionalLaser+1","IllusionStar"],"relics":["MiniHakkero","AT_ATBox","NeowsBlessing","Regal Pillow","Golden Idol","HandmadeGrimoire","Oddly Smooth Stone","ShroomBag","Torii","Ancient Tea Set","ExperimentalFamiliar","Nilry\u0027s Codex","Peace Pipe","MagicBroom","Ice Cream","Whetstone","WingedGreaves","Letter Opener"],"acts_visited":["Exordium","TheCity"],"potions_floor_usage":[11,11,13,16,23,25,27,28,28],"damage_taken":[{"damage":0,"enemies":"Small Slimes","floor":1,"turns":1},{"damage":0,"enemies":"Jaw Worm","floor":7,"turns":1},{"damage":0,"enemies":"Lagavulin","floor":8,"turns":3},{"damage":8,"enemies":"Gremlin Nob","floor":11,"turns":3},{"damage":0,"enemies":"2 Louse","floor":12,"turns":2},{"damage":25,"enemies":"3 Sentries","floor":13,"turns":5},{"damage":0,"enemies":"Blue Slaver","floor":14,"turns":1},{"damage":9,"enemies":"Hexaghost","floor":16,"turns":6},{"damage":11,"enemies":"Shell Parasite","floor":18,"turns":4},{"damage":9,"enemies":"Book of Stabbing","floor":23,"turns":4},{"damage":5,"enemies":"3 Byrds","floor":25,"turns":4},{"damage":34,"enemies":"Slavers","floor":27,"turns":4},{"damage":17,"enemies":"Book of Stabbing","floor":28,"turns":3}],"seed_played":"8597493325151219388","potions_obtained":[{"floor":7,"key":"Fire Potion"},{"floor":8,"key":"Explosive Potion"},{"floor":11,"key":"StarNLove"},{"floor":13,"key":"ShroomBrew"},{"floor":13,"key":"PowerPotion"},{"floor":16,"key":"Weak Potion"},{"floor":23,"key":"Weak Potion"},{"floor":25,"key":"Dexterity Potion"},{"floor":25,"key":"Fire Potion"},{"floor":27,"key":"BottledSpark"},{"floor":27,"key":"DuplicationPotion"}],"is_trial":false,"path_per_floor":["M","?","?","?","?","R","M","E","T","$","E","M","E","M","R","B",null,"M","?","?","?","?","E","R","M","T","E","E"],"character_chosen":"MARISA","items_purchased":["ShroomBag"],"campfire_rested":1,"item_purchase_floors":[10],"current_hp_per_floor":[63,63,52,52,28,64,64,64,64,64,60,62,41,41,41,36,62,55,34,34,34,34,35,35,40,40,10,0,0],"gold":523,"neow_bonus":"THREE_ENEMY_KILL","is_daily":false,"chose_seed":false,"campfire_upgraded":2,"win_rate":0.0,"timestamp":1613598668,"path_taken":["M","?","?","?","?","R","M","E","T","$","E","?","E","?","R","BOSS","M","?","?","?","?","E","R","M","T","E","E"],"items_purchased_type":["Relic"],"build_version":"2020-12-22","purchased_purges":1,"victory":false,"max_hp_per_floor":[70,70,70,70,70,70,70,70,70,70,70,70,70,70,70,70,70,70,70,70,70,49,49,49,49,49,49,49,49],"card_choices":[{"not_picked":["AsteroidBelt","EarthLightRay"],"picked":"6A","floor":1},{"not_picked":["DC","MysteriousBeam"],"picked":"WitchOfGreed","floor":7},{"not_picked":["OneTimeOff","ManaConvection"],"picked":"DeepEcoloBomb","floor":8},{"not_picked":["MysteriousBeam","EnergyFlow"],"picked":"MilkyWay","floor":11},{"not_picked":["MilkyWay","GalacticHalo"],"picked":"MysteriousBeam","floor":12},{"not_picked":["EarthLightRay","EscapeVelocity"],"picked":"PropBag","floor":13},{"not_picked":["GalacticHalo","ChargingUp"],"picked":"MilkyWay","floor":14},{"not_picked":["JA","SuperNova"],"picked":"TreasureHunter","floor":16},{"not_picked":["GalacticHalo","WitchLeyline"],"picked":"6A","floor":18},{"not_picked":["FinalSpark","MeteoricShower"],"picked":"NonDirectionalLaser","floor":23},{"not_picked":["LuminesStrike","ShootingEcho","MilkyWay"],"picked":"SKIP","floor":25},{"not_picked":["EscapeVelocity","StarlightTyphoon"],"picked":"IllusionStar","floor":27}],"player_experience":72785,"relics_obtained":[{"floor":8,"key":"HandmadeGrimoire"},{"floor":9,"key":"Oddly Smooth Stone"},{"floor":11,"key":"Torii"},{"floor":13,"key":"Ancient Tea Set"},{"floor":19,"key":"Nilry\u0027s Codex"},{"floor":23,"key":"MagicBroom"},{"floor":26,"key":"Ice Cream"},{"floor":27,"key":"Whetstone"},{"floor":27,"key":"WingedGreaves"}],"event_choices":[{"damage_healed":0,"gold_gain":0,"player_choice":"Box","damage_taken":0,"relics_obtained":["Regal Pillow"],"max_hp_gain":0,"max_hp_loss":0,"event_name":"Big Fish","floor":2,"gold_loss":0,"cards_obtained":["Regret"]},{"damage_healed":0,"gold_gain":75,"player_choice":"Gather Gold","damage_taken":11,"max_hp_gain":0,"max_hp_loss":0,"event_name":"World of Goop","floor":3,"gold_loss":0},{"damage_healed":0,"gold_gain":0,"cards_transformed":["Strike_MRS"],"player_choice":"Change","damage_taken":0,"max_hp_gain":0,"max_hp_loss":0,"event_name":"Living Wall","floor":4,"gold_loss":0,"cards_obtained":["UnstableBomb"]},{"damage_healed":0,"gold_gain":0,"player_choice":"Take Damage","damage_taken":24,"relics_obtained":["Golden Idol"],"max_hp_gain":0,"max_hp_loss":0,"event_name":"Golden Idol","floor":5,"gold_loss":0},{"damage_healed":0,"gold_gain":0,"player_choice":"Obtained Book","damage_taken":21,"max_hp_gain":0,"max_hp_loss":0,"event_name":"Cursed Tome","floor":19,"gold_loss":0},{"damage_healed":0,"gold_gain":0,"player_choice":"Opened","damage_taken":0,"relics_obtained":["Peace Pipe"],"max_hp_gain":0,"max_hp_loss":0,"event_name":"The Mausoleum","floor":20,"gold_loss":0,"cards_obtained":["Writhe"]},{"damage_healed":0,"gold_gain":50,"player_choice":"Stole From Cult","damage_taken":0,"max_hp_gain":0,"max_hp_loss":0,"event_name":"Nest","floor":21,"gold_loss":0},{"damage_healed":0,"gold_gain":0,"player_choice":"Became a vampire","damage_taken":0,"max_hp_gain":0,"max_hp_loss":21,"event_name":"Vampires","floor":22,"gold_loss":0,"cards_obtained":["Bite","Bite","Bite","Bite","Bite"]}],"is_beta":false,"boss_relics":[{"not_picked":["Tiny House","SacredBark"],"picked":"ExperimentalFamiliar"}],"items_purged_floors":[10],"is_endless":false,"potions_floor_spawned":[7,8,13,14,25,27],"killed_by":"Book of Stabbing","ascension_level":19}}