{"host":"vyiqbz5w606ur92t","time":1613577927,"event":{"mods":["BaseMod","Downfall","Minty Spire (QoL Compilation)","Relic Stats","StSLib"],"gold_per_floor":[99,117,128,188,207,207,207,207,207,227,258,269,21,40,60,60,60,60],"floor_reached":16,"language":"ENG","playtime":965,"items_purged":["downfall:Malfunctioning"],"score":203,"play_id":"66606bd5-7212-4f15-8044-cd9bae70dcb1","local_time":"20210217160527","is_ascension_mode":true,"campfire_choices":[{"data":"Slimebound:Split","floor":1,"key":"SMITH"},{"floor":6,"key":"REST"}],"circlet_count":0,"master_deck":["AscendersBane","Slimebound:Strike_Slimebound","Slimebound:Strike_Slimebound","Slimebound:Strike_Slimebound+1","Slimebound:Tackle","Slimebound:Defend_Slimebound","Slimebound:Defend_Slimebound","Slimebound:Defend_Slimebound+1","Slimebound:Defend_Slimebound","Slimebound:Split+1","Slimebound:CorrosiveSpit+1","CurseOfTheBell","Slimebound:FormOfPuddle","Slimebound:SplitLeeching","Slimebound:LevelUp","Slimebound:SlimeBrawl","Slimebound:Recollect","Slimebound:GrowthPunch","Slimebound:SlimeSlap","Slimebound:Gluttony","Slimebound:GoopSpray"],"relics":["Calling Bell","Mercury Hourglass","CaptainsWheel","Regal Pillow","Slimebound:ScrapOozeRelic","champ:DeflectingBracers","Lantern"],"acts_visited":["Exordium"],"potions_floor_usage":[12,14,15],"damage_taken":[{"damage":7,"enemies":"Small Slimes","floor":2,"turns":4},{"damage":0,"enemies":"2 Louse","floor":3,"turns":2},{"damage":30,"enemies":"Lagavulin Event","floor":4,"turns":7},{"damage":7,"enemies":"Jaw Worm","floor":5,"turns":4},{"damage":9,"enemies":"Exordium Thugs","floor":10,"turns":3},{"damage":1,"enemies":"Lagavulin","floor":11,"turns":6},{"damage":3,"enemies":"Large Slime","floor":12,"turns":4},{"damage":8,"enemies":"downfall:FleeingMerchant","floor":13,"turns":4},{"damage":0,"enemies":"3 Louse","floor":14,"turns":2},{"damage":0,"enemies":"Blue Slaver","floor":15,"turns":3},{"damage":20,"enemies":"WA_ARCHETYPE_RETAIN","floor":16,"turns":6}],"seed_played":"7333747307795730401","potions_obtained":[{"floor":4,"key":"Explosive Potion"},{"floor":10,"key":"Slimebound:SlimedPotion"},{"floor":12,"key":"Fire Potion"},{"floor":14,"key":"Swift Potion"}],"is_trial":false,"path_per_floor":["R","M","M","?","M","R","T","?","?","M","E","M","$","M","M","B"],"character_chosen":"SLIMEBOUND","items_purchased":["Lantern"],"campfire_rested":1,"item_purchase_floors":[13],"current_hp_per_floor":[53,46,46,16,9,41,41,41,41,32,31,28,20,20,20,0,0,0],"gold":60,"neow_bonus":"BOSS_RELIC","is_daily":false,"chose_seed":false,"campfire_upgraded":1,"win_rate":0.0,"timestamp":1613577927,"path_taken":["R","M","M","?","M","R","T","?","?","?","E","M","$","M","M","BOSS"],"items_purchased_type":["Relic"],"build_version":"2020-12-22","purchased_purges":1,"victory":false,"max_hp_per_floor":[59,59,59,59,59,59,59,59,59,59,59,59,59,59,59,59,59,59],"relic_stats":{"Regal Pillow":15,"counters":[11,42],"obtain_stats":[{"Calling Bell":0,"CaptainsWheel":0,"Regal Pillow":4,"Lantern":13,"Slimebound:ScrapOozeRelic":9,"sneckomod:BlankCard":0,"champ:DeflectingBracers":11,"Slimebound:AbsorbEndCombat":0,"Mercury Hourglass":0},{"Calling Bell":0,"CaptainsWheel":0,"Regal Pillow":3,"Lantern":8,"Slimebound:ScrapOozeRelic":4,"sneckomod:BlankCard":0,"champ:DeflectingBracers":6,"Slimebound:AbsorbEndCombat":0,"Mercury Hourglass":0},{"Calling Bell":0,"CaptainsWheel":0,"Regal Pillow":11,"Lantern":32,"Slimebound:ScrapOozeRelic":15,"sneckomod:BlankCard":0,"champ:DeflectingBracers":24,"Slimebound:AbsorbEndCombat":0,"Mercury Hourglass":0}],"Mercury Hourglass":[128]},"card_choices":[{"not_picked":["Slimebound:Schlurp","Slimebound:RainOfGoop"],"picked":"Slimebound:FormOfPuddle","floor":2},{"not_picked":["Slimebound:FormOfPuddle","Slimebound:RollThrough"],"picked":"Slimebound:SplitLeeching","floor":3},{"not_picked":["Slimebound:FlameTackle","Slimebound:FormOfPuddle"],"picked":"Slimebound:LevelUp","floor":4},{"not_picked":["Slimebound:RainOfGoop","Slimebound:SpikyOuterGoop"],"picked":"Slimebound:SlimeBrawl","floor":5},{"not_picked":["Slimebound:DivideAndConquer","Slimebound:SplitMire"],"picked":"Slimebound:Recollect","floor":10},{"not_picked":["Slimebound:LeechEnergy","Slimebound:LivingWall"],"picked":"Slimebound:GrowthPunch","floor":11},{"not_picked":["Slimebound:HauntingLick","Slimebound:SplitBruiser"],"picked":"Slimebound:SlimeSlap","floor":12},{"not_picked":["Slimebound:SlimeBarrage","Slimebound:PressTheAttack"],"picked":"Slimebound:Gluttony","floor":13},{"not_picked":["Slimebound:AcidTongue","Slimebound:SplitLeeching"],"picked":"Slimebound:GoopSpray","floor":14},{"not_picked":["Slimebound:ComboTackle","Slimebound:AcidTongue","Slimebound:PressTheAttack"],"picked":"SKIP","floor":15}],"player_experience":1824490,"relics_obtained":[{"floor":0,"key":"sneckomod:BlankCard"},{"floor":0,"key":"Mercury Hourglass"},{"floor":0,"key":"CaptainsWheel"},{"floor":4,"key":"Regal Pillow"},{"floor":11,"key":"champ:DeflectingBracers"}],"event_choices":[],"is_beta":false,"boss_relics":[],"items_purged_floors":[13],"is_endless":false,"potions_floor_spawned":[4,10,11,12,14],"killed_by":"WA_ARCHETYPE_RETAIN","ascension_level":19}}