{"host":"x05n69rv5q9mps34","time":1613592039,"event":{"mods":["AchievementEnabler","BaseMod","Colored Map","Minty Spire (QoL Compilation)","SuperFastMode"],"gold_per_floor":[115,115,11,31,31,65,77,77,77,106,106,186,206,218,218,316,316,336,346,346,346,21,21,56,56,56,56,73,73,93,125,125,226,226,246,186,204,218,10,44,44,44,44,70,85,85,104,27,27,27,27,27,2,2,2],"floor_reached":54,"language":"ENG","playtime":3669,"items_purged":[],"score":1189,"play_id":"8aa2a9d5-26af-4149-a7b4-57bc38e53711","local_time":"20210217180039","is_ascension_mode":true,"campfire_choices":[{"floor":8,"key":"REST"},{"data":"Twin Strike","floor":15,"key":"SMITH"},{"data":"Rupture","floor":23,"key":"SMITH"},{"data":"Pommel Strike","floor":25,"key":"SMITH"},{"data":"Reaper","floor":27,"key":"SMITH"},{"data":"Combust","floor":29,"key":"SMITH"},{"floor":32,"key":"RECALL"},{"data":"Fire Breathing","floor":42,"key":"SMITH"},{"data":"Evolve","floor":46,"key":"SMITH"},{"data":"Bash","floor":49,"key":"SMITH"},{"data":"Dropkick","floor":52,"key":"SMITH"}],"circlet_count":0,"master_deck":["AscendersBane","Strike_R+1","Strike_R+1","Strike_R+1","Strike_R+1","Defend_R+1","Defend_R+1","Defend_R+1","Bash+1","Wild Strike","Armaments+1","Shrug It Off+1","True Grit+1","Intimidate+1","Dropkick+1","Twin Strike+1","Reaper+1","Cleave","Double Tap+1","Rupture+1","Hemokinesis","Combust+1","Pommel Strike+1","Power Through+1","Shrug It Off+1","Warcry+1","Limit Break+1","Evolve+1","Fire Breathing+1","True Grit+1","Entrench+1","Heavy Blade"],"relics":["Sozu","Toxic Egg 2","StrikeDummy","HornCleat","Meat on the Bone","Coffee Dripper","Membership Card","PreservedInsect","Orichalcum","InkBottle","Runic Pyramid","Magic Flower","Gremlin Horn","Shuriken","Calipers","Lee\u0027s Waffle"],"acts_visited":["Exordium","TheCity","TheBeyond","TheEnding"],"potions_floor_usage":[],"damage_taken":[{"damage":0,"enemies":"Small Slimes","floor":1,"turns":3},{"damage":0,"enemies":"2 Louse","floor":4,"turns":3},{"damage":27,"enemies":"3 Sentries","floor":6,"turns":11},{"damage":0,"enemies":"Jaw Worm","floor":7,"turns":3},{"damage":2,"enemies":"Gremlin Nob","floor":10,"turns":3},{"damage":0,"enemies":"Exordium Wildlife","floor":13,"turns":3},{"damage":0,"enemies":"Blue Slaver","floor":14,"turns":2},{"damage":43,"enemies":"The Guardian","floor":16,"turns":14},{"damage":6,"enemies":"2 Thieves","floor":18,"turns":3},{"damage":0,"enemies":"Spheric Guardian","floor":19,"turns":3},{"damage":22,"enemies":"Book of Stabbing","floor":24,"turns":5},{"damage":20,"enemies":"Snecko","floor":28,"turns":5},{"damage":1,"enemies":"Snake Plant","floor":30,"turns":4},{"damage":0,"enemies":"Slavers","floor":31,"turns":5},{"damage":63,"enemies":"Champ","floor":33,"turns":9},{"damage":2,"enemies":"3 Shapes","floor":35,"turns":6},{"damage":9,"enemies":"3 Darklings","floor":37,"turns":3},{"damage":16,"enemies":"Sphere and 2 Shapes","floor":38,"turns":6},{"damage":25,"enemies":"Reptomancer","floor":40,"turns":6},{"damage":34,"enemies":"Nemesis","floor":44,"turns":5},{"damage":1,"enemies":"Jaw Worm Horde","floor":45,"turns":4},{"damage":21,"enemies":"Transient","floor":47,"turns":5},{"damage":108,"enemies":"Donu and Deca","floor":50,"turns":10},{"damage":80,"enemies":"Shield and Spear","floor":54,"turns":5}],"seed_played":"-5896960310782563218","potions_obtained":[],"is_trial":false,"path_per_floor":["M","?","$","M","?","E","M","R","T","E","?","?","M","M","R","B",null,"M","M","?","?","$","R","E","R","T","R","M","R","M","E","R","B",null,"M","?","M","M","$","E","?","R","T","E","M","R","M","$","R","B",null,"R","$","E"],"character_chosen":"IRONCLAD","items_purchased":["Armaments+1","Shrug It Off+1","Combust","Membership Card","PreservedInsect","Pommel Strike","Fire Breathing","True Grit+1","Magic Flower","Lee\u0027s Waffle","Heavy Blade"],"campfire_rested":1,"item_purchase_floors":[3,3,22,22,22,22,39,39,39,48,53],"current_hp_per_floor":[72,65,65,65,65,38,38,62,62,60,60,60,66,66,66,42,71,73,73,73,73,73,73,51,51,51,51,50,50,49,59,59,25,66,78,78,79,79,79,79,80,80,80,61,79,79,58,87,87,25,72,72,72,0,0],"gold":2,"neow_bonus":"BOSS_RELIC","is_daily":false,"chose_seed":false,"campfire_upgraded":9,"win_rate":0.0,"timestamp":1613592039,"path_taken":["M","?","$","M","?","E","M","R","T","E","?","?","M","M","R","BOSS","M","M","?","?","?","R","E","R","T","R","?","R","M","E","R","BOSS","M","?","?","?","$","E","?","R","T","E","M","R","?","$","R","BOSS","R","$","E"],"items_purchased_type":["Card","Card","Card","Relic","Relic","Card","Card","Card","Relic","Relic","Card"],"build_version":"2020-12-22","purchased_purges":0,"victory":false,"max_hp_per_floor":[80,80,80,80,80,80,80,80,80,80,80,80,80,80,80,80,80,80,80,80,80,80,80,80,80,80,80,80,80,80,80,80,80,80,80,80,80,80,80,80,80,80,80,80,80,80,80,87,87,87,87,87,87,87,87],"card_choices":[{"not_picked":["Anger","Shrug It Off"],"picked":"Wild Strike","floor":1},{"not_picked":["Clothesline","Havoc+1"],"picked":"True Grit+1","floor":4},{"not_picked":["Blood for Blood","Havoc+1"],"picked":"Dropkick","floor":6},{"not_picked":["Wild Strike","Cleave"],"picked":"Twin Strike","floor":7},{"not_picked":["Headbutt","Flex+1"],"picked":"Reaper","floor":10},{"not_picked":["Warcry+1","Body Slam"],"picked":"Cleave","floor":13},{"not_picked":["Infernal Blade+1","Body Slam","Iron Wave"],"picked":"SKIP","floor":14},{"not_picked":["Brutality","Barricade"],"picked":"Double Tap+1","floor":16},{"not_picked":["Armaments+1","True Grit+1"],"picked":"Rupture","floor":18},{"not_picked":["Flex+1","Warcry+1"],"picked":"Hemokinesis","floor":19},{"not_picked":["Seeing Red+1","Flex+1"],"picked":"Power Through+1","floor":24},{"not_picked":["Headbutt","Sword Boomerang"],"picked":"Shrug It Off+1","floor":28},{"not_picked":["Bloodletting+1","Shrug It Off+1","Corruption"],"picked":"SKIP","floor":30},{"not_picked":["Havoc+1","Blood for Blood"],"picked":"Warcry+1","floor":31},{"not_picked":["Exhume+1","Brutality"],"picked":"Limit Break+1","floor":33},{"not_picked":["Iron Wave","Perfected Strike","Headbutt"],"picked":"SKIP","floor":35},{"not_picked":["Armaments+1","Rampage","True Grit+1"],"picked":"SKIP","floor":37},{"not_picked":["Armaments+1","Shrug It Off+1"],"picked":"Evolve","floor":38},{"not_picked":["Wild Strike","Havoc+1","Brutality"],"picked":"SKIP","floor":40},{"not_picked":["Armaments+1","Thunderclap+1","Cleave"],"picked":"SKIP","floor":44},{"not_picked":["Pommel Strike","Ghostly Armor+1","Rampage+1"],"picked":"SKIP","floor":45},{"not_picked":["Anger","Twin Strike+1"],"picked":"Entrench+1","floor":47}],"player_experience":1020351,"relics_obtained":[{"floor":6,"key":"StrikeDummy"},{"floor":9,"key":"HornCleat"},{"floor":10,"key":"Meat on the Bone"},{"floor":24,"key":"Orichalcum"},{"floor":31,"key":"InkBottle"},{"floor":40,"key":"Gremlin Horn"},{"floor":43,"key":"Shuriken"},{"floor":44,"key":"Calipers"}],"event_choices":[{"damage_healed":0,"gold_gain":0,"player_choice":"Success","damage_taken":7,"relics_obtained":["Toxic Egg 2"],"max_hp_gain":0,"max_hp_loss":0,"event_name":"Scrap Ooze","floor":2,"gold_loss":0},{"damage_healed":0,"gold_gain":0,"cards_transformed":["Strike_R"],"player_choice":"Change","damage_taken":0,"max_hp_gain":0,"max_hp_loss":0,"event_name":"Living Wall","floor":5,"gold_loss":0,"cards_obtained":["Intimidate"]},{"damage_healed":0,"gold_gain":0,"player_choice":"Leave","damage_taken":0,"max_hp_gain":0,"max_hp_loss":0,"event_name":"The Cleric","floor":11,"gold_loss":0},{"damage_healed":0,"gold_gain":80,"player_choice":"Gained Gold","damage_taken":0,"max_hp_gain":0,"max_hp_loss":0,"event_name":"Golden Wing","floor":12,"gold_loss":0},{"damage_healed":0,"gold_gain":0,"player_choice":"Simplicity","damage_taken":0,"max_hp_gain":0,"max_hp_loss":0,"event_name":"Back to Basics","floor":20,"gold_loss":0,"cards_upgraded":["Strike_R","Strike_R","Strike_R","Strike_R","Defend_R","Defend_R","Defend_R","Defend_R"]},{"damage_healed":0,"gold_gain":0,"player_choice":"Ignored","damage_taken":0,"max_hp_gain":0,"max_hp_loss":0,"event_name":"Vampires","floor":21,"gold_loss":0},{"cards_removed":["Defend_R"],"damage_healed":0,"gold_gain":0,"player_choice":"Single Remove","damage_taken":0,"max_hp_gain":0,"max_hp_loss":0,"event_name":"Designer","floor":36,"gold_loss":60},{"damage_healed":1,"gold_gain":0,"player_choice":"Full Heal","damage_taken":0,"max_hp_gain":0,"max_hp_loss":0,"event_name":"Wheel of Change","floor":41,"gold_loss":0}],"is_beta":false,"boss_relics":[{"not_picked":["Philosopher\u0027s Stone","SlaversCollar"],"picked":"Coffee Dripper"},{"not_picked":["Black Star","Tiny House"],"picked":"Runic Pyramid"}],"items_purged_floors":[],"is_endless":false,"potions_floor_spawned":[4,13,14,16,19,28,33,37,45],"killed_by":"Shield and Spear","ascension_level":12}}