{"host":"4i5my69dv6e41930","time":1613548743,"event":{"mods":["AchievementEnabler","BaseMod","Minty Spire (QoL Compilation)","Relic Stats"],"gold_per_floor":[115,134,149,149,162,162,187,199,234,246,289,319,342,366,378,390,390],"floor_reached":16,"language":"ENG","playtime":863,"items_purged":[],"score":222,"play_id":"27389fe2-4235-4d52-af20-c3744cbdcbd3","local_time":"20210217025903","is_ascension_mode":true,"campfire_choices":[{"data":"All Out Attack","floor":6,"key":"SMITH"},{"data":"Backflip","floor":10,"key":"SMITH"},{"data":"Deadly Poison","floor":15,"key":"SMITH"}],"circlet_count":0,"master_deck":["AscendersBane","Strike_G","Strike_G","Strike_G","Strike_G","Strike_G","Defend_G","Defend_G","Defend_G","Defend_G","Defend_G","Survivor","Neutralize+1","Backflip+1","All Out Attack+1","Flying Knee","Deadly Poison+1","Poisoned Stab","Malaise"],"relics":["Velvet Choker","MawBank","Blood Vial","Pen Nib"],"acts_visited":["Exordium"],"potions_floor_usage":[7,7,11,16],"damage_taken":[{"damage":0,"enemies":"2 Louse","floor":1,"turns":4},{"damage":0,"enemies":"Jaw Worm","floor":2,"turns":5},{"damage":3,"enemies":"Cultist","floor":3,"turns":5},{"damage":3,"enemies":"2 Fungi Beasts","floor":5,"turns":3},{"damage":22,"enemies":"Lagavulin","floor":7,"turns":8},{"damage":30,"enemies":"3 Sentries","floor":11,"turns":8},{"damage":0,"enemies":"3 Louse","floor":12,"turns":2},{"damage":2,"enemies":"Lots of Slimes","floor":13,"turns":3},{"damage":0,"enemies":"Exordium Wildlife","floor":14,"turns":2},{"damage":41,"enemies":"Slime Boss","floor":16,"turns":7}],"seed_played":"-7582454454978340869","potions_obtained":[{"floor":3,"key":"SkillPotion"},{"floor":5,"key":"Explosive Potion"},{"floor":7,"key":"Strength Potion"},{"floor":12,"key":"SkillPotion"}],"is_trial":false,"path_per_floor":["M","M","M","?","M","R","E","?","T","R","E","M","M","M","R","B"],"character_chosen":"THE_SILENT","items_purchased":[],"campfire_rested":0,"item_purchase_floors":[],"current_hp_per_floor":[59,59,56,56,53,53,31,53,53,53,25,27,27,29,29,0,0],"gold":390,"neow_bonus":"BOSS_RELIC","is_daily":false,"chose_seed":false,"campfire_upgraded":3,"win_rate":0.0,"timestamp":1613548743,"path_taken":["M","M","M","?","M","R","E","?","T","R","E","M","M","M","R","BOSS"],"items_purchased_type":[],"build_version":"2020-12-22","purchased_purges":0,"victory":false,"max_hp_per_floor":[66,66,66,66,66,66,66,66,66,66,66,66,66,66,66,66,66],"relic_stats":{"Blood Vial":10,"counters":[10,47],"Pen Nib":[2],"MawBank":108,"obtain_stats":[{"Blood Vial":9,"Velvet Choker":0,"Pen Nib":11,"MawBank":7,"Ring of the Snake":0},{"Blood Vial":5,"Velvet Choker":0,"Pen Nib":6,"MawBank":5,"Ring of the Snake":0},{"Blood Vial":25,"Velvet Choker":0,"Pen Nib":33,"MawBank":25,"Ring of the Snake":0}]},"card_choices":[{"not_picked":["Finisher","Escape Plan"],"picked":"Backflip","floor":1},{"not_picked":["Calculated Gamble","Underhanded Strike","Dodge and Roll"],"picked":"SKIP","floor":2},{"not_picked":["Prepared","Quick Slash"],"picked":"All Out Attack","floor":3},{"not_picked":["Outmaneuver","Acrobatics","Envenom"],"picked":"SKIP","floor":5},{"not_picked":["Choke","A Thousand Cuts","Prepared"],"picked":"SKIP","floor":7},{"not_picked":["Blur","Dodge and Roll"],"picked":"Flying Knee","floor":11},{"not_picked":["Bane","Terror"],"picked":"Deadly Poison","floor":12},{"not_picked":["Cloak And Dagger","Bane"],"picked":"Poisoned Stab","floor":13},{"not_picked":["Bane","Tactician"],"picked":"Malaise","floor":14}],"player_experience":21967,"relics_obtained":[{"floor":7,"key":"MawBank"},{"floor":9,"key":"Blood Vial"},{"floor":11,"key":"Pen Nib"}],"event_choices":[{"damage_healed":0,"gold_gain":0,"player_choice":"Grow","damage_taken":0,"max_hp_gain":0,"max_hp_loss":0,"event_name":"Living Wall","floor":4,"gold_loss":0,"cards_upgraded":["Neutralize"]},{"damage_healed":22,"gold_gain":0,"player_choice":"Banana","damage_taken":0,"max_hp_gain":0,"max_hp_loss":0,"event_name":"Big Fish","floor":8,"gold_loss":0}],"is_beta":false,"boss_relics":[],"items_purged_floors":[],"is_endless":false,"potions_floor_spawned":[3,5,7,12],"killed_by":"Slime Boss","ascension_level":19}}