{"host":"li7nr9q4d53iu1rb","time":1613526652,"event":{"mods":["AchievementEnabler","BaseMod","Colored Map","Colored Powertips","Downfall","Highlight Path","Minty Spire (QoL Compilation)","Permanent Neow","Quick Restart","Random Character Button","StSLib"],"gold_per_floor":[110,110,110,124,15,15,31,31,54,89,109,109,140,155,155,255,255,271,94,106,117,117,117,117,117],"floor_reached":24,"language":"ENG","playtime":1337,"items_purged":["Strike_B","Strike_B"],"score":237,"play_id":"8c8dddba-72de-46d6-8066-cf42160a93af","local_time":"20210216215052","is_ascension_mode":true,"campfire_choices":[{"floor":6.0,"key":"RECALL"},{"data":"Static Discharge","floor":8.0,"key":"SMITH"},{"data":"Loop","floor":15,"key":"SMITH"},{"floor":23,"key":"REST"}],"circlet_count":0,"master_deck":["Strike_B","Strike_B","Defend_B","Defend_B","Defend_B","Defend_B","Zap","Dualcast","Thunder Strike","Self Repair","Regret","Darkness","Static Discharge+1","Redo","Auto Shields","Loop+1","Defragment","Conserve Battery","Multi-Cast","Defragment","Heatsinks","Steam","Skim"],"relics":["Cracked Core","Du-Vu Doll","Lizard Tail","Dream Catcher","Ginger","Philosopher\u0027s Stone","Anchor"],"acts_visited":["Exordium","TheCity"],"potions_floor_usage":[11,13,14,24,24],"damage_taken":[{"damage":7.0,"enemies":"Jaw Worm","floor":1.0,"turns":3.0},{"damage":14.0,"enemies":"Cultist","floor":4.0,"turns":4.0},{"damage":11.0,"enemies":"Small Slimes","floor":7.0,"turns":4.0},{"damage":45,"enemies":"3 Sentries","floor":10,"turns":7},{"damage":3,"enemies":"Blue Slaver","floor":11,"turns":3},{"damage":18,"enemies":"Gremlin Nob","floor":13,"turns":3},{"damage":16,"enemies":"Large Slime","floor":14,"turns":4},{"damage":20,"enemies":"Hexaghost","floor":16,"turns":5},{"damage":21,"enemies":"Spheric Guardian","floor":18,"turns":4},{"damage":17,"enemies":"Chosen","floor":20,"turns":3},{"damage":37,"enemies":"Centurion and Healer","floor":21,"turns":6},{"damage":45,"enemies":"Slavers","floor":24,"turns":2}],"seed_played":"6167887765436375544","potions_obtained":[{"floor":10,"key":"BlessingOfTheForge"},{"floor":11,"key":"SpeedPotion"},{"floor":13,"key":"EssenceOfSteel"},{"floor":14,"key":"ColorlessPotion"},{"floor":18,"key":"Regen Potion"}],"is_trial":false,"path_per_floor":["M","?","?","M","$","R","M","R","T","E","M","T","E","M","R","B",null,"M","$","M","M","?","R","E"],"character_chosen":"DEFECT","items_purchased":["Static Discharge","Heatsinks"],"campfire_rested":1,"item_purchase_floors":[5,19],"current_hp_per_floor":[68,68,68,61,61,61,57,57,57,19,26,26,8,42,42,22,75,61,61,44,14,14,36,0,0],"gold":117,"neow_bonus":"ONE_RANDOM_RARE_CARD","is_daily":false,"chose_seed":false,"campfire_upgraded":2,"win_rate":0.0,"timestamp":1613526652,"path_taken":["M","?","?","M","$","R","?","R","T","E","M","?","E","?","R","BOSS","M","$","M","M","?","R","E"],"items_purchased_type":["Card","Card"],"build_version":"2020-12-22","purchased_purges":2,"victory":false,"max_hp_per_floor":[75,75,75,75,75,75,75,75,75,75,75,75,75,75,75,75,75,75,75,75,75,75,75,75,75],"card_choices":[{"not_picked":["Steam","Sweeping Beam"],"picked":"Self Repair","floor":1.0},{"not_picked":["Leap","Chill"],"picked":"Darkness","floor":4.0},{"not_picked":["White Noise","Rip and Tear"],"picked":"Redo","floor":7.0},{"not_picked":["Compile Driver","Loop"],"picked":"Auto Shields","floor":10},{"not_picked":["Streamline","Go for the Eyes"],"picked":"Loop","floor":11},{"not_picked":["Lockon","Coolheaded"],"picked":"Defragment","floor":13},{"not_picked":["Aggregate","Redo"],"picked":"Conserve Battery","floor":14},{"not_picked":["Fission","Echo Form"],"picked":"Multi-Cast","floor":16},{"not_picked":["Steam Power","Cold Snap"],"picked":"Defragment","floor":18},{"not_picked":["Fusion+1","Ball Lightning"],"picked":"Steam","floor":20},{"not_picked":["Go for the Eyes+1","Doom and Gloom","Rebound"],"picked":"SKIP","floor":21},{"not_picked":["Steam","Doom and Gloom"],"picked":"Skim","floor":23}],"player_experience":272933,"relics_obtained":[{"floor":10,"key":"Lizard Tail"},{"floor":12,"key":"Dream Catcher"},{"floor":13,"key":"Ginger"}],"event_choices":[{"damage_healed":0.0,"max_hp_gain":0.0,"max_hp_loss":0.0,"gold_gain":0.0,"event_name":"Big Fish","player_choice":"Box","floor":2.0,"gold_loss":0.0,"damage_taken":0.0,"relics_obtained":["Du-Vu Doll"],"cards_obtained":["Regret"]},{"damage_healed":0.0,"max_hp_gain":0.0,"max_hp_loss":0.0,"gold_gain":0.0,"event_name":"The Woman in Blue","player_choice":"Bought 0 Potions","floor":3.0,"gold_loss":0.0,"damage_taken":0.0},{"damage_healed":0,"gold_gain":0,"player_choice":"Opened","damage_taken":0,"relics_obtained":["Anchor"],"max_hp_gain":0,"max_hp_loss":0,"event_name":"The Mausoleum","floor":22,"gold_loss":0}],"is_beta":false,"boss_relics":[{"not_picked":["Velvet Choker","Inserter"],"picked":"Philosopher\u0027s Stone"}],"items_purged_floors":[5,19],"is_endless":false,"potions_floor_spawned":[10,11,13,14,18],"killed_by":"Slavers","ascension_level":3}}