{"host":"kxz5izodaorfb9am","time":1613570226,"event":{"mods":["BaseMod","GifTheSpireLib","Minty Spire (QoL Compilation)","Shop Mod","StSLib"],"gold_per_floor":[110,285,285,285,297,323,323,350,350,350,370,370,8,23,23,128,128,146,245,245,245,245,245,271,287,338,89,117,128,128,147,147,251,251,262,262,262,67,67,67,79,79,79,79,99,113,113,127,127,127],"floor_reached":51,"language":"ENG","playtime":2896,"items_purged":["Doubt","Strike_B+1"],"score":960,"play_id":"05049e58-d7d6-4786-a09a-736cc175b72d","local_time":"20210217145706","is_ascension_mode":true,"campfire_choices":[{"data":"Rainbow","floor":7,"key":"SMITH"},{"data":"Dualcast","floor":12,"key":"SMITH"},{"floor":15,"key":"REST"},{"data":"Defragment","floor":23,"key":"SMITH"},{"floor":30,"key":"REST"},{"data":"Capacitor","floor":32,"key":"SMITH"},{"floor":40,"key":"REST"},{"floor":42,"key":"REST"},{"data":"Apotheosis","floor":44,"key":"SMITH"},{"floor":49,"key":"REST"}],"circlet_count":0,"master_deck":["Strike_B+1","Defend_B+1","Defend_B+1","Defend_B+1","Defend_B+1","Zap+1","Dualcast+1","Doom and Gloom","Rainbow+1","Glacier","Streamline","Chaos","Echo Form","Defragment+1","Capacitor+1","Consume+1","Coolheaded","Barrage","White Noise","Leap","Cold Snap","Biased Cognition","Cold Snap+1","Madness","Madness","Apotheosis+1","Barrage","Coolheaded","White Noise+1","Amplify","Defragment+1","Ball Lightning"],"relics":["FrozenCore","NeowsBlessing","Art of War","Oddly Smooth Stone","Nunchaku","Mercury Hourglass","Centennial Puzzle","Nuclear Battery","Symbiotic Virus","Dream Catcher","Toy Ornithopter","Gremlin Horn"],"acts_visited":["Exordium","TheCity","TheBeyond"],"potions_floor_usage":[8,8,16,28,29,48,50],"damage_taken":[{"damage":0,"enemies":"Small Slimes","floor":1,"turns":1},{"damage":0,"enemies":"2 Louse","floor":5,"turns":1},{"damage":0,"enemies":"Lagavulin","floor":6,"turns":1},{"damage":6,"enemies":"3 Sentries","floor":8,"turns":4},{"damage":0,"enemies":"Jaw Worm","floor":11,"turns":3},{"damage":4,"enemies":"3 Louse","floor":14,"turns":2},{"damage":6,"enemies":"Hexaghost","floor":16,"turns":9},{"damage":6,"enemies":"3 Byrds","floor":18,"turns":3},{"damage":19,"enemies":"Book of Stabbing","floor":24,"turns":7},{"damage":13,"enemies":"2 Thieves","floor":25,"turns":3},{"damage":24,"enemies":"Gremlin Leader","floor":28,"turns":7},{"damage":0,"enemies":"Cultist and Chosen","floor":29,"turns":6},{"damage":0,"enemies":"Shelled Parasite and Fungi","floor":31,"turns":7},{"damage":19,"enemies":"Champ","floor":33,"turns":10},{"damage":9,"enemies":"3 Shapes","floor":35,"turns":4},{"damage":15,"enemies":"Orb Walker","floor":39,"turns":4},{"damage":13,"enemies":"Sphere and 2 Shapes","floor":41,"turns":3},{"damage":21,"enemies":"Writhing Mass","floor":45,"turns":7},{"damage":1,"enemies":"Maw","floor":46,"turns":9},{"damage":14,"enemies":"3 Darklings","floor":48,"turns":5},{"damage":18,"enemies":"Donu and Deca","floor":50,"turns":11}],"seed_played":"8717488928583682624","potions_obtained":[{"floor":1,"key":"Energy Potion"},{"floor":5,"key":"EssenceOfSteel"},{"floor":11,"key":"PowerPotion"},{"floor":24,"key":"Explosive Potion"},{"floor":28,"key":"FocusPotion"},{"floor":45,"key":"DuplicationPotion"},{"floor":46,"key":"SneckoOil"}],"is_trial":false,"path_per_floor":["M","?","?","?","M","E","R","E","T","?","M","R","$","M","R","B",null,"M","?","T","?","?","R","E","M","T","$","E","M","R","M","R","B",null,"M","?","?","$","M","R","M","R","T","R","M","M","?","M","R","B",null],"character_chosen":"DEFECT","items_purchased":["Streamline","Chaos","Centennial Puzzle","Coolheaded","Barrage","White Noise","Apotheosis"],"campfire_rested":5,"item_purchase_floors":[13,13,13,27,27,27,38],"current_hp_per_floor":[68,68,56,49,49,49,49,43,43,28,28,28,28,24,46,40,66,60,60,60,60,60,60,41,28,28,28,9,14,36,36,36,17,61,52,43,43,43,28,50,37,59,59,59,38,37,37,28,50,37],"gold":127,"neow_bonus":"THREE_ENEMY_KILL","is_daily":false,"chose_seed":false,"campfire_upgraded":5,"win_rate":0.0,"timestamp":1613570226,"path_taken":["M","?","?","?","M","E","R","E","T","?","M","R","$","M","R","BOSS","M","?","?","?","?","R","E","?","T","$","E","M","R","M","R","BOSS","M","?","?","$","M","R","M","R","T","R","?","M","?","M","R","BOSS"],"items_purchased_type":["Card","Card","Relic","Card","Card","Card","Card"],"build_version":"2020-12-22","purchased_purges":2,"victory":true,"max_hp_per_floor":[75,75,75,75,75,75,75,75,75,75,75,75,75,75,75,75,75,75,75,75,75,75,75,75,75,75,75,75,75,75,75,75,75,75,75,75,75,75,75,75,75,75,75,75,75,75,75,75,75,75],"card_choices":[{"not_picked":["Conserve Battery","Hologram"],"picked":"Doom and Gloom","floor":1},{"not_picked":["Beam Cell","Rebound","Redo"],"picked":"SKIP","floor":5},{"not_picked":["Turbo","Barrage"],"picked":"Rainbow","floor":6},{"not_picked":["Cold Snap","Redo"],"picked":"Glacier","floor":8},{"not_picked":["Compile Driver","Darkness","White Noise"],"picked":"SKIP","floor":11},{"not_picked":["Rip and Tear","Stack","Steam"],"picked":"SKIP","floor":14},{"not_picked":["Seek","Fission"],"picked":"Echo Form","floor":16},{"not_picked":["Compile Driver","Sweeping Beam","Heatsinks"],"picked":"SKIP","floor":18},{"not_picked":["Sweeping Beam+1","Steam"],"picked":"Capacitor","floor":24},{"not_picked":["Force Field+1","Chaos"],"picked":"Consume+1","floor":25},{"not_picked":["Blizzard","Redo"],"picked":"Leap","floor":28},{"not_picked":["Consume","Compile Driver"],"picked":"Cold Snap","floor":29},{"not_picked":["Undo+1","Turbo","Hello World"],"picked":"SKIP","floor":31},{"not_picked":["All For One","Rainbow"],"picked":"Biased Cognition","floor":33},{"not_picked":["Gash+1","Conserve Battery"],"picked":"Cold Snap+1","floor":35},{"not_picked":["Auto Shields","Blizzard+1"],"picked":"Barrage","floor":39},{"not_picked":["Go for the Eyes+1","Cold Snap"],"picked":"Coolheaded","floor":40},{"not_picked":["Sweeping Beam","Tempest+1"],"picked":"White Noise+1","floor":41},{"not_picked":["Stack+1","Beam Cell","Go for the Eyes"],"picked":"SKIP","floor":45},{"not_picked":["Consume+1","Conserve Battery+1"],"picked":"Amplify","floor":46},{"not_picked":["Leap+1","Hello World","Conserve Battery"],"picked":"SKIP","floor":48},{"not_picked":["Coolheaded+1","Stack"],"picked":"Ball Lightning","floor":49}],"player_experience":342265,"relics_obtained":[{"floor":6,"key":"Oddly Smooth Stone"},{"floor":8,"key":"Nunchaku"},{"floor":9,"key":"Mercury Hourglass"},{"floor":20,"key":"Symbiotic Virus"},{"floor":24,"key":"Dream Catcher"},{"floor":26,"key":"Toy Ornithopter"},{"floor":28,"key":"Gremlin Horn"}],"event_choices":[{"damage_healed":0,"gold_gain":175,"player_choice":"AGREE","damage_taken":0,"max_hp_gain":0,"max_hp_loss":0,"event_name":"Liars Game","floor":2,"gold_loss":0,"cards_obtained":["Doubt"]},{"damage_healed":0,"gold_gain":0,"player_choice":"Success","damage_taken":12,"relics_obtained":["Art of War"],"max_hp_gain":0,"max_hp_loss":0,"event_name":"Scrap Ooze","floor":3,"gold_loss":0},{"cards_removed":["Strike_B"],"damage_healed":0,"gold_gain":0,"player_choice":"Card Removal","damage_taken":7,"max_hp_gain":0,"max_hp_loss":0,"event_name":"Golden Wing","floor":4,"gold_loss":0},{"damage_healed":0,"gold_gain":0,"player_choice":"Entered Light","damage_taken":15,"max_hp_gain":0,"max_hp_loss":0,"event_name":"Shining Light","floor":10,"gold_loss":0,"cards_upgraded":["Zap","Strike_B"]},{"damage_healed":0,"gold_gain":99,"player_choice":"Stole From Cult","damage_taken":0,"max_hp_gain":0,"max_hp_loss":0,"event_name":"Nest","floor":19,"gold_loss":0},{"damage_healed":0,"gold_gain":0,"player_choice":"Read","damage_taken":0,"max_hp_gain":0,"max_hp_loss":0,"event_name":"The Library","floor":21,"gold_loss":0,"cards_obtained":["Defragment"]},{"damage_healed":0,"gold_gain":0,"player_choice":"Simplicity","damage_taken":0,"max_hp_gain":0,"max_hp_loss":0,"event_name":"Back to Basics","floor":22,"gold_loss":0,"cards_upgraded":["Strike_B","Strike_B","Defend_B","Defend_B","Defend_B","Defend_B"]},{"damage_healed":0,"gold_gain":0,"player_choice":"Embrace Madness","damage_taken":9,"max_hp_gain":0,"max_hp_loss":0,"event_name":"Winding Halls","floor":36,"gold_loss":0,"cards_obtained":["Madness","Madness"]},{"cards_removed":["Strike_B"],"damage_healed":0,"gold_gain":0,"player_choice":"Card Removal","damage_taken":0,"max_hp_gain":0,"max_hp_loss":0,"event_name":"Wheel of Change","floor":37,"gold_loss":0},{"damage_healed":0,"gold_gain":0,"player_choice":"Copied","damage_taken":0,"max_hp_gain":0,"max_hp_loss":0,"event_name":"Duplicator","floor":47,"gold_loss":0,"cards_obtained":["Defragment"]}],"is_beta":false,"boss_relics":[{"not_picked":["Velvet Choker","Tiny House"],"picked":"Nuclear Battery"},{"not_picked":["Snecko Eye","Busted Crown"],"picked":"FrozenCore"}],"items_purged_floors":[13,27],"is_endless":false,"potions_floor_spawned":[1,5,11,24,28,45,46],"ascension_level":8}}