{"host":"ohuqxemsk44kggmp","time":1613566127,"event":{"mods":["AchievementEnabler","BaseMod","Colored Powertips","Marked Mod","Minty Spire (QoL Compilation)","Reliquary","Replay The Spire","StSLib"],"gold_per_floor":[112,187,201,217,217,247,262,280,329,355,630,630,630],"floor_reached":12,"language":"ENG","playtime":1684,"items_purged":[],"score":121,"play_id":"93497388-e0e9-45b8-b50e-fc4268718c85","local_time":"20210217134847","is_ascension_mode":true,"campfire_choices":[],"circlet_count":0,"master_deck":["Strike_P","Strike_P","Strike_P","Strike_P","Defend_P","Defend_P","Defend_P","Defend_P","Eruption","Vigilance","MarkedMod:PinPointDefense","MarkedMod:NorthStar","Regret"],"relics":["PureWater","Garlic","reliquary:QuartzCube","reliquary:Spinner","Blood Vial"],"acts_visited":["Exordium"],"potions_floor_usage":[12],"damage_taken":[{"damage":10.0,"enemies":"Cultist","floor":1.0,"turns":5.0},{"damage":6.0,"enemies":"Jaw Worm","floor":3.0,"turns":4.0},{"damage":2.0,"enemies":"2 Louse","floor":4.0,"turns":3.0},{"damage":0.0,"enemies":"Replay:BlueRogue","floor":6.0,"turns":6.0},{"damage":0.0,"enemies":"Looter","floor":7.0,"turns":4.0},{"damage":0.0,"enemies":"Exordium Wildlife","floor":8.0,"turns":3.0},{"damage":25.0,"enemies":"3 Sentries","floor":10.0,"turns":7.0},{"damage":27,"enemies":"Gremlin Nob","floor":12,"turns":3}],"seed_played":"5163290725078951892","potions_obtained":[{"floor":1.0,"key":"GamblersBrew"},{"floor":4.0,"key":"LiquidBronze"},{"floor":8.0,"key":"Toxic Potion"}],"is_trial":false,"path_per_floor":["M","?","M","M","?","E","M","M","T","E","?","E"],"character_chosen":"WATCHER","items_purchased":[],"campfire_rested":0,"item_purchase_floors":[],"current_hp_per_floor":[69,58,52,50,50,50,50,50,50,25,25,0,0],"gold":630,"neow_bonus":"TEN_PERCENT_HP_BONUS","is_daily":false,"chose_seed":false,"campfire_upgraded":0,"win_rate":0.0,"timestamp":1613566127,"path_taken":["M","?","M","M","?","E","M","?","T","E","?","E"],"items_purchased_type":[],"build_version":"2020-12-22","purchased_purges":0,"victory":false,"max_hp_per_floor":[79,79,79,79,79,79,79,79,79,79,79,79,79],"card_choices":[{"not_picked":["Halt","Replay:Vibes"],"picked":"MarkedMod:PinPointDefense","floor":1.0},{"not_picked":["CutThroughFate","Replay:AtTheReady","Replay:BluntJabs"],"picked":"SKIP","floor":3.0},{"not_picked":["EmptyBody","CutThroughFate","CarveReality"],"picked":"SKIP","floor":4.0},{"not_picked":["Replay:AllIn","Replay:Hum","EmptyBody"],"picked":"SKIP","floor":6.0},{"not_picked":["FlurryOfBlows","CutThroughFate","Vengeance"],"picked":"SKIP","floor":7.0},{"not_picked":["ThirdEye","TalkToTheHand"],"picked":"MarkedMod:NorthStar","floor":8.0},{"not_picked":["EmptyFist","Replay:Battleflow","Sanctity"],"picked":"SKIP","floor":10.0}],"player_experience":593049,"relics_obtained":[{"floor":5.0,"key":"Garlic"},{"floor":6.0,"key":"reliquary:QuartzCube"},{"floor":9.0,"key":"reliquary:Spinner"},{"floor":10.0,"key":"Blood Vial"}],"event_choices":[{"damage_healed":0.0,"max_hp_gain":0.0,"max_hp_loss":0.0,"gold_gain":75.0,"event_name":"World of Goop","player_choice":"Gather Gold","floor":2.0,"gold_loss":0.0,"damage_taken":11.0},{"damage_healed":0.0,"max_hp_gain":0.0,"max_hp_loss":0.0,"gold_gain":0.0,"event_name":"Wheel of Change","player_choice":"Relic","floor":5.0,"gold_loss":0.0,"damage_taken":0.0},{"damage_healed":0.0,"max_hp_gain":0.0,"max_hp_loss":0.0,"gold_gain":275.0,"event_name":"Golden Shrine","player_choice":"Desecrate","floor":11.0,"gold_loss":0.0,"damage_taken":0.0,"cards_obtained":["Regret"]}],"is_beta":false,"boss_relics":[],"items_purged_floors":[],"is_endless":false,"potions_floor_spawned":[1,4,8],"killed_by":"Gremlin Nob","ascension_level":1}}