{"host":"hnfelxnirsihwvcb","time":1613597934,"event":{"mods":["BaseMod","Colored Map","DeckTracker","Highlight Path","Minty Spire (QoL Compilation)","Quick Restart","Relic Sorter","Relic Stats","Shop Mod","StSLib","SuperFastMode"],"gold_per_floor":[119,131,56,69,89,89,117,117,199,199,233,233,264,274,274,375,375,389,304,314,214,139,166,41,41,65,111,133,173,285,315,327,444,456,483,495,519,531,543,555,597,609,621,666,678,83,94,126,126,126],"floor_reached":51,"language":"ENG","playtime":1412,"items_purged":["Heatsinks","Steam","Steam"],"score":1309,"play_id":"edf4c2a7-3fd1-4729-a60c-ac08adbe5ba1","local_time":"20210217223854","daily_mods":["SealedDeck","Vintage","Elite Swarm","Lethality","Binary"],"is_ascension_mode":false,"campfire_choices":[{"data":"Go for the Eyes","floor":6,"key":"SMITH"},{"data":"Gash","floor":10,"key":"SMITH"},{"data":"Gash","floor":12,"key":"SMITH"},{"data":"Gash","floor":15,"key":"SMITH"},{"floor":25,"key":"REST"},{"floor":32,"key":"REST"},{"floor":40,"key":"REST"},{"floor":42,"key":"REST"},{"floor":45,"key":"REST"},{"floor":49,"key":"REST"}],"circlet_count":0,"master_deck":["Go for the Eyes+1","Gash+1","Gash+1","Gash+1","Steam+1","Gash+1"],"relics":["Unceasing Top","Busted Crown","StoneCalendar","Boot","Omamori","Mummified Hand","Mercury Hourglass","Dream Catcher","Blood Vial","Eternal Feather","Frozen Egg 2","Orichalcum","Juzu Bracelet","Blue Candle","MawBank","War Paint","MealTicket","Lizard Tail","Toxic Egg 2","Darkstone Periapt","Fusion Hammer","Regal Pillow","Bird Faced Urn","Torii","InkBottle","Mango","OrangePellets","Ginger","Art of War","White Beast Statue","Kunai"],"acts_visited":["Exordium","TheCity","TheBeyond"],"potions_floor_usage":[50,50,50,50,50,50],"damage_taken":[{"damage":0,"enemies":"Cultist","floor":1,"turns":1},{"damage":0,"enemies":"Jaw Worm","floor":2,"turns":1},{"damage":0,"enemies":"2 Louse","floor":4,"turns":1},{"damage":0,"enemies":"Exordium Thugs","floor":5,"turns":1},{"damage":0,"enemies":"Lagavulin","floor":7,"turns":1},{"damage":0,"enemies":"3 Sentries","floor":11,"turns":1},{"damage":0,"enemies":"Gremlin Nob","floor":13,"turns":1},{"damage":0,"enemies":"Blue Slaver","floor":14,"turns":1},{"damage":0,"enemies":"The Guardian","floor":16,"turns":1},{"damage":0,"enemies":"Spheric Guardian","floor":18,"turns":1},{"damage":0,"enemies":"Shell Parasite","floor":20,"turns":1},{"damage":0,"enemies":"Gremlin Leader","floor":23,"turns":1},{"damage":0,"enemies":"Slavers","floor":27,"turns":1},{"damage":0,"enemies":"Snake Plant","floor":28,"turns":1},{"damage":0,"enemies":"Gremlin Leader","floor":29,"turns":1},{"damage":0,"enemies":"Colosseum Slavers","floor":30,"turns":1},{"damage":0,"enemies":"Colosseum Nobs","floor":30,"turns":1},{"damage":0,"enemies":"Centurion and Healer","floor":31,"turns":1},{"damage":0,"enemies":"Automaton","floor":33,"turns":1},{"damage":0,"enemies":"Orb Walker","floor":35,"turns":1},{"damage":0,"enemies":"3 Shapes","floor":37,"turns":1},{"damage":0,"enemies":"Reptomancer","floor":41,"turns":1},{"damage":0,"enemies":"Nemesis","floor":44,"turns":1},{"damage":0,"enemies":"Jaw Worm Horde","floor":47,"turns":1},{"damage":0,"enemies":"Reptomancer","floor":48,"turns":1},{"damage":1,"enemies":"Time Eater","floor":50,"turns":3}],"seed_played":"4408299912020213264","potions_obtained":[{"floor":1,"key":"LiquidBronze"},{"floor":4,"key":"FocusPotion"},{"floor":11,"key":"SneckoOil"},{"floor":27,"key":"EntropicBrew"},{"floor":35,"key":"PowerPotion"}],"is_trial":true,"path_per_floor":["M","M","$","M","M","R","E","?","T","R","E","R","E","M","R","B",null,"M","?","M","$","?","E","$","R","T","E","M","E","?","M","R","B",null,"M","?","M","?","?","R","E","R","T","E","R","$","M","E","R","B",null],"character_chosen":"DEFECT","items_purchased":["OrangePellets","Ginger","Art of War"],"campfire_rested":6,"item_purchase_floors":[46,46,46],"current_hp_per_floor":[75,75,75,75,75,75,75,60,60,60,60,60,60,62,65,67,75,75,75,75,75,75,75,75,75,75,75,75,75,75,75,75,75,75,75,75,75,71,71,71,71,71,71,85,85,85,85,85,85,84],"gold":126,"neow_bonus":"","is_daily":false,"chose_seed":false,"campfire_upgraded":4,"win_rate":0.0,"timestamp":1613597934,"path_taken":["M","M","$","M","?","R","E","?","T","R","E","R","E","M","R","BOSS","M","?","M","$","?","E","?","R","T","E","M","E","?","M","R","BOSS","M","?","M","?","?","R","E","R","T","E","R","$","M","E","R","BOSS"],"items_purchased_type":["Relic","Relic","Relic"],"build_version":"2020-12-22","purchased_purges":3,"victory":true,"max_hp_per_floor":[75,75,75,75,75,75,75,75,75,75,75,75,75,75,75,75,75,75,75,75,75,75,75,75,75,75,75,75,75,75,75,75,75,75,75,75,75,71,71,71,71,71,71,85,85,85,85,85,85,85],"relic_stats":{"Darkstone Periapt":0,"Regal Pillow":0,"Torii":4,"StoneCalendar":[0],"Juzu Bracelet":0,"Ginger":[1],"Boot":[2],"Blood Vial":4,"Dream Catcher":6,"Lizard Tail":0,"Mummified Hand":[0],"MealTicket":0,"Kunai":[6],"InkBottle":[6],"counters":[26,28],"Blue Candle":[0],"Eternal Feather":3,"Orichalcum":[0],"War Paint":[],"MawBank":240,"Mercury Hourglass":[108],"OrangePellets":[0],"Busted Crown":36,"Bird Faced Urn":[0],"Art of War":[0],"obtain_stats":[{"Darkstone Periapt":31,"Regal Pillow":35,"Torii":41,"StoneCalendar":1,"Mango":44,"Juzu Bracelet":20,"Ginger":46,"Boot":2,"Blood Vial":13,"Dream Catcher":11,"Lizard Tail":30,"Mummified Hand":7,"MealTicket":29,"Fusion Hammer":34,"Kunai":48,"Toxic Egg 2":30,"InkBottle":43,"Blue Candle":23,"Eternal Feather":14,"Omamori":5,"Frozen Egg 2":18,"Orichalcum":19,"War Paint":27,"MawBank":26,"White Beast Statue":47,"Mercury Hourglass":9,"OrangePellets":46,"Busted Crown":0,"Bird Faced Urn":37,"Art of War":46,"Unceasing Top":0},{"Darkstone Periapt":18,"Regal Pillow":20,"Torii":22,"StoneCalendar":1,"Mango":23,"Juzu Bracelet":11,"Ginger":23,"Boot":2,"Blood Vial":7,"Dream Catcher":6,"Lizard Tail":17,"Mummified Hand":5,"MealTicket":15,"Fusion Hammer":19,"Kunai":25,"Toxic Egg 2":17,"InkBottle":22,"Blue Candle":12,"Eternal Feather":8,"Omamori":4,"Frozen Egg 2":10,"Orichalcum":10,"War Paint":13,"MawBank":12,"White Beast Statue":24,"Mercury Hourglass":5,"OrangePellets":23,"Busted Crown":0,"Bird Faced Urn":21,"Art of War":23,"Unceasing Top":0},{"Darkstone Periapt":18,"Regal Pillow":20,"Torii":22,"StoneCalendar":1,"Mango":23,"Juzu Bracelet":11,"Ginger":23,"Boot":2,"Blood Vial":7,"Dream Catcher":6,"Lizard Tail":17,"Mummified Hand":5,"MealTicket":15,"Fusion Hammer":19,"Kunai":25,"Toxic Egg 2":17,"InkBottle":22,"Blue Candle":12,"Eternal Feather":8,"Omamori":4,"Frozen Egg 2":10,"Orichalcum":10,"War Paint":13,"MawBank":12,"White Beast Statue":24,"Mercury Hourglass":5,"OrangePellets":23,"Busted Crown":0,"Bird Faced Urn":21,"Art of War":23,"Unceasing Top":0}],"Unceasing Top":[238]},"card_choices":[],"player_experience":863934,"relics_obtained":[{"floor":1,"key":"StoneCalendar"},{"floor":2,"key":"Boot"},{"floor":5,"key":"Omamori"},{"floor":7,"key":"Mummified Hand"},{"floor":9,"key":"Mercury Hourglass"},{"floor":11,"key":"Dream Catcher"},{"floor":13,"key":"Blood Vial"},{"floor":14,"key":"Eternal Feather"},{"floor":18,"key":"Frozen Egg 2"},{"floor":20,"key":"Juzu Bracelet"},{"floor":23,"key":"Blue Candle"},{"floor":26,"key":"MawBank"},{"floor":27,"key":"War Paint"},{"floor":29,"key":"MealTicket"},{"floor":30,"key":"Lizard Tail"},{"floor":30,"key":"Toxic Egg 2"},{"floor":31,"key":"Darkstone Periapt"},{"floor":35,"key":"Regal Pillow"},{"floor":37,"key":"Bird Faced Urn"},{"floor":41,"key":"Torii"},{"floor":43,"key":"InkBottle"},{"floor":44,"key":"Mango"},{"floor":47,"key":"White Beast Statue"},{"floor":48,"key":"Kunai"}],"event_choices":[{"damage_healed":0,"gold_gain":0,"player_choice":"Entered Light","damage_taken":15,"max_hp_gain":0,"max_hp_loss":0,"event_name":"Shining Light","floor":8,"gold_loss":0,"cards_upgraded":["Gash","Steam"]},{"damage_healed":0,"gold_gain":0,"player_choice":"Obtained Relic","damage_taken":0,"relics_obtained":["Orichalcum"],"max_hp_gain":0,"max_hp_loss":0,"event_name":"Addict","floor":19,"gold_loss":85},{"cards_removed":["Steam"],"damage_healed":0,"gold_gain":0,"player_choice":"Gave Gold","damage_taken":0,"max_hp_gain":0,"max_hp_loss":0,"event_name":"Beggar","floor":22,"gold_loss":75},{"damage_healed":0,"gold_gain":0,"player_choice":"Fight","damage_taken":0,"max_hp_gain":0,"max_hp_loss":0,"event_name":"Colosseum","floor":30,"gold_loss":0},{"damage_healed":0,"gold_gain":0,"player_choice":"Fought Nobs","damage_taken":0,"max_hp_gain":0,"max_hp_loss":0,"event_name":"Colosseum","floor":30,"gold_loss":0},{"damage_healed":0,"gold_gain":0,"player_choice":"Ignored","damage_taken":0,"max_hp_gain":0,"max_hp_loss":0,"event_name":"Tomb of Lord Red Mask","floor":36,"gold_loss":0},{"damage_healed":0,"gold_gain":0,"player_choice":"Max HP","damage_taken":0,"max_hp_gain":0,"max_hp_loss":4,"event_name":"Winding Halls","floor":38,"gold_loss":0},{"damage_healed":0,"gold_gain":0,"player_choice":"Ignored","damage_taken":0,"max_hp_gain":0,"max_hp_loss":0,"event_name":"Accursed Blacksmith","floor":39,"gold_loss":0}],"is_beta":false,"boss_relics":[{"not_picked":["Cursed Key","Sozu","Velvet Choker"]},{"not_picked":["Runic Dome","Philosopher\u0027s Stone"],"picked":"Fusion Hammer"}],"items_purged_floors":[3,21,24],"is_endless":false,"potions_floor_spawned":[1,4,11,14,20,27,30,30,31,35,37,48],"ascension_level":0}}