{"host":"r527qwxsluxe0nfi","time":1613571075,"event":{"mods":["AchievementEnabler","BaseMod","Bestiary","Minty Spire (QoL Compilation)","SuperFastMode","Weighted Paths"],"gold_per_floor":[112,128,144,160,171,171,204,95,95,95,95,109,109,121,121,219,219,231,213,128,53,64,64,64],"floor_reached":23,"language":"ENG","playtime":932,"items_purged":["Strike_G"],"score":273,"play_id":"2d056792-7f58-4b3f-93bd-a883aeebc97f","local_time":"20210217151115","is_ascension_mode":true,"campfire_choices":[{"data":"Bouncing Flask","floor":6,"key":"SMITH"},{"data":"Noxious Fumes","floor":10,"key":"SMITH"},{"data":"Bane","floor":13,"key":"SMITH"},{"data":"Footwork","floor":15,"key":"SMITH"}],"circlet_count":0,"master_deck":["Strike_G","Strike_G","Strike_G","Defend_G","Defend_G","Defend_G","Survivor","Neutralize","Backflip","Bouncing Flask+1","Noxious Fumes+1","Bane+1","Footwork+1","Dash+1","Bane+1","Doppelganger","Escape Plan","Deadly Poison","Escape Plan"],"relics":["Ring of the Snake","Oddly Smooth Stone","Molten Egg 2","Empty Cage","Potion Belt"],"acts_visited":["Exordium","TheCity"],"potions_floor_usage":[7,14,16,22],"damage_taken":[{"damage":4,"enemies":"Cultist","floor":1,"turns":6},{"damage":4,"enemies":"Small Slimes","floor":2,"turns":7},{"damage":0,"enemies":"2 Louse","floor":3,"turns":3},{"damage":6,"enemies":"Red Slaver","floor":4,"turns":5},{"damage":19,"enemies":"Exordium Thugs","floor":5,"turns":5},{"damage":17,"enemies":"3 Sentries","floor":7,"turns":7},{"damage":2,"enemies":"Looter","floor":12,"turns":2},{"damage":0,"enemies":"Gremlin Gang","floor":14,"turns":4},{"damage":3,"enemies":"The Guardian","floor":16,"turns":8},{"damage":18,"enemies":"Shell Parasite","floor":18,"turns":5},{"damage":13,"enemies":"2 Thieves","floor":19,"turns":4},{"damage":15,"enemies":"3 Cultists","floor":22,"turns":5},{"damage":20,"enemies":"Gremlin Leader","floor":23,"turns":5}],"seed_played":"4733349502149149879","potions_obtained":[{"floor":1,"key":"Explosive Potion"},{"floor":4,"key":"SneckoOil"},{"floor":5,"key":"Dexterity Potion"},{"floor":7,"key":"EssenceOfSteel"},{"floor":19,"key":"SkillPotion"}],"is_trial":false,"path_per_floor":["M","M","M","M","M","R","E","$","T","R","?","M","R","M","R","B",null,"M","M","?","?","M","E"],"character_chosen":"THE_SILENT","items_purchased":["Footwork"],"campfire_rested":0,"item_purchase_floors":[8],"current_hp_per_floor":[66,62,62,56,37,37,20,20,20,20,25,23,23,23,23,20,63,45,32,32,32,17,0,0],"gold":64,"neow_bonus":"TEN_PERCENT_HP_BONUS","is_daily":false,"chose_seed":false,"campfire_upgraded":4,"win_rate":0.0,"timestamp":1613571075,"path_taken":["M","M","M","M","M","R","E","$","T","R","?","M","R","M","R","BOSS","M","M","?","?","M","E"],"items_purchased_type":["Card"],"build_version":"2020-12-22","purchased_purges":1,"victory":false,"max_hp_per_floor":[77,77,77,77,77,77,77,77,77,77,77,77,77,77,77,77,77,77,77,77,77,77,77,77],"card_choices":[{"not_picked":["Heel Hook","Bane"],"picked":"Backflip","floor":1},{"not_picked":["Calculated Gamble","Slice"],"picked":"Bouncing Flask","floor":2},{"not_picked":["Underhanded Strike","Backstab"],"picked":"Noxious Fumes","floor":3},{"not_picked":["Dagger Spray","Prepared"],"picked":"Bane","floor":4},{"not_picked":["Prepared","Riddle With Holes"],"picked":"Dagger Throw","floor":5},{"not_picked":["Reflex","Phantasmal Killer","Skewer"],"picked":"SKIP","floor":7},{"not_picked":["Flying Knee+1","Dodge and Roll"],"picked":"Dash+1","floor":12},{"not_picked":["Choke+1","Expertise"],"picked":"Bane+1","floor":14},{"not_picked":["Grand Finale+1","Phantasmal Killer"],"picked":"Doppelganger","floor":16},{"not_picked":["PiercingWail","Underhanded Strike+1"],"picked":"Escape Plan","floor":18},{"not_picked":["Footwork","Underhanded Strike+1"],"picked":"Deadly Poison","floor":19},{"not_picked":["Infinite Blades","Choke+1"],"picked":"Escape Plan","floor":22}],"player_experience":362607,"relics_obtained":[{"floor":7,"key":"Oddly Smooth Stone"},{"floor":9,"key":"Molten Egg 2"}],"event_choices":[{"cards_removed":["Dagger Throw"],"damage_healed":5,"gold_gain":0,"player_choice":"Offered Common","damage_taken":0,"max_hp_gain":0,"max_hp_loss":0,"event_name":"Bonfire Elementals","floor":11,"gold_loss":0},{"cards_removed":["Dagger Throw"],"damage_healed":5,"gold_gain":0,"player_choice":"Offered Special","damage_taken":0,"max_hp_gain":0,"max_hp_loss":0,"event_name":"Bonfire Elementals","floor":11,"gold_loss":0},{"damage_healed":0,"gold_gain":0,"player_choice":"Obtained Relic","damage_taken":0,"relics_obtained":["Potion Belt"],"max_hp_gain":0,"max_hp_loss":0,"event_name":"Addict","floor":20,"gold_loss":85},{"cards_removed":["Defend_G"],"damage_healed":0,"gold_gain":0,"player_choice":"Gave Gold","damage_taken":0,"max_hp_gain":0,"max_hp_loss":0,"event_name":"Beggar","floor":21,"gold_loss":75}],"is_beta":false,"boss_relics":[{"not_picked":["Calling Bell","Busted Crown"],"picked":"Empty Cage"}],"items_purged_floors":[8],"is_endless":false,"potions_floor_spawned":[1,4,5,7,19],"killed_by":"Gremlin Leader","ascension_level":8}}