{"host":"prxrhpgaxnj4om9r","time":1613525716,"event":{"mods":["AchievementEnabler","BaseMod","Colored Map","DeckTracker","Minty Spire (QoL Compilation)"],"gold_per_floor":[110,185,196,49,49,49,65,65,65,78,78,98,128,141,141,141,141],"floor_reached":16,"language":"KOR","playtime":511,"items_purged":[],"score":102,"play_id":"3e59fc79-2421-4217-b262-2648b42b4f32","local_time":"20210217103516","is_ascension_mode":false,"campfire_choices":[{"floor":6,"key":"REST"},{"data":"Blade Dance","floor":8,"key":"SMITH"},{"data":"Deadly Poison","floor":15,"key":"SMITH"}],"circlet_count":0,"master_deck":["Strike_G","Strike_G","Strike_G","Strike_G","Defend_G","Defend_G","Defend_G","Defend_G","Defend_G","Survivor","Neutralize","Blade Dance+1","Masterful Stab","Deflect","PiercingWail","Escape Plan","Adrenaline","Deadly Poison+1"],"relics":["Ring of the Snake","NeowsBlessing","PreservedInsect","Pen Nib","Unceasing Top"],"acts_visited":["Exordium"],"potions_floor_usage":[12,13],"damage_taken":[{"damage":0,"enemies":"Small Slimes","floor":1,"turns":1},{"damage":0,"enemies":"Jaw Worm","floor":3,"turns":1},{"damage":0,"enemies":"2 Louse","floor":7,"turns":1},{"damage":0,"enemies":"Gremlin Gang","floor":10,"turns":4},{"damage":0,"enemies":"Exordium Thugs","floor":12,"turns":3},{"damage":6,"enemies":"3 Sentries","floor":13,"turns":6},{"damage":0,"enemies":"3 Louse","floor":14,"turns":5},{"damage":67,"enemies":"Hexaghost","floor":16,"turns":9}],"seed_played":"2087688383280433819","potions_obtained":[{"floor":3,"key":"Fire Potion"},{"floor":12,"key":"Fire Potion"},{"floor":14,"key":"Ancient Potion"}],"is_trial":false,"path_per_floor":["M","?","M","$","?","R","M","R","T","M","?","M","E","M","R","B"],"character_chosen":"THE_SILENT","items_purchased":["PreservedInsect"],"campfire_rested":1,"item_purchase_floors":[4],"current_hp_per_floor":[70,59,59,59,52,70,70,70,70,70,70,70,64,64,64,0,0],"gold":141,"neow_bonus":"THREE_ENEMY_KILL","is_daily":false,"chose_seed":false,"campfire_upgraded":2,"win_rate":0.0,"timestamp":1613525716,"path_taken":["M","?","M","$","?","R","M","R","T","M","?","M","E","?","R","BOSS"],"items_purchased_type":["Relic"],"build_version":"2020-12-22","purchased_purges":0,"victory":false,"max_hp_per_floor":[70,70,70,70,70,70,70,70,70,70,70,70,70,70,70,70,70],"card_choices":[{"not_picked":["Dagger Throw","Outmaneuver"],"picked":"Blade Dance","floor":1},{"not_picked":["Dodge and Roll","Doppelganger"],"picked":"Masterful Stab","floor":3},{"not_picked":["PiercingWail","Bane"],"picked":"Deflect","floor":7},{"not_picked":["Slice","Prepared"],"picked":"PiercingWail","floor":10},{"not_picked":["Skewer","Expertise"],"picked":"Escape Plan","floor":12},{"not_picked":["Predator","Blur"],"picked":"Adrenaline","floor":13},{"not_picked":["Bane","Dash"],"picked":"Deadly Poison","floor":14}],"player_experience":495499,"relics_obtained":[{"floor":13,"key":"Unceasing Top"}],"event_choices":[{"damage_healed":0,"gold_gain":75,"player_choice":"Gather Gold","damage_taken":11,"max_hp_gain":0,"max_hp_loss":0,"event_name":"World of Goop","floor":2,"gold_loss":0},{"damage_healed":0,"gold_gain":0,"player_choice":"Success","damage_taken":7,"relics_obtained":["Pen Nib"],"max_hp_gain":0,"max_hp_loss":0,"event_name":"Scrap Ooze","floor":5,"gold_loss":0},{"cards_removed":["Strike_G"],"damage_healed":0,"gold_gain":0,"player_choice":"Offered Basic","damage_taken":0,"max_hp_gain":0,"max_hp_loss":0,"event_name":"Bonfire Elementals","floor":11,"gold_loss":0}],"is_beta":false,"boss_relics":[],"items_purged_floors":[],"is_endless":false,"potions_floor_spawned":[3,12,14],"killed_by":"Hexaghost","ascension_level":0}}