{"host":"8d3fefv2347kqkpz","time":1613581824,"event":{"mods":["AchievementEnabler","Aspiration","BaseMod","Better Vampires","BetterRewards","Colored Map","Colored Powertips","Downfall","Emptier Cage","Highlight Path","Marked Mod","Minty Spire (QoL Compilation)","Permanent Neow","Quick Restart","Rare Cards Sparkle","Relic Stats","Say the Spire","Spicy Shops","StSLib","Waifu the Spire"],"gold_per_floor":[114,189,29,46,65,79,79,79,106,106,125,25,44,44,44,144,144,157,171,171,46,46,46,62,62,62,62,62,94,106,121,121,219,219,236,247,104,14,32,66,66,77,77,111,124,124,134,157,157,157,157,157,13,41,41],"floor_reached":56,"language":"ZHS","playtime":1934,"items_purged":["Pray","Strike_P","Defend_P"],"score":1469,"play_id":"bffa3b52-a3a9-449f-9934-df83d606df73","local_time":"20210218011024","is_ascension_mode":false,"campfire_choices":[{"data":"Eruption","floor":10.0,"key":"SMITH"},{"data":"Adaptation","floor":15.0,"key":"SMITH"},{"data":"SignatureMove","floor":23.0,"key":"SMITH"},{"floor":25.0,"key":"RECALL"},{"floor":32.0,"key":"REST"},{"data":"Vigilance","floor":41.0,"key":"SMITH"},{"floor":49.0,"key":"REST"},{"floor":52.0,"key":"REST"}],"circlet_count":0,"master_deck":["Eruption+1","Vigilance+1","Adaptation+1","Trip+1","SignatureMove+1","InnerPeace","Adaptation+1","Consecrate+1"],"relics":["PureWater","Empty Cage","Bag of Preparation","Mummified Hand","Toy Ornithopter","Black Star","DollysMirror","Dream Catcher","champ:DuelingGlove","Mango","bronze:BronzeIdol","Ancient Tea Set","ClockworkSouvenir","Boot"],"acts_visited":["Exordium","TheCity","TheBeyond","TheEnding"],"potions_floor_usage":[55,55,55],"damage_taken":[{"damage":1.0,"enemies":"Small Slimes","floor":1.0,"turns":4.0},{"damage":8.0,"enemies":"2 Louse","floor":4.0,"turns":4.0},{"damage":0.0,"enemies":"Jaw Worm","floor":5.0,"turns":3.0},{"damage":6.0,"enemies":"3 Louse","floor":6.0,"turns":5.0},{"damage":4.0,"enemies":"Gremlin Gang","floor":11.0,"turns":5.0},{"damage":0.0,"enemies":"Large Slime","floor":13.0,"turns":1.0},{"damage":19.0,"enemies":"Hexaghost","floor":16.0,"turns":5.0},{"damage":2.0,"enemies":"2 Thieves","floor":18.0,"turns":2.0},{"damage":19.0,"enemies":"3 Byrds","floor":19.0,"turns":5.0},{"damage":0.0,"enemies":"Snake Plant","floor":24.0,"turns":1.0},{"damage":9.0,"enemies":"Slavers","floor":29.0,"turns":6.0},{"damage":0.0,"enemies":"Snecko","floor":30.0,"turns":1.0},{"damage":3.0,"enemies":"Centurion and Healer","floor":31.0,"turns":2.0},{"damage":0.0,"enemies":"Automaton","floor":33.0,"turns":2.0},{"damage":0.0,"enemies":"Orb Walker","floor":35.0,"turns":1.0},{"damage":0.0,"enemies":"3 Darklings","floor":36.0,"turns":1.0},{"damage":0.0,"enemies":"Jaw Worm Horde","floor":39.0,"turns":1.0},{"damage":0.0,"enemies":"Nemesis","floor":40.0,"turns":1.0},{"damage":0.0,"enemies":"Spire Growth","floor":42.0,"turns":1.0},{"damage":0.0,"enemies":"Giant Head","floor":44.0,"turns":1.0},{"damage":0.0,"enemies":"Maw","floor":45.0,"turns":2.0},{"damage":0.0,"enemies":"Jaw Worm Horde","floor":47.0,"turns":1.0},{"damage":0.0,"enemies":"Awakened One","floor":50.0,"turns":2.0},{"damage":0.0,"enemies":"Shield and Spear","floor":54.0,"turns":1.0},{"damage":81,"enemies":"The Heart","floor":55,"turns":5}],"seed_played":"5429818773852762673","potions_obtained":[{"floor":5.0,"key":"FearPotion"},{"floor":6.0,"key":"StancePotion"},{"floor":13.0,"key":"Swift Potion"},{"floor":30.0,"key":"MarkedMod:BlackLotusJuice"},{"floor":31.0,"key":"FearPotion"},{"floor":36.0,"key":"Fire Potion"},{"floor":42.0,"key":"Fire Potion"},{"floor":44.0,"key":"Regen Potion"}],"is_trial":false,"path_per_floor":["M","?","$","M","M","M","?","?","T","R","M","$","M","?","R","B",null,"M","M","?","$","?","R","M","R","T","$","?","E","M","M","R","B",null,"M","M","$","?","M","E","R","M","T","E","M","$","M","T","R","B",null,"R","$","E","B",null],"character_chosen":"WATCHER","items_purchased":["Trip","DollysMirror","ClockworkSouvenir"],"campfire_rested":3,"item_purchase_floors":[3,37,53],"current_hp_per_floor":[71,60,60,52,52,46,39,39,39,39,35,35,35,59,59,40,72,70,51,51,51,51,51,51,51,51,51,51,42,42,39,60,70,72,72,72,72,72,72,72,72,72,72,86,86,86,86,86,86,86,86,86,86,86,29],"gold":41,"neow_bonus":"TRANSFORM_CARD","is_daily":false,"chose_seed":false,"campfire_upgraded":4,"win_rate":0.0,"timestamp":1613581824,"path_taken":["M","?","$","M","M","M","?","?","T","R","M","?","M","?","R","BOSS","M","M","?","$","?","R","?","R","T","$","?","E","M","M","R","BOSS","M","M","$","?","M","E","R","M","T","E","M","?","M","?","R","BOSS","R","$","E","BOSS"],"items_purchased_type":["Card","Relic","Relic"],"build_version":"2020-12-22","purchased_purges":3,"victory":true,"max_hp_per_floor":[72,72,72,72,72,72,72,72,72,72,72,72,72,72,72,72,72,72,72,72,72,72,72,72,72,72,72,72,72,72,72,72,72,72,72,72,72,72,72,72,72,72,72,86,86,86,86,86,86,86,86,86,86,86,86],"relic_stats":{"Dream Catcher":2,"counters":[25,63],"Mummified Hand":[33],"Bag of Preparation":[28],"Black Star":3,"Boot":[0],"obtain_stats":[{"champ:DuelingGlove":43,"Mango":44,"Bag of Preparation":22,"Empty Cage":17,"Ancient Tea Set":48,"Boot":54,"bronze:BronzeIdol":44,"ClockworkSouvenir":53,"Dream Catcher":40,"Mummified Hand":26,"DollysMirror":37,"Black Star":34,"PureWater":0,"Toy Ornithopter":29},{"champ:DuelingGlove":19,"Mango":20,"Bag of Preparation":9,"Empty Cage":7,"Ancient Tea Set":22,"Boot":24,"bronze:BronzeIdol":20,"ClockworkSouvenir":23,"Dream Catcher":18,"Mummified Hand":10,"DollysMirror":16,"Black Star":14,"PureWater":0,"Toy Ornithopter":11},{"champ:DuelingGlove":51,"Mango":52,"Bag of Preparation":34,"Empty Cage":27,"Ancient Tea Set":55,"Boot":58,"bronze:BronzeIdol":52,"ClockworkSouvenir":57,"Dream Catcher":50,"Mummified Hand":35,"DollysMirror":48,"Black Star":46,"PureWater":0,"Toy Ornithopter":41}],"Toy Ornithopter":25},"card_choices":[{"not_picked":["Crescendo","Prostrate"],"picked":"Adaptation","floor":1.0},{"not_picked":["PathToVictory","FollowUp","FlyingSleeves"],"picked":"SKIP","floor":4.0},{"not_picked":["PathToVictory","FollowUp","FlyingSleeves"],"picked":"SKIP","floor":4.0},{"not_picked":["PathToVictory","Conclude"],"picked":"SignatureMove","floor":5.0},{"not_picked":["MarkedMod:GentlePulse","CutThroughFate","JustLucky"],"picked":"SKIP","floor":6.0},{"not_picked":["FlyingSleeves","ClearTheMind","Alpha"],"picked":"SKIP","floor":11.0},{"not_picked":["Halt","ClearTheMind","Crescendo"],"picked":"SKIP","floor":13.0},{"not_picked":["Halt","WaveOfTheHand","CrushJoints+1"],"picked":"SKIP","floor":18.0},{"not_picked":["EmptyBody+1","FlyingSleeves","FearNoEvil"],"picked":"SKIP","floor":19.0},{"not_picked":["ThirdEye+1","Evaluate","SandsOfTime+1"],"picked":"SKIP","floor":24.0},{"not_picked":["ConjureBlade","MarkedMod:GracefulMovements","WindmillStrike"],"picked":"SKIP","floor":29.0},{"not_picked":["MarkedMod:FirstStrike","ThirdEye+1","Crescendo"],"picked":"SKIP","floor":30.0},{"not_picked":["CutThroughFate","Vengeance+1"],"picked":"InnerPeace","floor":31.0},{"not_picked":["DeceiveReality","MarkedMod:FirstStrike","PathToVictory+1"],"picked":"SKIP","floor":35.0},{"not_picked":["Sanctity","WaveOfTheHand+1","TalkToTheHand+1"],"picked":"SKIP","floor":36.0},{"not_picked":["Evaluate","CrushJoints","EmptyBody+1"],"picked":"SKIP","floor":39.0},{"not_picked":["MarkedMod:OneThousandNeedles","Vault","Evaluate"],"picked":"SKIP","floor":40.0},{"not_picked":["WindmillStrike+1","Adaptation","MarkedMod:GentlePulse"],"picked":"SKIP","floor":42.0},{"not_picked":["EmptyBody","ClearTheMind+1","Prostrate"],"picked":"SKIP","floor":44.0},{"not_picked":["Worship+1","MarkedMod:FirstStrike","Pray"],"picked":"SKIP","floor":45.0},{"not_picked":["WreathOfFlame","Swivel","MarkedMod:FirstStrike+1"],"picked":"SKIP","floor":47.0},{"not_picked":["SashWhip","SandsOfTime"],"picked":"Consecrate+1","floor":52.0},{"not_picked":["PathToVictory+1","Ragnarok","Crescendo+1"],"picked":"SKIP","floor":54.0}],"player_experience":454547,"relics_obtained":[{"floor":26.0,"key":"Mummified Hand"},{"floor":29.0,"key":"Toy Ornithopter"},{"floor":40.0,"key":"Dream Catcher"},{"floor":43.0,"key":"champ:DuelingGlove"},{"floor":44.0,"key":"Mango"},{"floor":44.0,"key":"bronze:BronzeIdol"},{"floor":48.0,"key":"Ancient Tea Set"},{"floor":54.0,"key":"Boot"}],"event_choices":[{"damage_healed":0.0,"max_hp_gain":0.0,"max_hp_loss":0.0,"gold_gain":75.0,"event_name":"World of Goop","player_choice":"Gather Gold","floor":2.0,"gold_loss":0.0,"damage_taken":11.0},{"cards_removed":["Defend_P"],"damage_healed":0.0,"max_hp_gain":0.0,"max_hp_loss":0.0,"gold_gain":0.0,"event_name":"Golden Wing","player_choice":"Card Removal","floor":7.0,"gold_loss":0.0,"damage_taken":7.0},{"damage_healed":0.0,"max_hp_gain":0.0,"max_hp_loss":0.0,"gold_gain":0.0,"event_name":"Shining Light","player_choice":"Ignored","floor":8.0,"gold_loss":0.0,"damage_taken":0.0},{"damage_healed":24.0,"max_hp_gain":0.0,"max_hp_loss":0.0,"gold_gain":0.0,"event_name":"Big Fish","player_choice":"Banana","floor":14.0,"gold_loss":0.0,"damage_taken":0.0},{"damage_healed":0.0,"max_hp_gain":0.0,"max_hp_loss":0.0,"gold_gain":0.0,"event_name":"Cursed Tome","player_choice":"Ignored","floor":20.0,"gold_loss":0.0,"damage_taken":0.0},{"damage_healed":0.0,"max_hp_gain":0.0,"max_hp_loss":0.0,"gold_gain":0.0,"event_name":"WeMeetAgain","player_choice":"Gave Potion","floor":22.0,"gold_loss":0.0,"damage_taken":0.0,"relics_obtained":["Bag of Preparation"]},{"damage_healed":0.0,"max_hp_gain":0.0,"max_hp_loss":0.0,"gold_gain":0.0,"event_name":"Ghosts","player_choice":"Ignored","floor":28.0,"gold_loss":0.0,"damage_taken":0.0},{"cards_removed":["Defend_P"],"damage_healed":0.0,"max_hp_gain":0.0,"max_hp_loss":0.0,"gold_gain":0.0,"event_name":"Designer","player_choice":"Upgrade and Remove","floor":38.0,"gold_loss":90.0,"damage_taken":0.0,"cards_upgraded":["Trip"]}],"is_beta":false,"boss_relics":[{"not_picked":["Calling Bell","aspiration:FutureDiary"],"picked":"Empty Cage"},{"not_picked":["Astrolabe","aspiration:RunicSpoon"],"picked":"Black Star"}],"items_purged_floors":[3,12,21],"is_endless":false,"potions_floor_spawned":[5,6,13,16,24,30,31,33,36,42,44,45,47,54],"ascension_level":0}}