{"host":"zxkjcgzis4pm3za5","time":1613535427,"event":{"mods":["2.2 Compatiblity","AchievementEnabler","BaseMod","Colored Map","Colored Powertips","Minty Spire (QoL Compilation)","Quick Restart","Random Character Button","Relic Filter Mod","Relic Sorter","Relic Stats","StSLib"],"gold_per_floor":[119,93,111,111,111,146,146,178,178,6,31,31,57,77,77,77,77],"floor_reached":16,"language":"ENG","playtime":283,"items_purged":[],"score":302,"play_id":"57d92272-4888-4b9e-8552-bb73b5ecdf67","local_time":"20210217094707","is_ascension_mode":true,"campfire_choices":[{"data":"Strike_B","floor":7,"key":"PURGE"},{"floor":12,"key":"REST"},{"data":"Biased Cognition","floor":15,"key":"SMITH"}],"circlet_count":0,"master_deck":["AscendersBane","Strike_B","Strike_B","Strike_B","Defend_B","Defend_B","Defend_B","Defend_B","Zap+1","Dualcast","Ball Lightning","Barrage","Sweeping Beam","Conserve Battery","Rebound","Ball Lightning","Rip and Tear","Biased Cognition+1","Defragment"],"relics":["Cracked Core","NeowsBlessing","Peace Pipe","Dream Catcher","Mercury Hourglass","ClockworkSouvenir","Happy Flower","Shuriken"],"acts_visited":["Exordium"],"potions_floor_usage":[11],"damage_taken":[{"damage":0,"enemies":"Jaw Worm","floor":1,"turns":1},{"damage":0,"enemies":"2 Louse","floor":3,"turns":1},{"damage":0,"enemies":"Lagavulin","floor":6,"turns":1},{"damage":56,"enemies":"Gremlin Nob","floor":8,"turns":5},{"damage":5,"enemies":"Lagavulin","floor":11,"turns":6},{"damage":8,"enemies":"Gremlin Nob","floor":13,"turns":3},{"damage":5,"enemies":"Small Slimes","floor":14,"turns":2},{"damage":18,"enemies":"Hexaghost","floor":16,"turns":5}],"seed_played":"8287876502765914709","potions_obtained":[{"floor":3,"key":"ColorlessPotion"},{"floor":8,"key":"PowerPotion"}],"is_trial":false,"path_per_floor":["M","$","M","?","?","E","R","E","T","$","E","R","E","M","R","B"],"character_chosen":"DEFECT","items_purchased":["Barrage","ClockworkSouvenir"],"campfire_rested":1,"item_purchase_floors":[2,10],"current_hp_per_floor":[64,64,64,64,69,69,69,13,13,13,8,30,22,17,17,0,0],"gold":77,"neow_bonus":"THREE_ENEMY_KILL","is_daily":false,"chose_seed":false,"campfire_upgraded":1,"win_rate":0.0,"timestamp":1613535427,"path_taken":["M","$","M","?","?","E","R","E","T","$","E","R","E","M","R","BOSS"],"items_purchased_type":["Card","Relic"],"build_version":"2020-12-22","purchased_purges":0,"victory":false,"max_hp_per_floor":[71,71,71,71,76,76,76,76,76,76,76,76,76,76,76,76,76],"relic_stats":{"Peace Pipe":1,"Dream Catcher":1,"Happy Flower":[3],"counters":[8,24],"Shuriken":[1],"obtain_stats":[{"Peace Pipe":6,"Dream Catcher":8,"NeowsBlessing":0,"Happy Flower":11,"Shuriken":13,"Cracked Core":0,"Mercury Hourglass":9,"ClockworkSouvenir":10},{"Peace Pipe":3,"Dream Catcher":4,"NeowsBlessing":0,"Happy Flower":5,"Shuriken":6,"Cracked Core":0,"Mercury Hourglass":4,"ClockworkSouvenir":4},{"Peace Pipe":3,"Dream Catcher":8,"NeowsBlessing":0,"Happy Flower":14,"Shuriken":17,"Cracked Core":0,"Mercury Hourglass":8,"ClockworkSouvenir":8}],"Mercury Hourglass":[45]},"card_choices":[{"not_picked":["Conserve Battery","Auto Shields"],"picked":"Ball Lightning","floor":1},{"not_picked":["Hologram","Coolheaded"],"picked":"Sweeping Beam","floor":3},{"not_picked":["Hologram","Sunder"],"picked":"Conserve Battery","floor":6},{"not_picked":["Consume","Redo"],"picked":"Rebound","floor":8},{"not_picked":["Hologram","Recycle"],"picked":"Ball Lightning","floor":11},{"not_picked":["Steam","Gash"],"picked":"Rip and Tear","floor":12},{"not_picked":["Beam Cell","Ball Lightning"],"picked":"Biased Cognition","floor":13},{"not_picked":["Rebound","Redo"],"picked":"Defragment","floor":14}],"player_experience":380532,"relics_obtained":[{"floor":6,"key":"Peace Pipe"},{"floor":8,"key":"Dream Catcher"},{"floor":9,"key":"Mercury Hourglass"},{"floor":11,"key":"Happy Flower"},{"floor":13,"key":"Shuriken"}],"event_choices":[{"damage_healed":0,"gold_gain":0,"player_choice":"Grow","damage_taken":0,"max_hp_gain":0,"max_hp_loss":0,"event_name":"Living Wall","floor":4,"gold_loss":0,"cards_upgraded":["Zap"]},{"damage_healed":0,"gold_gain":0,"player_choice":"Donut","damage_taken":0,"max_hp_gain":5,"max_hp_loss":0,"event_name":"Big Fish","floor":5,"gold_loss":0}],"is_beta":false,"boss_relics":[],"items_purged_floors":[],"is_endless":false,"potions_floor_spawned":[3,8],"killed_by":"Hexaghost","ascension_level":20}}