{"host":"q6ff4ns2kep02ti6","time":1613578510,"event":{"mods":["AchievementEnabler","BaseMod","Minty Spire (QoL Compilation)","Relic Stats","StSLib","Unceasing Turn Reminder"],"gold_per_floor":[99,99,99,99,99,99,99,99,99,99,99,99,59,59,59,59,59,59,59,59,19,19,19,19,19,19,19,19,19,19,19,19,19,19,19,19,19,19,19,19,19,19,19,19,19,19],"floor_reached":45,"language":"ENG","playtime":4601,"items_purged":[],"score":1247,"play_id":"29d78943-1dfc-423e-97cb-1c0d1772d448","local_time":"20210217171510","is_ascension_mode":true,"campfire_choices":[{"floor":7,"key":"REST"},{"data":"Bash","floor":11,"key":"SMITH"},{"data":"Spot Weakness","floor":15,"key":"SMITH"},{"data":"Barricade","floor":28,"key":"SMITH"},{"data":"Metallicize","floor":32,"key":"SMITH"},{"data":"Bloodletting","floor":42,"key":"SMITH"}],"circlet_count":0,"master_deck":["AscendersBane","Defend_R","Defend_R","Defend_R","Defend_R","Bash+1","Clothesline","Spot Weakness+1","Second Wind","Metallicize+1","Sword Boomerang","Pommel Strike","Cleave+1","Power Through","Bludgeon+1","Pommel Strike+1","Bite+1","Bite+1","Bite+1","Bite+1","Bite+1","Metallicize+1","Headbutt+1","Barricade+1","Whirlwind+1","Feed+1","Bloodletting+1","Double Tap","Dark Shackles","Juggernaut","Dark Embrace","Body Slam+1","Corruption"],"relics":["Ectoplasm","Matryoshka","Incense Burner","Orichalcum","Molten Egg 2","Blue Candle","Runic Cube","Torii","Question Card","Happy Flower","Ancient Tea Set","Black Star","Toy Ornithopter","Pen Nib"],"acts_visited":["Exordium","TheCity","TheBeyond"],"potions_floor_usage":[8,12,14,16,25,29,33,38,41,45],"damage_taken":[{"damage":9,"enemies":"Jaw Worm","floor":1,"turns":4},{"damage":11,"enemies":"Small Slimes","floor":2,"turns":3},{"damage":0,"enemies":"Cultist","floor":3,"turns":3},{"damage":0,"enemies":"Blue Slaver","floor":5,"turns":3},{"damage":33,"enemies":"Lagavulin","floor":6,"turns":8},{"damage":24,"enemies":"3 Sentries","floor":8,"turns":8},{"damage":2,"enemies":"Gremlin Nob","floor":12,"turns":3},{"damage":3,"enemies":"Exordium Thugs","floor":13,"turns":3},{"damage":3,"enemies":"Large Slime","floor":14,"turns":5},{"damage":0,"enemies":"Hexaghost","floor":16,"turns":9},{"damage":3,"enemies":"Chosen","floor":18,"turns":3},{"damage":5,"enemies":"2 Thieves","floor":21,"turns":3},{"damage":18,"enemies":"Snake Plant","floor":22,"turns":3},{"damage":32,"enemies":"Book of Stabbing","floor":23,"turns":5},{"damage":1,"enemies":"Snecko","floor":25,"turns":5},{"damage":16,"enemies":"Shelled Parasite and Fungi","floor":27,"turns":4},{"damage":23,"enemies":"Slavers","floor":29,"turns":5},{"damage":8,"enemies":"Centurion and Healer","floor":30,"turns":7},{"damage":9,"enemies":"Collector","floor":33,"turns":7},{"damage":1,"enemies":"Orb Walker","floor":35,"turns":2},{"damage":3,"enemies":"3 Darklings","floor":37,"turns":4},{"damage":36,"enemies":"Writhing Mass","floor":38,"turns":8},{"damage":46,"enemies":"Spire Growth","floor":39,"turns":6},{"damage":12,"enemies":"Nemesis","floor":40,"turns":9},{"damage":35,"enemies":"Jaw Worm Horde","floor":41,"turns":6},{"damage":17,"enemies":"4 Shapes","floor":44,"turns":9},{"damage":44,"enemies":"Giant Head","floor":45,"turns":5}],"seed_played":"-3104168823276280866","potions_obtained":[{"floor":6,"key":"Fire Potion"},{"floor":8,"key":"BlessingOfTheForge"},{"floor":13,"key":"SteroidPotion"},{"floor":14,"key":"Regen Potion"},{"floor":16,"key":"BloodPotion"},{"floor":18,"key":"SteroidPotion"},{"floor":25,"key":"SkillPotion"},{"floor":33,"key":"GamblersBrew"},{"floor":40,"key":"BlessingOfTheForge"},{"floor":44,"key":"Strength Potion"}],"is_trial":false,"path_per_floor":["M","M","M","?","M","E","R","E","T","?","R","E","M","M","R","B",null,"M","?","$","M","M","E","?","M","T","M","R","E","M","?","R","B",null,"M","?","M","M","M","E","M","R","T","M","E"],"character_chosen":"IRONCLAD","items_purchased":[],"campfire_rested":1,"item_purchase_floors":[],"current_hp_per_floor":[59,48,48,48,48,15,37,13,13,13,13,11,8,5,5,20,61,58,52,52,50,40,32,32,52,52,45,45,40,50,50,50,52,52,51,41,51,39,11,29,21,21,21,26,0,0],"gold":19,"neow_bonus":"BOSS_RELIC","is_daily":false,"chose_seed":false,"campfire_upgraded":5,"win_rate":0.0,"timestamp":1613578510,"path_taken":["M","M","M","?","M","E","R","E","T","?","R","E","M","?","R","BOSS","M","?","?","M","M","E","?","M","T","M","R","E","?","?","R","BOSS","M","?","M","M","M","E","M","R","T","M","E"],"items_purchased_type":[],"build_version":"2020-12-22","purchased_purges":0,"victory":false,"max_hp_per_floor":[75,75,75,75,75,75,75,75,75,75,75,75,75,75,75,75,75,75,52,52,52,52,52,52,52,52,52,52,52,52,52,52,52,52,52,52,56,56,56,56,60,60,60,64,64,64],"relic_stats":{"Torii":19,"Happy Flower":[24],"counters":[27,140],"Blue Candle":[6],"Ectoplasm":759,"Pen Nib":[4],"Black Star":1,"Orichalcum":[336],"Question Card":14,"obtain_stats":[{"Torii":23,"Happy Flower":26,"Blue Candle":12,"Pen Nib":40,"Incense Burner":8,"Orichalcum":9,"Question Card":26,"Ancient Tea Set":29,"Burning Blood":0,"Matryoshka":6,"Molten Egg 2":9,"Ectoplasm":0,"Black Star":34,"Toy Ornithopter":40,"Runic Cube":17},{"Torii":14,"Happy Flower":15,"Blue Candle":7,"Pen Nib":24,"Incense Burner":6,"Orichalcum":6,"Question Card":15,"Ancient Tea Set":17,"Burning Blood":0,"Matryoshka":5,"Molten Egg 2":6,"Ectoplasm":0,"Black Star":19,"Toy Ornithopter":24,"Runic Cube":10},{"Torii":63,"Happy Flower":68,"Blue Candle":32,"Pen Nib":120,"Incense Burner":29,"Orichalcum":29,"Question Card":68,"Ancient Tea Set":77,"Burning Blood":0,"Matryoshka":21,"Molten Egg 2":29,"Ectoplasm":0,"Black Star":91,"Toy Ornithopter":120,"Runic Cube":49}],"Toy Ornithopter":10,"Runic Cube":[54]},"card_choices":[{"not_picked":["Sword Boomerang","Iron Wave"],"picked":"Clothesline","floor":1},{"not_picked":["Sword Boomerang","Clash"],"picked":"Spot Weakness","floor":2},{"not_picked":["Dropkick","Havoc"],"picked":"Second Wind","floor":3},{"not_picked":["Pommel Strike","Anger"],"picked":"Metallicize","floor":5},{"not_picked":["Offering","Seeing Red"],"picked":"Sword Boomerang","floor":6},{"not_picked":["Body Slam","Hemokinesis"],"picked":"Pommel Strike","floor":8},{"not_picked":["Rampage+1","Clothesline+1"],"picked":"Cleave+1","floor":12},{"not_picked":["Armaments","Sword Boomerang+1","Clothesline+1"],"picked":"SKIP","floor":13},{"not_picked":["Cleave+1","Shrug It Off"],"picked":"Power Through","floor":14},{"not_picked":["Offering","Double Tap"],"picked":"Bludgeon+1","floor":16},{"not_picked":["Flame Barrier","Searing Blow+1"],"picked":"Pommel Strike+1","floor":18},{"not_picked":["Havoc","True Grit"],"picked":"Metallicize","floor":21},{"not_picked":["Evolve","True Grit","Flex"],"picked":"SKIP","floor":22},{"not_picked":["Searing Blow+1","Spot Weakness","Reckless Charge+1"],"picked":"SKIP","floor":23},{"not_picked":["Wild Strike+1","Warcry"],"picked":"Headbutt+1","floor":25},{"not_picked":["Havoc","Cleave+1","Spot Weakness"],"picked":"Barricade","floor":27},{"not_picked":["Flex+1","True Grit","Bludgeon+1"],"picked":"Whirlwind+1","floor":29},{"not_picked":["Flex","Clash+1","Havoc","Wild Strike+1"],"picked":"SKIP","floor":30},{"not_picked":["Bludgeon+1","Fiend Fire+1","Feed+1"],"picked":"Double Tap","floor":33},{"not_picked":["Fire Breathing","Warcry","Perfected Strike+1","Sword Boomerang+1"],"picked":"SKIP","floor":35},{"not_picked":["Chrysalis","Trip","Secret Weapon"],"picked":"Dark Shackles","floor":36},{"not_picked":["Headbutt+1","Iron Wave+1","Thunderclap+1","Whirlwind+1"],"picked":"SKIP","floor":37},{"not_picked":["Armaments+1","Twin Strike+1","Iron Wave+1"],"picked":"Juggernaut","floor":38},{"not_picked":["Perfected Strike+1","Headbutt+1","Reckless Charge+1"],"picked":"Dark Embrace","floor":39},{"not_picked":["Clash+1","Heavy Blade+1","Headbutt+1"],"picked":"Body Slam+1","floor":40},{"not_picked":["Iron Wave+1","Headbutt+1","Cleave+1"],"picked":"Corruption","floor":41},{"not_picked":["Searing Blow+1","Metallicize","Cleave+1","Clash+1"],"picked":"SKIP","floor":44}],"player_experience":1068511,"relics_obtained":[{"floor":6,"key":"Matryoshka"},{"floor":8,"key":"Incense Burner"},{"floor":9,"key":"Orichalcum"},{"floor":9,"key":"Molten Egg 2"},{"floor":12,"key":"Blue Candle"},{"floor":23,"key":"Torii"},{"floor":26,"key":"Question Card"},{"floor":26,"key":"Happy Flower"},{"floor":29,"key":"Ancient Tea Set"},{"floor":40,"key":"Toy Ornithopter"},{"floor":40,"key":"Pen Nib"}],"event_choices":[{"damage_healed":0,"gold_gain":0,"player_choice":"Ignored","damage_taken":0,"max_hp_gain":0,"max_hp_loss":0,"event_name":"Liars Game","floor":4,"gold_loss":0},{"cards_removed":["Strike_R"],"damage_healed":0,"gold_gain":0,"player_choice":"Purged","damage_taken":0,"max_hp_gain":0,"max_hp_loss":0,"event_name":"Purifier","floor":10,"gold_loss":0},{"damage_healed":0,"gold_gain":0,"player_choice":"Became a vampire","damage_taken":0,"max_hp_gain":0,"max_hp_loss":23,"event_name":"Vampires","floor":19,"gold_loss":0,"cards_obtained":["Bite","Bite","Bite","Bite","Bite"]},{"damage_healed":0,"gold_gain":0,"player_choice":"Upgraded","damage_taken":0,"max_hp_gain":0,"max_hp_loss":0,"event_name":"Upgrade Shrine","floor":24,"gold_loss":0,"cards_upgraded":["Metallicize"]},{"damage_healed":0,"gold_gain":0,"player_choice":"2 cards matched","damage_taken":0,"max_hp_gain":0,"max_hp_loss":0,"event_name":"Match and Keep!","floor":31,"gold_loss":0,"cards_obtained":["Feed","Bloodletting"]},{"damage_healed":0,"gold_gain":0,"player_choice":"Memory 3","damage_taken":10,"max_hp_gain":0,"max_hp_loss":0,"event_name":"SensoryStone","floor":36,"gold_loss":0}],"is_beta":false,"boss_relics":[{"not_picked":["Sozu","Busted Crown"],"picked":"Runic Cube"},{"not_picked":["Philosopher\u0027s Stone","Mark of Pain"],"picked":"Black Star"}],"items_purged_floors":[],"is_endless":false,"potions_floor_spawned":[6,8,13,14,16,18,25,27,33,40,44],"killed_by":"Giant Head","ascension_level":20}}