{"host":"7fyy23rucerupe6i","time":1613544049,"event":{"mods":["AchievementEnabler","Act Like it!","Aspiration","BaseMod","Better Note","BetterRewards","Colored Map","Colored Powertips","Conspire","Curses Come First","Custom Start","Downfall","Googly Eyes","Marisa£®ÏF”Í°°ƒß¿Ì…≥£©","Minty Spire (QoL Compilation)","Quick Restart","Relic Stats","Shop Mod","ShortenTheSpire","Spicy Shops","StSLib","SuperFastMode","The Blackbeard","The Construct","The Cursed","The Senshi","The Servant 0.9.4"],"gold_per_floor":[114,134,134,134,149,149,149,149],"floor_reached":7,"language":"ZHS","playtime":224,"items_purged":["Defend_G"],"score":82,"play_id":"4701d6c4-8e83-4d83-876d-432c9180f725","local_time":"20210217144049","is_ascension_mode":true,"campfire_choices":[{"data":"conspire:Banana","floor":6,"key":"SMITH"}],"circlet_count":0,"master_deck":["AscendersBane","Strike_G","Strike_G","Strike_G","Strike_G","Strike_G","Defend_G","Defend_G","Defend_G","Defend_G","Survivor","Neutralize","Infinite Blades","conspire:Banana+1","Blade Dance","Choke","Injury"],"relics":["Ring of the Snake","bronze:DonusWashers","ClockworkSouvenir","Singing Bowl","Golden Idol","Toxic Egg 2"],"acts_visited":["Exordium"],"potions_floor_usage":[7],"damage_taken":[{"damage":10,"enemies":"Small Slimes","floor":1,"turns":4},{"damage":7,"enemies":"Jaw Worm","floor":2,"turns":4},{"damage":6,"enemies":"2 Louse","floor":5,"turns":4},{"damage":18,"enemies":"Lagavulin","floor":7,"turns":3}],"seed_played":"-4816795248320282693","potions_obtained":[{"floor":1,"key":"Block Potion"}],"is_trial":false,"path_per_floor":["M","M","?","?","M","R","E"],"character_chosen":"THE_SILENT","items_purchased":["Infinite Blades","bronze:DonusWashers","ClockworkSouvenir","Singing Bowl","conspire:Banana"],"campfire_rested":0,"item_purchase_floors":[0,0,0,0,0],"current_hp_per_floor":[20,15,15,15,13,13,0,0],"gold":149,"neow_bonus":"","is_daily":false,"chose_seed":false,"campfire_upgraded":1,"win_rate":0.0,"timestamp":1613544049,"path_taken":["M","M","?","?","M","R","E"],"items_purchased_type":["Card","Relic","Relic","Relic","Card"],"build_version":"2020-12-22","purchased_purges":1,"victory":false,"max_hp_per_floor":[68,70,63,63,67,67,69,69],"relic_stats":{"Singing Bowl":2,"counters":[12,38],"Golden Idol":3,"obtain_stats":[{"MerchantsRug":13,"conspire:TreasureMap":0,"bronze:DonusWashers":0,"ScarletDevilRocket":9,"Torii":6,"Singing Bowl":0,"Golden Idol":3,"Pen Nib":0,"Bag of Preparation":0,"Question Card":0,"White Beast Statue":0,"ClockworkSouvenir":0,"Shuriken":8,"Toolbox":0,"Molten Egg 2":0,"theSenshi:SailorFukuRelic":0,"Toxic Egg 2":4,"Ring of the Snake":0,"aspiration:ChemicalBlood":12},{"MerchantsRug":7,"conspire:TreasureMap":0,"bronze:DonusWashers":8,"ScarletDevilRocket":6,"Torii":5,"Singing Bowl":8,"Golden Idol":10,"Pen Nib":0,"Bag of Preparation":0,"Question Card":0,"White Beast Statue":0,"ClockworkSouvenir":8,"Shuriken":6,"Toolbox":0,"Molten Egg 2":0,"theSenshi:SailorFukuRelic":0,"Toxic Egg 2":10,"Ring of the Snake":0,"aspiration:ChemicalBlood":7},{"MerchantsRug":16,"conspire:TreasureMap":0,"bronze:DonusWashers":23,"ScarletDevilRocket":15,"Torii":12,"Singing Bowl":23,"Golden Idol":31,"Pen Nib":0,"Bag of Preparation":0,"Question Card":0,"White Beast Statue":0,"ClockworkSouvenir":23,"Shuriken":15,"Toolbox":0,"Molten Egg 2":0,"theSenshi:SailorFukuRelic":0,"Toxic Egg 2":31,"Ring of the Snake":0,"aspiration:ChemicalBlood":16}],"Ring of the Snake":[24]},"card_choices":[{"not_picked":["PiercingWail","Deflect"],"picked":"Blade Dance","floor":1},{"not_picked":["Prepared","Bane"],"picked":"Choke","floor":2},{"not_picked":["Well Laid Plans","Flying Knee","Outmaneuver+1"],"picked":"Singing Bowl","floor":5}],"player_experience":589610,"relics_obtained":[],"event_choices":[{"damage_healed":0,"gold_gain":0,"player_choice":"Lose Max HP","damage_taken":0,"relics_obtained":["Golden Idol"],"max_hp_gain":0,"max_hp_loss":7,"event_name":"Golden Idol","floor":3,"gold_loss":0}],"is_beta":false,"boss_relics":[],"items_purged_floors":[0],"is_endless":false,"potions_floor_spawned":[1],"killed_by":"Lagavulin","ascension_level":20}}