{"host":"rscpjn8a96s7s6w9","time":1613539153,"event":{"mods":["AchievementEnabler","BaseMod","Colored Map","Hermit","Minty Spire (QoL Compilation)","StSLib","The Bug Knight"],"gold_per_floor":[112,123,48,48,48,48,77,77,153,153,228,247,247,247,247,324,324,337,337,19,30,30,60,60,60,87,105,105,105,135,147,159,171,171],"floor_reached":33,"language":"KOR","playtime":864,"items_purged":["Strike_B"],"score":554,"play_id":"82e7f6c1-ccfb-45a3-ae6b-72ca1390c8f0","local_time":"20210217141913","daily_mods":["Heirloom","Time Dilation","Flight"],"is_ascension_mode":true,"campfire_choices":[{"data":"Dualcast","floor":6.0,"key":"SMITH"},{"data":"Static Discharge","floor":8.0,"key":"SMITH"},{"data":"Static Discharge","floor":10.0,"key":"SMITH"},{"floor":13.0,"key":"REST"},{"floor":15.0,"key":"REST"},{"floor":25,"key":"REST"},{"data":"Fission","floor":28,"key":"SMITH"},{"floor":29,"key":"REST"},{"floor":32,"key":"REST"}],"circlet_count":0,"master_deck":["AscendersBane","Strike_B","Strike_B","Defend_B+1","Defend_B","Defend_B","Defend_B","Zap+1","Dualcast+1","Static Discharge+1","Sweeping Beam+1","Static Discharge+1","Machine Learning+1","Buffer+1","Sweeping Beam+1","Loop+1","Rip and Tear+1","Coolheaded","Loop+1","Fission+1","Cold Snap"],"relics":["FrozenCore","TungstenRod","Happy Flower","MealTicket","Frozen Egg 2","Lantern","Vajra","Boot","MawBank"],"acts_visited":["Exordium","TheCity"],"potions_floor_usage":[],"damage_taken":[{"damage":1.0,"enemies":"Jaw Worm","floor":1.0,"turns":4.0},{"damage":3.0,"enemies":"Small Slimes","floor":2.0,"turns":4.0},{"damage":7.0,"enemies":"Gremlin Nob","floor":7.0,"turns":3.0},{"damage":0.0,"enemies":"2 Louse","floor":12.0,"turns":2.0},{"damage":30.0,"enemies":"Slime Boss","floor":16.0,"turns":6.0},{"damage":11.0,"enemies":"Chosen","floor":18.0,"turns":6.0},{"damage":0.0,"enemies":"3 Byrds","floor":21.0,"turns":2.0},{"damage":42,"enemies":"Slavers","floor":23,"turns":4},{"damage":10,"enemies":"Cultist and Chosen","floor":27,"turns":4},{"damage":46,"enemies":"Gremlin Leader","floor":30,"turns":5},{"damage":48,"enemies":"Collector","floor":33,"turns":7}],"seed_played":"-1027681673789062120","potions_obtained":[{"floor":2.0,"key":"SteroidPotion"},{"floor":12.0,"key":"Weak Potion"},{"floor":18.0,"key":"AttackPotion"},{"floor":27,"key":"BlessingOfTheForge"}],"is_trial":true,"path_per_floor":["M","M","?","?","?","R","E","R","T","R","?","M","R","?","R","B",null,"M","?","$","M","?","E","?","R","T","M","R","R","E","$","R","B"],"character_chosen":"DEFECT","items_purchased":["Loop+1","Lantern"],"campfire_rested":5,"item_purchase_floors":[20,20],"current_hp_per_floor":[63,60,60,60,56,56,49,49,49,49,39,39,60,40,61,31,61,50,50,65,65,65,23,23,44,44,34,34,55,9,24,45,0,0],"gold":171,"neow_bonus":"","is_daily":false,"chose_seed":false,"campfire_upgraded":4,"win_rate":0.0,"timestamp":1613539153,"path_taken":["M","M","?","?","?","R","E","R","T","R","?","?","R","?","R","BOSS","M","?","$","?","?","E","?","R","T","M","R","R","E","$","R","BOSS"],"items_purchased_type":["Card","Relic"],"build_version":"2020-12-22","purchased_purges":1,"victory":false,"max_hp_per_floor":[71,71,71,71,71,71,71,71,71,71,71,71,71,71,71,71,71,71,71,71,71,71,71,71,71,71,71,71,71,71,71,71,71,71],"card_choices":[{"not_picked":["Go for the Eyes","Storm"],"picked":"Static Discharge","floor":1.0},{"not_picked":["Beam Cell","Turbo"],"picked":"Sweeping Beam","floor":2.0},{"not_picked":["Reprogram","Compile Driver"],"picked":"Static Discharge","floor":7.0},{"not_picked":["Sunder","Steam"],"picked":"Machine Learning+1","floor":12.0},{"not_picked":["Amplify","Reboot"],"picked":"Buffer+1","floor":16.0},{"not_picked":["Rebound","Steam"],"picked":"Sweeping Beam","floor":18.0},{"not_picked":["Self Repair+1","Stack"],"picked":"Rip and Tear+1","floor":21.0},{"not_picked":["Hologram","Stack"],"picked":"Coolheaded","floor":23},{"not_picked":["Streamline","Reprogram"],"picked":"Fission","floor":27},{"not_picked":["Consume","Rebound"],"picked":"Cold Snap","floor":30}],"player_experience":594153,"relics_obtained":[{"floor":7.0,"key":"MealTicket"},{"floor":9.0,"key":"Frozen Egg 2"},{"floor":23,"key":"Vajra"},{"floor":26,"key":"Boot"},{"floor":30,"key":"MawBank"}],"event_choices":[{"cards_removed":["Strike_B"],"damage_healed":0.0,"max_hp_gain":0.0,"max_hp_loss":0.0,"gold_gain":0.0,"event_name":"The Cleric","player_choice":"Card Removal","floor":3.0,"gold_loss":75.0,"damage_taken":0.0},{"damage_healed":0.0,"max_hp_gain":0.0,"max_hp_loss":0.0,"gold_gain":0.0,"event_name":"Living Wall","player_choice":"Grow","floor":4.0,"gold_loss":0.0,"damage_taken":0.0,"cards_upgraded":["Zap"]},{"damage_healed":0.0,"max_hp_gain":0.0,"max_hp_loss":0.0,"gold_gain":0.0,"event_name":"Scrap Ooze","player_choice":"Success","floor":5.0,"gold_loss":0.0,"damage_taken":5.0,"relics_obtained":["Happy Flower"]},{"damage_healed":0.0,"max_hp_gain":0.0,"max_hp_loss":0.0,"gold_gain":75.0,"event_name":"World of Goop","player_choice":"Gather Gold","floor":11.0,"gold_loss":0.0,"damage_taken":11.0},{"damage_healed":0.0,"max_hp_gain":0.0,"max_hp_loss":0.0,"gold_gain":0.0,"event_name":"Shining Light","player_choice":"Entered Light","floor":14.0,"gold_loss":0.0,"damage_taken":21.0,"cards_upgraded":["Defend_B","Sweeping Beam"]},{"damage_healed":0.0,"max_hp_gain":0.0,"max_hp_loss":0.0,"gold_gain":0.0,"event_name":"Upgrade Shrine","player_choice":"Upgraded","floor":19.0,"gold_loss":0.0,"damage_taken":0.0,"cards_upgraded":["Sweeping Beam"]},{"damage_healed":0,"gold_gain":0,"player_choice":"Read","damage_taken":0,"max_hp_gain":0,"max_hp_loss":0,"event_name":"The Library","floor":24,"gold_loss":0,"cards_obtained":["Loop"]}],"is_beta":false,"boss_relics":[{"not_picked":["Coffee Dripper","Calling Bell"],"picked":"FrozenCore"}],"items_purged_floors":[20],"is_endless":false,"potions_floor_spawned":[2,12,18,27],"killed_by":"Collector","ascension_level":20}}