{"host":"nz11ypxva4e39b7q","time":1613565321,"event":{"mods":["BaseMod","Better Third Choice","Better Vampires","Colored Map","Minty Spire (QoL Compilation)","Quick Restart","StSLib","The Marked"],"gold_per_floor":[114,114,125,125,125,157,157,175,198,225,257,269,295,342,354,366,366],"floor_reached":16,"language":"ENG","playtime":640,"items_purged":[],"score":203,"play_id":"7d7c0127-e023-43c0-b0e8-4d58c62553e3","local_time":"20210217133521","is_ascension_mode":true,"campfire_choices":[{"data":"theMarked:ComboAttacks","floor":7,"key":"SMITH"},{"data":"theMarked:SoldierOfQuellstein","floor":12,"key":"SMITH"},{"data":"theMarked:TakeOffHeels","floor":15,"key":"SMITH"}],"circlet_count":0,"master_deck":["theMarked:Strike","theMarked:Strike","theMarked:Strike","theMarked:Defend","theMarked:Defend","theMarked:Defend","theMarked:Defend","theMarked:SoldierOfQuellstein+1","theMarked:MuscleMemory","theMarked:ComboAttacks+1","theMarked:OneWithTheBlade","theMarked:ParalyzingBlade","theMarked:TakeOffHeels+1","theMarked:RepellingDischarge"],"relics":["theMarked:ArtifactOfAir","NeowsBlessing","Eternal Feather","Bag of Marbles","Oddly Smooth Stone","MawBank","Blood Vial"],"acts_visited":["Exordium"],"potions_floor_usage":[10,11,14],"damage_taken":[{"damage":0,"enemies":"Small Slimes","floor":1,"turns":2},{"damage":0,"enemies":"Cultist","floor":3,"turns":1},{"damage":0,"enemies":"Gremlin Nob","floor":6,"turns":1},{"damage":0,"enemies":"2 Louse","floor":8,"turns":2},{"damage":14,"enemies":"Lagavulin","floor":10,"turns":7},{"damage":0,"enemies":"Exordium Wildlife","floor":11,"turns":5},{"damage":0,"enemies":"Gremlin Gang","floor":13,"turns":4},{"damage":24,"enemies":"Gremlin Nob","floor":14,"turns":5},{"damage":40,"enemies":"Hexaghost","floor":16,"turns":13}],"seed_played":"4800431007465875921","potions_obtained":[{"floor":6,"key":"LiquidBronze"},{"floor":8,"key":"SteroidPotion"},{"floor":10,"key":"SkillPotion"}],"is_trial":false,"path_per_floor":["M","?","M","?","T","E","R","M","T","E","M","R","M","E","R","B"],"character_chosen":"THE_DEFAULT","items_purchased":[],"campfire_rested":0,"item_purchase_floors":[],"current_hp_per_floor":[63,63,63,56,56,56,62,62,62,48,48,54,54,30,36,0,0],"gold":366,"neow_bonus":"THREE_ENEMY_KILL","is_daily":false,"chose_seed":false,"campfire_upgraded":3,"win_rate":0.0,"timestamp":1613565321,"path_taken":["M","?","?","?","?","E","R","M","T","E","M","R","M","E","R","BOSS"],"items_purchased_type":[],"build_version":"2020-12-22","purchased_purges":0,"victory":false,"max_hp_per_floor":[70,70,70,70,70,70,70,70,70,70,70,70,70,70,70,70,70],"card_choices":[{"not_picked":["theMarked:ElectricStrings","theMarked:Aftermath"],"picked":"theMarked:MuscleMemory","floor":1},{"not_picked":["theMarked:ElectricStrings","theMarked:EmpowerWeapon"],"picked":"theMarked:OneWithTheBlade","floor":3},{"not_picked":["theMarked:Overthink","theMarked:ShockingTouch"],"picked":"theMarked:ParalyzingBlade","floor":6},{"not_picked":["theMarked:ChainLightning","theMarked:Parkour","theMarked:BanishingStrike"],"picked":"SKIP","floor":8},{"not_picked":["theMarked:Opportunist","theMarked:Determination"],"picked":"theMarked:TakeOffHeels","floor":10},{"not_picked":["theMarked:Memento","theMarked:SwordAndMagic","theMarked:ChainLightning"],"picked":"SKIP","floor":11},{"not_picked":["theMarked:MuscleMemory","theMarked:RepellingDischarge","theMarked:ElectricStrings"],"picked":"SKIP","floor":13},{"not_picked":["theMarked:MuscleMemory","theMarked:RepellingDischarge","theMarked:ElectricStrings"],"picked":"SKIP","floor":13},{"not_picked":["theMarked:MuscleMemory","theMarked:ElectricStrings"],"picked":"theMarked:RepellingDischarge","floor":13},{"not_picked":["theMarked:Defy","theMarked:Frustration","theMarked:ChainLightning"],"picked":"SKIP","floor":14}],"player_experience":1087608,"relics_obtained":[{"floor":5,"key":"Eternal Feather"},{"floor":6,"key":"Bag of Marbles"},{"floor":9,"key":"Oddly Smooth Stone"},{"floor":10,"key":"MawBank"},{"floor":14,"key":"Blood Vial"}],"event_choices":[{"damage_healed":0,"gold_gain":0,"cards_transformed":["theMarked:Strike"],"player_choice":"Transformed","damage_taken":0,"max_hp_gain":0,"max_hp_loss":0,"event_name":"Transmorgrifier","floor":2,"gold_loss":0,"cards_obtained":["theMarked:ComboAttacks"]},{"cards_removed":["theMarked:Strike"],"damage_healed":0,"gold_gain":0,"player_choice":"Card Removal","damage_taken":7,"max_hp_gain":0,"max_hp_loss":0,"event_name":"Golden Wing","floor":4,"gold_loss":0}],"is_beta":false,"boss_relics":[],"items_purged_floors":[],"is_endless":false,"potions_floor_spawned":[6,8,10],"killed_by":"Hexaghost","ascension_level":8}}