{"host":"tr0r177cvmpvg89h","time":1613551157,"event":{"mods":["BaseMod","Colored Map","DeckTracker","Minty Spire (QoL Compilation)","StSLib","SuperFastMode"],"gold_per_floor":[117,47,47,47,47,80,80,80,126,126,149,174,192,117,117,117,117],"floor_reached":16,"language":"KOR","playtime":637,"items_purged":["Injury"],"score":123,"play_id":"e9bc59a9-b83e-469f-b1db-53b6debb9f63","local_time":"20210217173917","is_ascension_mode":false,"campfire_choices":[{"data":"Footwork","floor":7,"key":"SMITH"},{"data":"Neutralize","floor":10,"key":"SMITH"},{"data":"Masterful Stab","floor":15,"key":"SMITH"}],"circlet_count":0,"master_deck":["Strike_G","Strike_G","Strike_G","Strike_G","Strike_G","Defend_G","Defend_G","Defend_G","Defend_G","Defend_G","Survivor","Neutralize+1","Footwork+1","Masterful Stab+1"],"relics":["Ring of the Snake","NeowsBlessing","Nunchaku","Golden Idol","Snake Skull","PreservedInsect","Vajra"],"acts_visited":["Exordium"],"potions_floor_usage":[16],"damage_taken":[{"damage":0,"enemies":"Jaw Worm","floor":1,"turns":1},{"damage":0,"enemies":"3 Sentries","floor":6,"turns":2},{"damage":0,"enemies":"Cultist","floor":11,"turns":1},{"damage":0,"enemies":"2 Louse","floor":12,"turns":2},{"damage":0,"enemies":"Lots of Slimes","floor":13,"turns":6},{"damage":54,"enemies":"Slime Boss","floor":16,"turns":11}],"seed_played":"5292796310202772303","potions_obtained":[{"floor":11,"key":"Poison Potion"}],"is_trial":false,"path_per_floor":["M","$","?","$","?","E","R","T","T","R","M","M","M","$","R","B"],"character_chosen":"THE_SILENT","items_purchased":["Footwork"],"campfire_rested":0,"item_purchase_floors":[2],"current_hp_per_floor":[70,70,52,52,52,52,52,52,52,52,52,52,52,52,52,0,0],"gold":117,"neow_bonus":"THREE_ENEMY_KILL","is_daily":false,"chose_seed":false,"campfire_upgraded":3,"win_rate":0.0,"timestamp":1613551157,"path_taken":["M","$","?","$","?","E","R","?","T","R","?","M","M","$","R","BOSS"],"items_purchased_type":["Card"],"build_version":"2020-12-22","purchased_purges":1,"victory":false,"max_hp_per_floor":[70,70,70,70,70,70,70,70,70,70,70,70,70,70,70,70,70],"card_choices":[{"not_picked":["Bane","Endless Agony","Poisoned Stab"],"picked":"SKIP","floor":1},{"not_picked":["Blur","Flechettes","Infinite Blades"],"picked":"SKIP","floor":6},{"not_picked":["Slice","Blade Dance"],"picked":"Masterful Stab","floor":11},{"not_picked":["Blade Dance","Endless Agony","Backflip"],"picked":"SKIP","floor":12},{"not_picked":["Dash","Deadly Poison","Underhanded Strike"],"picked":"SKIP","floor":13}],"player_experience":94992,"relics_obtained":[{"floor":6,"key":"Snake Skull"},{"floor":8,"key":"PreservedInsect"},{"floor":9,"key":"Vajra"}],"event_choices":[{"damage_healed":0,"gold_gain":0,"player_choice":"Success","damage_taken":18,"relics_obtained":["Nunchaku"],"max_hp_gain":0,"max_hp_loss":0,"event_name":"Scrap Ooze","floor":3,"gold_loss":0},{"damage_healed":0,"gold_gain":0,"player_choice":"Take Wound","damage_taken":0,"relics_obtained":["Golden Idol"],"max_hp_gain":0,"max_hp_loss":0,"event_name":"Golden Idol","floor":5,"gold_loss":0,"cards_obtained":["Injury"]}],"is_beta":false,"boss_relics":[],"items_purged_floors":[14],"is_endless":false,"potions_floor_spawned":[11],"killed_by":"Slime Boss","ascension_level":0}}