{"host":"n1v11un6j7y72mz7","time":1613550523,"event":{"mods":["Act Like it!","BaseMod","Downfall","Minty Spire (QoL Compilation)","Reliquary","StSLib","The Animator","Waifu the Spire"],"gold_per_floor":[113,127,127,127,146,146,165,178,178,212,212,212,225,225,236,236,236,236],"floor_reached":17,"language":"ZHS","playtime":425,"items_purged":[],"score":109,"play_id":"58bbfd34-b1c5-479e-bca0-a8419e28970d","local_time":"20210217162843","is_ascension_mode":false,"campfire_choices":[{"data":"Blade Dance","floor":6,"key":"SMITH"},{"data":"Dagger Throw","floor":12,"key":"SMITH"},{"data":"Setup","floor":16,"key":"SMITH"}],"circlet_count":0,"master_deck":["Strike_G","Strike_G","Strike_G","Strike_G","Strike_G","Defend_G","Defend_G","Defend_G+1","Defend_G","Survivor","Neutralize+1","Dagger Throw+1","Blade Dance+1","Underhanded Strike","Well Laid Plans","Setup+1","Dagger Spray","Expertise"],"relics":["Ring of the Snake","NeowsBlessing","StrikeDummy","WingedGreaves"],"acts_visited":["Exordium"],"potions_floor_usage":[10,10],"damage_taken":[{"damage":0,"enemies":"Small Slimes","floor":1,"turns":1},{"damage":0,"enemies":"Jaw Worm","floor":2,"turns":1},{"damage":0,"enemies":"Cultist","floor":5,"turns":1},{"damage":9,"enemies":"2 Fungi Beasts","floor":7,"turns":3},{"damage":2,"enemies":"Looter","floor":8,"turns":3},{"damage":4,"enemies":"3 Sentries","floor":10,"turns":4},{"damage":4,"enemies":"Gremlin Gang","floor":13,"turns":3},{"damage":9,"enemies":"Red Slaver","floor":15,"turns":2},{"damage":33,"enemies":"Slime Boss","floor":17,"turns":7}],"seed_played":"-6413187537361676812","potions_obtained":[{"floor":1,"key":"Strength Potion"},{"floor":7,"key":"DuplicationPotion"}],"is_trial":false,"path_per_floor":["M","M","?","?","M","R","M","M","T","E","?","R","M","?","M","R","B"],"character_chosen":"THE_SILENT","items_purchased":[],"campfire_rested":0,"item_purchase_floors":[],"current_hp_per_floor":[70,70,56,70,70,70,61,59,59,55,55,55,51,51,42,42,9,9],"gold":236,"neow_bonus":"THREE_ENEMY_KILL","is_daily":false,"chose_seed":false,"campfire_upgraded":3,"win_rate":0.0,"timestamp":1613550523,"path_taken":["M","M","?","?","M","R","?","M","T","E","?","R","M","?","?","R","BOSS"],"items_purchased_type":[],"build_version":"2020-12-22","purchased_purges":0,"victory":false,"max_hp_per_floor":[70,70,70,70,70,70,70,70,70,70,70,70,70,70,70,70,70,70],"card_choices":[{"not_picked":["Deflect","Finisher"],"picked":"Caltrops","floor":1},{"not_picked":["Quick Slash","Deflect"],"picked":"Dagger Throw","floor":2},{"not_picked":["Choke","Quick Slash"],"picked":"Blade Dance","floor":5},{"not_picked":["Masterful Stab","Phantasmal Killer"],"picked":"Underhanded Strike","floor":7},{"not_picked":["PiercingWail","Backflip"],"picked":"Well Laid Plans","floor":8},{"not_picked":["Predator","Dash"],"picked":"Setup","floor":10},{"not_picked":["Masterful Stab","Prepared"],"picked":"Dagger Spray","floor":13},{"not_picked":["Distraction","Blade Dance"],"picked":"Expertise","floor":15}],"player_experience":191716,"relics_obtained":[{"floor":9,"key":"StrikeDummy"},{"floor":10,"key":"WingedGreaves"}],"event_choices":[{"damage_healed":0,"gold_gain":0,"player_choice":"Entered Light","damage_taken":14,"max_hp_gain":0,"max_hp_loss":0,"event_name":"Shining Light","floor":3,"gold_loss":0,"cards_upgraded":["Defend_G","Neutralize"]},{"cards_removed":["Caltrops"],"damage_healed":14,"gold_gain":0,"player_choice":"Offered Uncommon","damage_taken":0,"max_hp_gain":0,"max_hp_loss":0,"event_name":"Bonfire Elementals","floor":4,"gold_loss":0},{"cards_removed":["Defend_G"],"damage_healed":0,"gold_gain":0,"player_choice":"Forget","damage_taken":0,"max_hp_gain":0,"max_hp_loss":0,"event_name":"Living Wall","floor":11,"gold_loss":0},{"damage_healed":0,"gold_gain":0,"player_choice":"0 cards matched","damage_taken":0,"max_hp_gain":0,"max_hp_loss":0,"event_name":"Match and Keep!","floor":14,"gold_loss":0,"cards_obtained":[]}],"is_beta":false,"boss_relics":[],"items_purged_floors":[],"is_endless":false,"potions_floor_spawned":[1,7],"killed_by":"Slime Boss","ascension_level":0}}