{"host":"dl909bjyolgrn2uw","time":1613580950,"event":{"mods":["2.2 Compatiblity","BaseMod","Bestiary","Better Altar","Better Note","Better Sensory Stone","Better Skull","Better Vampires","Better-Laid Plans","Colored Powertips","Curses Come First","Disable Question Mark Monsters","Displayed Cursed Tome","Emptier Cage","Minty Spire (QoL Compilation)","Morshu Shopkeeper","Permanent Neow","Rare Cards Sparkle","Relic Stats","Shop Mod","Spicy Shops","StSLib","SuperFastMode","Transform Curses"],"gold_per_floor":[111,111,131,42,118,118,148,148,173,173,188,205,47,61,61,138,138,152,152,171,171,171],"floor_reached":21,"language":"ENG","playtime":580,"items_purged":[],"score":377,"play_id":"09e28438-d093-4674-b873-66ba75f91ad7","local_time":"20210217105550","is_ascension_mode":true,"campfire_choices":[{"data":"Doom and Gloom","floor":6.0,"key":"SMITH"},{"data":"Defragment","floor":8.0,"key":"SMITH"},{"floor":10.0,"key":"REST"},{"data":"Rainbow","floor":15,"key":"SMITH"}],"circlet_count":0,"master_deck":["AscendersBane","Strike_B","Strike_B","Strike_B","Strike_B","Defend_B","Defend_B+1","Defend_B","Defend_B+1","Zap","Dualcast","Doom and Gloom+1","Defragment+1","Cold Snap","Hello World","Coolheaded","Compile Driver","Streamline","Beam Cell","Hologram","Rainbow+1","Multi-Cast","Echo Form","Stack"],"relics":["Cracked Core","NeowsBlessing","StrikeDummy","MealTicket","Orrery","Cursed Key"],"acts_visited":["Exordium","TheCity"],"potions_floor_usage":[16,21,21],"damage_taken":[{"damage":0.0,"enemies":"Jaw Worm","floor":1.0,"turns":1.0},{"damage":0.0,"enemies":"Cultist","floor":3.0,"turns":1.0},{"damage":0.0,"enemies":"3 Sentries","floor":7.0,"turns":1.0},{"damage":0.0,"enemies":"Small Slimes","floor":11.0,"turns":3.0},{"damage":3,"enemies":"Looter","floor":12,"turns":2},{"damage":1,"enemies":"Blue Slaver","floor":14,"turns":4},{"damage":24,"enemies":"Hexaghost","floor":16,"turns":9},{"damage":12,"enemies":"3 Byrds","floor":18,"turns":5},{"damage":14,"enemies":"Shell Parasite","floor":20,"turns":5},{"damage":22,"enemies":"Shelled Parasite and Fungi","floor":21,"turns":1}],"seed_played":"5672781550711906745","potions_obtained":[{"floor":1.0,"key":"PowerPotion"},{"floor":3.0,"key":"Swift Potion"},{"floor":20,"key":"EssenceOfSteel"}],"is_trial":false,"path_per_floor":["M","?","M","$","?","R","E","R","T","R","M","M","$","M","R","B",null,"M","?","M","M"],"character_chosen":"DEFECT","items_purchased":["Defragment","Orrery"],"campfire_rested":1,"item_purchase_floors":[4,13],"current_hp_per_floor":[64,43,43,43,43,43,43,43,43,64,64,61,71,70,70,46,65,53,36,22,0,0],"gold":171,"neow_bonus":"THREE_ENEMY_KILL","is_daily":false,"chose_seed":false,"campfire_upgraded":3,"win_rate":0.0,"timestamp":1613580950,"path_taken":["M","?","M","$","?","R","E","R","T","R","M","M","?","M","R","BOSS","M","?","M","M"],"items_purchased_type":["Card","Relic"],"build_version":"2020-12-22","purchased_purges":0,"victory":false,"max_hp_per_floor":[71,71,71,71,71,71,71,71,71,71,71,71,71,71,71,71,71,71,71,71,71,71],"relic_stats":{"counters":[10,32],"MealTicket":10,"Cursed Key":0,"obtain_stats":[{"NeowsBlessing":0,"Orrery":13,"MealTicket":9,"Cracked Core":0,"StrikeDummy":7,"Cursed Key":17},{"NeowsBlessing":0,"Orrery":5,"MealTicket":3,"Cracked Core":0,"StrikeDummy":3,"Cursed Key":7},{"NeowsBlessing":0,"Orrery":8,"MealTicket":3,"Cracked Core":0,"StrikeDummy":3,"Cursed Key":21}]},"card_choices":[{"not_picked":["Tempest","Self Repair"],"picked":"Doom and Gloom","floor":1.0},{"not_picked":["Turbo","Hologram","Leap"],"picked":"SKIP","floor":3.0},{"not_picked":["Turbo","Storm","Stack"],"picked":"SKIP","floor":7.0},{"not_picked":["Rebound","Barrage"],"picked":"Cold Snap","floor":11.0},{"not_picked":["Leap","Blizzard"],"picked":"Hello World","floor":12},{"not_picked":["Recycle","All For One"],"picked":"Coolheaded","floor":13},{"not_picked":["Fusion","Sweeping Beam"],"picked":"Compile Driver","floor":13},{"not_picked":["Consume","Heatsinks"],"picked":"Streamline","floor":13},{"not_picked":["Barrage","Redo"],"picked":"Beam Cell","floor":13},{"not_picked":["Auto Shields","Redo"],"picked":"Hologram","floor":13},{"not_picked":["Compile Driver","Scrape"],"picked":"Rainbow","floor":14},{"not_picked":["Machine Learning","Rainbow"],"picked":"Multi-Cast","floor":16},{"not_picked":["Go for the Eyes","Gash+1","Streamline"],"picked":"SKIP","floor":18},{"not_picked":["Cold Snap","Go for the Eyes"],"picked":"Stack","floor":20}],"player_experience":458628,"relics_obtained":[{"floor":7.0,"key":"StrikeDummy"},{"floor":9.0,"key":"MealTicket"}],"event_choices":[{"damage_healed":0.0,"max_hp_gain":0.0,"max_hp_loss":0.0,"gold_gain":0.0,"event_name":"Shining Light","player_choice":"Entered Light","floor":2.0,"gold_loss":0.0,"damage_taken":21.0,"cards_upgraded":["Defend_B","Defend_B"]},{"damage_healed":0.0,"max_hp_gain":0.0,"max_hp_loss":0.0,"gold_gain":76.0,"event_name":"Golden Wing","player_choice":"Gained Gold","floor":5.0,"gold_loss":0.0,"damage_taken":0.0},{"damage_healed":0,"gold_gain":2,"player_choice":"2","damage_taken":0,"max_hp_gain":0,"max_hp_loss":17,"event_name":"betterStone:BetterStone","floor":19,"gold_loss":0}],"is_beta":false,"boss_relics":[{"not_picked":["Coffee Dripper","SacredBark"],"picked":"Cursed Key"}],"items_purged_floors":[],"is_endless":false,"potions_floor_spawned":[1,3,20],"killed_by":"Shelled Parasite and Fungi","ascension_level":17}}