{"host":"p7cjtxxrilhp4dw7","time":1613552639,"event":{"mods":["BaseMod","Block Reminder","Colored Map","Curses Come First","Downfall","Highlight Path","Minty Spire (QoL Compilation)","StSLib"],"gold_per_floor":[0,0,0,20,37,37,64,64,83,94,109,9,19,38,55,155,155,155,175,195,195,70,81,105,105,119,154,154,171,171,205,220,322,322,322,337,500,350,369,393,417,446,53,53,71,71,82,113,13,13],"floor_reached":51,"language":"ENG","playtime":7292,"items_purged":["downfall:Bewildered"],"score":766,"play_id":"37fb5f41-b85d-4d8e-8c4a-6a001c2aee39","local_time":"20210217020359","is_ascension_mode":false,"campfire_choices":[{"data":"champ:Taunt","floor":1,"key":"SMITH"},{"floor":6,"key":"RECALL"},{"data":"champ:Execute","floor":8,"key":"SMITH"},{"data":"champ:Lariat","floor":12,"key":"SMITH"},{"data":"champ:StanceDance","floor":18,"key":"SMITH"},{"floor":30,"key":"REST"},{"data":"champ:StanceDance","floor":35,"key":"SMITH"},{"data":"champ:SteelEdge","floor":44,"key":"SMITH"},{"floor":46,"key":"REST"},{"data":"champ:Duel","floor":49,"key":"SMITH"}],"circlet_count":0,"master_deck":["champ:Strike","champ:Strike","champ:Strike+1","champ:Strike+1","champ:Defend+1","champ:Defend","champ:Defend+1","champ:Defend+1","champ:Execute+1","champ:Taunt+1","champ:CalledShot","champ:Endure","champ:Duel+1","champ:Lariat+1","champ:StanceDance+1","champ:GutPunch","champ:Haymaker","champ:ShieldSlam","champ:TripleStrike","champ:FancyFootwork+1","champ:Circumvent+1","champ:Backstep+1","champ:IronFortress","champ:ShieldWall","champ:StanceDance+1","champ:FanOfKnives","champ:Shatter+1","champ:SteelEdge+1","champ:Endure+1","champ:PreciseThrust+1","champ:PerfectedStrike+1"],"relics":["champ:ChampionCrown","Lizard Tail","champ:LiftRelic","PreservedInsect","downfall:HeartBlessingRed","Sozu","sneckomod:BabySnecko","War Paint","Tiny Chest","Mercury Hourglass","Thread and Needle","Lantern","champ:FightingForDummies","Omamori","Kunai","HandDrill","Ornamental Fan","downfall:HeartBlessingGreen"],"acts_visited":["Exordium","TheCity","TheBeyond"],"potions_floor_usage":[16,31,50],"damage_taken":[{"damage":10,"enemies":"Cultist","floor":4,"turns":3},{"damage":0,"enemies":"2 Louse","floor":5,"turns":2},{"damage":10,"enemies":"Jaw Worm","floor":9,"turns":3},{"damage":20,"enemies":"Large Slime","floor":10,"turns":5},{"damage":11,"enemies":"3 Louse","floor":11,"turns":4},{"damage":10,"enemies":"Exordium Thugs","floor":13,"turns":4},{"damage":5,"enemies":"Exordium Wildlife","floor":14,"turns":2},{"damage":15,"enemies":"downfall:LooterAlt","floor":15,"turns":2},{"damage":83,"enemies":"WA_ARCHETYPE_RETAIN","floor":16,"turns":8},{"damage":11,"enemies":"Chosen","floor":19,"turns":3},{"damage":20,"enemies":"3 Byrds","floor":20,"turns":4},{"damage":45,"enemies":"downfall:FleeingMerchant","floor":22,"turns":4},{"damage":31,"enemies":"Snake Plant","floor":23,"turns":4},{"damage":7,"enemies":"Centurion and Healer","floor":26,"turns":3},{"damage":60,"enemies":"Gremlin Leader","floor":27,"turns":7},{"damage":37,"enemies":"Cultist and Chosen","floor":29,"turns":4},{"damage":20,"enemies":"Book of Stabbing","floor":31,"turns":3},{"damage":20,"enemies":"Chosen and Byrds","floor":32,"turns":4},{"damage":58,"enemies":"SI_MIRROR_ARCHETYPE","floor":33,"turns":8},{"damage":0,"enemies":"3 Shapes","floor":36,"turns":3},{"damage":35,"enemies":"downfall:FleeingMerchant","floor":37,"turns":4},{"damage":0,"enemies":"Orb Walker","floor":39,"turns":3},{"damage":41,"enemies":"Nemesis","floor":42,"turns":6},{"damage":51,"enemies":"Writhing Mass","floor":45,"turns":6},{"damage":46,"enemies":"Maw","floor":47,"turns":7},{"damage":50,"enemies":"Giant Head","floor":48,"turns":7},{"damage":67,"enemies":"DF_ARCHETYPE_ORBS","floor":50,"turns":7}],"seed_played":"-8839151473618056255","potions_obtained":[{"floor":4,"key":"EssenceOfSteel"},{"floor":11,"key":"Ancient Potion"},{"floor":13,"key":"ColorlessPotion"},{"floor":16,"key":"sneckomod:MuddlingPotion"}],"is_trial":false,"path_per_floor":["R","?","?","M","M","R","T","R","M","M","M","R","M","M","M","B",null,"R","M","M","?","$","M","T","?","M","E","?","M","R","E","M","B",null,"R","M","$","?","M","T","T","E","?","R","M","R","M","E","R","B",null],"character_chosen":"THE_CHAMP","items_purchased":["champ:IronFortress","Lantern","Kunai","HandDrill"],"campfire_rested":2,"item_purchase_floors":[22,37,43,43],"current_hp_per_floor":[90,90,90,90,90,90,90,90,90,90,89,89,89,89,89,61,90,90,89,89,89,89,83,83,83,76,66,66,64,90,90,90,82,90,90,90,90,100,100,100,100,94,94,94,83,100,89,89,89,82],"gold":13,"neow_bonus":"ONE_RARE_RELIC","is_daily":false,"chose_seed":false,"campfire_upgraded":7,"win_rate":0.0,"timestamp":1613552639,"path_taken":["R","?","?","M","M","R","T","R","M","M","?","R","M","M","M","BOSS","R","M","M","?","$","M","T","?","?","E","?","M","R","E","M","BOSS","R","M","$","?","?","?","T","E","?","R","M","R","M","E","R","BOSS"],"items_purchased_type":["Card","Relic","Relic","Relic"],"build_version":"2020-12-22","purchased_purges":1,"victory":true,"max_hp_per_floor":[90,90,90,90,90,90,90,90,90,90,90,90,90,90,90,90,90,90,90,90,90,90,90,90,90,90,90,90,90,90,90,90,90,90,90,90,90,100,100,100,100,100,100,100,100,100,100,100,100,100],"card_choices":[{"not_picked":["champ:EnGarde","champ:FlashCut"],"picked":"champ:CalledShot","floor":4},{"not_picked":["champ:BringItOn","champ:IronFortress"],"picked":"champ:Endure","floor":5},{"not_picked":["champ:Parry","champ:FancyFootwork"],"picked":"champ:Duel","floor":9},{"not_picked":["champ:FalseCounter","champ:Duel"],"picked":"champ:Lariat","floor":10},{"not_picked":["champ:BladeFlurry","champ:ShieldSlam"],"picked":"champ:StanceDance","floor":11},{"not_picked":["champ:Shatter","champ:SetATrap"],"picked":"champ:GutPunch","floor":13},{"not_picked":["champ:CrownThrow","champ:GutPunch"],"picked":"champ:Haymaker","floor":14},{"not_picked":["champ:AdrenalArmor","champ:DeathBlow"],"picked":"champ:ShieldSlam","floor":15},{"not_picked":["champ:IgnorePain","champ:UltimateStance"],"picked":"champ:TripleStrike","floor":16},{"not_picked":["champ:SetATrap","champ:TornadoPunch"],"picked":"champ:FancyFootwork+1","floor":19},{"not_picked":["champ:Encircle","champ:BerserkersShout"],"picked":"champ:Circumvent+1","floor":20},{"not_picked":["champ:FlashCut","champ:EnragedBash"],"picked":"champ:Backstep+1","floor":22},{"not_picked":["champ:IronFortress","champ:FaceSlap"],"picked":"champ:ShieldWall","floor":23},{"not_picked":["champ:ShieldWall+1","champ:DefensiveShout","champ:FlashCut"],"picked":"SKIP","floor":26},{"not_picked":["champ:FocusedDefense","champ:EnragedBash"],"picked":"champ:StanceDance","floor":27},{"not_picked":["champ:SkillfulDodge","champ:BerserkersShout"],"picked":"champ:FanOfKnives","floor":29},{"not_picked":["champ:Duel","champ:SetATrap+1","champ:FocusedDefense"],"picked":"SKIP","floor":31},{"not_picked":["champ:CrownThrow+1","champ:EnGarde+1","champ:FanOfKnives+1"],"picked":"SKIP","floor":32},{"not_picked":["champ:RisingSlash","champ:Haymaker"],"picked":"champ:Shatter+1","floor":36},{"not_picked":["champ:Backstep","champ:PerfectedStrike","champ:ShieldWall"],"picked":"SKIP","floor":37},{"not_picked":["champ:Haymaker","champ:BladeFlurry","champ:FaceSlap"],"picked":"SKIP","floor":39},{"not_picked":["champ:Circumvent","champ:StanceDance"],"picked":"champ:SteelEdge","floor":42},{"not_picked":["champ:BerserkersShout","champ:BringItOn"],"picked":"champ:Endure+1","floor":45},{"not_picked":["champ:BerserkersShout","champ:PreciseThrust+1","champ:EndlessRage"],"picked":"SKIP","floor":47},{"not_picked":["champ:BerserkersShout","champ:EndlessRage"],"picked":"champ:PreciseThrust+1","floor":47},{"not_picked":["champ:SkillfulDodge","champ:FocusedDefense+1"],"picked":"champ:PerfectedStrike+1","floor":48}],"player_experience":798609,"relics_obtained":[{"floor":7,"key":"PreservedInsect"},{"floor":24,"key":"War Paint"},{"floor":27,"key":"Tiny Chest"},{"floor":31,"key":"Thread and Needle"},{"floor":40,"key":"champ:FightingForDummies"},{"floor":42,"key":"Omamori"},{"floor":48,"key":"Ornamental Fan"}],"event_choices":[],"is_beta":false,"boss_relics":[{"not_picked":["Astrolabe","Coffee Dripper"],"picked":"Sozu"},{"not_picked":["bronze:MakeshiftBattery","Philosopher\u0027s Stone","SlaversCollar"]}],"items_purged_floors":[22],"is_endless":false,"potions_floor_spawned":[4,11,13,16,19,27,31,32,42,47,48],"ascension_level":0}}