{"host":"lstr3pesnbx2qpzo","time":1613591710,"event":{"mods":["Aspiration","BaseMod","Conspire","Downfall","Hubris","Infinite Spire","Minty Spire (QoL Compilation)","Replay The Spire","StSLib"],"gold_per_floor":[99,110,110,110,110,110,137,149,184,195,195,195,209,209,222,222,222,222],"floor_reached":16,"language":"ENG","playtime":623,"items_purged":[],"score":100,"play_id":"adbbe54c-6dfb-475b-b685-61d4d46d85dc","local_time":"20210217125510","is_ascension_mode":false,"campfire_choices":[{"data":"bronze:Replicate","floor":1,"key":"SMITH"},{"data":"bronze:Goto","floor":6,"key":"SMITH"}],"circlet_count":0,"master_deck":["bronze:Strike","bronze:Strike","bronze:Strike","bronze:Strike","bronze:Defend","bronze:Defend","bronze:Defend","bronze:Defend","bronze:Replicate+1","bronze:Goto+1","bronze:WhirlingStrike","bronze:Optimize","Injury","bronze:WhirlingStrike","bronze:Safeguard+1"],"relics":["bronze:BronzeCore","downfall:BrokenWingStatue","hubris:Icosahedron","Regal Pillow","Art of War","infinitespire:PuzzleCube","Toxic Egg 2"],"acts_visited":["Exordium"],"potions_floor_usage":[16],"damage_taken":[{"damage":1,"enemies":"2 Louse","floor":2,"turns":4},{"damage":2,"enemies":"Small Slimes","floor":8,"turns":5},{"damage":39,"enemies":"Lagavulin","floor":9,"turns":5},{"damage":11,"enemies":"Jaw Worm","floor":10,"turns":2},{"damage":10,"enemies":"3 Louse","floor":13,"turns":3},{"damage":6,"enemies":"Large Slime","floor":15,"turns":3},{"damage":14,"enemies":"DF_ARCHETYPE_STREAMLINE","floor":16,"turns":3}],"seed_played":"-2682633867075146445","potions_obtained":[{"floor":8,"key":"sneckomod:MuddlingPotion"},{"floor":10,"key":"Fire Potion"},{"floor":13,"key":"SkillPotion"}],"is_trial":false,"path_per_floor":["R","M","?","?","?","R","T","M","E","M","R","?","M","?","M","B"],"character_chosen":"THE_AUTOMATON","items_purchased":[],"campfire_rested":0,"item_purchase_floors":[],"current_hp_per_floor":[77,76,76,76,76,76,76,74,35,24,24,24,14,14,8,0,0,0],"gold":222,"neow_bonus":"TEN_PERCENT_HP_BONUS","is_daily":false,"chose_seed":false,"campfire_upgraded":2,"win_rate":0.0,"timestamp":1613591710,"path_taken":["R","M","?","?","?","R","T","M","E","M","R","?","M","?","M","BOSS"],"items_purchased_type":[],"build_version":"2020-12-22","purchased_purges":0,"victory":false,"max_hp_per_floor":[77,77,77,77,77,77,77,77,77,77,77,77,77,77,77,77,77,77],"card_choices":[{"not_picked":["bronze:Deprecate","bronze:BitShift","bronze:Overheat"],"picked":"SKIP","floor":2},{"not_picked":["bronze:ThunderWave","bronze:DelayedSlice"],"picked":"bronze:WhirlingStrike","floor":8},{"not_picked":["bronze:BitShift","bronze:Verify"],"picked":"bronze:Optimize","floor":9},{"not_picked":["bronze:ForLoop","bronze:Shield","bronze:BitShift"],"picked":"SKIP","floor":10},{"not_picked":["bronze:DelayedSlice","bronze:BitShift+1"],"picked":"bronze:WhirlingStrike","floor":13},{"not_picked":["bronze:WhirlingStrike","bronze:Backtrace"],"picked":"bronze:Safeguard+1","floor":15}],"player_experience":255388,"relics_obtained":[{"floor":7,"key":"Art of War"},{"floor":9,"key":"infinitespire:PuzzleCube"}],"event_choices":[{"damage_healed":0,"gold_gain":0,"player_choice":"Box","damage_taken":0,"relics_obtained":["Regal Pillow"],"max_hp_gain":0,"max_hp_loss":0,"event_name":"Big Fish","floor":5,"gold_loss":0,"cards_obtained":["Regret"]},{"cards_removed":["Regret"],"damage_healed":0,"gold_gain":0,"player_choice":"Card Removal","damage_taken":0,"max_hp_gain":0,"max_hp_loss":0,"event_name":"The Cleric","floor":14,"gold_loss":0}],"is_beta":false,"boss_relics":[],"items_purged_floors":[],"is_endless":false,"potions_floor_spawned":[8,10,13],"killed_by":"DF_ARCHETYPE_STREAMLINE","ascension_level":0}}