{"host":"gzsdmyo07u314vug","time":1613572443,"event":{"mods":["2.2 Compatiblity","Astrologer","BaseMod","Colored Powertips","GifTheSpireLib","Gremlin Mod","Hermit","Jorbs\u0027s Wanderer Trilogy","Minty Spire (QoL Compilation)","Quick Restart","Rare Cards Sparkle","Relic Stats","Replay The Spire","Robot Space Explorer","Shop Mod","StSLib","The Bladedancer","The Bug Knight","The Construct","The Cursed","The Elementalist","The Hierophant","The IronCluck","The Marked","The Necromancer","The Runesmith","The Servant 0.9.4","Unceasing Turn Reminder","everything is the same but u backflip on backflip","slay the spire mod where everything is the same but ironclad has a cowboy hat"],"gold_per_floor":[116,216,70,20,33,33,33,33,33,48,62,62,93,93,93,188,188,206,106,106,120,137,137,155,181,231,231,171,191,223,242,242,345,345,364,381,381,393,393,428,303,328,328,328,328,328,378,85,85,85],"floor_reached":51,"language":"ENG","playtime":2075,"items_purged":["RobotSpaceExplorer:Strike","RobotSpaceExplorer:Defend","RobotSpaceExplorer:Strike","RobotSpaceExplorer:Defend"],"score":1276,"play_id":"5614d34f-5edd-46a1-911e-36271261d9f4","local_time":"20210217113403","is_ascension_mode":true,"campfire_choices":[{"data":"RobotSpaceExplorer:IronShell","floor":6.0,"key":"SMITH"},{"data":"RobotSpaceExplorer:StarLightning","floor":8.0,"key":"SMITH"},{"data":"RobotSpaceExplorer:Pulsar","floor":12.0,"key":"SMITH"},{"data":"RobotSpaceExplorer:Scan","floor":15.0,"key":"SMITH"},{"data":"RobotSpaceExplorer:Comet","floor":23.0,"key":"SMITH"},{"data":"RobotSpaceExplorer:Defend","floor":27.0,"key":"SMITH"},{"data":"RobotSpaceExplorer:GearShield","floor":32.0,"key":"SMITH"},{"floor":44,"key":"REST"},{"floor":49,"key":"REST"}],"circlet_count":0,"master_deck":["RobotSpaceExplorer:Defend+1","RobotSpaceExplorer:Defend","RobotSpaceExplorer:Scan+1","RobotSpaceExplorer:MiniLasers","RobotSpaceExplorer:Pulsar+1","RobotSpaceExplorer:StarLightning+1","RobotSpaceExplorer:IronShell+1","RobotSpaceExplorer:Comet+1","RobotSpaceExplorer:GearShield+1","Pot Of Greed"],"relics":["RobotSpaceExplorer:RoboCore","Pocketwatch","Strawberry","Shuriken","Velvet Choker","ReplayTheSpireMod:TigerMarble","Pen Nib","Dream Catcher","RobotSpaceExplorer:Reprocessor","RobotSpaceExplorer:ClockworkSextant","Grinning Jar","Quantum Egg","HollowMod:JonisBlessing"],"acts_visited":["Exordium","TheCity","TheBeyond"],"potions_floor_usage":[50,50],"damage_taken":[{"damage":0.0,"enemies":"Small Slimes","floor":1.0,"turns":3.0},{"damage":0.0,"enemies":"Cultist","floor":5.0,"turns":4.0},{"damage":0.0,"enemies":"Jaw Worm","floor":10.0,"turns":4.0},{"damage":0.0,"enemies":"Exordium Wildlife","floor":11.0,"turns":7.0},{"damage":0.0,"enemies":"Replay:BlueRogue","floor":13.0,"turns":6.0},{"damage":6.0,"enemies":"Slime Boss","floor":16.0,"turns":12.0},{"damage":3.0,"enemies":"2 Thieves","floor":18.0,"turns":4.0},{"damage":3.0,"enemies":"Spheric Guardian","floor":21.0,"turns":4.0},{"damage":0.0,"enemies":"Shelled Parasite and Fungi","floor":22.0,"turns":6.0},{"damage":0.0,"enemies":"Centurion and Healer","floor":24.0,"turns":4.0},{"damage":0.0,"enemies":"Gremlin Leader","floor":25.0,"turns":4.0},{"damage":0.0,"enemies":"Snecko","floor":29.0,"turns":4.0},{"damage":0.0,"enemies":"Replay:Snechameleon","floor":30.0,"turns":5.0},{"damage":0.0,"enemies":"Cultist and Chosen","floor":31.0,"turns":4.0},{"damage":0.0,"enemies":"Automaton","floor":33.0,"turns":6.0},{"damage":2.0,"enemies":"Orb Walker","floor":35.0,"turns":4.0},{"damage":0.0,"enemies":"3 Shapes","floor":36.0,"turns":4.0},{"damage":1.0,"enemies":"Transient","floor":38.0,"turns":5.0},{"damage":36.0,"enemies":"Giant Head","floor":40.0,"turns":11.0},{"damage":3.0,"enemies":"HollowMod:StalkingDevout","floor":42.0,"turns":6.0},{"damage":0,"enemies":"Awakened One","floor":50,"turns":10}],"seed_played":"-8506693427160628039","potions_obtained":[{"floor":1.0,"key":"Strength Potion"},{"floor":10.0,"key":"Dexterity Potion"},{"floor":11.0,"key":"EssenceOfSteel"},{"floor":22.0,"key":"PowerPotion"},{"floor":24.0,"key":"RobotSpaceExplorer:RecyclePotion"},{"floor":33.0,"key":"Venom Potion"}],"is_trial":false,"path_per_floor":["M","?","$","?","M","R","$","R","T","M","M","R","E","?","R","B",null,"M","$","?","M","M","R","M","E","T","R","?","M","E","M","R","B",null,"M","M","?","M","?","E","$","E","T","R","?","?","?","$","R","B",null],"character_chosen":"RobotSpaceExplorer","items_purchased":["RobotSpaceExplorer:StarLightning","HollowMod:JonisBlessing"],"campfire_rested":2,"item_purchase_floors":[3,48],"current_hp_per_floor":[68,68,68,68,68,68,68,68,68,68,68,68,75,75,75,69,74,71,71,71,68,68,68,68,68,68,68,68,68,68,68,68,68,73,71,71,71,70,70,34,34,31,31,53,53,53,53,53,75,75],"gold":85,"neow_bonus":"ONE_RARE_RELIC","is_daily":false,"chose_seed":false,"campfire_upgraded":7,"win_rate":0.0,"timestamp":1613572443,"path_taken":["M","?","?","?","M","R","$","R","T","M","M","R","E","?","R","BOSS","M","$","?","M","M","R","M","E","T","R","?","M","E","M","R","BOSS","M","M","?","?","?","E","$","E","T","R","?","?","?","$","R","BOSS"],"items_purchased_type":["Card","Relic"],"build_version":"2020-12-22","purchased_purges":4,"victory":true,"max_hp_per_floor":[68,68,68,68,68,68,68,68,68,68,68,68,75,75,75,75,75,75,75,75,75,75,75,75,75,75,75,75,75,75,75,75,75,75,75,75,75,75,75,75,75,75,75,75,75,75,75,75,75,75],"relic_stats":{"Dream Catcher":2,"counters":[21,117],"Shuriken":[4],"Pen Nib":[5],"obtain_stats":[{"RobotSpaceExplorer:ClockworkSextant":40,"Quantum Egg":43,"Velvet Choker":17,"HollowMod:JonisBlessing":48,"RobotSpaceExplorer:RoboCore":0,"Pen Nib":26,"RobotSpaceExplorer:Reprocessor":34,"Dream Catcher":30,"Shuriken":16,"Strawberry":13,"ReplayTheSpireMod:TigerMarble":25,"Grinning Jar":42,"Pocketwatch":0},{"RobotSpaceExplorer:ClockworkSextant":19,"Quantum Egg":20,"Velvet Choker":6,"HollowMod:JonisBlessing":20,"RobotSpaceExplorer:RoboCore":0,"Pen Nib":11,"RobotSpaceExplorer:Reprocessor":15,"Dream Catcher":13,"Shuriken":6,"Strawberry":5,"ReplayTheSpireMod:TigerMarble":11,"Grinning Jar":20,"Pocketwatch":0},{"RobotSpaceExplorer:ClockworkSextant":101,"Quantum Egg":107,"Velvet Choker":36,"HollowMod:JonisBlessing":107,"RobotSpaceExplorer:RoboCore":0,"Pen Nib":58,"RobotSpaceExplorer:Reprocessor":77,"Dream Catcher":67,"Shuriken":36,"Strawberry":24,"ReplayTheSpireMod:TigerMarble":58,"Grinning Jar":107,"Pocketwatch":0}],"Pocketwatch":[195]},"card_choices":[{"not_picked":["RobotSpaceExplorer:GlueSpray","RobotSpaceExplorer:JunkDive"],"picked":"RobotSpaceExplorer:Pulsar","floor":1.0},{"not_picked":["RobotSpaceExplorer:Ammunition","RobotSpaceExplorer:FreezingShield"],"picked":"RobotSpaceExplorer:IronShell","floor":5.0},{"not_picked":["RobotSpaceExplorer:ShovelStrike","RobotSpaceExplorer:ImprovisedAttack","RobotSpaceExplorer:Counterblock"],"picked":"SKIP","floor":10.0},{"not_picked":["RobotSpaceExplorer:Electropulse","RobotSpaceExplorer:FreezingShield","RobotSpaceExplorer:SurgingShield"],"picked":"SKIP","floor":11.0},{"not_picked":["RobotSpaceExplorer:Smokescreen","RobotSpaceExplorer:Fix"],"picked":"RobotSpaceExplorer:Exploration","floor":13.0},{"not_picked":["RobotSpaceExplorer:ShockMissile","RobotSpaceExplorer:ChargingLaser"],"picked":"RobotSpaceExplorer:Comet","floor":16.0},{"not_picked":["RobotSpaceExplorer:Smokescreen","RobotSpaceExplorer:Pulsar","RobotSpaceExplorer:SlimeMissile"],"picked":"SKIP","floor":18.0},{"not_picked":["RobotSpaceExplorer:Smokescreen","RobotSpaceExplorer:Pulsar","RobotSpaceExplorer:SlimeMissile"],"picked":"SKIP","floor":18.0},{"not_picked":["RobotSpaceExplorer:FreezeRay","RobotSpaceExplorer:ImprovisedAttack","RobotSpaceExplorer:StunGrenade"],"picked":"SKIP","floor":21.0},{"not_picked":["RobotSpaceExplorer:LuckyStrike+1","RobotSpaceExplorer:Blaster","RobotSpaceExplorer:MiniBoosters+1"],"picked":"SKIP","floor":22.0},{"not_picked":["RobotSpaceExplorer:StunGrenade+1","RobotSpaceExplorer:SelfCleaning+1","RobotSpaceExplorer:FranticSearch"],"picked":"SKIP","floor":24.0},{"not_picked":["RobotSpaceExplorer:ShovelStrike","RobotSpaceExplorer:Smokescreen","RobotSpaceExplorer:MetalStrike"],"picked":"SKIP","floor":25.0},{"not_picked":["RobotSpaceExplorer:Discharger","RobotSpaceExplorer:SlimeMissile","RobotSpaceExplorer:MiniBoosters+1"],"picked":"SKIP","floor":29.0},{"not_picked":["RobotSpaceExplorer:Accelerator","RobotSpaceExplorer:Reload+1","RobotSpaceExplorer:SlimeMissile"],"picked":"SKIP","floor":30.0},{"not_picked":["RobotSpaceExplorer:SurgingShield","RobotSpaceExplorer:JunkDive","RobotSpaceExplorer:GearShield"],"picked":"SKIP","floor":31.0},{"not_picked":["RobotSpaceExplorer:SurgingShield","RobotSpaceExplorer:JunkDive"],"picked":"RobotSpaceExplorer:GearShield","floor":31.0},{"not_picked":["RobotSpaceExplorer:Arsenal","RobotSpaceExplorer:Autoloader"],"picked":"RobotSpaceExplorer:Wormhole","floor":33.0},{"not_picked":["RobotSpaceExplorer:ExhaustFan","RobotSpaceExplorer:Electroshield","RobotSpaceExplorer:FreezingShield+1"],"picked":"SKIP","floor":35.0},{"not_picked":["RobotSpaceExplorer:ImprovisedAttack","RobotSpaceExplorer:TurboDodge","RobotSpaceExplorer:ShockKick"],"picked":"SKIP","floor":36.0},{"not_picked":["RobotSpaceExplorer:GlueShot+1","RobotSpaceExplorer:ScrapMissile","RobotSpaceExplorer:SlimeMissile"],"picked":"SKIP","floor":38.0},{"not_picked":["RobotSpaceExplorer:IronShell","RobotSpaceExplorer:Explosion","RobotSpaceExplorer:FrostMissile"],"picked":"SKIP","floor":40.0},{"not_picked":["RobotSpaceExplorer:ImprovisedAttack+1","RobotSpaceExplorer:SurgingShield","RobotSpaceExplorer:ScrapToss"],"picked":"SKIP","floor":42}],"player_experience":916208,"relics_obtained":[{"floor":13.0,"key":"Strawberry"},{"floor":16.0,"key":"Shuriken"},{"floor":25.0,"key":"ReplayTheSpireMod:TigerMarble"},{"floor":26.0,"key":"Pen Nib"},{"floor":30.0,"key":"Dream Catcher"},{"floor":40.0,"key":"RobotSpaceExplorer:ClockworkSextant"},{"floor":42,"key":"Grinning Jar"},{"floor":43,"key":"Quantum Egg"}],"event_choices":[{"damage_healed":0.0,"max_hp_gain":0.0,"max_hp_loss":0.0,"gold_gain":100.0,"event_name":"Wheel of Change","player_choice":"Gold","floor":2.0,"gold_loss":0.0,"damage_taken":0.0},{"cards_removed":["RobotSpaceExplorer:Strike"],"damage_healed":0.0,"max_hp_gain":0.0,"max_hp_loss":0.0,"gold_gain":0.0,"event_name":"The Cleric","player_choice":"Card Removal","floor":4.0,"gold_loss":50.0,"damage_taken":0.0},{"damage_healed":0.0,"max_hp_gain":0.0,"max_hp_loss":0.0,"gold_gain":0.0,"event_name":"Upgrade Shrine","player_choice":"Upgraded","floor":14.0,"gold_loss":0.0,"damage_taken":0.0,"cards_upgraded":["RobotSpaceExplorer:Exploration"]},{"damage_healed":0.0,"max_hp_gain":0.0,"max_hp_loss":0.0,"gold_gain":0.0,"event_name":"Vampires","player_choice":"Ignored","floor":20.0,"gold_loss":0.0,"damage_taken":0.0},{"damage_healed":0.0,"max_hp_gain":0.0,"max_hp_loss":0.0,"gold_gain":0.0,"event_name":"The Woman in Blue","player_choice":"Bought 0 Potions","floor":37.0,"gold_loss":0.0,"damage_taken":0.0},{"damage_healed":0,"gold_gain":0,"player_choice":"Memory 1","damage_taken":0,"max_hp_gain":0,"max_hp_loss":0,"event_name":"SensoryStone","floor":45,"gold_loss":0},{"damage_healed":0,"gold_gain":0,"player_choice":"Ignored","damage_taken":0,"max_hp_gain":0,"max_hp_loss":0,"event_name":"Tomb of Lord Red Mask","floor":46,"gold_loss":0}],"is_beta":false,"boss_relics":[{"not_picked":["Replay:Grab Bag","RobotSpaceExplorer:TurboCore"],"picked":"Velvet Choker"},{"not_picked":["construct:WeddingRing","Busted Crown"],"picked":"RobotSpaceExplorer:Reprocessor"}],"items_purged_floors":[3,19,41,48],"is_endless":false,"potions_floor_spawned":[1,10,11,22,24,25,31,33,35],"ascension_level":6}}