{"host":"hemqwg9ve6welna9","time":1613545516,"event":{"mods":["AchievementEnabler","BaseMod","Bestiary","Better Match","Better Third Choice","BetterRewards","Dio Mod","Downfall","Hermit","Highlight Path","Minty Spire (QoL Compilation)","Permanent Neow","Potionbrewer","Quick Restart","Rare Cards Sparkle","Relic Stats","Robot Space Explorer","SOS???????","StSLib","SuperFastMode","Td1madao Mod","The Bug Knight","The Cursed","The Disciple","The Forsaken","The Jungle","The Runesmith","The Senshi","The Servant 0.9.4","The Wild Card"],"gold_per_floor":[217,392,392,57,22,50,15,290,290,307,323,333,333,333],"floor_reached":13,"language":"ENG","playtime":1380,"items_purged":["Doubt"],"score":83,"play_id":"af665d6a-676d-46cb-814a-08896d9e3932","local_time":"20210217010516","is_ascension_mode":false,"campfire_choices":[],"circlet_count":0,"master_deck":["Strike_S","Strike_S","Strike_S+1","Strike_S","Defend_S","Defend_S+1","Defend_S","Defend_S","KidneyShot","Exchange","Rearm","Advance","Contraction","Regret","Dilation","RealityMarble","SurpressingFire"],"relics":["Uniform","Matryoshka","Ancient Tea Set","potionbrewer:ToyAutogyro","Pen Nib"],"acts_visited":["Exordium"],"potions_floor_usage":[13],"damage_taken":[{"damage":1.0,"enemies":"Jaw Worm","floor":1.0,"turns":5.0},{"damage":47,"enemies":"HollowMod:MossKnight","floor":6,"turns":25},{"damage":2,"enemies":"2 Louse","floor":10,"turns":3},{"damage":9,"enemies":"Small Slimes","floor":11,"turns":4},{"damage":6,"enemies":"Red Slaver","floor":12,"turns":8},{"damage":16,"enemies":"Gremlin Nob","floor":13,"turns":3}],"seed_played":"-6224600609317289334","potions_obtained":[{"floor":6,"key":"FearPotion"},{"floor":11,"key":"SmokeBomb"},{"floor":12,"key":"Regen Potion"}],"is_trial":false,"path_per_floor":["M","?","?","$","$","E","?","?","T","M","M","M","E"],"character_chosen":"THE_SERVANT","items_purchased":["Matryoshka","Advance"],"campfire_rested":0,"item_purchase_floors":[4,5],"current_hp_per_floor":[64,64,51,51,51,4,20,20,20,18,9,3,0,0],"gold":333,"neow_bonus":"HUNDRED_GOLD","is_daily":false,"chose_seed":false,"campfire_upgraded":0,"win_rate":0.0,"timestamp":1613545516,"path_taken":["M","?","?","?","$","E","?","?","T","M","M","?","E"],"items_purchased_type":["Relic","Card"],"build_version":"2020-12-22","purchased_purges":1,"victory":false,"max_hp_per_floor":[65,65,65,65,65,65,65,65,65,65,65,65,65,65],"relic_stats":{"counters":[6,48],"Pen Nib":[2],"obtain_stats":[{"Matryoshka":4,"Pen Nib":9,"Uniform":0,"potionbrewer:ToyAutogyro":9,"Ancient Tea Set":6},{"Matryoshka":1,"Pen Nib":2,"Uniform":0,"potionbrewer:ToyAutogyro":2,"Ancient Tea Set":2},{"Matryoshka":5,"Pen Nib":30,"Uniform":0,"potionbrewer:ToyAutogyro":30,"Ancient Tea Set":30}]},"card_choices":[{"not_picked":["Replace","Starlight"],"picked":"Rearm","floor":1.0},{"not_picked":["DualDimension","SpecialFormula"],"picked":"Contraction","floor":6},{"not_picked":["SilverBlades","Spin"],"picked":"Dilation","floor":10},{"not_picked":["ReturningBlade","Alleviate"],"picked":"RealityMarble","floor":11},{"not_picked":["Rearm","Spin"],"picked":"SurpressingFire","floor":12}],"player_experience":13598,"relics_obtained":[{"floor":6,"key":"Ancient Tea Set"},{"floor":9,"key":"potionbrewer:ToyAutogyro"},{"floor":9,"key":"Pen Nib"}],"event_choices":[{"damage_healed":0.0,"max_hp_gain":0.0,"max_hp_loss":0.0,"gold_gain":175.0,"event_name":"betterThird:BetterSerpent","player_choice":"AGREE","floor":2.0,"gold_loss":0.0,"damage_taken":217.0},{"damage_healed":64.0,"max_hp_gain":0.0,"max_hp_loss":65.0,"gold_gain":0.0,"event_name":"betterThird:BetterShining","player_choice":"Upgrade","floor":3.0,"gold_loss":0.0,"damage_taken":13.0,"cards_upgraded":["Defend_S","Strike_S"]},{"damage_healed":16,"gold_gain":0,"player_choice":"Healed","damage_taken":0,"max_hp_gain":0,"max_hp_loss":0,"event_name":"The Cleric","floor":7,"gold_loss":35},{"damage_healed":0,"gold_gain":275,"player_choice":"Desecrate","damage_taken":0,"max_hp_gain":0,"max_hp_loss":0,"event_name":"Golden Shrine","floor":8,"gold_loss":0,"cards_obtained":["Regret"]}],"is_beta":false,"boss_relics":[],"items_purged_floors":[4],"is_endless":false,"potions_floor_spawned":[6,11,12],"killed_by":"Gremlin Nob","ascension_level":0}}