{"host":"1ooxfz79hmpvpehx","time":1613601165,"event":{"mods":["BaseMod","Better Altar","Better Match","Better Note","Better Sensory Stone","Better Skull","Better Third Choice","Infinite Spire","Marked Mod","Minty Spire (QoL Compilation)","Quick Restart","RNG Fix","Replay The Spire","StSLib","SuperFastMode"],"gold_per_floor":[113,113,38,38,49,78,78,97,97,97,127,127,160,179,179,281,281,281],"floor_reached":17,"language":"ENG","playtime":386,"items_purged":["Defend_G"],"score":208,"play_id":"808ae304-c5a0-4bdb-a0e0-45448564d9b7","local_time":"20210217193245","is_ascension_mode":true,"campfire_choices":[{"data":"Neutralize","floor":7,"key":"SMITH"},{"data":"Dagger Spray","floor":10,"key":"SMITH"},{"floor":12,"key":"REST"},{"data":"Terror","floor":15,"key":"SMITH"}],"circlet_count":0,"master_deck":["Strike_G","Strike_G","Strike_G","Strike_G","Defend_G","Defend_G","Defend_G","Survivor","Neutralize+1","Terror+1","Dagger Spray+1","Burst","Writhe","infinitespire:DeathsTouch","Dark Shackles"],"relics":["Ring of the Snake","NeowsBlessing","Kunai","Potion Belt","infinitespire:Golems Mask","ReplayTheSpireMod:SealedPack"],"acts_visited":["Exordium","TheCity"],"potions_floor_usage":[11,13,16],"damage_taken":[{"damage":0,"enemies":"2 Louse","floor":1,"turns":1},{"damage":0,"enemies":"Small Slimes","floor":5,"turns":1},{"damage":0,"enemies":"Lagavulin","floor":6,"turns":1},{"damage":4,"enemies":"Cultist","floor":8,"turns":3},{"damage":39,"enemies":"3 Sentries","floor":11,"turns":8},{"damage":13,"enemies":"Lagavulin","floor":13,"turns":4},{"damage":0,"enemies":"Exordium Wildlife","floor":14,"turns":2},{"damage":20,"enemies":"Hexaghost","floor":16,"turns":10}],"seed_played":"-8179327245459478519","potions_obtained":[{"floor":1,"key":"Energy Potion"},{"floor":8,"key":"infinitespire:BlackPotion"},{"floor":13,"key":"GhostInAJar"},{"floor":16,"key":"FearPotion"}],"is_trial":false,"path_per_floor":["M","?","$","?","M","E","R","M","T","R","E","R","E","M","R","B",null],"character_chosen":"THE_SILENT","items_purchased":[],"campfire_rested":1,"item_purchase_floors":[],"current_hp_per_floor":[70,70,70,63,63,63,63,59,59,59,20,41,28,28,28,8,70,70],"gold":281,"neow_bonus":"THREE_ENEMY_KILL","is_daily":false,"chose_seed":false,"campfire_upgraded":3,"win_rate":0.0,"timestamp":1613601165,"path_taken":["M","?","$","?","?","E","R","M","T","R","E","R","E","M","R","BOSS"],"items_purchased_type":[],"build_version":"2020-12-22","purchased_purges":1,"victory":false,"max_hp_per_floor":[70,70,70,70,70,70,70,70,70,70,70,70,70,70,70,70,70,70],"card_choices":[{"not_picked":["Outmaneuver","Fluid Movement","Choke"],"picked":"SKIP","floor":1},{"not_picked":["Acrobatics","Dodge and Roll","Underhanded Strike"],"picked":"SKIP","floor":5},{"not_picked":["Leg Sweep","Outmaneuver"],"picked":"Terror","floor":6},{"not_picked":["Eviscerate","Riddle With Holes"],"picked":"Dagger Spray","floor":8},{"not_picked":["Predator","Poisoned Stab","Fluid Movement"],"picked":"SKIP","floor":11},{"not_picked":["Tools of the Trade","All Out Attack","Outmaneuver"],"picked":"SKIP","floor":13},{"not_picked":["Underhanded Strike","Dagger Throw","Quick Slash"],"picked":"SKIP","floor":14},{"not_picked":["Poison Darts","ReplayTheSpireMod:Necrosis"],"picked":"Burst","floor":16},{"not_picked":["ReplayTheSpireMod:Haul","infinitespire:Menacing"],"picked":"infinitespire:DeathsTouch","floor":17},{"not_picked":["Jack Of All Trades","ReplayTheSpireMod:Uncanny Aura"],"picked":"Dark Shackles","floor":17}],"player_experience":23102,"relics_obtained":[{"floor":6,"key":"Kunai"},{"floor":11,"key":"Potion Belt"},{"floor":13,"key":"infinitespire:Golems Mask"}],"event_choices":[{"cards_removed":["Strike_G"],"damage_healed":0,"gold_gain":0,"player_choice":"Card Removal","damage_taken":7,"max_hp_gain":0,"max_hp_loss":0,"event_name":"Golden Wing","floor":4,"gold_loss":0}],"is_beta":false,"boss_relics":[{"not_picked":["Kintsugi","Runic Pyramid"],"picked":"ReplayTheSpireMod:SealedPack"}],"items_purged_floors":[3],"is_endless":false,"potions_floor_spawned":[1,8,13,16],"ascension_level":1}}