{"host":"xltl1aroowo69o4n","time":1613538778,"event":{"mods":["BaseMod","Colored Map","Colored Powertips","Downfall","Marisa????????","Minty Spire (QoL Compilation)","Replay The Spire","StSLib","The Cursed","The Hierophant","The Mystic","The Necromancer","The Servant 0.9.4"],"gold_per_floor":[113,132,24,75,75,75,75,95,95,164,114,9,19,33,33,131,131,41,41,67,77,95,95,20,20,44,61,88,88,98,49,49,152,152,169,214,214,231,243,243,255,0,24,43,43,43],"floor_reached":45,"language":"ENG","playtime":2591,"items_purged":["Spreading Infection"],"score":450,"play_id":"cbb4141c-b590-416b-861f-455970d56bec","local_time":"20210217001258","is_ascension_mode":false,"campfire_choices":[{"floor":6.0,"key":"REST"},{"floor":15.0,"key":"DIG"},{"floor":23.0,"key":"REST"},{"data":"mysticmod:KnowledgePool","floor":25.0,"key":"SMITH"},{"floor":29.0,"key":"REST"},{"floor":32.0,"key":"REST"},{"floor":40.0,"key":"REST"}],"circlet_count":0,"master_deck":["mysticmod:Strike_Mystic","mysticmod:Strike_Mystic","mysticmod:Strike_Mystic","mysticmod:Defend_Mystic","mysticmod:Defend_Mystic","mysticmod:Defend_Mystic","mysticmod:ArcaneDodge","mysticmod:ShockingGrasp","mysticmod:Probe","mysticmod:PunishingArmor","mysticmod:Stoneskin+1","mysticmod:Sideswipe","mysticmod:Disengage","mysticmod:SuddenClarity","mysticmod:LightningBolt+1","mysticmod:AllIn+1","mysticmod:AllIn+1","mysticmod:HeavyStrike+1","mysticmod:Fly","mysticmod:KnowledgePool+1","Hallucinations","mysticmod:ComponentsPouch+1","mysticmod:Shield","mysticmod:CorrosiveTouch+1","mysticmod:PowerSlash+1","mysticmod:Snowball+1","mysticmod:MagicMissile+1","mysticmod:Grapple","mysticmod:CureLightWounds+1","mysticmod:Riposte+1","mysticmod:Daze","mysticmod:RapidCaster","mysticmod:ObscuringMist+1","mysticmod:PowerSlash+1","mysticmod:ChargedParry+1","mysticmod:MagicWeapon+1","Dramatic Entrance+1","mysticmod:Dedication+1","mysticmod:Alacrity+1","mysticmod:BulkUp+1","mysticmod:Stoneskin+1","mysticmod:Sideswipe+1","mysticmod:ComboCaster","mysticmod:GeminiForm+1","mysticmod:Sideswipe+1"],"relics":["mysticmod:SpellBook","Tiny Chest","Pantograph","Mirror","Molten Egg 2","Prayer Wheel","Replay:Ancient Bell","Bag of Marbles","Golden Egg","StoneCalendar","Omamori","Boot","Toy Ornithopter","SlaversCollar","Pocketwatch","Red Mask","PreservedInsect"],"acts_visited":["Exordium","TheCity","TheBeyond"],"potions_floor_usage":[],"damage_taken":[{"damage":0.0,"enemies":"Jaw Worm","floor":1.0,"turns":4.0},{"damage":5.0,"enemies":"Small Slimes","floor":2.0,"turns":3.0},{"damage":0.0,"enemies":"2 Louse","floor":8.0,"turns":2.0},{"damage":0.0,"enemies":"Lots of Slimes","floor":13.0,"turns":3.0},{"damage":0.0,"enemies":"Large Slime","floor":14.0,"turns":2.0},{"damage":28.0,"enemies":"Fading Forest","floor":16.0,"turns":11.0},{"damage":5.0,"enemies":"Chosen","floor":18.0,"turns":4.0},{"damage":8.0,"enemies":"Shell Parasite","floor":21.0,"turns":6.0},{"damage":10.0,"enemies":"Cultist and Chosen","floor":22.0,"turns":6.0},{"damage":30.0,"enemies":"Snecko","floor":27.0,"turns":6.0},{"damage":52.0,"enemies":"Gremlin Leader","floor":28.0,"turns":8.0},{"damage":0.0,"enemies":"Chosen and Byrds","floor":30.0,"turns":5.0},{"damage":51.0,"enemies":"Collector","floor":33.0,"turns":12.0},{"damage":0.0,"enemies":"Orb Walker","floor":35.0,"turns":1.0},{"damage":59.0,"enemies":"2 Orb Walkers","floor":36.0,"turns":7.0},{"damage":4.0,"enemies":"3 Darklings","floor":38.0,"turns":4.0},{"damage":6.0,"enemies":"Sphere and 2 Shapes","floor":39.0,"turns":5.0},{"damage":19.0,"enemies":"Maw","floor":41.0,"turns":8.0},{"damage":0.0,"enemies":"Writhing Mass","floor":44.0,"turns":5.0},{"damage":25,"enemies":"Reptomancer","floor":45,"turns":2}],"seed_played":"-5825417698759604954","potions_obtained":[{"floor":1.0,"key":"Dexterity Potion"},{"floor":4.0,"key":"Regen Potion"},{"floor":8.0,"key":"Fire Potion"},{"floor":21.0,"key":"mysticmod:EssenceOfMagic"},{"floor":28.0,"key":"Swift Potion"},{"floor":30.0,"key":"hexamod:SoulburnPotion"},{"floor":41.0,"key":"Milkshake"}],"is_trial":false,"path_per_floor":["M","M","$","?","?","R","?","M","T","T","?","$","M","M","R_BF","B",null,"M","$","T","M","M","R","$","R","T","M","E","R","M","$","R","B",null,"M","?","?","M","M","R","M","?","T","M","E"],"character_chosen":"MYSTIC_CLASS","items_purchased":["mysticmod:Stoneskin+1","mysticmod:Sideswipe","mysticmod:LightningBolt+1","mysticmod:AllIn+1","PowerPotion"],"campfire_rested":5,"item_purchase_floors":[3,3,12,12,31],"current_hp_per_floor":[77,72,72,53,53,76,76,76,76,76,76,76,76,76,76,49,77,72,72,72,64,54,77,77,77,77,47,30,53,56,56,77,37,77,77,23,23,19,13,36,23,23,23,23,0,0],"gold":43,"neow_bonus":"RANDOM_COMMON_RELIC","is_daily":false,"chose_seed":false,"campfire_upgraded":1,"win_rate":0.0,"timestamp":1613538778,"path_taken":["M","M","$","?","?","R","?","M","T","?","?","?","?","M","R_BF","BOSS","M","$","?","M","M","R","$","R","T","M","E","R","M","$","R","BOSS","M","?","?","M","M","R","M","?","T","M","E"],"items_purchased_type":["Card","Card","Card","Card","Potion"],"build_version":"2020-12-13","purchased_purges":1,"victory":false,"max_hp_per_floor":[77,77,77,77,77,77,77,77,77,77,77,77,77,77,77,77,77,77,77,77,77,77,77,77,77,77,77,77,77,77,77,77,77,77,77,77,77,77,77,77,77,77,77,77,77,77],"card_choices":[{"not_picked":["mysticmod:EarthenWall","mysticmod:Shield"],"picked":"mysticmod:Probe","floor":1.0},{"not_picked":["mysticmod:ComponentsPouch","mysticmod:ChargedParry"],"picked":"mysticmod:PunishingArmor","floor":2.0},{"not_picked":["mysticmod:TomeOfSpells","mysticmod:FloatingDisk"],"picked":"mysticmod:Disengage","floor":4.0},{"not_picked":["mysticmod:Probe","mysticmod:TomeOfSpells"],"picked":"mysticmod:SuddenClarity","floor":8.0},{"not_picked":["mysticmod:CorrosiveTouch+1","mysticmod:SuddenClarity"],"picked":"mysticmod:HeavyStrike+1","floor":13.0},{"not_picked":["mysticmod:RapidCaster","mysticmod:SuddenClarity"],"picked":"mysticmod:Fly","floor":14.0},{"not_picked":["mysticmod:SpellRecall","mysticmod:Haste"],"picked":"mysticmod:KnowledgePool","floor":16.0},{"not_picked":["Parasite","Normality"],"picked":"Hallucinations","floor":17.0},{"not_picked":["Pain","downfall:Haunted"],"picked":"Spreading Infection","floor":17.0},{"not_picked":["Amnesia","Doubt"],"picked":"ReplayTheSpireMod:IOU","floor":17.0},{"not_picked":["mysticmod:Alacrity","mysticmod:TomeOfSpells+1"],"picked":"mysticmod:ComponentsPouch+1","floor":18.0},{"not_picked":["mysticmod:SuddenClarity","mysticmod:DiviningBlow+1"],"picked":"mysticmod:Shield","floor":18.0},{"not_picked":["mysticmod:DiviningBlow+1","mysticmod:Probe+1"],"picked":"mysticmod:CorrosiveTouch+1","floor":21.0},{"not_picked":["mysticmod:MagicWeapon","mysticmod:PowerAttack"],"picked":"mysticmod:PowerSlash+1","floor":21.0},{"not_picked":["mysticmod:TomeOfSpells","mysticmod:Dedication"],"picked":"mysticmod:Snowball+1","floor":22.0},{"not_picked":["mysticmod:Disengage","mysticmod:Snowball+1"],"picked":"mysticmod:MagicMissile+1","floor":22.0},{"not_picked":["mysticmod:Fireball+1","mysticmod:Haste"],"picked":"mysticmod:Grapple","floor":27.0},{"not_picked":["mysticmod:Riposte+1","mysticmod:Daze+1"],"picked":"mysticmod:CureLightWounds+1","floor":27.0},{"not_picked":["mysticmod:DiviningBlow+1","mysticmod:PowerSlash+1"],"picked":"mysticmod:Riposte+1","floor":28.0},{"not_picked":["mysticmod:BulkUp","mysticmod:CorrosiveTouch+1"],"picked":"mysticmod:Daze","floor":30.0},{"not_picked":["mysticmod:ComponentsPouch+1","mysticmod:SuddenClarity"],"picked":"mysticmod:RapidCaster","floor":30.0},{"not_picked":["mysticmod:SpellRecall","mysticmod:Momentum"],"picked":"mysticmod:ObscuringMist","floor":33.0},{"not_picked":["mysticmod:HeavyStrike+1","mysticmod:BulkUp"],"picked":"mysticmod:PowerSlash+1","floor":35.0},{"not_picked":["mysticmod:DiviningBlow+1","mysticmod:Shield+1"],"picked":"mysticmod:ChargedParry+1","floor":35.0},{"not_picked":["mysticmod:ComponentsPouch+1","mysticmod:FiveFootStep+1"],"picked":"mysticmod:MagicWeapon+1","floor":36.0},{"not_picked":["Panacea","Discovery"],"picked":"Dramatic Entrance+1","floor":37.0},{"not_picked":["mysticmod:SuddenClarity","mysticmod:PowerSlash+1"],"picked":"mysticmod:Dedication+1","floor":38.0},{"not_picked":["mysticmod:Stoneskin+1","mysticmod:IllusionOfCalm"],"picked":"mysticmod:Alacrity+1","floor":38.0},{"not_picked":["mysticmod:Disengage+1","mysticmod:ComponentsPouch+1"],"picked":"mysticmod:BulkUp+1","floor":39.0},{"not_picked":["mysticmod:Feint+1","mysticmod:Riposte+1"],"picked":"mysticmod:Stoneskin+1","floor":39.0},{"not_picked":["mysticmod:ComponentsPouch+1","mysticmod:Daze+1"],"picked":"mysticmod:Sideswipe+1","floor":41.0},{"not_picked":["mysticmod:DiviningBlow+1","mysticmod:Probe+1"],"picked":"mysticmod:ComboCaster","floor":41.0},{"not_picked":["mysticmod:DiviningBlow+1","mysticmod:LightningBolt+1"],"picked":"mysticmod:GeminiForm","floor":44},{"not_picked":["mysticmod:LightningBolt+1","mysticmod:ComponentsPouch+1"],"picked":"mysticmod:Sideswipe+1","floor":44}],"player_experience":198765,"relics_obtained":[{"floor":4.0,"key":"Pantograph"},{"floor":9.0,"key":"Mirror"},{"floor":10.0,"key":"Molten Egg 2"},{"floor":15.0,"key":"Prayer Wheel"},{"floor":20.0,"key":"Omamori"},{"floor":26.0,"key":"Boot"},{"floor":28.0,"key":"Toy Ornithopter"},{"floor":36.0,"key":"Pocketwatch"},{"floor":43.0,"key":"PreservedInsect"}],"event_choices":[{"damage_healed":0.0,"max_hp_gain":0.0,"max_hp_loss":0.0,"gold_gain":0.0,"event_name":"Shining Light","player_choice":"Ignored","floor":5.0,"gold_loss":0.0,"damage_taken":0.0},{"cards_removed":["mysticmod:Strike_Mystic"],"damage_healed":0.0,"max_hp_gain":0.0,"max_hp_loss":0.0,"gold_gain":0.0,"event_name":"Purifier","player_choice":"Purged","floor":7.0,"gold_loss":0.0,"damage_taken":0.0},{"cards_removed":["mysticmod:Defend_Mystic"],"damage_healed":0.0,"max_hp_gain":0.0,"max_hp_loss":0.0,"gold_gain":0.0,"event_name":"The Cleric","player_choice":"Card Removal","floor":11.0,"gold_loss":50.0,"damage_taken":0.0},{"damage_healed":0.0,"max_hp_gain":0.0,"max_hp_loss":0.0,"gold_gain":0.0,"event_name":"Mysterious Sphere","player_choice":"Fight","floor":36.0,"gold_loss":0.0,"damage_taken":0.0},{"damage_healed":0.0,"max_hp_gain":0.0,"max_hp_loss":0.0,"gold_gain":0.0,"event_name":"SensoryStone","player_choice":"Memory 1","floor":37.0,"gold_loss":0.0,"damage_taken":0.0},{"damage_healed":0.0,"max_hp_gain":0.0,"max_hp_loss":0.0,"gold_gain":0.0,"event_name":"Tomb of Lord Red Mask","player_choice":"Paid","floor":42.0,"gold_loss":255.0,"damage_taken":0.0,"relics_obtained":["Red Mask"]}],"is_beta":false,"boss_relics":[{"not_picked":["Tiny House","Honey Jar"],"picked":"Replay:Ancient Bell"},{"not_picked":["Oddly Smooth Stone","War Paint"],"picked":"Bag of Marbles"},{"not_picked":["Pear","InkBottle"],"picked":"Golden Egg"},{"not_picked":["Mango","TungstenRod"],"picked":"StoneCalendar"},{"not_picked":["Philosopher\u0027s Stone","Runic Pyramid"],"picked":"SlaversCollar"}],"items_purged_floors":[24],"is_endless":false,"potions_floor_spawned":[1,8,21,28,30,41],"killed_by":"Reptomancer","ascension_level":0}}