{"host":"uv5ws9rdk87e8i5k","time":1613588823,"event":{"mods":["AchievementEnabler","BaseMod","Colored Map","Minty Spire (QoL Compilation)","Permanent Neow","Quick Restart","StSLib","SuperFastMode","The Necromancer"],"gold_per_floor":[112,123,138,154,164,197,208,208,286,318,337,357,392,467,467,467,467],"floor_reached":16,"language":"ENG","playtime":335,"items_purged":[],"score":242,"play_id":"5f92d57d-97fa-458b-ab12-e5d7ee4da07c","local_time":"20210217130703","is_ascension_mode":true,"campfire_choices":[{"floor":8.0,"key":"REST"},{"floor":15.0,"key":"REST"}],"circlet_count":0,"master_deck":["AscendersBane","Strike_R","Strike_R","Strike_R","Strike_R","Strike_R","Defend_R","Defend_R","Defend_R","Defend_R","Bash","Pommel Strike","Perfected Strike","Sever Soul","Perfected Strike","Seeing Red","Demon Form","Power Through","Twin Strike","Headbutt","Twin Strike","Twin Strike"],"relics":["Mark of Pain","InkBottle","Pear","Darkstone Periapt","WingedGreaves"],"acts_visited":[],"potions_floor_usage":[],"damage_taken":[{"damage":0.0,"enemies":"Cultist","floor":1.0,"turns":3.0},{"damage":4.0,"enemies":"Jaw Worm","floor":2.0,"turns":3.0},{"damage":0.0,"enemies":"Small Slimes","floor":3.0,"turns":2.0},{"damage":11.0,"enemies":"Blue Slaver","floor":4.0,"turns":3.0},{"damage":8.0,"enemies":"3 Louse","floor":5.0,"turns":3.0},{"damage":0.0,"enemies":"3 Sentries","floor":6.0,"turns":4.0},{"damage":16.0,"enemies":"Exordium Thugs","floor":7.0,"turns":4.0},{"damage":35.0,"enemies":"Lagavulin","floor":10.0,"turns":7.0},{"damage":9.0,"enemies":"Red Slaver","floor":11.0,"turns":3.0},{"damage":0.0,"enemies":"3 Louse","floor":12.0,"turns":2.0},{"damage":3.0,"enemies":"3 Sentries","floor":13.0,"turns":5.0},{"damage":0,"enemies":"Hexaghost","floor":16,"turns":1}],"seed_played":"-4986462013299243100","potions_obtained":[{"floor":2.0,"key":"DuplicationPotion"},{"floor":3.0,"key":"Fire Potion"},{"floor":6.0,"key":"SteroidPotion"},{"floor":10.0,"key":"Dexterity Potion"}],"is_trial":false,"path_per_floor":["M","M","M","M","M","E","M","R","T","E","M","M","E","?","R","B"],"character_chosen":"IRONCLAD","items_purchased":[],"campfire_rested":2,"item_purchase_floors":[],"current_hp_per_floor":[72,68,68,57,49,49,33,57,67,32,23,23,20,9,36,36,36],"gold":467,"neow_bonus":"BOSS_RELIC","is_daily":false,"chose_seed":false,"campfire_upgraded":0,"win_rate":0.0,"timestamp":1613588823,"path_taken":["M","M","M","M","M","E","M","R","T","E","M","M","E","?","R","BOSS"],"items_purchased_type":[],"build_version":"2020-12-22","purchased_purges":0,"victory":false,"max_hp_per_floor":[80,80,80,80,80,80,80,80,90,90,90,90,90,90,90,90,90],"card_choices":[{"not_picked":["Sword Boomerang","Clash"],"picked":"Pommel Strike","floor":1.0},{"not_picked":["Juggernaut","Clothesline"],"picked":"Perfected Strike","floor":2.0},{"not_picked":["Clothesline","Shockwave"],"picked":"Sever Soul","floor":3.0},{"not_picked":["Armaments","Headbutt"],"picked":"Perfected Strike","floor":4.0},{"not_picked":["Hemokinesis","Warcry"],"picked":"Seeing Red","floor":5.0},{"not_picked":["Flex","Shrug It Off"],"picked":"Demon Form","floor":6.0},{"not_picked":["Havoc","Clothesline"],"picked":"Power Through","floor":7.0},{"not_picked":["Headbutt","Power Through"],"picked":"Twin Strike","floor":10.0},{"not_picked":["Anger","Entrench"],"picked":"Headbutt","floor":11.0},{"not_picked":["Clash","True Grit"],"picked":"Twin Strike","floor":12.0},{"not_picked":["Battle Trance","Cleave"],"picked":"Twin Strike","floor":13.0}],"player_experience":213238,"relics_obtained":[{"floor":6.0,"key":"InkBottle"},{"floor":9.0,"key":"Pear"},{"floor":10.0,"key":"Darkstone Periapt"},{"floor":13.0,"key":"WingedGreaves"}],"event_choices":[{"damage_healed":0.0,"max_hp_gain":0.0,"max_hp_loss":0.0,"gold_gain":75.0,"event_name":"World of Goop","player_choice":"Gather Gold","floor":14.0,"gold_loss":0.0,"damage_taken":11.0}],"is_beta":false,"boss_relics":[],"items_purged_floors":[],"is_endless":false,"potions_floor_spawned":[2,3,4,6,10,11],"killed_by":"Hexaghost","ascension_level":12}}