{"host":"uy632a1rxlteev5q","time":1613602519,"event":{"mods":["BaseMod","Better Third Choice","Hubris","Infinite Spire","Minty Spire (QoL Compilation)","StSLib","The Servant 0.9.4"],"gold_per_floor":[116,130,130,147,159,191,223,235,274,286,298,310,337,68,68,173,173,191,191,191,207,207,207,207,207,207,235,235,249,249,94,94,199,199,219,51,66,66,66],"floor_reached":38,"language":"ENG","playtime":5742,"items_purged":["Strike_S","Regret"],"score":442,"play_id":"dddce89f-aa13-4265-adf1-e5fa8ab5a628","local_time":"20210217175519","is_ascension_mode":false,"campfire_choices":[{"data":"FlawlessForm","floor":10,"key":"SMITH"},{"floor":15,"key":"REST"},{"data":"Read","floor":23,"key":"SMITH"},{"data":"KidneyShot","floor":25,"key":"SMITH"},{"data":"Exchange","floor":28,"key":"SMITH"},{"data":"Ricochet","floor":30,"key":"SMITH"},{"floor":32,"key":"REST"}],"circlet_count":0,"master_deck":["Strike_S","Strike_S","Strike_S","Defend_S","Defend_S","Defend_S","Defend_S","KidneyShot+1","Exchange+1","ShatteredReality","Ricochet+1","FlawlessForm+1","Read+1","ShatteredReality","Revamp","Revamp","Luminosity+1","TheWorld+1","GearUp+1","WasteNot+1","SpecialFormula+1","Potential","Starlight","PendulumOfEternity","Misdirection+1","SilverBlades","Starlight+1"],"relics":["Uniform","infinitespire:Satchel","MawBank","Orichalcum","hubris:Towel","Toxic Egg 2","Bag of Marbles","hubris:TenFootPole","StoneMask"],"acts_visited":["Exordium","TheCity","TheBeyond"],"potions_floor_usage":[16,16,27,27],"damage_taken":[{"damage":7,"enemies":"Jaw Worm","floor":1,"turns":5},{"damage":7,"enemies":"Small Slimes","floor":2,"turns":4},{"damage":6,"enemies":"2 Louse","floor":4,"turns":2},{"damage":3,"enemies":"2 Fungi Beasts","floor":5,"turns":3},{"damage":2,"enemies":"Lagavulin","floor":6,"turns":12},{"damage":13,"enemies":"3 Louse","floor":7,"turns":3},{"damage":3,"enemies":"Looter","floor":13,"turns":3},{"damage":5,"enemies":"The Guardian","floor":16,"turns":16},{"damage":20,"enemies":"3 Byrds","floor":18,"turns":5},{"damage":6,"enemies":"Shell Parasite","floor":21,"turns":10},{"damage":19,"enemies":"Slavers","floor":27,"turns":8},{"damage":0,"enemies":"Snecko","floor":29,"turns":7},{"damage":8,"enemies":"hubris:MusketHawk","floor":33,"turns":15},{"damage":45,"enemies":"3 Darklings","floor":35,"turns":8},{"damage":35,"enemies":"3 Shapes","floor":37,"turns":5},{"damage":13,"enemies":"Writhing Mass","floor":38,"turns":2}],"seed_played":"3764022024439280332","potions_obtained":[{"floor":1,"key":"Weak Potion"},{"floor":4,"key":"FearPotion"},{"floor":13,"key":"DistilledChaos"},{"floor":18,"key":"FearPotion"},{"floor":21,"key":"AttackPotion"},{"floor":35,"key":"LiquidBronze"}],"is_trial":false,"path_per_floor":["M","M","?","M","M","E","M","$","T","R","?","$","M","$","R","B",null,"M","?","?","M","?","R","?","R","T","E","R","M","R","$","R","B",null,"M","$","M","M"],"character_chosen":"THE_SERVANT","items_purchased":["Toxic Egg 2","Luminosity","Potential","Starlight","SilverBlades"],"campfire_rested":2,"item_purchase_floors":[14,14,31,31,36],"current_hp_per_floor":[58,51,51,45,42,40,27,27,27,27,27,27,24,24,43,38,65,45,65,65,59,59,59,59,59,59,40,40,48,48,48,65,65,65,31,31,13,0,0],"gold":66,"neow_bonus":"","is_daily":false,"chose_seed":false,"campfire_upgraded":5,"win_rate":0.0,"timestamp":1613602519,"path_taken":["M","M","?","M","M","E","M","$","T","R","?","?","M","$","R","BOSS","M","?","?","M","?","R","?","R","T","E","R","M","R","?","R","BOSS","M","$","M","M"],"items_purchased_type":["Relic","Card","Card","Card","Card"],"build_version":"2020-12-13","purchased_purges":2,"victory":false,"max_hp_per_floor":[65,65,65,65,65,65,65,65,65,65,65,65,65,65,65,65,65,65,65,65,65,65,65,65,65,65,65,65,65,65,65,65,65,65,66,66,69,69,69],"card_choices":[{"not_picked":["Replace","TimeWarp"],"picked":"ShatteredReality","floor":1},{"not_picked":["ShatteredReality","Hightail"],"picked":"Ricochet","floor":2},{"not_picked":["Defy","Snipe"],"picked":"FlawlessForm","floor":4},{"not_picked":["FastForward","Rewind"],"picked":"Read","floor":5},{"not_picked":["Sabotage","TimeWarp"],"picked":"ShatteredReality","floor":6},{"not_picked":["BestPractice","Rearm"],"picked":"Revamp","floor":7},{"not_picked":["Defy","TimeWarp"],"picked":"Revamp","floor":13},{"not_picked":["FloweringNight","MurderousAura"],"picked":"TheWorld+1","floor":16},{"not_picked":["Starlight+1","Ricochet"],"picked":"GearUp+1","floor":18},{"not_picked":["Shuttle+1","DualDimension+1"],"picked":"WasteNot+1","floor":21},{"not_picked":["Rearm+1","FanOfKnives"],"picked":"SpecialFormula+1","floor":27},{"not_picked":["Alleviate+1","ShatteredReality","Hightail+1"],"picked":"SKIP","floor":29},{"not_picked":["Solidify+1","SoulSculpture"],"picked":"PendulumOfEternity","floor":33},{"not_picked":["Ricochet+1","GearUp+1"],"picked":"Misdirection+1","floor":35},{"not_picked":["Advance+1","Luminosity"],"picked":"Starlight+1","floor":37}],"player_experience":9,"relics_obtained":[{"floor":6,"key":"MawBank"},{"floor":9,"key":"Orichalcum"},{"floor":26,"key":"Bag of Marbles"},{"floor":27,"key":"hubris:TenFootPole"}],"event_choices":[{"damage_healed":0,"gold_gain":0,"player_choice":"Box","damage_taken":0,"relics_obtained":["infinitespire:Satchel"],"max_hp_gain":0,"max_hp_loss":0,"event_name":"Big Fish","floor":3,"gold_loss":0,"cards_obtained":["Regret"]},{"damage_healed":21,"gold_gain":0,"player_choice":"Heal","damage_taken":0,"max_hp_gain":0,"max_hp_loss":0,"event_name":"The Library","floor":19,"gold_loss":0},{"damage_healed":0,"gold_gain":0,"player_choice":"Ignored","damage_taken":0,"max_hp_gain":0,"max_hp_loss":0,"event_name":"Ghosts","floor":20,"gold_loss":0}],"is_beta":false,"boss_relics":[{"not_picked":["Runic Dome","Ectoplasm","Fusion Hammer"]},{"not_picked":["Coffee Dripper","hubris:Backtick"],"picked":"StoneMask"}],"items_purged_floors":[31,36],"is_endless":false,"potions_floor_spawned":[1,4,13,18,21,35],"killed_by":"Writhing Mass","ascension_level":0}}