{"host":"szp1d6dso4pv7ddl","time":1613531390,"event":{"mods":["AchievementEnabler","Alarm Clock","BaseMod","Bestiary","Block Reminder","Colored Map","Colored Powertips","Curses Come First","Dark Map","Displayed Cursed Tome","Highlight Path","Minty Spire (QoL Compilation)","Permanent Neow","Quick Restart","Relic Sorter","Relic Stats","StSLib","Synergy Search"],"gold_per_floor":[117,129,129,192,542,568,568,587,587,587,655,672,218,238,238,317,317,332,16,66,18,37,37,49,49,49,49,61,125,135,185,185,259,259,274,324,399,45,95,95,114,139,215,234,234,251,4,29,29,29,29,29],"floor_reached":51,"language":"ENG","playtime":3976,"items_purged":["Strike_G","Strike_G","Writhe"],"score":1418,"play_id":"7046ea8f-d5ac-4237-b808-0d0f616c04b4","local_time":"20210216190950","is_ascension_mode":true,"campfire_choices":[{"floor":7.0,"key":"REST"},{"data":"Footwork","floor":10.0,"key":"SMITH"},{"data":"Catalyst","floor":15.0,"key":"SMITH"},{"data":"Envenom","floor":23.0,"key":"SMITH"},{"floor":25.0,"key":"REST"},{"data":"Phantasmal Killer","floor":27.0,"key":"SMITH"},{"floor":32.0,"key":"REST"},{"data":"Footwork","floor":40.0,"key":"SMITH"},{"floor":45.0,"key":"REST"},{"floor":49.0,"key":"REST"}],"circlet_count":0,"master_deck":["AscendersBane","Strike_G+1","Strike_G+1","Strike_G+1","Defend_G+1","Defend_G+1","Defend_G+1","Defend_G+1","Defend_G+1","Survivor","Neutralize","Bouncing Flask","Blade Dance","Footwork+1","Quick Slash","Catalyst+1","Blade Dance","Footwork+1","Acrobatics","Noxious Fumes","Storm of Steel","Envenom+1","Quick Slash","PiercingWail","Phantasmal Killer+1","Catalyst+1","Dodge and Roll","Footwork","Cloak And Dagger","Dagger Spray","Cloak And Dagger","Deflect","Venomology","Escape Plan","Terror","Sadistic Nature","PiercingWail","Caltrops","Dagger Throw+1","Sucker Punch","Backflip+1","Acrobatics+1","Flash of Steel","Sadistic Nature","PiercingWail","Deflect+1"],"relics":["Ring of the Snake","Turnip","SsserpentHead","Old Coin","Lizard Tail","FossilizedHelix","Membership Card","Pear","Black Star","OrangePellets","Centennial Puzzle","Incense Burner","SlaversCollar","Bird Faced Urn","Sling","Juzu Bracelet","Kunai","Regal Pillow","DollysMirror","Bag of Preparation","Singing Bowl"],"acts_visited":["Exordium","TheCity","TheBeyond"],"potions_floor_usage":[50,51],"damage_taken":[{"damage":9.0,"enemies":"Jaw Worm","floor":1.0,"turns":7.0},{"damage":1.0,"enemies":"Cultist","floor":2.0,"turns":3.0},{"damage":0.0,"enemies":"Small Slimes","floor":4.0,"turns":3.0},{"damage":26.0,"enemies":"3 Sentries","floor":6.0,"turns":12.0},{"damage":3.0,"enemies":"Red Slaver","floor":8.0,"turns":5.0},{"damage":0.0,"enemies":"2 Fungi Beasts","floor":11.0,"turns":4.0},{"damage":0.0,"enemies":"Gremlin Gang","floor":12.0,"turns":5.0},{"damage":5.0,"enemies":"Exordium Wildlife","floor":14.0,"turns":6.0},{"damage":37.0,"enemies":"Hexaghost","floor":16.0,"turns":12.0},{"damage":8.0,"enemies":"Chosen","floor":18.0,"turns":5.0},{"damage":3.0,"enemies":"2 Thieves","floor":22.0,"turns":5.0},{"damage":9.0,"enemies":"Snake Plant","floor":24.0,"turns":8.0},{"damage":1.0,"enemies":"Shelled Parasite and Fungi","floor":28.0,"turns":7.0},{"damage":7.0,"enemies":"Centurion and Healer","floor":29.0,"turns":11.0},{"damage":44.0,"enemies":"Cultist and Chosen","floor":30.0,"turns":7.0},{"damage":30.0,"enemies":"Collector","floor":33.0,"turns":13.0},{"damage":31.0,"enemies":"3 Shapes","floor":35.0,"turns":9.0},{"damage":0.0,"enemies":"Mind Bloom Boss Battle","floor":37.0,"turns":6.0},{"damage":11.0,"enemies":"Orb Walker","floor":41.0,"turns":6.0},{"damage":34.0,"enemies":"Giant Head","floor":42.0,"turns":7.0},{"damage":0.0,"enemies":"4 Shapes","floor":44.0,"turns":9.0},{"damage":20.0,"enemies":"Writhing Mass","floor":46.0,"turns":6.0},{"damage":66.0,"enemies":"Nemesis","floor":48.0,"turns":13.0},{"damage":48,"enemies":"Time Eater","floor":50,"turns":12},{"damage":15,"enemies":"Donu and Deca","floor":51,"turns":3}],"seed_played":"-8112841507074001666","potions_obtained":[{"floor":1.0,"key":"PowerPotion"},{"floor":4.0,"key":"LiquidBronze"},{"floor":14.0,"key":"Ancient Potion"},{"floor":16.0,"key":"GhostInAJar"},{"floor":22.0,"key":"GhostInAJar"},{"floor":28.0,"key":"SkillPotion"},{"floor":33.0,"key":"Fruit Juice"},{"floor":35.0,"key":"SpeedPotion"},{"floor":42.0,"key":"SteroidPotion"},{"floor":44.0,"key":"Strength Potion"}],"is_trial":false,"path_per_floor":["M","M","?","M","?","E","R","M","T","R","M","M","$","M","R","B",null,"M","$","?","$","M","R","M","R","T","R","M","M","M","?","R","B",null,"M","?","?","$","?","R","M","E","T","M","R","M","$","E","R","B","B"],"character_chosen":"THE_SILENT","items_purchased":["Membership Card","Acrobatics","Noxious Fumes","Storm of Steel","Pear","OrangePellets","Centennial Puzzle","PiercingWail","Phantasmal Killer","Dodge and Roll","Footwork","Sadistic Nature","PiercingWail","GhostInAJar","Sling","Caltrops","Flash of Steel","Regal Pillow","DollysMirror","PiercingWail"],"campfire_rested":5,"item_purchase_floors":[13,13,13,13,13,19,19,19,19,21,21,38,38,38,38,38,47,47,47,47],"current_hp_per_floor":[50,49,49,49,49,23,41,38,38,38,38,38,48,43,43,6,54,46,46,46,46,43,43,34,55,55,55,54,47,3,3,24,40,66,35,50,50,50,50,50,47,27,27,39,61,51,51,1,38,6,0,0],"gold":29,"neow_bonus":"ONE_RARE_RELIC","is_daily":false,"chose_seed":false,"campfire_upgraded":5,"win_rate":0.0,"timestamp":1613531390,"path_taken":["M","M","?","?","?","E","R","M","T","R","?","M","$","M","R","BOSS","M","$","?","$","M","R","M","R","T","R","M","?","M","?","R","BOSS","M","?","?","$","?","R","M","E","T","M","R","M","$","E","R","BOSS","BOSS"],"items_purchased_type":["Relic","Card","Card","Card","Relic","Relic","Relic","Card","Card","Card","Card","Card","Card","Potion","Relic","Card","Card","Relic","Relic","Card"],"build_version":"2020-12-22","purchased_purges":3,"victory":false,"max_hp_per_floor":[60,60,60,60,60,60,60,60,60,60,60,60,70,70,70,70,70,70,70,70,70,70,70,70,70,70,70,70,70,70,70,70,75,75,75,75,75,75,75,75,75,75,75,75,75,75,75,75,75,75,75,75],"relic_stats":{"Regal Pillow":15,"Singing Bowl":0,"counters":[25,184],"Juzu Bracelet":0,"Bag of Preparation":[4],"SsserpentHead":450,"OrangePellets":[15],"Lizard Tail":35,"Centennial Puzzle":[36],"Bird Faced Urn":[82],"Turnip":[28],"Black Star":2,"Kunai":[9],"obtain_stats":[{"Regal Pillow":47,"Pear":13,"Singing Bowl":48,"Incense Burner":26,"Juzu Bracelet":42,"Bag of Preparation":48,"Sling":38,"Old Coin":5,"SsserpentHead":3,"OrangePellets":19,"SlaversCollar":34,"Lizard Tail":6,"Centennial Puzzle":19,"DollysMirror":47,"Bird Faced Urn":37,"Turnip":0,"Black Star":17,"Membership Card":13,"Kunai":43,"FossilizedHelix":9,"Ring of the Snake":0},{"Regal Pillow":22,"Pear":7,"Singing Bowl":23,"Incense Burner":12,"Juzu Bracelet":20,"Bag of Preparation":23,"Sling":18,"Old Coin":3,"SsserpentHead":2,"OrangePellets":10,"SlaversCollar":16,"Lizard Tail":4,"Centennial Puzzle":10,"DollysMirror":22,"Bird Faced Urn":18,"Turnip":0,"Black Star":9,"Membership Card":7,"Kunai":20,"FossilizedHelix":5,"Ring of the Snake":0},{"Regal Pillow":156,"Pear":39,"Singing Bowl":169,"Incense Burner":75,"Juzu Bracelet":141,"Bag of Preparation":169,"Sling":128,"Old Coin":13,"SsserpentHead":10,"OrangePellets":62,"SlaversCollar":113,"Lizard Tail":25,"Centennial Puzzle":62,"DollysMirror":156,"Bird Faced Urn":128,"Turnip":0,"Black Star":57,"Membership Card":39,"Kunai":141,"FossilizedHelix":30,"Ring of the Snake":0}],"Ring of the Snake":[50]},"card_choices":[{"not_picked":["Deadly Poison","Blur"],"picked":"Bouncing Flask","floor":1.0},{"not_picked":["Deflect","Poisoned Stab"],"picked":"Blade Dance","floor":2.0},{"not_picked":["All Out Attack","Acrobatics"],"picked":"Footwork","floor":4.0},{"not_picked":["Endless Agony","Well Laid Plans"],"picked":"Quick Slash","floor":6.0},{"not_picked":["Bane","Deflect"],"picked":"Catalyst","floor":8.0},{"not_picked":["Flying Knee","Deadly Poison"],"picked":"Blade Dance","floor":11.0},{"not_picked":["Blade Dance","PiercingWail"],"picked":"Footwork","floor":12.0},{"not_picked":["Masterful Stab","Setup","Reflex"],"picked":"SKIP","floor":14.0},{"not_picked":["After Image","Doppelganger"],"picked":"Envenom","floor":16.0},{"not_picked":["Slice","Deflect"],"picked":"Quick Slash","floor":18.0},{"not_picked":["Prepared","Well Laid Plans"],"picked":"Cloak And Dagger","floor":22.0},{"not_picked":["Noxious Fumes","Flying Knee"],"picked":"Dagger Spray","floor":24.0},{"not_picked":["Prepared","Setup"],"picked":"Cloak And Dagger","floor":28.0},{"not_picked":["Quick Slash","Blade Dance"],"picked":"Deflect","floor":29.0},{"not_picked":["Tactician+1","Poisoned Stab","Infinite Blades"],"picked":"SKIP","floor":30.0},{"not_picked":["Wraith Form v2","Glass Knife"],"picked":"Venomology","floor":33.0},{"not_picked":["Blade Dance","Deflect"],"picked":"Escape Plan","floor":35.0},{"not_picked":["Accuracy","Bane"],"picked":"Terror","floor":37.0},{"not_picked":["Tactician+1","Noxious Fumes"],"picked":"Dagger Throw+1","floor":41.0},{"not_picked":["Dagger Throw","Dagger Spray+1"],"picked":"Sucker Punch","floor":42.0},{"not_picked":["Flying Knee","Bouncing Flask+1"],"picked":"Backflip+1","floor":44.0},{"not_picked":["Sucker Punch+1","Infinite Blades+1"],"picked":"Acrobatics+1","floor":46.0},{"not_picked":["All Out Attack+1","Infinite Blades+1"],"picked":"Deflect+1","floor":48.0}],"player_experience":1588563,"relics_obtained":[{"floor":6.0,"key":"Lizard Tail"},{"floor":9.0,"key":"FossilizedHelix"},{"floor":26.0,"key":"Incense Burner"},{"floor":37.0,"key":"Bird Faced Urn"},{"floor":42.0,"key":"Juzu Bracelet"},{"floor":43.0,"key":"Kunai"},{"floor":48.0,"key":"Bag of Preparation"},{"floor":48.0,"key":"Singing Bowl"}],"event_choices":[{"damage_healed":0.0,"max_hp_gain":0.0,"max_hp_loss":0.0,"gold_gain":0.0,"event_name":"FaceTrader","player_choice":"Trade","floor":3.0,"gold_loss":0.0,"damage_taken":0.0,"relics_obtained":["SsserpentHead"]},{"damage_healed":0.0,"max_hp_gain":0.0,"max_hp_loss":0.0,"gold_gain":0.0,"event_name":"WeMeetAgain","player_choice":"Gave Potion","floor":5.0,"gold_loss":0.0,"damage_taken":0.0,"relics_obtained":["Old Coin"]},{"damage_healed":0.0,"max_hp_gain":0.0,"max_hp_loss":0.0,"gold_gain":0.0,"event_name":"Duplicator","player_choice":"Copied","floor":20.0,"gold_loss":0.0,"damage_taken":0.0,"cards_obtained":["Catalyst"]},{"damage_healed":0.0,"max_hp_gain":0.0,"max_hp_loss":0.0,"gold_gain":0.0,"event_name":"Back to Basics","player_choice":"Simplicity","floor":31.0,"gold_loss":0.0,"damage_taken":0.0,"cards_upgraded":["Strike_G","Strike_G","Strike_G","Defend_G","Defend_G","Defend_G","Defend_G","Defend_G"]},{"damage_healed":15.0,"max_hp_gain":0.0,"max_hp_loss":0.0,"gold_gain":0.0,"event_name":"Winding Halls","player_choice":"Writhe","floor":36.0,"gold_loss":0.0,"damage_taken":0.0,"cards_obtained":["Writhe"]},{"damage_healed":0.0,"max_hp_gain":0.0,"max_hp_loss":0.0,"gold_gain":0.0,"event_name":"MindBloom","player_choice":"Fight","floor":37.0,"gold_loss":0.0,"damage_taken":0.0},{"damage_healed":0.0,"max_hp_gain":0.0,"max_hp_loss":0.0,"gold_gain":0.0,"event_name":"Tomb of Lord Red Mask","player_choice":"Ignored","floor":39.0,"gold_loss":0.0,"damage_taken":0.0}],"is_beta":false,"boss_relics":[{"not_picked":["Tiny House","Snecko Eye"],"picked":"Black Star"},{"not_picked":["Sozu","Empty Cage"],"picked":"SlaversCollar"}],"items_purged_floors":[13,19,38],"is_endless":false,"potions_floor_spawned":[1,4,14,16,22,28,29,33,35,42,44],"killed_by":"Donu and Deca","ascension_level":20}}