{"host":"ffqn1azj9urswy62","time":1613577909,"event":{"mods":["BaseMod","Better Third Choice","Conspire","Googly Eyes","Hubris","Minty Spire (QoL Compilation)","Replay The Spire","StSLib","Wandering Minibosses","slay the spire mod where everything is the same but ironclad has a cowboy hat"],"gold_per_floor":[110,110,160,210,222,234,246,246],"floor_reached":7,"language":"ENG","playtime":262,"items_purged":[],"score":48,"play_id":"05bb1c29-ba97-45af-a743-717d6090bd94","local_time":"20210217110509","is_ascension_mode":true,"campfire_choices":[{"data":"Barricade","floor":6,"key":"SMITH"}],"circlet_count":0,"master_deck":["Strike_G","Strike_G","Strike_G","Strike_G","Strike_G","Defend_G","Defend_G","Defend_G","Defend_G","Defend_G","Survivor","Neutralize","A Thousand Cuts","Slice","Barricade+1","Crippling Poison+1"],"relics":["Ring of the Snake","Toxic Egg 2","ReplayTheSpireMod:Ring of Collecting","Ring of Greed","Golden Egg","MawBank","conspire:Flyswatter","Ring of Hypnosis"],"acts_visited":["Exordium"],"potions_floor_usage":[7],"damage_taken":[{"damage":5,"enemies":"Cultist","floor":1,"turns":4},{"damage":18,"enemies":"conspire:MimicChest","floor":4,"turns":11},{"damage":3,"enemies":"Lagavulin","floor":7,"turns":6}],"seed_played":"3485871251954527340","potions_obtained":[{"floor":4,"key":"Dexterity Potion"}],"is_trial":false,"path_per_floor":["M","?","?","?","T","R","E"],"character_chosen":"THE_SILENT","items_purchased":[],"campfire_rested":0,"item_purchase_floors":[],"current_hp_per_floor":[40,20,20,2,2,2,0,0],"gold":246,"neow_bonus":"THREE_RARE_CARDS","is_daily":false,"chose_seed":false,"campfire_upgraded":1,"win_rate":0.0,"timestamp":1613577909,"path_taken":["M","?","?","?","?","R","E"],"items_purchased_type":[],"build_version":"2020-12-22","purchased_purges":0,"victory":false,"max_hp_per_floor":[70,70,70,70,70,70,70,70],"card_choices":[{"not_picked":["Doppelganger","Bullet Time"],"picked":"A Thousand Cuts","floor":0},{"not_picked":["Acrobatics","Poisoned Stab"],"picked":"Slice","floor":1},{"not_picked":["Quick Slash","Dagger Spray"],"picked":"Crippling Poison+1","floor":4}],"player_experience":687201,"relics_obtained":[{"floor":3,"key":"ReplayTheSpireMod:Ring of Collecting"},{"floor":3,"key":"Ring of Greed"},{"floor":3,"key":"Golden Egg"},{"floor":3,"key":"MawBank"},{"floor":4,"key":"conspire:Flyswatter"},{"floor":5,"key":"Ring of Hypnosis"}],"event_choices":[],"is_beta":false,"boss_relics":[],"items_purged_floors":[],"is_endless":false,"potions_floor_spawned":[4],"killed_by":"Lagavulin","ascension_level":6}}