{"host":"j0jjxssq479ixm8e","time":1613597342,"event":{"mods":["BaseMod","Better Note","Block Reminder","Minty Spire (QoL Compilation)","Rare Cards Sparkle","Relic Filter Mod","Reliquary","Replay The Spire","StSLib"],"gold_per_floor":[114,114,189,200,213,213,243,243,243,243,243,260,260,260,278,302,302,398,398,412,431,17,17,117,117,128,128,182,182,200,11,27,47,47,148,148,165,0,0,70,70,70,19,19,19,48,58,58,71,71,71,71,71],"floor_reached":52,"language":"ENG","playtime":2871,"items_purged":[],"score":528,"play_id":"2f9ea9d4-fe74-401e-ab86-11aef7785b2e","local_time":"20210217162901","is_ascension_mode":false,"campfire_choices":[{"data":"Zap","floor":6,"key":"SMITH"},{"floor":8,"key":"REST"},{"floor":11,"key":"REST"},{"data":"Defragment","floor":17,"key":"SMITH"},{"floor":25,"key":"REST"},{"floor":27,"key":"REST"},{"data":"Static Discharge","floor":34,"key":"SMITH"},{"floor":42,"key":"REST"},{"data":"Buffer","floor":44,"key":"SMITH"},{"floor":48,"key":"REST"},{"floor":51,"key":"REST"}],"circlet_count":0,"master_deck":["Strike_B","Strike_B","Strike_B","Strike_B","Defend_B+1","Defend_B+1","Zap+1","Conserve Battery","Defragment+1","ReplayGash","Gash","Steam","Loop","Gash","Defragment","Biased Cognition","Turbo+1","Redo+1","Auto Shields+1","Gash","Lockon","Sunder+1","Gash","Melter","BootSequence","Static Discharge+1","Gash","Thunder Strike","Leap","Buffer+1","Go for the Eyes","Go for the Eyes+1","Conserve Battery+1","Sweeping Beam"],"relics":["Cracked Core","Potion Belt","Iron Hammer","Odd Mushroom","Astrolabe","Solar Panel","reliquary:FingerTrap","reliquary:SilkGlove","HandDrill","Red Mask","ReplayTheSpireMod:Ring of Collecting","ReplayTheSpireMod:Ring of Addiction","SacredBark","Chameleon Ring","Anchor","Ring of Fury","Replay:Bottled Snecko","reliquary:Knoch"],"acts_visited":["Exordium","TheCity","TheBeyond"],"potions_floor_usage":[18,18,26,32,35,35,46,46,46,47,49,49],"damage_taken":[{"damage":0,"enemies":"Jaw Worm","floor":1,"turns":4},{"damage":0,"enemies":"2 Louse","floor":4,"turns":3},{"damage":4,"enemies":"Cultist","floor":5,"turns":4},{"damage":21,"enemies":"Gremlin Nob","floor":7,"turns":4},{"damage":0,"enemies":"2 Fungi Beasts","floor":12,"turns":4},{"damage":6,"enemies":"Gremlin Gang","floor":15,"turns":5},{"damage":12,"enemies":"The Mushroom Lair","floor":16,"turns":4},{"damage":26,"enemies":"Fading Forest","floor":18,"turns":11},{"damage":9,"enemies":"3 Byrds","floor":20,"turns":4},{"damage":23,"enemies":"Shell Parasite","floor":21,"turns":5},{"damage":23,"enemies":"Snecko","floor":26,"turns":5},{"damage":24,"enemies":"Snake Plant","floor":30,"turns":4},{"damage":3,"enemies":"3 Cultists","floor":32,"turns":4},{"damage":5,"enemies":"Chosen and Byrds","floor":33,"turns":4},{"damage":28,"enemies":"Collector","floor":35,"turns":7},{"damage":47,"enemies":"3 Darklings","floor":37,"turns":5},{"damage":45,"enemies":"Nemesis","floor":46,"turns":6},{"damage":0,"enemies":"Orb Walker","floor":47,"turns":4},{"damage":4,"enemies":"Transient","floor":49,"turns":5},{"damage":78,"enemies":"Awakened One","floor":52,"turns":5}],"seed_played":"8643011648059746857","potions_obtained":[{"floor":4,"key":"Strength Potion"},{"floor":7,"key":"FocusPotion"},{"floor":16,"key":"Energy Potion"},{"floor":20,"key":"Explosive Potion"},{"floor":26,"key":"SteroidPotion"},{"floor":30,"key":"Weak Potion"},{"floor":35,"key":"FearPotion"},{"floor":39,"key":"Explosive Potion"},{"floor":39,"key":"PotionOfCapacity"},{"floor":39,"key":"Explosive Potion"},{"floor":40,"key":"FocusPotion"},{"floor":40,"key":"Fire Potion"},{"floor":46,"key":"Weak Potion"}],"is_trial":false,"path_per_floor":["M","?","?","M","M","R","E","R","T","?","R","M","PTL","PTL","M","?","R","B",null,"M","M","$","?","?","R","M","R","T","?","M","$","M","M","R","B",null,"M","?","?","?","$","R","$","R","T","E","M","R","M","?","R","B"],"character_chosen":"DEFECT","items_purchased":["Solar Panel","reliquary:FingerTrap","HandDrill","BootSequence","Go for the Eyes"],"campfire_rested":7,"item_purchase_floors":[22,22,31,31,43],"current_hp_per_floor":[75,80,69,69,65,65,44,68,68,52,76,76,76,76,70,58,58,56,80,71,48,48,48,48,72,53,77,77,77,57,57,58,57,57,35,80,39,39,39,39,39,63,63,63,63,24,26,48,50,50,72,0,0],"gold":71,"neow_bonus":"THREE_CARDS","is_daily":false,"chose_seed":false,"campfire_upgraded":4,"win_rate":0.0,"timestamp":1613597341,"path_taken":["M","?","?","?","M","R","E","R","T","?","R","M","PTL","PTL","M","M","?","R","BOSS","M","M","$","?","?","R","?","R","T","?","M","$","M","M","R","BOSS","M","?","?","?","?","R","$","R","T","E","M","R","?","?","R","BOSS"],"items_purchased_type":["Relic","Relic","Relic","Card","Card"],"build_version":"2020-12-22","purchased_purges":0,"victory":false,"max_hp_per_floor":[75,80,80,80,80,80,80,80,80,80,80,80,80,80,80,80,80,80,80,80,80,80,80,80,80,80,80,80,80,80,80,80,80,80,80,80,80,80,80,80,80,80,78,78,78,76,76,76,76,76,76,76,76],"card_choices":[{"not_picked":["Barrage","Sweeping Beam"],"picked":"Conserve Battery","floor":0},{"not_picked":["Turbo","Beam Cell"],"picked":"Defragment","floor":1},{"not_picked":["Heatsinks","Panic Button"],"picked":"ReplayGash","floor":4},{"not_picked":["Panic Button","Conserve Battery"],"picked":"Gash","floor":5},{"not_picked":["Echo Form","Scrape"],"picked":"Steam","floor":7},{"not_picked":["Redo","Beam Cell"],"picked":"Loop","floor":12},{"not_picked":["ReplayTheSpireMod:Reroute Power","Meteor Strike"],"picked":"Gash","floor":15},{"not_picked":["Go for the Eyes","Steam"],"picked":"Defragment","floor":16},{"not_picked":["Reboot","Hyperbeam"],"picked":"Biased Cognition","floor":18},{"not_picked":["Beam Cell","Leap"],"picked":"Gash","floor":20},{"not_picked":["Hologram","Glacier"],"picked":"Lockon","floor":21},{"not_picked":["Hologram","Rebound"],"picked":"Gash","floor":26},{"not_picked":["Hologram","Barrage"],"picked":"Melter","floor":30},{"not_picked":["Chaos","Chill"],"picked":"Static Discharge","floor":32},{"not_picked":["Redo","Biased Cognition"],"picked":"Gash","floor":33},{"not_picked":["Seek","Reboot"],"picked":"Thunder Strike","floor":35},{"not_picked":["Panic Button+1","Coolheaded+1"],"picked":"Leap","floor":37},{"not_picked":["Barrage","BasicCrystalCard+1"],"picked":"Buffer","floor":40},{"not_picked":["Sunder","Capacitor"],"picked":"Go for the Eyes+1","floor":46},{"not_picked":["Rebound+1","Go for the Eyes+1"],"picked":"Conserve Battery+1","floor":47},{"not_picked":["Capacitor","Leap+1"],"picked":"Sweeping Beam","floor":49}],"player_experience":263343,"relics_obtained":[{"floor":7,"key":"Potion Belt"},{"floor":9,"key":"Iron Hammer"},{"floor":16,"key":"Odd Mushroom"},{"floor":28,"key":"reliquary:SilkGlove"},{"floor":39,"key":"ReplayTheSpireMod:Ring of Collecting"},{"floor":39,"key":"ReplayTheSpireMod:Ring of Addiction"},{"floor":39,"key":"SacredBark"},{"floor":39,"key":"Chameleon Ring"},{"floor":40,"key":"Anchor"},{"floor":45,"key":"Ring of Fury"},{"floor":45,"key":"Replay:Bottled Snecko"},{"floor":46,"key":"reliquary:Knoch"}],"event_choices":[{"damage_healed":0,"gold_gain":0,"player_choice":"Donut","damage_taken":0,"max_hp_gain":5,"max_hp_loss":0,"event_name":"Big Fish","floor":2,"gold_loss":0},{"damage_healed":0,"gold_gain":75,"player_choice":"Gather Gold","damage_taken":11,"max_hp_gain":0,"max_hp_loss":0,"event_name":"World of Goop","floor":3,"gold_loss":0},{"damage_healed":0,"gold_gain":0,"player_choice":"Entered Light","damage_taken":16,"max_hp_gain":0,"max_hp_loss":0,"event_name":"Shining Light","floor":10,"gold_loss":0,"cards_upgraded":["Defend_B","Defend_B"]},{"damage_healed":0,"gold_gain":0,"player_choice":"Fought Mushrooms","damage_taken":0,"max_hp_gain":0,"max_hp_loss":0,"event_name":"Mushrooms","floor":16,"gold_loss":0},{"cards_removed":["Biased Cognition"],"damage_healed":0,"gold_gain":0,"player_choice":"Take \u0026 Give","damage_taken":0,"max_hp_gain":0,"max_hp_loss":0,"event_name":"betterNote:BetterNote","floor":23,"gold_loss":0,"cards_obtained":["Sunder"]},{"damage_healed":0,"gold_gain":100,"player_choice":"Pray","damage_taken":0,"max_hp_gain":0,"max_hp_loss":0,"event_name":"Golden Shrine","floor":24,"gold_loss":0},{"damage_healed":0,"gold_gain":0,"player_choice":"Ignored","damage_taken":0,"max_hp_gain":0,"max_hp_loss":0,"event_name":"Ghosts","floor":29,"gold_loss":0},{"damage_healed":0,"gold_gain":0,"player_choice":"Paid","damage_taken":0,"relics_obtained":["Red Mask"],"max_hp_gain":0,"max_hp_loss":0,"event_name":"Tomb of Lord Red Mask","floor":38,"gold_loss":165},{"cards_removed":["ReplayTheSpireMod:Splinters"],"damage_healed":0,"gold_gain":0,"player_choice":"Purged","damage_taken":0,"max_hp_gain":0,"max_hp_loss":0,"event_name":"Purifier","floor":50,"gold_loss":0}],"is_beta":false,"boss_relics":[{"not_picked":["reliquary:Craggleroot","reliquary:Ember"],"picked":"Astrolabe"},{"not_picked":["Snecko Eye","reliquary:RedCape","Empty Cage"]}],"items_purged_floors":[],"is_endless":false,"potions_floor_spawned":[4,7,16,20,26,30,35,46],"killed_by":"Awakened One","ascension_level":0}}