{"host":"zxd2l8an9de7z7b9","time":1613584303,"event":{"mods":["2.2 Compatiblity","AchievementEnabler","BaseMod","CapriCore","Colored Map","Colored Powertips","Minty Spire (QoL Compilation)","Rare Cards Sparkle","StSLib","SuperFastMode","everything is the same but u backflip on backflip"],"gold_per_floor":[113,130,140,140,154,154,181,67,67,67,77,111,127,146,146,146,146],"floor_reached":16,"language":"KOR","playtime":610,"items_purged":["Strike_B"],"score":114,"play_id":"c47fd98c-ca60-4bb2-ba57-ce29733248e0","local_time":"20210218025143","is_ascension_mode":false,"campfire_choices":[{"data":"Coolheaded","floor":6,"key":"SMITH"},{"data":"Hologram","floor":10,"key":"SMITH"},{"floor":15,"key":"REST"}],"circlet_count":0,"master_deck":["Strike_B","Strike_B+1","Strike_B+1","Defend_B","Defend_B","Defend_B","Zap","Dualcast","Coolheaded+1","Double Energy","BootSequence","Hologram+1","Chill","Doom and Gloom","Consume","Conserve Battery","Chaos","Defragment"],"relics":["Cracked Core","NeowsBlessing","Whetstone","Eternal Feather","Calipers"],"acts_visited":["Exordium"],"potions_floor_usage":[5,12,12,16],"damage_taken":[{"damage":0,"enemies":"Jaw Worm","floor":1,"turns":1},{"damage":0,"enemies":"Small Slimes","floor":2,"turns":1},{"damage":0,"enemies":"Cultist","floor":3,"turns":1},{"damage":2,"enemies":"2 Fungi Beasts","floor":5,"turns":3},{"damage":29,"enemies":"3 Sentries","floor":7,"turns":9},{"damage":7,"enemies":"3 Louse","floor":11,"turns":3},{"damage":22,"enemies":"Gremlin Nob","floor":12,"turns":4},{"damage":8,"enemies":"Gremlin Gang","floor":13,"turns":4},{"damage":0,"enemies":"Looter","floor":14,"turns":4},{"damage":0,"enemies":"The Guardian","floor":16,"turns":2}],"seed_played":"1877970698262858038","potions_obtained":[{"floor":2,"key":"LiquidMemories"},{"floor":5,"key":"Fruit Juice"},{"floor":7,"key":"Weak Potion"},{"floor":12,"key":"Swift Potion"},{"floor":14,"key":"GamblersBrew"}],"is_trial":false,"path_per_floor":["M","M","M","?","M","R","E","$","T","R","M","E","M","M","R","B"],"character_chosen":"DEFECT","items_purchased":["Doom and Gloom"],"campfire_rested":1,"item_purchase_floors":[8],"current_hp_per_floor":[75,75,75,68,71,71,42,42,42,48,41,19,11,11,44,44,44],"gold":146,"neow_bonus":"THREE_ENEMY_KILL","is_daily":false,"chose_seed":false,"campfire_upgraded":2,"win_rate":0.0,"timestamp":1613584303,"path_taken":["M","M","M","?","M","R","E","$","T","R","M","E","M","M","R","BOSS"],"items_purchased_type":["Card"],"build_version":"2020-12-22","purchased_purges":1,"victory":false,"max_hp_per_floor":[75,75,75,75,80,80,80,80,80,80,80,80,80,80,80,80,80],"card_choices":[{"not_picked":["Sweeping Beam","Compile Driver"],"picked":"Coolheaded","floor":1},{"not_picked":["Reprogram","Cold Snap"],"picked":"Double Energy","floor":2},{"not_picked":["Hologram","Ball Lightning"],"picked":"BootSequence","floor":3},{"not_picked":["Leap","Streamline"],"picked":"Hologram","floor":5},{"not_picked":["Stack","Hyperbeam"],"picked":"Chill","floor":7},{"not_picked":["Reinforced Body","Leap"],"picked":"Consume","floor":11},{"not_picked":["Fusion","Rebound"],"picked":"Conserve Battery","floor":12},{"not_picked":["Redo","Auto Shields"],"picked":"Chaos","floor":13},{"not_picked":["Reinforced Body","Glacier"],"picked":"Defragment","floor":14}],"player_experience":377812,"relics_obtained":[{"floor":7,"key":"Whetstone"},{"floor":9,"key":"Eternal Feather"},{"floor":12,"key":"Calipers"}],"event_choices":[{"cards_removed":["Defend_B"],"damage_healed":0,"gold_gain":0,"player_choice":"Card Removal","damage_taken":7,"max_hp_gain":0,"max_hp_loss":0,"event_name":"Golden Wing","floor":4,"gold_loss":0}],"is_beta":false,"boss_relics":[],"items_purged_floors":[8],"is_endless":false,"potions_floor_spawned":[2,5,7,12,14],"killed_by":"The Guardian","ascension_level":0}}