{"host":"0utx1lcxgx5vu4k0","time":1613528709,"event":{"mods":["BaseMod","Colored Powertips","Minty Spire (QoL Compilation)","Permanent Neow","Relic Stats","StSLib"],"gold_per_floor":[118,137,152,152,166,199,68,133,133,162,162,162,196,209,209,312,312,330,349,349,529,547,577,594,619,619,650,667,679,89,115,115,212,212,229,243,243,258,274,309,309,309,309,341,341,369,369,394,394,394,394,394,19,54,54,54],"floor_reached":55,"language":"ENG","playtime":7983,"items_purged":["Strike_G"],"score":1287,"play_id":"37990c63-725f-4b95-b789-8449039f0cec","local_time":"20210216212509","is_ascension_mode":true,"campfire_choices":[{"data":"Blade Dance","floor":11,"key":"SMITH"},{"data":"Finisher","floor":15,"key":"SMITH"},{"data":"Blade Dance","floor":32,"key":"SMITH"},{"data":"Envenom","floor":42,"key":"SMITH"},{"floor":49,"key":"RECALL"},{"data":"Blade Dance","floor":52,"key":"SMITH"}],"circlet_count":0,"master_deck":["Defend_G+1","Defend_G","Defend_G","Defend_G","Defend_G+1","Survivor","Neutralize","Blade Dance+1","Finisher+1","Backflip","Blur","Envenom+1","Dagger Throw+1","Backflip","Blade Dance+1","Blade Dance+1","Backstab+1","Crippling Poison+1","Acrobatics","Deflect","Flash of Steel","Blade Dance","Phantasmal Killer","Heel Hook+1","Bouncing Flask+1","Blur+1","Acrobatics+1","Blade Dance","Finisher+1","Accuracy+1","Deflect+1","Blur","Terror+1"],"relics":["Philosopher\u0027s Stone","MawBank","PreservedInsect","Matryoshka","Kunai","Boot","Blood Vial","Gremlin Horn","Empty Cage","Juzu Bracelet","Orichalcum","War Paint","Mango","Bag of Marbles","Anchor","Mercury Hourglass","Bronze Scales","Astrolabe","Regal Pillow","Torii","Thread and Needle","Bottled Lightning","Snake Skull","Bag of Preparation"],"acts_visited":["Exordium","TheCity","TheBeyond","TheEnding"],"potions_floor_usage":[6,8,16,18,19,23,24,27,28,38,44,48,50,54,55,55,55],"damage_taken":[{"damage":2,"enemies":"Small Slimes","floor":1,"turns":5},{"damage":0,"enemies":"Cultist","floor":2,"turns":3},{"damage":0,"enemies":"Jaw Worm","floor":3,"turns":4},{"damage":8,"enemies":"3 Louse","floor":5,"turns":3},{"damage":7,"enemies":"3 Sentries","floor":6,"turns":4},{"damage":4,"enemies":"3 Sentries","floor":8,"turns":3},{"damage":0,"enemies":"Gremlin Nob","floor":10,"turns":3},{"damage":0,"enemies":"3 Sentries","floor":13,"turns":3},{"damage":3,"enemies":"Exordium Wildlife","floor":14,"turns":2},{"damage":22,"enemies":"Slime Boss","floor":16,"turns":8},{"damage":1,"enemies":"Shell Parasite","floor":18,"turns":5},{"damage":11,"enemies":"3 Byrds","floor":19,"turns":2},{"damage":0,"enemies":"Centurion and Healer","floor":22,"turns":6},{"damage":6,"enemies":"Slavers","floor":23,"turns":4},{"damage":7,"enemies":"Snake Plant","floor":24,"turns":4},{"damage":0,"enemies":"Gremlin Leader","floor":25,"turns":1},{"damage":2,"enemies":"Slavers","floor":27,"turns":2},{"damage":6,"enemies":"Shelled Parasite and Fungi","floor":28,"turns":2},{"damage":6,"enemies":"Snecko","floor":29,"turns":3},{"damage":0,"enemies":"Gremlin Leader","floor":31,"turns":3},{"damage":13,"enemies":"Champ","floor":33,"turns":9},{"damage":0,"enemies":"3 Darklings","floor":35,"turns":2},{"damage":0,"enemies":"Orb Walker","floor":36,"turns":2},{"damage":5,"enemies":"Writhing Mass","floor":38,"turns":4},{"damage":3,"enemies":"Maw","floor":39,"turns":6},{"damage":13,"enemies":"Nemesis","floor":40,"turns":5},{"damage":0,"enemies":"Giant Head","floor":44,"turns":3},{"damage":0,"enemies":"Reptomancer","floor":46,"turns":1},{"damage":1,"enemies":"Nemesis","floor":48,"turns":3},{"damage":11,"enemies":"Awakened One","floor":50,"turns":8},{"damage":0,"enemies":"Shield and Spear","floor":54,"turns":2},{"damage":89,"enemies":"The Heart","floor":55,"turns":5}],"seed_played":"-8044955747299925708","potions_obtained":[{"floor":3,"key":"Dexterity Potion"},{"floor":5,"key":"Strength Potion"},{"floor":6,"key":"FearPotion"},{"floor":13,"key":"LiquidBronze"},{"floor":14,"key":"GamblersBrew"},{"floor":16,"key":"BlessingOfTheForge"},{"floor":19,"key":"SpeedPotion"},{"floor":23,"key":"Fire Potion"},{"floor":25,"key":"LiquidBronze"},{"floor":31,"key":"Energy Potion"},{"floor":33,"key":"PowerPotion"},{"floor":40,"key":"LiquidBronze"},{"floor":44,"key":"Poison Potion"},{"floor":46,"key":"Strength Potion"},{"floor":54,"key":"BlessingOfTheForge"}],"is_trial":false,"path_per_floor":["M","M","M","?","M","E","$","?","T","E","R","?","E","M","R","B",null,"M","M","?","?","M","E","M","E","T","E","M","M","$","E","R","B",null,"M","M","?","M","M","E","?","R","T","E","?","E","?","E","R","B",null,"R","$","E","B"],"character_chosen":"THE_SILENT","items_purchased":["PreservedInsect","Anchor","Flash of Steel","Blade Dance","Mercury Hourglass","Snake Skull","DuplicationPotion","DistilledChaos","Blur"],"campfire_rested":0,"item_purchase_floors":[7,30,30,30,30,53,53,53,53],"current_hp_per_floor":[68,68,68,68,60,53,53,49,49,49,49,49,51,50,50,30,70,69,59,59,34,36,32,27,29,43,43,39,35,35,37,37,26,84,84,84,94,89,88,77,77,77,77,79,79,81,81,82,82,73,89,89,89,89,0,0],"gold":54,"neow_bonus":"BOSS_RELIC","is_daily":false,"chose_seed":false,"campfire_upgraded":5,"win_rate":0.0,"timestamp":1613528709,"path_taken":["M","M","M","?","?","E","?","?","T","E","R","?","E","?","R","BOSS","M","M","?","?","?","E","M","E","T","E","M","M","$","E","R","BOSS","M","M","?","M","M","E","?","R","T","E","?","E","?","E","R","BOSS","R","$","E","BOSS"],"items_purchased_type":["Relic","Relic","Card","Card","Relic","Relic","Potion","Potion","Card"],"build_version":"2020-12-22","purchased_purges":1,"victory":false,"max_hp_per_floor":[70,70,70,70,70,70,70,70,70,70,70,70,70,70,70,70,70,70,70,70,70,70,70,70,70,84,84,84,84,84,84,84,84,84,84,84,94,94,94,94,94,94,94,94,94,94,89,89,89,89,89,89,89,89,89,89],"relic_stats":{"Regal Pillow":0,"Gremlin Horn":[24,24],"Torii":30,"counters":[32,119],"Astrolabe":["Night Terror","Heel Hook","Bouncing Flask"],"PreservedInsect":603,"Snake Skull":[28],"Juzu Bracelet":3,"Bag of Preparation":[2],"Orichalcum":[30],"War Paint":["Defend_G","Defend_G"],"MawBank":12,"Boot":[276],"Mercury Hourglass":[164],"Blood Vial":37,"Bronze Scales":[184],"Kunai":[113],"obtain_stats":[{"Regal Pillow":40,"Gremlin Horn":13,"Torii":44,"Mango":26,"Snake Skull":53,"Juzu Bracelet":23,"Bag of Preparation":54,"Boot":9,"Empty Cage":17,"Blood Vial":10,"Matryoshka":8,"Philosopher\u0027s Stone":0,"Kunai":9,"Ring of the Snake":0,"Astrolabe":34,"Thread and Needle":46,"PreservedInsect":7,"Orichalcum":25,"War Paint":26,"MawBank":6,"Mercury Hourglass":30,"Anchor":30,"Bronze Scales":31,"Bag of Marbles":27,"Bottled Lightning":48},{"Regal Pillow":26,"Gremlin Horn":8,"Torii":27,"Mango":16,"Snake Skull":30,"Juzu Bracelet":14,"Bag of Preparation":31,"Boot":6,"Empty Cage":10,"Blood Vial":7,"Matryoshka":5,"Philosopher\u0027s Stone":0,"Kunai":6,"Ring of the Snake":0,"Astrolabe":21,"Thread and Needle":28,"PreservedInsect":5,"Orichalcum":16,"War Paint":16,"MawBank":5,"Mercury Hourglass":19,"Anchor":19,"Bronze Scales":20,"Bag of Marbles":17,"Bottled Lightning":29},{"Regal Pillow":97,"Gremlin Horn":28,"Torii":100,"Mango":60,"Snake Skull":112,"Juzu Bracelet":55,"Bag of Preparation":114,"Boot":22,"Empty Cage":38,"Blood Vial":25,"Matryoshka":19,"Philosopher\u0027s Stone":0,"Kunai":22,"Ring of the Snake":0,"Astrolabe":79,"Thread and Needle":101,"PreservedInsect":19,"Orichalcum":60,"War Paint":60,"MawBank":19,"Mercury Hourglass":67,"Anchor":67,"Bronze Scales":70,"Bag of Marbles":62,"Bottled Lightning":104}]},"card_choices":[{"not_picked":["Underhanded Strike","Expertise"],"picked":"Blade Dance","floor":1},{"not_picked":["Flying Knee","Blur"],"picked":"Underhanded Strike","floor":2},{"not_picked":["Blade Dance","PiercingWail"],"picked":"Dagger Spray","floor":3},{"not_picked":["Night Terror","Sucker Punch"],"picked":"Finisher","floor":5},{"not_picked":["Doppelganger","Noxious Fumes"],"picked":"Dagger Throw","floor":6},{"not_picked":["Slice","Accuracy"],"picked":"Backflip","floor":8},{"not_picked":["Tactician","Dagger Throw","Caltrops"],"picked":"SKIP","floor":10},{"not_picked":["Dagger Spray","Slice"],"picked":"Blur","floor":13},{"not_picked":["Well Laid Plans","Noxious Fumes","Prepared"],"picked":"SKIP","floor":14},{"not_picked":["Night Terror","Grand Finale"],"picked":"Envenom","floor":16},{"not_picked":["Slice","Deflect"],"picked":"Dagger Throw+1","floor":18},{"not_picked":["Calculated Gamble+1","Quick Slash"],"picked":"Backflip","floor":19},{"not_picked":["Well Laid Plans","Bane"],"picked":"Blade Dance","floor":22},{"not_picked":["Dagger Spray","Choke"],"picked":"Blade Dance","floor":23},{"not_picked":["Bane","Caltrops+1"],"picked":"Backstab+1","floor":24},{"not_picked":["Riddle With Holes","Slice+1"],"picked":"Crippling Poison+1","floor":25},{"not_picked":["Unload","Dagger Throw","Riddle With Holes"],"picked":"SKIP","floor":27},{"not_picked":["Eviscerate","Sucker Punch"],"picked":"Acrobatics","floor":28},{"not_picked":["All Out Attack","Quick Slash"],"picked":"Deflect","floor":29},{"not_picked":["Sucker Punch","Well Laid Plans","Quick Slash"],"picked":"SKIP","floor":31},{"not_picked":["Night Terror","Venomology"],"picked":"Phantasmal Killer","floor":33},{"not_picked":["Sucker Punch","Dagger Throw+1"],"picked":"Blur+1","floor":35},{"not_picked":["Expertise+1","Quick Slash"],"picked":"Acrobatics+1","floor":36},{"not_picked":["Acrobatics","Prepared+1","Caltrops+1"],"picked":"SKIP","floor":38},{"not_picked":["Endless Agony+1","Dagger Throw+1","Heel Hook"],"picked":"SKIP","floor":39},{"not_picked":["Flying Knee","Endless Agony"],"picked":"Blade Dance","floor":40},{"not_picked":["Skewer","Distraction"],"picked":"Accuracy+1","floor":44},{"not_picked":["Acrobatics","Expertise"],"picked":"Deflect+1","floor":46},{"not_picked":["Underhanded Strike+1","Poisoned Stab","Accuracy"],"picked":"SKIP","floor":48},{"not_picked":["PiercingWail+1","Eviscerate"],"picked":"Terror+1","floor":54}],"player_experience":55058,"relics_obtained":[{"floor":6,"key":"MawBank"},{"floor":9,"key":"Kunai"},{"floor":9,"key":"Boot"},{"floor":10,"key":"Blood Vial"},{"floor":13,"key":"Gremlin Horn"},{"floor":23,"key":"Juzu Bracelet"},{"floor":25,"key":"Orichalcum"},{"floor":26,"key":"War Paint"},{"floor":26,"key":"Mango"},{"floor":27,"key":"Bag of Marbles"},{"floor":31,"key":"Bronze Scales"},{"floor":40,"key":"Regal Pillow"},{"floor":44,"key":"Torii"},{"floor":46,"key":"Thread and Needle"},{"floor":48,"key":"Bottled Lightning"},{"floor":54,"key":"Bag of Preparation"}],"event_choices":[{"cards_removed":["Strike_G"],"damage_healed":0,"gold_gain":0,"player_choice":"Purged","damage_taken":0,"max_hp_gain":0,"max_hp_loss":0,"event_name":"Purifier","floor":4,"gold_loss":0},{"damage_healed":0,"gold_gain":0,"player_choice":"Searched \u00272\u0027 times","damage_taken":0,"relics_obtained":["Matryoshka"],"max_hp_gain":0,"max_hp_loss":0,"event_name":"Dead Adventurer","floor":8,"gold_loss":0},{"damage_healed":0,"gold_gain":0,"player_choice":"Grow","damage_taken":0,"max_hp_gain":0,"max_hp_loss":0,"event_name":"Living Wall","floor":12,"gold_loss":0,"cards_upgraded":["Dagger Spray"]},{"damage_healed":0,"gold_gain":0,"player_choice":"Ignored","damage_taken":0,"max_hp_gain":0,"max_hp_loss":0,"event_name":"Ghosts","floor":20,"gold_loss":0},{"damage_healed":0,"gold_gain":180,"player_choice":"GOLD POTION GOLD ","damage_taken":25,"max_hp_gain":0,"max_hp_loss":0,"event_name":"Knowing Skull","floor":21,"potions_obtained":["CultistPotion"],"gold_loss":0,"cards_obtained":[]},{"cards_removed":["Night Terror"],"damage_healed":0,"gold_gain":0,"player_choice":"Offered Rare","damage_taken":0,"max_hp_gain":10,"max_hp_loss":0,"event_name":"Bonfire Elementals","floor":37,"gold_loss":0},{"damage_healed":0,"gold_gain":0,"player_choice":"Copied","damage_taken":0,"max_hp_gain":0,"max_hp_loss":0,"event_name":"Duplicator","floor":41,"gold_loss":0,"cards_obtained":["Finisher"]},{"cards_removed":["Dagger Spray"],"damage_healed":0,"gold_gain":0,"player_choice":"Removed Attack","damage_taken":0,"max_hp_gain":0,"max_hp_loss":0,"event_name":"Falling","floor":45,"gold_loss":0},{"damage_healed":0,"gold_gain":0,"player_choice":"Max HP","damage_taken":0,"max_hp_gain":0,"max_hp_loss":5,"event_name":"Winding Halls","floor":47,"gold_loss":0}],"is_beta":false,"boss_relics":[{"not_picked":["Tiny House","Calling Bell"],"picked":"Empty Cage"},{"not_picked":["Busted Crown","Runic Dome"],"picked":"Astrolabe"}],"items_purged_floors":[30],"is_endless":false,"potions_floor_spawned":[3,5,6,13,14,16,19,23,25,31,33,40,44,46,54],"killed_by":"The Heart","ascension_level":4}}