{"host":"og21o26alpnbwmz8","time":1613595822,"event":{"mods":["2.2 Compatiblity","A Magickal Journey","Act Like it!","Aspiration","BaseMod","Conspire","Downfall","Gensokyo","GungeonMod","Halation","Hubris","Jedi Mod","Mimic Mod","Minty Spire (QoL Compilation)","Pale of the Ancients","Reliquary","Replay The Spire","Shop Mod","Spikes Relics","StSLib","The Alterego","The Animator","The Blue Laboratory","The Exalted","The Florist","The Poker Player","Waifu the Spire","Yuri Mod"],"gold_per_floor":[114,141,141,216,233,253,286,286,333,333,358,21,50,88,88,186,186,202,10,29,29,29,54,190,190,213,225,225,225,225,241,241,346,346,364,364,364],"floor_reached":36,"language":"ENG","playtime":2709,"items_purged":["animator:Strike","animator:Strike"],"score":477,"play_id":"636a9e09-e3b7-4a62-a8f3-6c4a344215cc","local_time":"20210217160342","is_ascension_mode":false,"campfire_choices":[{"data":"animator:IrohaTamaki","floor":8,"key":"SMITH"},{"data":"animator:SayakaMiki","floor":10,"key":"SMITH"},{"data":"animator:Mikaela","floor":15,"key":"SMITH"},{"data":"animator:Magilou","floor":29,"key":"SMITH"},{"data":"animator:Kyubey","floor":32,"key":"SMITH"}],"circlet_count":0,"master_deck":["animator:Defend_MadokaMagica","animator:IrohaTamaki+1","animator:YuiTsuruno+1","animator:SayakaMiki","animator:YachiyoNanami","animator:SayakaMiki+1","animator:Togame","animator:Mikaela+1","animator:NagisaMomoe","animator:HomuraAkemi","animator:Magilou+1","animator:SuzuneAmano","animator:Kyubey+1","Shame","downfall:Bewildered"],"relics":["animator:LivingPicture","animator:TheMissingPiece","Mercury Hourglass","aspiration:ChemicalBlood","hubris:PeanutButter","DemoMod:ResourcefulSack","aspiration:FutureDiary","hubris:Icosahedron","Vajra","conspire:TopHat","Replay:Bottled Snecko","halation:EternalFortune","Kintsugi"],"acts_visited":["Exordium","TheCity","TheBeyond"],"potions_floor_usage":[11,18,36],"damage_taken":[{"damage":2,"enemies":"Small Slimes","floor":1,"turns":4},{"damage":4,"enemies":"Jaw Worm","floor":2,"turns":6},{"damage":1,"enemies":"2 Louse","floor":5,"turns":3},{"damage":0,"enemies":"Exordium Wildlife","floor":6,"turns":7},{"damage":0,"enemies":"3 Sentries","floor":7,"turns":16},{"damage":32,"enemies":"Gremlin Nob","floor":11,"turns":6},{"damage":0,"enemies":"Looter","floor":13,"turns":4},{"damage":0,"enemies":"Lagavulin","floor":14,"turns":6},{"damage":10,"enemies":"Slime Boss","floor":16,"turns":8},{"damage":0,"enemies":"conspire:FuzzyDice","floor":18,"turns":6},{"damage":0,"enemies":"Spheric Guardian","floor":20,"turns":5},{"damage":0,"enemies":"Replay:Snechameleon","floor":23,"turns":10},{"damage":0,"enemies":"Shelled Parasite and Fungi","floor":24,"turns":11},{"damage":0,"enemies":"Chosen and Byrds","floor":27,"turns":7},{"damage":0,"enemies":"Cultist and Chosen","floor":31,"turns":8},{"damage":23,"enemies":"Champ","floor":33,"turns":10},{"damage":0,"enemies":"Orb Walker","floor":35,"turns":4},{"damage":20,"enemies":"conspire:MimicChest","floor":36,"turns":4}],"seed_played":"-4749752536788750292","potions_obtained":[{"floor":2,"key":"blueLaboratory:LouseDecoction"},{"floor":6,"key":"Strength Potion"},{"floor":13,"key":"Energy Potion"},{"floor":14,"key":"blueLaboratory:FrostheartPotion"},{"floor":20,"key":"blueLaboratory:Moonshine"},{"floor":27,"key":"Dexterity Potion"},{"floor":36,"key":"animator:FalseLifePotion"}],"is_trial":false,"path_per_floor":["M","M","?","?","M","M","E","R","T","R","E","$","M","E","R","B",null,"M","$","M","$","?","E","M","?","T","M","T","R","?","M","R","B",null,"M","?"],"character_chosen":"THE_ANIMATOR","items_purchased":["hubris:PeanutButter","animator:Magilou"],"campfire_rested":0,"item_purchase_floors":[12,19],"current_hp_per_floor":[64,60,60,49,49,49,49,49,49,49,17,17,17,17,17,8,68,68,68,68,68,68,68,68,56,56,56,56,56,59,61,61,38,78,78,58,58],"gold":364,"neow_bonus":"THREE_CARDS","is_daily":false,"chose_seed":false,"campfire_upgraded":5,"win_rate":0.0,"timestamp":1613595822,"path_taken":["M","M","?","?","M","M","E","R","T","R","E","?","?","E","R","BOSS","M","$","M","$","?","E","M","?","T","M","?","R","?","M","R","BOSS","M","?"],"items_purchased_type":["Relic","Card"],"build_version":"2020-12-22","purchased_purges":2,"victory":false,"max_hp_per_floor":[66,66,66,66,67,67,67,67,67,67,67,67,67,67,67,68,68,68,68,68,68,68,68,68,73,73,73,73,73,76,78,78,78,78,78,78,78],"card_choices":[{"not_picked":["animator:MaesHughes","animator:Shinoa","animator:Yuuichirou"],"picked":"SKIP","floor":1},{"not_picked":["animator:Shigure","animator:KyokoSakura"],"picked":"animator:SayakaMiki","floor":2},{"not_picked":["animator:IrohaTamaki","animator:Kuribayashi"],"picked":"animator:YachiyoNanami","floor":5},{"not_picked":["animator:IrohaTamaki","animator:YachiyoNanami"],"picked":"animator:SayakaMiki","floor":6},{"not_picked":["animator:Yoichi","animator:Shalltear"],"picked":"animator:Togame","floor":7},{"not_picked":["animator:Witch","animator:UneriGinkaku","animator:Spearman"],"picked":"SKIP","floor":11},{"not_picked":["animator:UneriGinkaku","animator:Emonzaemon"],"picked":"animator:Mikaela","floor":13},{"not_picked":["animator:OrikoMikuni","animator:IrohaTamaki"],"picked":"animator:NagisaMomoe","floor":14},{"not_picked":["animator:SwordMaiden","animator:Biyorigo"],"picked":"animator:HomuraAkemi","floor":16},{"not_picked":["animator:Evileye","animator:ZankiKiguchi","animator:PandorasActor+1"],"picked":"SKIP","floor":18},{"not_picked":["animator:Kuribayashi","animator:MaesHughes+1","animator:ZankiKiguchi"],"picked":"SKIP","floor":20},{"not_picked":["animator:DwarfShaman","animator:MaesHughes","animator:Shigure+1"],"picked":"SKIP","floor":23},{"not_picked":["animator:OrikoMikuni","animator:MamiTomoe"],"picked":"animator:SuzuneAmano","floor":24},{"not_picked":["animator:PandorasActor+1","animator:Sebas","animator:Mitsuba"],"picked":"SKIP","floor":27},{"not_picked":["animator:KyokoSakura","animator:ZankiKiguchi"],"picked":"animator:Kyubey","floor":31},{"not_picked":["animator:Yuuichirou","animator:Konayuki","animator:Priestess+1"],"picked":"SKIP","floor":35}],"player_experience":348196,"relics_obtained":[{"floor":7,"key":"Mercury Hourglass"},{"floor":11,"key":"aspiration:ChemicalBlood"},{"floor":14,"key":"DemoMod:ResourcefulSack"},{"floor":23,"key":"Vajra"},{"floor":26,"key":"conspire:TopHat"},{"floor":28,"key":"Replay:Bottled Snecko"}],"event_choices":[{"damage_healed":0,"gold_gain":75,"player_choice":"Gather Gold","damage_taken":11,"max_hp_gain":0,"max_hp_loss":0,"event_name":"World of Goop","floor":4,"gold_loss":0},{"damage_healed":0,"gold_gain":0,"player_choice":"Shed Blood","damage_taken":17,"max_hp_gain":5,"max_hp_loss":0,"event_name":"Forgotten Altar","floor":25,"gold_loss":0}],"is_beta":false,"boss_relics":[{"not_picked":["Replay:Wanted Poster","Black Star"],"picked":"aspiration:FutureDiary"},{"not_picked":["reliquary:KinkedSpring","animator:CrumblingOrb"],"picked":"Kintsugi"}],"items_purged_floors":[12,19],"is_endless":false,"potions_floor_spawned":[2,6,13,14,20,23,27,31],"killed_by":"conspire:MimicChest","ascension_level":0}}