{"host":"5agrj1fd4s00r127","time":1613554921,"event":{"mods":["BaseMod","Minty Spire (QoL Compilation)","StSLib"],"gold_per_floor":[113,126,126,141,154,180,198,198,268,285,317,317,345,361,361,465,465,483,500,518,443,461,496,496,524,572,572,587,587,597,624,624,726,726,742,742,508,508,608,639,639,439,516,528,552,564,576,588,588],"floor_reached":48,"language":"RUS","playtime":1764,"items_purged":["Writhe","Strike_B"],"score":590,"play_id":"ed43624f-c0aa-4a4d-868b-35f49f11c5f4","local_time":"20210217114201","is_ascension_mode":false,"campfire_choices":[{"floor":8,"key":"REST"},{"data":"Buffer","floor":12,"key":"SMITH"},{"data":"Consume","floor":15,"key":"SMITH"},{"floor":24,"key":"REST"},{"data":"Echo Form","floor":29,"key":"SMITH"},{"floor":32,"key":"REST"},{"floor":46,"key":"REST"}],"circlet_count":0,"master_deck":["Strike_B","Defend_B","Defend_B","Defend_B","Defend_B","Zap+1","Dualcast","Sweeping Beam","Genetic Algorithm","Cold Snap","Electrodynamics","Consume+1","Storm","Loop","Ball Lightning","Buffer+1","Steam Power","Tempest","Echo Form+1","Turbo+1","Capacitor","Lockon","Conserve Battery+1","Loop","BootSequence+1","Redo","Thunder Strike","Self Repair+1","Heatsinks","Chaos+1"],"relics":["Cracked Core","Strawberry","Pear","Pocketwatch","Tiny Chest","Sozu","Smiling Mask","Torii","Vajra","Juzu Bracelet","Inserter","Omamori","Kunai","Eternal Feather","PreservedInsect","ClockworkSouvenir","Bottled Lightning","MawBank"],"acts_visited":["Exordium","TheCity","TheBeyond"],"potions_floor_usage":[11,13,16,20],"damage_taken":[{"damage":1,"enemies":"Cultist","floor":1,"turns":3},{"damage":2,"enemies":"Small Slimes","floor":2,"turns":3},{"damage":4,"enemies":"Jaw Worm","floor":4,"turns":3},{"damage":5,"enemies":"Looter","floor":5,"turns":3},{"damage":4,"enemies":"3 Sentries","floor":6,"turns":3},{"damage":9,"enemies":"Gremlin Gang","floor":7,"turns":2},{"damage":8,"enemies":"Red Slaver","floor":10,"turns":4},{"damage":2,"enemies":"Lagavulin","floor":11,"turns":5},{"damage":3,"enemies":"Gremlin Nob","floor":13,"turns":3},{"damage":0,"enemies":"2 Fungi Beasts","floor":14,"turns":3},{"damage":21,"enemies":"The Guardian","floor":16,"turns":9},{"damage":5,"enemies":"Shell Parasite","floor":18,"turns":5},{"damage":0,"enemies":"2 Thieves","floor":19,"turns":2},{"damage":28,"enemies":"Shelled Parasite and Fungi","floor":20,"turns":5},{"damage":9,"enemies":"Centurion and Healer","floor":22,"turns":3},{"damage":8,"enemies":"Slavers","floor":23,"turns":4},{"damage":21,"enemies":"Book of Stabbing","floor":25,"turns":5},{"damage":0,"enemies":"Sentry and Sphere","floor":28,"turns":4},{"damage":15,"enemies":"Snake Plant","floor":30,"turns":4},{"damage":25,"enemies":"Gremlin Leader","floor":31,"turns":5},{"damage":31,"enemies":"Collector","floor":33,"turns":6},{"damage":32,"enemies":"3 Darklings","floor":35,"turns":3},{"damage":80,"enemies":"Reptomancer","floor":40,"turns":7},{"damage":1,"enemies":"3 Shapes","floor":44,"turns":3},{"damage":105,"enemies":"2 Orb Walkers","floor":48,"turns":5}],"seed_played":"-4789883101724437365","potions_obtained":[{"floor":1,"key":"FairyPotion"},{"floor":4,"key":"Fire Potion"},{"floor":10,"key":"Fire Potion"},{"floor":11,"key":"EssenceOfDarkness"},{"floor":14,"key":"Fruit Juice"}],"is_trial":false,"path_per_floor":["M","M","?","M","M","E","M","R","T","M","E","R","E","M","R","B",null,"M","M","M","?","M","E","R","E","T","?","M","R","M","E","R","B",null,"M","?","$","T","?","E","?","$","T","M","T","R","?","?"],"character_chosen":"DEFECT","items_purchased":["Omamori","Heatsinks","ClockworkSouvenir"],"campfire_rested":4,"item_purchase_floors":[37,37,42],"current_hp_per_floor":[74,72,57,53,48,51,42,66,76,68,66,66,63,63,63,47,97,92,92,64,64,55,47,76,55,55,87,87,87,72,47,76,45,97,65,89,89,89,89,19,19,19,19,18,18,65,65,0,0],"gold":588,"neow_bonus":"THREE_CARDS","is_daily":false,"chose_seed":false,"campfire_upgraded":3,"win_rate":0.0,"timestamp":1613554921,"path_taken":["M","?","?","M","M","E","M","R","T","M","E","R","E","M","R","BOSS","M","M","M","?","M","E","R","E","T","?","M","R","M","E","R","BOSS","M","?","$","?","?","E","?","?","T","M","?","R","?","?"],"items_purchased_type":["Relic","Card","Relic"],"build_version":"2020-12-22","purchased_purges":2,"victory":false,"max_hp_per_floor":[75,75,75,75,75,82,82,82,92,92,92,92,92,92,92,97,97,97,97,97,97,97,97,97,97,97,97,97,97,97,97,97,97,97,97,97,97,97,97,97,97,97,97,97,97,97,97,97,97],"card_choices":[{"not_picked":["Force Field","Sunder"],"picked":"Sweeping Beam","floor":0},{"not_picked":["Steam","Leap"],"picked":"Genetic Algorithm","floor":1},{"not_picked":["Compile Driver","Sweeping Beam"],"picked":"Cold Snap","floor":2},{"not_picked":["Ball Lightning","Compile Driver"],"picked":"Electrodynamics","floor":4},{"not_picked":["Compile Driver","Force Field"],"picked":"Consume","floor":5},{"not_picked":["Undo","FTL"],"picked":"Storm","floor":6},{"not_picked":["Barrage","Ball Lightning"],"picked":"Loop","floor":7},{"not_picked":["BootSequence","Chill"],"picked":"Ball Lightning","floor":10},{"not_picked":["Redo","Hyperbeam"],"picked":"Buffer","floor":11},{"not_picked":["Hello World","Ball Lightning"],"picked":"Steam Power","floor":13},{"not_picked":["Chaos","Glacier"],"picked":"Tempest","floor":14},{"not_picked":["Biased Cognition","Creative AI"],"picked":"Echo Form","floor":16},{"not_picked":["Coolheaded","Stack"],"picked":"Turbo+1","floor":18},{"not_picked":["Hologram","Force Field"],"picked":"Capacitor","floor":19},{"not_picked":["Beam Cell+1","Auto Shields+1"],"picked":"Lockon","floor":20},{"not_picked":["Sweeping Beam","Consume","Rebound"],"picked":"SKIP","floor":22},{"not_picked":["Reprogram","Coolheaded+1"],"picked":"Conserve Battery+1","floor":23},{"not_picked":["Buffer","Gash"],"picked":"Loop","floor":25},{"not_picked":["Coolheaded+1","Double Energy"],"picked":"BootSequence+1","floor":28},{"not_picked":["Sweeping Beam+1","Streamline"],"picked":"Redo","floor":30},{"not_picked":["Streamline","Echo Form"],"picked":"Skim","floor":31},{"not_picked":["Hyperbeam","Fission"],"picked":"Thunder Strike","floor":33},{"not_picked":["BootSequence+1","Reinforced Body+1"],"picked":"Self Repair+1","floor":35},{"not_picked":["Sweeping Beam","Loop+1","Creative AI"],"picked":"SKIP","floor":40},{"not_picked":["Reprogram","Loop+1"],"picked":"Chaos+1","floor":44}],"player_experience":23361,"relics_obtained":[{"floor":6,"key":"Strawberry"},{"floor":9,"key":"Pear"},{"floor":11,"key":"Pocketwatch"},{"floor":13,"key":"Tiny Chest"},{"floor":23,"key":"Smiling Mask"},{"floor":25,"key":"Torii"},{"floor":26,"key":"Vajra"},{"floor":31,"key":"Juzu Bracelet"},{"floor":38,"key":"Kunai"},{"floor":40,"key":"Eternal Feather"},{"floor":43,"key":"Bottled Lightning"},{"floor":45,"key":"MawBank"}],"event_choices":[{"damage_healed":0,"gold_gain":0,"player_choice":"Entered Light","damage_taken":15,"max_hp_gain":0,"max_hp_loss":0,"event_name":"Shining Light","floor":3,"gold_loss":0,"cards_upgraded":["Strike_B","Zap"]},{"cards_removed":["Strike_B"],"damage_healed":0,"gold_gain":0,"player_choice":"Gave Gold","damage_taken":0,"max_hp_gain":0,"max_hp_loss":0,"event_name":"Beggar","floor":21,"gold_loss":75},{"damage_healed":32,"gold_gain":0,"player_choice":"Heal","damage_taken":0,"max_hp_gain":0,"max_hp_loss":0,"event_name":"The Library","floor":27,"gold_loss":0},{"damage_healed":24,"gold_gain":0,"player_choice":"Writhe","damage_taken":0,"max_hp_gain":0,"max_hp_loss":0,"event_name":"Winding Halls","floor":36,"gold_loss":0,"cards_obtained":["Writhe"]},{"damage_healed":0,"gold_gain":100,"player_choice":"Pray","damage_taken":0,"max_hp_gain":0,"max_hp_loss":0,"event_name":"Golden Shrine","floor":39,"gold_loss":0},{"cards_removed":["Skim"],"damage_healed":0,"gold_gain":0,"player_choice":"Gave Card","damage_taken":0,"relics_obtained":["PreservedInsect"],"max_hp_gain":0,"max_hp_loss":0,"event_name":"WeMeetAgain","floor":41,"gold_loss":0},{"cards_removed":["Strike_B"],"damage_healed":0,"gold_gain":0,"player_choice":"Removed Attack","damage_taken":0,"max_hp_gain":0,"max_hp_loss":0,"event_name":"Falling","floor":47,"gold_loss":0},{"damage_healed":0,"gold_gain":0,"player_choice":"Fight","damage_taken":0,"max_hp_gain":0,"max_hp_loss":0,"event_name":"Mysterious Sphere","floor":48,"gold_loss":0}],"is_beta":false,"boss_relics":[{"not_picked":["FrozenCore","Cursed Key"],"picked":"Sozu"},{"not_picked":["Velvet Choker","Snecko Eye"],"picked":"Inserter"}],"items_purged_floors":[37,42],"is_endless":false,"potions_floor_spawned":[1,4,10,11,14,18,22,28,30,33,40],"killed_by":"2 Orb Walkers","ascension_level":0}}