{"host":"l5n1ub3tb9uvq2cf","time":1613535432,"event":{"mods":["BaseMod","Colored Map","DeckTracker","Minty Spire (QoL Compilation)","Relic Stats","SuperFastMode"],"gold_per_floor":[367,384,39,4,15,47,47,62,62,95,111,128,140,159,159,234,234,251,251,171,171],"floor_reached":20,"language":"KOR","playtime":615,"items_purged":["Regret"],"score":376,"play_id":"ec5c8029-1ec4-4857-9697-2aa5eb5eaab4","local_time":"20210217131712","is_ascension_mode":true,"campfire_choices":[{"data":"Bludgeon","floor":7,"key":"SMITH"},{"data":"Body Slam","floor":15,"key":"SMITH"}],"circlet_count":0,"master_deck":["AscendersBane","Bash","Power Through","Disarm","Carnage","Flash of Steel","Bludgeon+1","Inflame","Entrench","Body Slam+1","Offering","Sword Boomerang","Dropkick","Iron Wave","Searing Blow","Pummel","Double Tap","True Grit","Twin Strike","Perfected Strike","Shrug It Off"],"relics":["Burning Blood","Bird Faced Urn","InkBottle","Meat on the Bone","Pandora\u0027s Box"],"acts_visited":["Exordium","TheCity"],"potions_floor_usage":[6,10,16,18],"damage_taken":[{"damage":7,"enemies":"2 Louse","floor":1,"turns":3},{"damage":7,"enemies":"Small Slimes","floor":2,"turns":3},{"damage":0,"enemies":"Jaw Worm","floor":5,"turns":3},{"damage":8,"enemies":"Gremlin Nob","floor":6,"turns":3},{"damage":13,"enemies":"Looter","floor":8,"turns":3},{"damage":20,"enemies":"3 Sentries","floor":10,"turns":5},{"damage":3,"enemies":"Blue Slaver","floor":11,"turns":2},{"damage":4,"enemies":"2 Fungi Beasts","floor":12,"turns":3},{"damage":17,"enemies":"Exordium Thugs","floor":13,"turns":4},{"damage":7,"enemies":"3 Louse","floor":14,"turns":4},{"damage":29,"enemies":"The Guardian","floor":16,"turns":9},{"damage":28,"enemies":"Chosen","floor":18,"turns":5},{"damage":37,"enemies":"2 Thieves","floor":20,"turns":3}],"seed_played":"-3012626425910413310","potions_obtained":[{"floor":2,"key":"Regen Potion"},{"floor":5,"key":"AttackPotion"},{"floor":8,"key":"SteroidPotion"},{"floor":10,"key":"GamblersBrew"},{"floor":13,"key":"SkillPotion"},{"floor":14,"key":"Swift Potion"}],"is_trial":false,"path_per_floor":["M","M","$","?","M","E","R","M","T","E","M","M","M","M","R","B",null,"M","?","M"],"character_chosen":"IRONCLAD","items_purchased":["Disarm","Carnage","Flash of Steel"],"campfire_rested":0,"item_purchase_floors":[3,3,3],"current_hp_per_floor":[67,66,66,75,75,73,73,68,68,70,73,75,64,65,65,44,67,47,47,12,12],"gold":171,"neow_bonus":"TWO_FIFTY_GOLD","is_daily":false,"chose_seed":false,"campfire_upgraded":2,"win_rate":0.0,"timestamp":1613535432,"path_taken":["M","M","$","?","M","E","R","M","T","E","M","M","M","M","R","BOSS","M","?","M"],"items_purchased_type":["Card","Card","Card"],"build_version":"2020-12-22","purchased_purges":1,"victory":false,"max_hp_per_floor":[75,75,75,75,75,75,75,75,75,75,75,75,75,75,75,75,75,75,75,75,75],"relic_stats":{"counters":[13,50],"Bird Faced Urn":[12],"Pandora\u0027s Box":["Sword Boomerang","Dropkick","Iron Wave","Searing Blow","Pummel","Double Tap","True Grit","Twin Strike","Perfected Strike"],"obtain_stats":[{"Bird Faced Urn":6,"Pandora\u0027s Box":17,"Burning Blood":0,"InkBottle":9,"Meat on the Bone":10},{"Bird Faced Urn":4,"Pandora\u0027s Box":11,"Burning Blood":0,"InkBottle":5,"Meat on the Bone":6},{"Bird Faced Urn":12,"Pandora\u0027s Box":42,"Burning Blood":0,"InkBottle":15,"Meat on the Bone":20}],"Burning Blood":66,"InkBottle":[8],"Meat on the Bone":0},"card_choices":[{"not_picked":["Warcry","Seeing Red","Wild Strike"],"picked":"SKIP","floor":1},{"not_picked":["Thunderclap","Rampage"],"picked":"Power Through","floor":2},{"not_picked":["Metallicize","Wild Strike"],"picked":"Bludgeon","floor":5},{"not_picked":["Sword Boomerang","Spot Weakness"],"picked":"Inflame","floor":6},{"not_picked":["Perfected Strike","Havoc","Cleave"],"picked":"SKIP","floor":8},{"not_picked":["Hemokinesis","Double Tap","Spot Weakness"],"picked":"SKIP","floor":10},{"not_picked":["Heavy Blade","Inflame","Pommel Strike"],"picked":"SKIP","floor":11},{"not_picked":["Dark Embrace","Rage","Pommel Strike"],"picked":"SKIP","floor":12},{"not_picked":["Thunderclap","Armaments"],"picked":"Entrench","floor":13},{"not_picked":["Rampage","Intimidate"],"picked":"Body Slam","floor":14},{"not_picked":["Juggernaut","Brutality"],"picked":"Offering","floor":16},{"not_picked":["Pommel Strike","Disarm","True Grit"],"picked":"SKIP","floor":18}],"player_experience":1146476,"relics_obtained":[{"floor":6,"key":"Bird Faced Urn"},{"floor":9,"key":"InkBottle"},{"floor":10,"key":"Meat on the Bone"}],"event_choices":[{"damage_healed":18,"gold_gain":0,"player_choice":"Healed","damage_taken":0,"max_hp_gain":0,"max_hp_loss":0,"event_name":"The Cleric","floor":4,"gold_loss":35},{"damage_healed":0,"gold_gain":0,"player_choice":"Read","damage_taken":0,"max_hp_gain":0,"max_hp_loss":0,"event_name":"The Library","floor":19,"gold_loss":0,"cards_obtained":["Shrug It Off"]}],"is_beta":false,"boss_relics":[{"not_picked":["Runic Dome","Fusion Hammer"],"picked":"Pandora\u0027s Box"}],"items_purged_floors":[3],"is_endless":false,"potions_floor_spawned":[2,5,8,10,13,14],"killed_by":"2 Thieves","ascension_level":20}}