{"host":"pj05r22d3fegil3v","time":1613538109,"event":{"mods":["BaseMod","Better Altar","Better Match","Better Note","Better Sensory Stone","Better Skull","Better Third Choice","BetterRewards","Card Filter","Colored Powertips","Curses Come First","Custom Start","DeckTracker","Displayed Cursed Tome","Evolution","Minty Spire (QoL Compilation)","Quick Restart","Rare Cards Sparkle","Relic Filter Mod","Smile Girya","StSLib","Weighted Paths","everything is the same but u backflip on backflip","slay the spire mod where everything is the same but ironclad has a cowboy hat"],"gold_per_floor":[117,117,117,134,154,154,179,179,179,189,208,225,125,188,188,290,290,303,332,332,350,330,357,357,357,357],"floor_reached":25,"language":"ENG","playtime":2036,"items_purged":["Strike_G","Strike_G"],"score":362,"play_id":"f995cbde-1c05-4735-99d0-cb9ed360f58b","local_time":"20210217000149","is_ascension_mode":true,"campfire_choices":[{"data":"Footwork","floor":6,"key":"SMITH"},{"data":"Footwork","floor":8,"key":"SMITH"},{"data":"Outmaneuver","floor":15,"key":"SMITH"},{"data":"Tools of the Trade","floor":24,"key":"SMITH"}],"circlet_count":0,"master_deck":["Dagger Throw","Strike_G","Strike_G","Defend_G","Defend_G","Defend_G","Defend_G","Survivor","Neutralize","Footwork+1","Dash","Backflip","Quick Slash","Dagger Spray","Footwork+1","Outmaneuver+1","Dodge and Roll","Grand Finale","Outmaneuver+1","Skewer","Tools of the Trade+1","Noxious Fumes","Footwork+1","Grand Finale"],"relics":["Ring of the Snake","EVO:Axolotl","Prayer Wheel","Mango","Pear","HoveringKite","Red Mask","Meat on the Bone"],"acts_visited":["Exordium","TheCity"],"potions_floor_usage":[14,14,19,23],"damage_taken":[{"damage":0,"enemies":"Jaw Worm","floor":1,"turns":7},{"damage":0,"enemies":"Small Slimes","floor":4,"turns":4},{"damage":0,"enemies":"2 Louse","floor":5,"turns":3},{"damage":10,"enemies":"3 Sentries","floor":7,"turns":9},{"damage":0,"enemies":"Large Slime","floor":10,"turns":7},{"damage":1,"enemies":"2 Fungi Beasts","floor":11,"turns":4},{"damage":6,"enemies":"Gremlin Gang","floor":12,"turns":4},{"damage":0,"enemies":"Lagavulin Event","floor":14,"turns":11},{"damage":9,"enemies":"The Guardian","floor":16,"turns":13},{"damage":0,"enemies":"3 Byrds","floor":18,"turns":3},{"damage":28,"enemies":"Masked Bandits","floor":19,"turns":9},{"damage":4,"enemies":"Spheric Guardian","floor":21,"turns":8},{"damage":23,"enemies":"Slavers","floor":23,"turns":7},{"damage":49,"enemies":"Gremlin Leader","floor":25,"turns":6}],"seed_played":"1874812906958308065","potions_obtained":[{"floor":4,"key":"DuplicationPotion"},{"floor":5,"key":"Swift Potion"},{"floor":12,"key":"SmokeBomb"},{"floor":16,"key":"Energy Potion"},{"floor":21,"key":"DistilledChaos"},{"floor":22,"key":"GamblersBrew"},{"floor":23,"key":"GamblersBrew"}],"is_trial":false,"path_per_floor":["M","?","?","M","M","R","E","R","T","M","M","M","$","?","R","B",null,"M","?","?","M","?","E","R","E"],"character_chosen":"THE_SILENT","items_purchased":["Footwork","Dash"],"campfire_rested":0,"item_purchase_floors":[0,0],"current_hp_per_floor":[70,75,75,75,75,75,65,65,79,79,78,72,72,82,82,73,99,99,71,71,67,67,44,44,0,0],"gold":357,"neow_bonus":"","is_daily":false,"chose_seed":false,"campfire_upgraded":4,"win_rate":0.0,"timestamp":1613538109,"path_taken":["M","?","?","M","M","R","E","R","T","M","M","M","$","?","R","BOSS","M","?","?","?","?","E","R","E"],"items_purchased_type":["Card","Card"],"build_version":"2020-12-22","purchased_purges":2,"victory":false,"max_hp_per_floor":[70,75,75,75,75,75,75,75,89,89,89,89,89,99,99,99,99,99,99,99,99,99,99,99,99,99],"card_choices":[{"not_picked":["Skewer","Deflect"],"picked":"Backflip","floor":1},{"not_picked":["Masterful Stab","Acrobatics"],"picked":"Quick Slash","floor":4},{"not_picked":["Riddle With Holes","Flying Knee"],"picked":"Dagger Spray","floor":5},{"not_picked":["Sucker Punch","Blade Dance"],"picked":"Footwork","floor":7},{"not_picked":["Poisoned Stab","Choke"],"picked":"Outmaneuver","floor":10},{"not_picked":["Deadly Poison","Sucker Punch"],"picked":"Dodge and Roll","floor":10},{"not_picked":["Eviscerate","Dagger Throw"],"picked":"Grand Finale","floor":11},{"not_picked":["Sucker Punch","Choke","Distraction"],"picked":"SKIP","floor":11},{"not_picked":["Prepared","Flechettes"],"picked":"Outmaneuver","floor":12},{"not_picked":["Concentrate","Accuracy"],"picked":"Skewer","floor":12},{"not_picked":["Venomology","Phantasmal Killer"],"picked":"Tools of the Trade","floor":16},{"not_picked":["Slice+1","Blur"],"picked":"Noxious Fumes","floor":18},{"not_picked":["Prepared","Blade Dance+1","Setup"],"picked":"SKIP","floor":18},{"not_picked":["Crippling Poison","Dodge and Roll"],"picked":"Footwork+1","floor":19},{"not_picked":["Deadly Poison","Slice+1","Finisher"],"picked":"SKIP","floor":21},{"not_picked":["Blade Dance","Deflect+1","Bane"],"picked":"SKIP","floor":21},{"not_picked":["Slice+1","Acrobatics"],"picked":"Grand Finale","floor":23}],"player_experience":129291,"relics_obtained":[{"floor":7,"key":"Prayer Wheel"},{"floor":9,"key":"Mango"},{"floor":19,"key":"Red Mask"},{"floor":23,"key":"Meat on the Bone"}],"event_choices":[{"damage_healed":0,"gold_gain":0,"player_choice":"Donut","damage_taken":0,"max_hp_gain":5,"max_hp_loss":0,"event_name":"Big Fish","floor":2,"gold_loss":0},{"cards_removed":["Defend_G"],"damage_healed":0,"gold_gain":0,"player_choice":"Forget","damage_taken":0,"max_hp_gain":0,"max_hp_loss":0,"event_name":"Living Wall","floor":3,"gold_loss":0},{"damage_healed":0,"gold_gain":0,"player_choice":"Searched \u00273\u0027 times","damage_taken":0,"relics_obtained":["Pear"],"max_hp_gain":0,"max_hp_loss":0,"event_name":"Dead Adventurer","floor":14,"gold_loss":0},{"damage_healed":0,"gold_gain":0,"player_choice":"Fought Bandits","damage_taken":0,"max_hp_gain":0,"max_hp_loss":0,"event_name":"Masked Bandits","floor":19,"gold_loss":0},{"damage_healed":0,"gold_gain":0,"player_choice":"Upgraded","damage_taken":0,"max_hp_gain":0,"max_hp_loss":0,"event_name":"Upgrade Shrine","floor":20,"gold_loss":0,"cards_upgraded":["Outmaneuver"]},{"damage_healed":0,"gold_gain":0,"player_choice":"Bought 1 Potion","damage_taken":0,"max_hp_gain":0,"max_hp_loss":0,"event_name":"The Woman in Blue","floor":22,"gold_loss":0}],"is_beta":false,"boss_relics":[{"not_picked":["SlaversCollar","Pandora\u0027s Box"],"picked":"HoveringKite"}],"items_purged_floors":[0,13],"is_endless":false,"potions_floor_spawned":[4,5,12,16,21,23],"killed_by":"Gremlin Leader","ascension_level":1}}