{"host":"a1eatafr7pisesky","time":1613570156,"event":{"mods":["AchievementEnabler","BaseMod","Colored Map","Keyboard Shortcuts","Minty Spire (QoL Compilation)","Say the Spire","StSLib","SuperFastMode","everything is the same but u backflip on backflip"],"gold_per_floor":[110,110,110,124,124,124,185,217,242,253,265,265,287,55,55,134,134,150,167,86,97,97,97,97,130,130,130,130,130],"floor_reached":28,"language":"KOR","playtime":467,"items_purged":["Strike_R"],"score":456,"play_id":"98f14028-9ae3-4417-9683-a70dcf6dbf78","local_time":"20210217225556","is_ascension_mode":true,"campfire_choices":[{"data":"Bash","floor":6.0,"key":"SMITH"},{"floor":12.0,"key":"REST"},{"data":"Burning Pact","floor":15.0,"key":"SMITH"},{"floor":23.0,"key":"REST"},{"floor":27,"key":"REST"}],"circlet_count":0,"master_deck":["AscendersBane","Strike_R","Strike_R","Defend_R","Defend_R+1","Defend_R+1","Defend_R","Bash+1","Thunderclap","Flex","Burning Pact+1","Wild Strike","Fire Breathing","Corruption","Sentinel","Feel No Pain","Dropkick","Sentinel"],"relics":["Burning Blood","NeowsBlessing","Gremlin Horn","War Paint","Omamori","Pen Nib","Odd Mushroom","OrangePellets","Sozu","Bottled Flame","The Courier"],"acts_visited":["Exordium","TheCity"],"potions_floor_usage":[],"damage_taken":[{"damage":0.0,"enemies":"2 Louse","floor":1.0,"turns":1.0},{"damage":0.0,"enemies":"Jaw Worm","floor":4.0,"turns":1.0},{"damage":0.0,"enemies":"Lagavulin Event","floor":7.0,"turns":1.0},{"damage":60.0,"enemies":"Lagavulin","floor":8.0,"turns":6.0},{"damage":14.0,"enemies":"Small Slimes","floor":10.0,"turns":5.0},{"damage":0.0,"enemies":"Looter","floor":11.0,"turns":1.0},{"damage":18.0,"enemies":"The Mushroom Lair","floor":13.0,"turns":3.0},{"damage":21.0,"enemies":"Slime Boss","floor":16.0,"turns":8.0},{"damage":19.0,"enemies":"Spheric Guardian","floor":18.0,"turns":4.0},{"damage":30.0,"enemies":"3 Byrds","floor":19.0,"turns":4.0},{"damage":21.0,"enemies":"3 Cultists","floor":21.0,"turns":5.0},{"damage":22,"enemies":"Gremlin Leader","floor":25,"turns":7},{"damage":40,"enemies":"Slavers","floor":28,"turns":3}],"seed_played":"-4485375082064367233","potions_obtained":[{"floor":1.0,"key":"SneckoOil"},{"floor":4.0,"key":"Fire Potion"},{"floor":8.0,"key":"FearPotion"}],"is_trial":false,"path_per_floor":["M","?","T","M","?","R","?","E","T","M","M","R","?","$","R","B",null,"M","M","$","M","$","R","?","E","T","R","E"],"character_chosen":"IRONCLAD","items_purchased":["OrangePellets","Feel No Pain"],"campfire_rested":3,"item_purchase_floors":[14,20],"current_hp_per_floor":[74,67,67,73,73,73,75,21,21,13,19,41,29,29,29,14,60,47,23,23,8,8,30,30,14,14,36,0,0],"gold":130,"neow_bonus":"THREE_ENEMY_KILL","is_daily":false,"chose_seed":false,"campfire_upgraded":2,"win_rate":0.0,"timestamp":1613570156,"path_taken":["M","?","?","M","?","R","?","E","T","M","M","R","?","?","R","BOSS","M","?","$","M","$","R","?","E","T","R","E"],"items_purchased_type":["Relic","Card"],"build_version":"2020-12-22","purchased_purges":1,"victory":false,"max_hp_per_floor":[75,75,75,75,75,75,75,75,75,75,75,75,75,75,75,75,75,75,75,75,75,75,75,75,75,75,75,75,75],"card_choices":[{"not_picked":["Flame Barrier","Pommel Strike","Flex"],"picked":"SKIP","floor":1.0},{"not_picked":["Seeing Red","Infernal Blade"],"picked":"Thunderclap","floor":4.0},{"not_picked":["Havoc","Warcry"],"picked":"Flex","floor":7.0},{"not_picked":["Armaments","Shrug It Off"],"picked":"Burning Pact","floor":8.0},{"not_picked":["Warcry","Sever Soul"],"picked":"Wild Strike","floor":10.0},{"not_picked":["Perfected Strike","Searing Blow","Clash"],"picked":"SKIP","floor":11.0},{"not_picked":["Flex","Warcry"],"picked":"Fire Breathing","floor":13.0},{"not_picked":["Fiend Fire","Barricade"],"picked":"Corruption","floor":16.0},{"not_picked":["Iron Wave","Anger","Battle Trance"],"picked":"SKIP","floor":18.0},{"not_picked":["Power Through","Pummel"],"picked":"Sentinel","floor":19.0},{"not_picked":["Headbutt","Wild Strike"],"picked":"Dropkick","floor":21.0},{"not_picked":["Body Slam+1","Perfected Strike+1"],"picked":"Sentinel","floor":25}],"player_experience":465885,"relics_obtained":[{"floor":3.0,"key":"Gremlin Horn"},{"floor":7.0,"key":"War Paint"},{"floor":8.0,"key":"Omamori"},{"floor":9.0,"key":"Pen Nib"},{"floor":13.0,"key":"Odd Mushroom"},{"floor":25,"key":"Bottled Flame"},{"floor":26,"key":"The Courier"}],"event_choices":[{"cards_removed":["Strike_R"],"damage_healed":0.0,"max_hp_gain":0.0,"max_hp_loss":0.0,"gold_gain":0.0,"event_name":"Golden Wing","player_choice":"Card Removal","floor":2.0,"gold_loss":0.0,"damage_taken":7.0},{"cards_removed":["Strike_R"],"damage_healed":0.0,"max_hp_gain":0.0,"max_hp_loss":0.0,"gold_gain":0.0,"event_name":"Living Wall","player_choice":"Forget","floor":5.0,"gold_loss":0.0,"damage_taken":0.0},{"damage_healed":0.0,"max_hp_gain":0.0,"max_hp_loss":0.0,"gold_gain":30.0,"event_name":"Dead Adventurer","player_choice":"Searched \u00272\u0027 times","floor":7.0,"gold_loss":0.0,"damage_taken":0.0},{"damage_healed":0.0,"max_hp_gain":0.0,"max_hp_loss":0.0,"gold_gain":0.0,"event_name":"Mushrooms","player_choice":"Fought Mushrooms","floor":13.0,"gold_loss":0.0,"damage_taken":0.0},{"damage_healed":0.0,"max_hp_gain":0.0,"max_hp_loss":0.0,"gold_gain":0.0,"event_name":"Ghosts","player_choice":"Ignored","floor":24.0,"gold_loss":0.0,"damage_taken":0.0}],"is_beta":false,"boss_relics":[{"not_picked":["Runic Cube","Busted Crown"],"picked":"Sozu"}],"items_purged_floors":[14],"is_endless":false,"potions_floor_spawned":[1,4,8,18,19],"killed_by":"Slavers","ascension_level":19}}