{"host":"jwpp8hxpigr0nknu","time":1613534562,"event":{"mods":["BaseMod","BetterRewards","Colored Map","Colored Powertips","Minty Spire (QoL Compilation)","Rare Cards Sparkle","Shop Mod","StSLib"],"gold_per_floor":[116,116,116,116,132,163,197,197,197],"floor_reached":8,"language":"ENG","playtime":892,"items_purged":[],"score":129,"play_id":"dc17c432-b006-4b85-89ed-9e8bab3f8192","local_time":"20210216220242","daily_mods":["Draft","Green Cards","Purple Cards","Heirloom","Flight","DeadlyEvents","Elite Swarm"],"is_ascension_mode":true,"campfire_choices":[],"circlet_count":0,"master_deck":["Prepared","EmptyMind","PathToVictory","PathToVictory","PathToVictory","ThirdEye","Acrobatics","Escape Plan","Poisoned Stab+1","Bouncing Flask+1","Evaluate","Meditate","PiercingWail","Expertise","ThirdEye","Venomology","Burst"],"relics":["Ring of the Snake","Shovel","Golden Idol","Anchor","Whetstone"],"acts_visited":["Exordium"],"potions_floor_usage":[8],"damage_taken":[{"damage":0.0,"enemies":"Jaw Worm","floor":1.0,"turns":3.0},{"damage":13.0,"enemies":"Small Slimes","floor":5.0,"turns":3.0},{"damage":0.0,"enemies":"Lagavulin","floor":6.0,"turns":4.0},{"damage":22.0,"enemies":"Gremlin Nob","floor":7.0,"turns":3.0},{"damage":17,"enemies":"3 Sentries","floor":8,"turns":2}],"seed_played":"7840171907740808396","potions_obtained":[{"floor":1.0,"key":"CunningPotion"},{"floor":5.0,"key":"Energy Potion"}],"is_trial":true,"path_per_floor":["M","?","?","?","M","E","E","E"],"character_chosen":"THE_SILENT","items_purchased":[],"campfire_rested":0,"item_purchase_floors":[],"current_hp_per_floor":[63,63,68,50,37,37,15,0,0],"gold":197,"neow_bonus":"","is_daily":false,"chose_seed":false,"campfire_upgraded":0,"win_rate":0.0,"timestamp":1613534562,"path_taken":["M","?","?","?","?","E","E","E"],"items_purchased_type":[],"build_version":"2020-12-22","purchased_purges":0,"victory":false,"max_hp_per_floor":[70,70,75,75,75,75,75,75,75],"card_choices":[{"not_picked":["BattleHymn","EmptyFist"],"picked":"Prepared","floor":0.0},{"not_picked":["PiercingWail","Adaptation"],"picked":"EmptyMind","floor":0.0},{"not_picked":["WreathOfFlame","Crescendo"],"picked":"PathToVictory","floor":0.0},{"not_picked":["Consecrate","FlyingSleeves"],"picked":"PathToVictory","floor":0.0},{"not_picked":["FlyingSleeves","Distraction"],"picked":"PathToVictory","floor":0.0},{"not_picked":["ClearTheMind","Poisoned Stab"],"picked":"ThirdEye","floor":0.0},{"not_picked":["Tantrum","Caltrops"],"picked":"Acrobatics","floor":0.0},{"not_picked":["Deflect","ThirdEye"],"picked":"Escape Plan","floor":0.0},{"not_picked":["Dagger Spray","Sucker Punch"],"picked":"Poisoned Stab","floor":0.0},{"not_picked":["Deadly Poison","Prostrate"],"picked":"Bouncing Flask","floor":0.0},{"not_picked":["BowlingBash","Crescendo"],"picked":"Evaluate","floor":0.0},{"not_picked":["Blade Dance","Tantrum"],"picked":"Meditate","floor":0.0},{"not_picked":["Dodge and Roll","FlurryOfBlows"],"picked":"PiercingWail","floor":0.0},{"not_picked":["Consecrate","Masterful Stab"],"picked":"Expertise","floor":0.0},{"not_picked":["Fasting2","Bane"],"picked":"ThirdEye","floor":0.0},{"not_picked":["Skewer","WreathOfFlame","Acrobatics"],"picked":"SKIP","floor":1.0},{"not_picked":["WindmillStrike","Sucker Punch","Endless Agony"],"picked":"SKIP","floor":5.0},{"not_picked":["Vault","Scrawl"],"picked":"Venomology","floor":6.0},{"not_picked":["Unload","Vault"],"picked":"Burst","floor":7.0}],"player_experience":397481,"relics_obtained":[{"floor":6.0,"key":"Anchor"},{"floor":7.0,"key":"Whetstone"}],"event_choices":[{"damage_healed":0.0,"max_hp_gain":0.0,"max_hp_loss":0.0,"gold_gain":0.0,"event_name":"Living Wall","player_choice":"Grow","floor":2.0,"gold_loss":0.0,"damage_taken":0.0,"cards_upgraded":["Bouncing Flask"]},{"damage_healed":0.0,"max_hp_gain":5.0,"max_hp_loss":0.0,"gold_gain":0.0,"event_name":"Big Fish","player_choice":"Donut","floor":3.0,"gold_loss":0.0,"damage_taken":0.0},{"damage_healed":0.0,"max_hp_gain":0.0,"max_hp_loss":0.0,"gold_gain":0.0,"event_name":"Golden Idol","player_choice":"Take Damage","floor":4.0,"gold_loss":0.0,"damage_taken":18.0,"relics_obtained":["Golden Idol"]}],"is_beta":false,"boss_relics":[],"items_purged_floors":[],"is_endless":true,"potions_floor_spawned":[1,5],"killed_by":"3 Sentries","ascension_level":9}}