{"host":"gyvm9iplrwbfzexe","time":1613597281,"event":{"mods":["BaseMod","Minty Spire (QoL Compilation)","StSLib"],"gold_per_floor":[114,114,114,37,37,37,70,86,86,119,132,146,189,68,68,192,192,205,205,220,120,144,177,191,191,191,191,191],"floor_reached":27,"language":"ENG","playtime":1646,"items_purged":["Strike_G","Strike_G"],"score":391,"play_id":"c9e9bce4-af33-4c59-a941-1f43127086d9","local_time":"20210217152801","is_ascension_mode":true,"campfire_choices":[{"data":"Infinite Blades","floor":6,"key":"SMITH"},{"data":"Blade Dance","floor":15,"key":"SMITH"},{"data":"Cloak And Dagger","floor":25,"key":"SMITH"}],"circlet_count":0,"master_deck":["Strike_G","Strike_G","Defend_G","Defend_G","Defend_G","Defend_G","Defend_G","Survivor","Neutralize","Blade Dance+1","Infinite Blades+1","Blur","Quick Slash","Cloak And Dagger+1","Blade Dance+1","Well Laid Plans","Cloak And Dagger","Footwork","Blade Dance","Backstab","Backflip","PiercingWail"],"relics":["Ring of the Snake","NeowsBlessing","Golden Idol","FossilizedHelix","Bag of Preparation","Pear","InkBottle","Lantern","SlaversCollar","WingedGreaves","Matryoshka"],"acts_visited":["Exordium","TheCity"],"potions_floor_usage":[13,22,23,23,27],"damage_taken":[{"damage":0,"enemies":"Jaw Worm","floor":1,"turns":1},{"damage":0,"enemies":"Gremlin Nob","floor":7,"turns":1},{"damage":0,"enemies":"Small Slimes","floor":8,"turns":1},{"damage":7,"enemies":"3 Sentries","floor":10,"turns":9},{"damage":0,"enemies":"Cultist","floor":11,"turns":3},{"damage":0,"enemies":"Large Slime","floor":12,"turns":3},{"damage":16,"enemies":"Lagavulin","floor":13,"turns":6},{"damage":0,"enemies":"Slime Boss","floor":16,"turns":9},{"damage":8,"enemies":"Spheric Guardian","floor":18,"turns":5},{"damage":25,"enemies":"2 Thieves","floor":20,"turns":4},{"damage":14,"enemies":"Cultist and Chosen","floor":22,"turns":10},{"damage":10,"enemies":"Book of Stabbing","floor":23,"turns":5},{"damage":6,"enemies":"Shelled Parasite and Fungi","floor":24,"turns":9},{"damage":27,"enemies":"Chosen and Byrds","floor":27,"turns":6}],"seed_played":"-5706640334034005427","potions_obtained":[{"floor":8,"key":"FearPotion"},{"floor":10,"key":"GhostInAJar"},{"floor":11,"key":"CunningPotion"},{"floor":22,"key":"LiquidBronze"},{"floor":23,"key":"Ancient Potion"},{"floor":24,"key":"Strength Potion"}],"is_trial":false,"path_per_floor":["M","?","?","$","T","R","E","M","T","E","M","M","E","$","R","B",null,"M","?","M","$","M","E","M","R","T","M"],"character_chosen":"THE_SILENT","items_purchased":["Infinite Blades","Cloak And Dagger"],"campfire_rested":0,"item_purchase_floors":[4,14],"current_hp_per_floor":[70,70,53,53,53,53,53,53,63,56,56,56,40,40,40,40,80,72,72,47,47,33,23,17,17,17,0,0],"gold":191,"neow_bonus":"THREE_ENEMY_KILL","is_daily":false,"chose_seed":false,"campfire_upgraded":3,"win_rate":0.0,"timestamp":1613597281,"path_taken":["M","?","?","$","?","R","E","M","T","E","M","?","E","$","R","BOSS","M","?","M","$","M","E","M","R","T","?"],"items_purchased_type":["Card","Card"],"build_version":"2020-12-22","purchased_purges":2,"victory":false,"max_hp_per_floor":[70,70,70,70,70,70,70,70,80,80,80,80,80,80,80,80,80,80,80,80,80,80,80,80,80,80,80,80],"card_choices":[{"not_picked":["Sucker Punch","Acrobatics"],"picked":"Blade Dance","floor":1},{"not_picked":["Endless Agony","Heel Hook"],"picked":"Blur","floor":7},{"not_picked":["Deadly Poison","Dodge and Roll"],"picked":"Quick Slash","floor":8},{"not_picked":["Distraction","Infinite Blades"],"picked":"Cloak And Dagger","floor":10},{"not_picked":["Slice","Footwork"],"picked":"Blade Dance","floor":11},{"not_picked":["Outmaneuver","Underhanded Strike","Concentrate"],"picked":"SKIP","floor":12},{"not_picked":["PiercingWail","Dash"],"picked":"Well Laid Plans","floor":13},{"not_picked":["Deadly Poison","Bane"],"picked":"Footwork","floor":18},{"not_picked":["Choke","Setup"],"picked":"Blade Dance","floor":20},{"not_picked":["Riddle With Holes","Sucker Punch"],"picked":"Backstab","floor":22},{"not_picked":["Die Die Die","Acrobatics+1"],"picked":"Backflip","floor":23},{"not_picked":["Endless Agony","Deadly Poison"],"picked":"PiercingWail","floor":24}],"player_experience":54965,"relics_obtained":[{"floor":5,"key":"FossilizedHelix"},{"floor":7,"key":"Bag of Preparation"},{"floor":9,"key":"Pear"},{"floor":10,"key":"InkBottle"},{"floor":13,"key":"Lantern"},{"floor":23,"key":"WingedGreaves"},{"floor":26,"key":"Matryoshka"}],"event_choices":[{"damage_healed":0,"gold_gain":0,"player_choice":"Grow","damage_taken":0,"max_hp_gain":0,"max_hp_loss":0,"event_name":"Living Wall","floor":2,"gold_loss":0,"cards_upgraded":["Blade Dance"]},{"damage_healed":0,"gold_gain":0,"player_choice":"Take Damage","damage_taken":17,"relics_obtained":["Golden Idol"],"max_hp_gain":0,"max_hp_loss":0,"event_name":"Golden Idol","floor":3,"gold_loss":0},{"cards_removed":["Strike_G"],"damage_healed":0,"gold_gain":0,"player_choice":"Offered Basic","damage_taken":0,"max_hp_gain":0,"max_hp_loss":0,"event_name":"Bonfire Elementals","floor":19,"gold_loss":0}],"is_beta":false,"boss_relics":[{"not_picked":["Busted Crown","Runic Dome"],"picked":"SlaversCollar"}],"items_purged_floors":[14,21],"is_endless":false,"potions_floor_spawned":[8,10,11,22,23,24],"killed_by":"Chosen and Byrds","ascension_level":4}}