{"host":"8rqsnaeml9gxb0kp","time":1613532494,"event":{"mods":["AchievementEnabler","BaseMod","Colored Powertips","Dark Map","Minty Spire (QoL Compilation)","Rare Cards Sparkle","Relic Stats","StSLib","slay the spire mod where everything is the same but ironclad has a cowboy hat"],"gold_per_floor":[118,80,98,118,128,128,157,157,157,157,157],"floor_reached":10,"language":"ENG","playtime":351,"items_purged":[],"score":133,"play_id":"d5b3aedf-ba80-4f90-a1fb-622408867449","local_time":"20210216192814","is_ascension_mode":true,"campfire_choices":[{"floor":6,"key":"REST"},{"floor":8,"key":"REST"}],"circlet_count":0,"master_deck":["AscendersBane","Strike_R","Strike_R","Strike_R","Strike_R","Strike_R","Defend_R","Defend_R","Defend_R","Defend_R","Bash","Wild Strike","Thunderclap","Sever Soul"],"relics":["Black Star","WingedGreaves","Kunai","Turnip"],"acts_visited":["Exordium"],"potions_floor_usage":[5,7,10],"damage_taken":[{"damage":10,"enemies":"Small Slimes","floor":1,"turns":6},{"damage":9,"enemies":"Jaw Worm","floor":3,"turns":5},{"damage":7,"enemies":"Cultist","floor":4,"turns":4},{"damage":36,"enemies":"Exordium Thugs","floor":5,"turns":7},{"damage":25,"enemies":"3 Sentries","floor":7,"turns":6},{"damage":32,"enemies":"Gremlin Nob","floor":10,"turns":3}],"seed_played":"6483160792881139326","potions_obtained":[{"floor":1,"key":"HeartOfIron"},{"floor":4,"key":"AttackPotion"},{"floor":7,"key":"PowerPotion"}],"is_trial":false,"path_per_floor":["M","?","M","M","M","R","E","R","T","E"],"character_chosen":"IRONCLAD","items_purchased":[],"campfire_rested":2,"item_purchase_floors":[],"current_hp_per_floor":[58,58,49,42,6,28,3,25,25,0,0],"gold":157,"neow_bonus":"BOSS_RELIC","is_daily":false,"chose_seed":false,"campfire_upgraded":0,"win_rate":0.0,"timestamp":1613532494,"path_taken":["M","?","M","M","M","R","E","R","T","E"],"items_purchased_type":[],"build_version":"2020-12-22","purchased_purges":0,"victory":false,"max_hp_per_floor":[75,75,75,75,75,75,75,75,75,75,75],"relic_stats":{"counters":[6,31],"Turnip":[0],"Black Star":1,"Kunai":[1],"obtain_stats":[{"WingedGreaves":7,"Turnip":9,"Black Star":0,"Kunai":7,"Burning Blood":0},{"WingedGreaves":5,"Turnip":5,"Black Star":0,"Kunai":5,"Burning Blood":0},{"WingedGreaves":28,"Turnip":28,"Black Star":0,"Kunai":28,"Burning Blood":0}]},"card_choices":[{"not_picked":["Entrench","Dark Embrace","Shrug It Off"],"picked":"SKIP","floor":1},{"not_picked":["Feel No Pain","Flex","Armaments"],"picked":"SKIP","floor":3},{"not_picked":["Sword Boomerang","True Grit"],"picked":"Wild Strike","floor":4},{"not_picked":["Metallicize","Seeing Red"],"picked":"Thunderclap","floor":5},{"not_picked":["Shrug It Off","Armaments"],"picked":"Sever Soul","floor":7}],"player_experience":263515,"relics_obtained":[{"floor":7,"key":"WingedGreaves"},{"floor":7,"key":"Kunai"},{"floor":9,"key":"Turnip"}],"event_choices":[{"damage_healed":0,"gold_gain":0,"player_choice":"Left Gold","damage_taken":0,"max_hp_gain":0,"max_hp_loss":0,"event_name":"World of Goop","floor":2,"gold_loss":38}],"is_beta":false,"boss_relics":[],"items_purged_floors":[],"is_endless":false,"potions_floor_spawned":[1,4,7],"killed_by":"Gremlin Nob","ascension_level":19}}