{"host":"uxjsgyia3bdyayt0","time":1613526670,"event":{"mods":["Act Like it!","BaseMod","Downfall","Gensokyo","Marisa（霧雨　魔理沙）","Minty Spire (QoL Compilation)","Prisma Mod","Reimu（博??梦）","Remilia（蕾米莉?）","StSLib","The Animator","The Servant 0.9.4","Yakumo Yukari mod","Youmu（魂魄妖梦）","Yuyuko"],"gold_per_floor":[112,62,75,8,8,33,49,49,73,290,290,300,300,300,415,415,426,426,426,426,92,92,117,117,117,94,105,105,105,122,122,122,122],"floor_reached":33,"language":"ENG","playtime":1734,"items_purged":[],"score":368,"play_id":"81884ca8-8082-4053-9f1f-0683017ec237","local_time":"20210217015110","is_ascension_mode":false,"campfire_choices":[{"data":"LuminesStrike","floor":8,"key":"SMITH"},{"data":"PulseMagic","floor":15,"key":"SMITH"},{"floor":23,"key":"REST"},{"floor":25,"key":"REST"},{"floor":30,"key":"REST"},{"floor":32,"key":"REST"}],"circlet_count":0,"master_deck":["Strike_MRS","Strike_MRS","Strike_MRS","Strike_MRS","Defend_MRS","Defend_MRS","Defend_MRS","Defend_MRS","MasterSpark","UpSweep","GrandCross","Gensokyo:BlessingOfFortitude+1","LuminesStrike+1","GasGiant","SporeBomb+1","GrandCross","OortCloud","Parasite","Parasite","PulseMagic+1","DragonMeteor","FinalSpark","IllusionStar","downfall:Haunted","downfall:Haunted","downfall:Icky","BinaryStars","Poor:ReiMu","SuperPerseids","EventHorizon+1","StarBarrage","JA","IllusionStar","DoubleSpark+1","CasketOfStar+1","Acceleration","GravityBeat","OpenUniverse","6A+1","OortCloud+1","BigCrunch"],"relics":["MiniHakkero","NeowsBlessing","Gensokyo:MarisaPhilosophersStone","War Paint","Dream Catcher","ShroomBag","Gensokyo:PortableGap","Frozen Egg 2","SlaversCollar","Du-Vu Doll","Blood Vial","Shuriken"],"acts_visited":["Gensokyo:Gensokyo","Gensokyo:Gensokyoer"],"potions_floor_usage":[],"damage_taken":[{"damage":0,"enemies":"Gensokyo:Gryphon","floor":1,"turns":1},{"damage":0,"enemies":"Gensokyo:Python","floor":3,"turns":1},{"damage":0,"enemies":"Gensokyo:Python","floor":5,"turns":1},{"damage":6,"enemies":"Gensokyo:Mamizou","floor":6,"turns":5},{"damage":8,"enemies":"Gensokyo:2_Kodama","floor":7,"turns":3},{"damage":0,"enemies":"Gensokyo:LivingMonolith","floor":10,"turns":2},{"damage":8,"enemies":"Gensokyo:CorruptedTreant","floor":13,"turns":1},{"damage":4,"enemies":"Gensokyo:Yukari","floor":16,"turns":10},{"damage":0,"enemies":"Gensokyo:2_Gloops","floor":18,"turns":3},{"damage":12,"enemies":"Gensokyo:3_Dogs","floor":24,"turns":4},{"damage":18,"enemies":"Gensokyo:Swordslinger","floor":28,"turns":3},{"damage":13,"enemies":"Gensokyo:Slime_Group","floor":31,"turns":2},{"damage":43,"enemies":"Gensokyo:Kaguya","floor":33,"turns":4}],"seed_played":"-8251759221720741373","potions_obtained":[{"floor":3,"key":"LiquidMemories"},{"floor":5,"key":"Strength Potion"},{"floor":7,"key":"FearPotion"},{"floor":16,"key":"champ:CounterPotion"},{"floor":24,"key":"AttackPotion"},{"floor":31,"key":"ColorlessPotion"}],"is_trial":false,"path_per_floor":["M","?","M","COS","?","E","M","R","T","M","?","M","T","R","B",null,"M","?","?","T","$","R","M","R","T","$","M","?","R","M","R","B"],"character_chosen":"MARISA","items_purchased":["SuperPerseids","EventHorizon+1","StarBarrage","JA","Acceleration"],"campfire_rested":4,"item_purchase_floors":[22,22,22,22,27],"current_hp_per_floor":[75,75,75,75,75,69,61,61,61,61,61,53,53,53,49,59,59,61,57,57,54,51,39,51,48,45,27,27,38,26,37,0,0],"gold":122,"neow_bonus":"THREE_ENEMY_KILL","is_daily":false,"chose_seed":false,"campfire_upgraded":2,"win_rate":0.0,"timestamp":1613526670,"path_taken":["M","?","M","COS","?","E","M","R","T","?","?","?","?","R","BOSS","M","?","?","?","?","R","?","R","T","?","M","?","R","M","R","BOSS"],"items_purchased_type":["Card","Card","Card","Card","Card"],"build_version":"2020-12-22","purchased_purges":0,"victory":false,"max_hp_per_floor":[75,75,75,75,75,75,75,75,75,75,65,62,59,59,59,59,59,61,57,57,54,51,51,51,48,45,42,39,39,39,39,39,39],"card_choices":[{"not_picked":["IllusionStar","WitchLeyline"],"picked":"GrandCross","floor":1},{"not_picked":["MagicAbsorber","GalacticHalo"],"picked":"LuminesStrike","floor":3},{"not_picked":["MachineGunSpark","GalacticHalo"],"picked":"SporeBomb","floor":5},{"not_picked":["GalacticHalo","LuminesStrike"],"picked":"GrandCross","floor":6},{"not_picked":["Occultation","MeteoricShower"],"picked":"OortCloud","floor":7},{"not_picked":["SporeBomb","GravityBeat"],"picked":"PulseMagic","floor":10},{"not_picked":["MagicAbsorber","AsteroidBelt"],"picked":"DragonMeteor","floor":13},{"not_picked":["SatelliteIllusion+1","EscapeVelocity+1"],"picked":"FinalSpark","floor":16},{"not_picked":["OneTimeOff","EventHorizon+1"],"picked":"IllusionStar","floor":18},{"not_picked":["WitchLeyline","MagicAbsorber"],"picked":"IllusionStar","floor":23},{"not_picked":["AsteroidBelt","WitchOfGreed+1"],"picked":"DoubleSpark+1","floor":24},{"not_picked":["UnstableBomb+1","Orbital"],"picked":"CasketOfStar+1","floor":25},{"not_picked":["DarkMatter","OpenUniverse"],"picked":"GravityBeat","floor":28},{"not_picked":["GasGiant","SuperPerseids"],"picked":"6A+1","floor":30},{"not_picked":["AsteroidBelt+1","Robbery"],"picked":"OortCloud+1","floor":31},{"not_picked":["ShootTheMoon+1","DeepEcoloBomb"],"picked":"BigCrunch","floor":32}],"player_experience":4741,"relics_obtained":[{"floor":5,"key":"Gensokyo:MarisaPhilosophersStone"},{"floor":6,"key":"War Paint"},{"floor":9,"key":"ShroomBag"},{"floor":14,"key":"Frozen Egg 2"},{"floor":26,"key":"Shuriken"}],"event_choices":[],"is_beta":false,"boss_relics":[{"not_picked":["Coffee Dripper","Empty Cage"],"picked":"SlaversCollar"}],"items_purged_floors":[],"is_endless":false,"potions_floor_spawned":[3,5,7,10,16,28,31],"killed_by":"Gensokyo:Kaguya","ascension_level":0}}