{"host":"v54ek091sdz7ha6h","time":1613584047,"event":{"mods":["BaseMod","Better Vampires","Colored Map","Colored Powertips","Custom Start","DeckTracker","Highlight Path","KOR Keyword Fix","Minty Spire (QoL Compilation)","Rare Cards Sparkle","Relic Stats","StSLib","SuperFastMode","everything is the same but u backflip on backflip"],"gold_per_floor":[363,380,52,52,70,97,97,109,109,109,123,142,170,170,170,246,246,261,276,289,204,204,204,236,236,263,263,2,12,46,46,46,122,122,133,133,152,169,183,216,231,231,256,278,318,330,342,342],"floor_reached":47,"language":"KOR","playtime":1321,"items_purged":["Defend_G","Strike_G"],"score":1124,"play_id":"c29f04c3-a96b-48e1-8aa8-8980597a3c68","local_time":"20210218024727","is_ascension_mode":true,"campfire_choices":[{"data":"Noxious Fumes","floor":7.0,"key":"SMITH"},{"data":"Blade Dance","floor":10.0,"key":"SMITH"},{"data":"Blade Dance","floor":15.0,"key":"SMITH"},{"data":"Prepared","floor":23.0,"key":"SMITH"},{"data":"Tactician","floor":25.0,"key":"SMITH"},{"floor":27.0,"key":"REST"},{"floor":32.0,"key":"REST"},{"floor":42.0,"key":"REST"}],"circlet_count":0,"master_deck":["AscendersBane","Strike_G","Strike_G","Defend_G","Defend_G","Defend_G","Defend_G+1","Survivor","Neutralize","Noxious Fumes+1","Blade Dance+1","Finisher","Masterful Stab","Backflip+1","Acrobatics+1","Blade Dance+1","Prepared+1","Corpse Explosion","Tactician","Tactician+1","Acrobatics","After Image","Panache","Purity","Eviscerate+1","Footwork","Malaise","After Image"],"relics":["Ring of the Snake","TheAbacus","Darkstone Periapt","Shuriken","StrikeDummy","Pear","HoveringKite","PreservedInsect","CaptainsWheel","War Paint","Bag of Preparation","Bottled Lightning","Empty Cage","Tingsha","MawBank","Blue Candle"],"acts_visited":["Exordium","TheCity","TheBeyond"],"potions_floor_usage":[],"damage_taken":[{"damage":4.0,"enemies":"Jaw Worm","floor":1.0,"turns":7.0},{"damage":6.0,"enemies":"Small Slimes","floor":2.0,"turns":5.0},{"damage":0.0,"enemies":"Cultist","floor":5.0,"turns":3.0},{"damage":6.0,"enemies":"Gremlin Nob","floor":6.0,"turns":3.0},{"damage":0.0,"enemies":"Blue Slaver","floor":8.0,"turns":2.0},{"damage":0.0,"enemies":"Exordium Wildlife","floor":11.0,"turns":3.0},{"damage":0.0,"enemies":"3 Louse","floor":12.0,"turns":3.0},{"damage":2.0,"enemies":"3 Sentries","floor":13.0,"turns":4.0},{"damage":16.0,"enemies":"Slime Boss","floor":16.0,"turns":5.0},{"damage":16.0,"enemies":"Shell Parasite","floor":18.0,"turns":4.0},{"damage":6.0,"enemies":"3 Byrds","floor":19.0,"turns":3.0},{"damage":1.0,"enemies":"Cultist and Chosen","floor":20.0,"turns":3.0},{"damage":12.0,"enemies":"Gremlin Leader","floor":24.0,"turns":3.0},{"damage":6.0,"enemies":"Centurion and Healer","floor":29.0,"turns":4.0},{"damage":0.0,"enemies":"Slavers","floor":30.0,"turns":1.0},{"damage":13.0,"enemies":"Champ","floor":33.0,"turns":7.0},{"damage":9.0,"enemies":"3 Shapes","floor":35.0,"turns":4.0},{"damage":5.0,"enemies":"Orb Walker","floor":37.0,"turns":4.0},{"damage":0.0,"enemies":"Transient","floor":38.0,"turns":5.0},{"damage":2.0,"enemies":"3 Darklings","floor":39.0,"turns":2.0},{"damage":6.0,"enemies":"Reptomancer","floor":40.0,"turns":4.0},{"damage":23.0,"enemies":"4 Shapes","floor":41.0,"turns":3.0},{"damage":9.0,"enemies":"Sphere and 2 Shapes","floor":44.0,"turns":3.0},{"damage":20.0,"enemies":"Nemesis","floor":45.0,"turns":7.0},{"damage":26,"enemies":"Transient","floor":47,"turns":5}],"seed_played":"-3914944277932568283","potions_obtained":[{"floor":1.0,"key":"SkillPotion"},{"floor":8.0,"key":"Fire Potion"},{"floor":11.0,"key":"Energy Potion"},{"floor":13.0,"key":"SkillPotion"},{"floor":18.0,"key":"SmokeBomb"},{"floor":29.0,"key":"SkillPotion"},{"floor":33.0,"key":"SteroidPotion"},{"floor":35.0,"key":"EssenceOfSteel"},{"floor":38.0,"key":"FearPotion"},{"floor":40.0,"key":"Ancient Potion"}],"is_trial":false,"path_per_floor":["M","M","$","?","M","E","R","M","T","R","M","M","E","?","R","B",null,"M","M","M","?","T","R","E","R","T","R","$","M","E","?","R","B",null,"M","?","M","M","M","E","M","R","T","M","E","?","M"],"character_chosen":"THE_SILENT","items_purchased":["TheAbacus","Finisher","Bag of Preparation"],"campfire_rested":3,"item_purchase_floors":[3,3,28],"current_hp_per_floor":[55,49,49,44,44,38,38,38,38,38,38,38,46,46,46,30,60,44,38,37,37,37,37,25,25,25,46,46,40,40,20,42,29,64,55,50,45,45,43,37,14,36,36,27,7,7,0,0],"gold":342,"neow_bonus":"TWO_FIFTY_GOLD","is_daily":false,"chose_seed":false,"campfire_upgraded":5,"win_rate":0.0,"timestamp":1613584047,"path_taken":["M","M","$","?","M","E","R","M","T","R","M","M","E","?","R","BOSS","M","M","?","?","?","R","E","R","T","R","$","M","E","?","R","BOSS","M","?","M","M","M","E","M","R","T","M","E","?","M"],"items_purchased_type":["Relic","Card","Relic"],"build_version":"2020-12-22","purchased_purges":2,"victory":false,"max_hp_per_floor":[60,60,60,60,60,60,60,60,60,60,60,60,70,70,70,70,70,70,70,70,70,70,70,70,70,70,70,70,70,70,75,75,75,75,75,75,75,75,75,75,75,75,75,75,75,75,75,75],"relic_stats":{"Darkstone Periapt":0,"counters":[25,97],"Blue Candle":[1],"HoveringKite":[43],"Tingsha":[59],"PreservedInsect":200,"Bag of Preparation":[24],"War Paint":["Backflip","Defend_G"],"MawBank":48,"TheAbacus":[132],"Shuriken":[80],"obtain_stats":[{"Darkstone Periapt":4,"Pear":13,"Blue Candle":45,"HoveringKite":17,"Tingsha":40,"PreservedInsect":21,"Bag of Preparation":28,"War Paint":26,"Empty Cage":34,"MawBank":43,"CaptainsWheel":24,"TheAbacus":3,"Shuriken":6,"Bottled Lightning":30,"StrikeDummy":9,"Ring of the Snake":0},{"Darkstone Periapt":2,"Pear":8,"Blue Candle":24,"HoveringKite":9,"Tingsha":21,"PreservedInsect":12,"Bag of Preparation":13,"War Paint":13,"Empty Cage":16,"MawBank":22,"CaptainsWheel":13,"TheAbacus":2,"Shuriken":4,"Bottled Lightning":15,"StrikeDummy":5,"Ring of the Snake":0},{"Darkstone Periapt":12,"Pear":30,"Blue Candle":92,"HoveringKite":35,"Tingsha":79,"PreservedInsect":45,"Bag of Preparation":48,"War Paint":48,"Empty Cage":60,"MawBank":82,"CaptainsWheel":48,"TheAbacus":12,"Shuriken":18,"Bottled Lightning":53,"StrikeDummy":20,"Ring of the Snake":0}],"Ring of the Snake":[50]},"card_choices":[{"not_picked":["Escape Plan","Backflip"],"picked":"Noxious Fumes","floor":1.0},{"not_picked":["Flying Knee","Sucker Punch"],"picked":"Blade Dance","floor":2.0},{"not_picked":["Tactician","Outmaneuver"],"picked":"Masterful Stab","floor":5.0},{"not_picked":["Noxious Fumes","Deflect"],"picked":"Backflip","floor":6.0},{"not_picked":["Outmaneuver","Reflex"],"picked":"Acrobatics","floor":8.0},{"not_picked":["Dagger Throw","Terror"],"picked":"Blade Dance","floor":11.0},{"not_picked":["Die Die Die","Outmaneuver"],"picked":"Prepared","floor":12.0},{"not_picked":["Concentrate","Dagger Throw","Heel Hook"],"picked":"SKIP","floor":13.0},{"not_picked":["Envenom","Die Die Die"],"picked":"Corpse Explosion","floor":16.0},{"not_picked":["Cloak And Dagger","Outmaneuver"],"picked":"Tactician","floor":18.0},{"not_picked":["Backflip","Dagger Spray","Outmaneuver+1"],"picked":"SKIP","floor":19.0},{"not_picked":["Escape Plan","Finisher"],"picked":"Tactician","floor":20.0},{"not_picked":["Phantasmal Killer","Infinite Blades","Expertise+1"],"picked":"SKIP","floor":24.0},{"not_picked":["Prepared","Blade Dance"],"picked":"Acrobatics","floor":29.0},{"not_picked":["Finisher","Quick Slash","Bane"],"picked":"SKIP","floor":30.0},{"not_picked":["Die Die Die","Venomology"],"picked":"After Image","floor":33.0},{"not_picked":["Acrobatics+1","Underhanded Strike","Quick Slash"],"picked":"SKIP","floor":35.0},{"not_picked":["Blind","Deep Breath"],"picked":"Panache","floor":36.0},{"not_picked":["Chrysalis","Discovery"],"picked":"Purity","floor":36.0},{"not_picked":["Noxious Fumes+1","Masterful Stab"],"picked":"Eviscerate+1","floor":37.0},{"not_picked":["Backflip+1","Infinite Blades+1"],"picked":"Footwork","floor":38.0},{"not_picked":["Outmaneuver","Backflip+1","Predator"],"picked":"SKIP","floor":39.0},{"not_picked":["Sucker Punch","Acrobatics","Quick Slash"],"picked":"SKIP","floor":40.0},{"not_picked":["Sucker Punch","Acrobatics","Quick Slash"],"picked":"SKIP","floor":40.0},{"not_picked":["Crippling Poison","Flying Knee","Bane"],"picked":"SKIP","floor":41.0},{"not_picked":["Deflect","Dash"],"picked":"Malaise","floor":44.0},{"not_picked":["Masterful Stab","Slice","Underhanded Strike"],"picked":"SKIP","floor":45.0}],"player_experience":1478498,"relics_obtained":[{"floor":6.0,"key":"Shuriken"},{"floor":9.0,"key":"StrikeDummy"},{"floor":13.0,"key":"Pear"},{"floor":24.0,"key":"CaptainsWheel"},{"floor":26.0,"key":"War Paint"},{"floor":30.0,"key":"Bottled Lightning"},{"floor":40.0,"key":"Tingsha"},{"floor":43.0,"key":"MawBank"},{"floor":45.0,"key":"Blue Candle"}],"event_choices":[{"damage_healed":0.0,"max_hp_gain":0.0,"max_hp_loss":0.0,"gold_gain":0.0,"event_name":"Scrap Ooze","player_choice":"Success","floor":4.0,"gold_loss":0.0,"damage_taken":5.0,"relics_obtained":["Darkstone Periapt"]},{"damage_healed":0.0,"max_hp_gain":0.0,"max_hp_loss":0.0,"gold_gain":0.0,"event_name":"Upgrade Shrine","player_choice":"Upgraded","floor":14.0,"gold_loss":0.0,"damage_taken":0.0,"cards_upgraded":["Acrobatics"]},{"damage_healed":0.0,"max_hp_gain":0.0,"max_hp_loss":0.0,"gold_gain":0.0,"event_name":"Addict","player_choice":"Obtained Relic","floor":21.0,"gold_loss":85.0,"damage_taken":0.0,"relics_obtained":["PreservedInsect"]},{"damage_healed":0.0,"max_hp_gain":5.0,"max_hp_loss":0.0,"gold_gain":0.0,"event_name":"Forgotten Altar","player_choice":"Shed Blood","floor":31.0,"gold_loss":0.0,"damage_taken":25.0},{"damage_healed":0.0,"max_hp_gain":0.0,"max_hp_loss":0.0,"gold_gain":0.0,"event_name":"SensoryStone","player_choice":"Memory 2","floor":36.0,"gold_loss":0.0,"damage_taken":5.0},{"damage_healed":0.0,"max_hp_gain":0.0,"max_hp_loss":0.0,"gold_gain":0.0,"event_name":"Duplicator","player_choice":"Copied","floor":46.0,"gold_loss":0.0,"damage_taken":0.0,"cards_obtained":["After Image"]}],"is_beta":false,"boss_relics":[{"not_picked":["Black Star","Velvet Choker"],"picked":"HoveringKite"},{"not_picked":["Busted Crown","WristBlade"],"picked":"Empty Cage"}],"items_purged_floors":[3,28],"is_endless":false,"potions_floor_spawned":[1,8,11,12,13,18,29,33,35,38,40],"killed_by":"Transient","ascension_level":20}}