{"host":"2se5dq1do2gp0x9k","time":1613535197,"event":{"mods":["AchievementEnabler","BaseMod","Block Reminder","Colored Map","Colored Powertips","Minty Spire (QoL Compilation)","Relic Stats","StSLib","SuperFastMode"],"gold_per_floor":[117,135,410,43,60,85,85,113,113,113,113],"floor_reached":10,"language":"ENG","playtime":248,"items_purged":["Regret"],"score":144,"play_id":"e106da8a-cac6-487e-a1c4-bdb70bd3f5b5","local_time":"20210216201317","is_ascension_mode":true,"campfire_choices":[{"data":"Tantrum","floor":7,"key":"SMITH"}],"circlet_count":0,"master_deck":["AscendersBane","Strike_P","Strike_P","Strike_P","Strike_P","Defend_P","Defend_P","Defend_P+1","Defend_P","Eruption","Vigilance","BowlingBash","Adaptation","Tantrum+1","SandsOfTime","Dagger Spray","Discovery+1","Wireheading"],"relics":["PureWater","NeowsBlessing","PrismaticShard","War Paint","Matryoshka","MealTicket","Potion Belt"],"acts_visited":["Exordium"],"potions_floor_usage":[6,8],"damage_taken":[{"damage":0,"enemies":"Small Slimes","floor":1,"turns":1},{"damage":0,"enemies":"Cultist","floor":2,"turns":1},{"damage":0,"enemies":"Jaw Worm","floor":5,"turns":1},{"damage":3,"enemies":"Gremlin Nob","floor":6,"turns":3},{"damage":23,"enemies":"Lagavulin","floor":8,"turns":5},{"damage":39,"enemies":"Gremlin Nob","floor":10,"turns":3}],"seed_played":"-8338868651835738400","potions_obtained":[{"floor":2,"key":"FearPotion"},{"floor":6,"key":"Weak Potion"}],"is_trial":false,"path_per_floor":["M","M","?","$","M","E","R","E","T","E"],"character_chosen":"WATCHER","items_purchased":["Tantrum","SandsOfTime","PrismaticShard"],"campfire_rested":0,"item_purchase_floors":[4,4,4],"current_hp_per_floor":[61,61,61,61,61,58,58,35,35,0,0],"gold":113,"neow_bonus":"THREE_ENEMY_KILL","is_daily":false,"chose_seed":false,"campfire_upgraded":1,"win_rate":0.0,"timestamp":1613535197,"path_taken":["M","M","?","$","?","E","R","E","T","E"],"items_purchased_type":["Card","Card","Relic"],"build_version":"2020-12-22","purchased_purges":1,"victory":false,"max_hp_per_floor":[68,68,68,68,68,68,68,68,68,68,68],"relic_stats":{"counters":[6,14],"MealTicket":0,"War Paint":["Discovery","Defend_P"],"obtain_stats":[{"Potion Belt":9,"Matryoshka":8,"NeowsBlessing":0,"MealTicket":9,"PureWater":0,"War Paint":6,"PrismaticShard":4},{"Potion Belt":5,"Matryoshka":5,"NeowsBlessing":0,"MealTicket":5,"PureWater":0,"War Paint":4,"PrismaticShard":2},{"Potion Belt":11,"Matryoshka":11,"NeowsBlessing":0,"MealTicket":11,"PureWater":0,"War Paint":6,"PrismaticShard":2}]},"card_choices":[{"not_picked":["CrushJoints","Sanctity"],"picked":"BowlingBash","floor":1},{"not_picked":["FollowUp","ThirdEye"],"picked":"Adaptation","floor":2},{"not_picked":["Dodge and Roll","Beam Cell"],"picked":"Dagger Spray","floor":5},{"not_picked":["Poisoned Stab","Cold Snap"],"picked":"Discovery","floor":6},{"not_picked":["Collect","Madness"],"picked":"Wireheading","floor":8}],"player_experience":4073588,"relics_obtained":[{"floor":6,"key":"War Paint"},{"floor":8,"key":"Matryoshka"},{"floor":9,"key":"MealTicket"},{"floor":9,"key":"Potion Belt"}],"event_choices":[{"damage_healed":0,"gold_gain":275,"player_choice":"Desecrate","damage_taken":0,"max_hp_gain":0,"max_hp_loss":0,"event_name":"Golden Shrine","floor":3,"gold_loss":0,"cards_obtained":["Regret"]}],"is_beta":false,"boss_relics":[],"items_purged_floors":[4],"is_endless":false,"potions_floor_spawned":[2,6],"killed_by":"Gremlin Nob","ascension_level":18}}