{"host":"aaqofma31c3gm2hj","time":1613542615,"event":{"mods":["BaseMod","GungeonMod","Minty Spire (QoL Compilation)","Replay The Spire","Spicy Shops","StSLib"],"gold_per_floor":[118,135,135,19,37,37,37,37,37,37,37,37,50,68,103,103,103,103,103,176,176,187,198,123,123,123,123,148,148,48,48,48,62,62,80,91,91,165,165,184,200,214,214,214,214],"floor_reached":44,"language":"ZHS","playtime":1452,"items_purged":["Perfected Strike","Iron Wave"],"score":852,"play_id":"4b993428-44aa-4aa1-b733-0a6b02f9cf47","local_time":"20210217141655","is_ascension_mode":true,"campfire_choices":[{"floor":6.0,"key":"RECALL"},{"data":"Rupture","floor":8.0,"key":"SMITH"},{"data":"Double Tap","floor":10.0,"key":"SMITH"},{"data":"Second Wind","floor":12.0,"key":"SMITH"},{"data":"Pommel Strike","floor":16.0,"key":"SMITH"},{"floor":19.0,"key":"REST"},{"data":"Ghostly","floor":27.0,"key":"SMITH"},{"data":"Ghostly","floor":29.0,"key":"SMITH"},{"data":"Limit Break","floor":32,"key":"SMITH"},{"data":"True Grit","floor":34,"key":"SMITH"},{"data":"Ghostly","floor":37,"key":"SMITH"}],"circlet_count":0,"master_deck":["AscendersBane","Bash","Metallicize","Dual Wield","Sentinel","Double Tap+1","Second Wind+1","Rupture+1","Intimidate","Replay:Undeath\u0027s Touch+1","Power Through","Reaper+1","Shrug It Off","Combust+1","Pommel Strike+1","Limit Break+1","Feel No Pain+1","Ghostly+1","Ghostly+1","Ghostly+1","Battle Trance","True Grit+1","Impervious","Entrench+1"],"relics":["Pandora\u0027s Box","Shuriken","Frozen Egg 2","DemoMod:MeltedRock","Runic Dome","MealTicket","Black Star","DemoMod:GlassGuonStoneRelic"],"acts_visited":["Exordium","TheCity","TheBeyond"],"potions_floor_usage":[],"damage_taken":[{"damage":24.0,"enemies":"Cultist","floor":1.0,"turns":5.0},{"damage":2.0,"enemies":"Small Slimes","floor":2.0,"turns":6.0},{"damage":3.0,"enemies":"2 Louse","floor":5.0,"turns":6.0},{"damage":9.0,"enemies":"Blue Slaver","floor":13.0,"turns":7.0},{"damage":22.0,"enemies":"Exordium Thugs","floor":14.0,"turns":4.0},{"damage":36.0,"enemies":"Gremlin Nob","floor":15.0,"turns":5.0},{"damage":11.0,"enemies":"Hexaghost","floor":20.0,"turns":9.0},{"damage":22.0,"enemies":"Chosen","floor":22.0,"turns":6.0},{"damage":12.0,"enemies":"Shell Parasite","floor":23.0,"turns":4.0},{"damage":16.0,"enemies":"Book of Stabbing","floor":28.0,"turns":8.0},{"damage":5,"enemies":"Centurion and Healer","floor":33,"turns":5},{"damage":16,"enemies":"3 Cultists","floor":35,"turns":5},{"damage":4,"enemies":"Snake Plant","floor":36,"turns":6},{"damage":13,"enemies":"Pondfish","floor":38,"turns":9},{"damage":5,"enemies":"3 Darklings","floor":40,"turns":8},{"damage":24,"enemies":"Orb Walker","floor":41,"turns":7},{"damage":26,"enemies":"Sphere and 2 Shapes","floor":42,"turns":6},{"damage":0,"enemies":"3 Darklings","floor":44,"turns":1}],"seed_played":"-3849368577400654827","potions_obtained":[{"floor":1.0,"key":"Energy Potion"},{"floor":13.0,"key":"Block Potion"},{"floor":15.0,"key":"DistilledChaos"},{"floor":28.0,"key":"DemoMod:LeadSkinPotion"},{"floor":33,"key":"Venom Potion"},{"floor":36,"key":"SkillPotion"},{"floor":40,"key":"DistilledChaos"}],"is_trial":false,"path_per_floor":["M","M","T","$","M","R","$","R","T","R","?","R","M","M","E","R","PTL","PTL","R","B",null,"M","M","$","?","?","R","E","R","$","T","R","M","R","M","M","R","B",null,"M","M","M","?","M"],"character_chosen":"IRONCLAD","items_purchased":["Reaper+1"],"campfire_rested":1,"item_purchase_floors":[4],"current_hp_per_floor":[44,42,42,42,45,45,45,45,45,45,45,45,41,31,3,3,3,3,25,62,72,50,38,38,38,37,37,37,37,37,37,37,36,36,37,33,33,37,37,37,35,9,9,9,9],"gold":214,"neow_bonus":"BOSS_RELIC","is_daily":false,"chose_seed":false,"campfire_upgraded":9,"win_rate":0.0,"timestamp":1613542615,"path_taken":["M","M","?","$","M","R","?","R","T","R","?","R","M","M","E","R","PTL","PTL","R","BOSS","M","M","$","?","?","R","E","R","?","T","R","?","R","M","M","R","BOSS","M","M","M","?","M"],"items_purchased_type":["Card"],"build_version":"2020-12-22","purchased_purges":2,"victory":false,"max_hp_per_floor":[75,75,75,75,75,75,75,75,75,75,75,75,75,75,75,75,75,75,75,75,75,75,75,75,75,37,37,37,37,37,37,37,37,37,37,37,37,37,37,37,37,37,37,37,37],"card_choices":[{"not_picked":["Clash","Clothesline"],"picked":"Replay:Undeath\u0027s Touch","floor":1.0},{"not_picked":["Clash","Clothesline"],"picked":"Power Through","floor":2.0},{"not_picked":["Searing Blow","ReplayTheSpireMod:Strike From Hell"],"picked":"Shrug It Off","floor":5.0},{"not_picked":["Pommel Strike","True Grit"],"picked":"Combust+1","floor":13.0},{"not_picked":["Armaments","Pummel"],"picked":"Pommel Strike","floor":14.0},{"not_picked":["Sentinel","Perfected Strike","Dual Wield"],"picked":"SKIP","floor":15.0},{"not_picked":["Demonic Infusion","Berserk+1"],"picked":"Limit Break","floor":20.0},{"not_picked":["Flame Barrier","Entrench","Shrug It Off"],"picked":"SKIP","floor":22.0},{"not_picked":["Headbutt","Disarm"],"picked":"Feel No Pain+1","floor":23.0},{"not_picked":["Second Wind","Combust+1"],"picked":"Battle Trance","floor":28.0},{"not_picked":["True Grit","Clothesline+1","DemoMod:WhiteBlade"],"picked":"SKIP","floor":33},{"not_picked":["Clothesline+1","DemoMod:WhiteBlade"],"picked":"True Grit","floor":33},{"not_picked":["Flex","Perfected Strike","ReplayTheSpireMod:Stacked"],"picked":"SKIP","floor":35},{"not_picked":["Immolate","Spot Weakness","Perfected Strike"],"picked":"SKIP","floor":36},{"not_picked":["Eclipse","Replay:Many Hands"],"picked":"Impervious","floor":38},{"not_picked":["Heavy Blade","Armaments","Sever Soul"],"picked":"SKIP","floor":40},{"not_picked":["Armaments","Run Through"],"picked":"Entrench+1","floor":41},{"not_picked":["Sever Soul","Clash","Carnage"],"picked":"SKIP","floor":42}],"player_experience":676347,"relics_obtained":[{"floor":3.0,"key":"Shuriken"},{"floor":9.0,"key":"Frozen Egg 2"},{"floor":15.0,"key":"DemoMod:MeltedRock"},{"floor":28.0,"key":"MealTicket"}],"event_choices":[{"damage_healed":0.0,"max_hp_gain":0.0,"max_hp_loss":0.0,"gold_gain":0.0,"event_name":"Vampires","player_choice":"Ignored","floor":25.0,"gold_loss":0.0,"damage_taken":0.0},{"damage_healed":0.0,"max_hp_gain":0.0,"max_hp_loss":38.0,"gold_gain":0.0,"event_name":"Ghosts","player_choice":"Became a Ghost","floor":26.0,"gold_loss":0.0,"damage_taken":0.0,"cards_obtained":["Ghostly","Ghostly","Ghostly"]},{"damage_healed":0,"gold_gain":0,"player_choice":"Ignored","damage_taken":0,"max_hp_gain":0,"max_hp_loss":0,"event_name":"Tomb of Lord Red Mask","floor":43,"gold_loss":0}],"is_beta":false,"boss_relics":[{"not_picked":["Ooze Armor","Sozu"],"picked":"Runic Dome"},{"not_picked":["SacredBark","Painkiller Herb"],"picked":"Black Star"}],"items_purged_floors":[24,30],"is_endless":false,"potions_floor_spawned":[1,13,15,28,33,36,40,41],"killed_by":"3 Darklings","ascension_level":20}}