{"host":"am8lvo9xvzrux3wx","time":1613597858,"event":{"mods":["2.2 Compatiblity","AchievementEnabler","Aspiration","BaseMod","Block Reminder","Colored Map","Downfall","Halation","Minty Spire (QoL Compilation)","Random Character Mod","Reliquary","Replay The Spire","StSLib","The Bug Knight","The Construct","The Cursed","The Forsaken","The Runesmith"],"gold_per_floor":[99,84,84,84,101,101,125,25,38,71,87,115,15,30,44,148,148,148,164,183,183,196,214,214,227,243,243,243,243,243,258,273,375,375,275,288,108,108,8,8,8,8,8,8,8,8,27,39,51,51,51,86,86,86,86,86,86,86],"floor_reached":56,"language":"ENG","playtime":6009,"items_purged":["Regret","champ:Devastate"],"score":809,"play_id":"50913d97-9e68-426b-8d51-b0b89d705b23","local_time":"20210217163738","is_ascension_mode":false,"campfire_choices":[{"data":"champ:Taunt","floor":1,"key":"SMITH"},{"data":"champ:Execute","floor":6,"key":"SMITH"},{"data":"champ:BladeFlurry","floor":8,"key":"SMITH"},{"data":"champ:PerfectedStrike","floor":13,"key":"SMITH"},{"data":"champ:PerfectedStrike","floor":18,"key":"SMITH"},{"data":"champ:SteelEdge","floor":27,"key":"SMITH"},{"floor":29,"key":"RECALL"},{"data":"champ:GladiatorForm","floor":35,"key":"SMITH"},{"data":"champ:StanceDance","floor":42,"key":"SMITH"},{"floor":46,"key":"REST"},{"floor":54,"key":"REST"}],"circlet_count":0,"master_deck":["champ:Strike","champ:Strike","champ:Strike","champ:Strike","champ:Defend","champ:Defend","champ:Defend","champ:Defend","champ:Execute+1","champ:Taunt+1","champ:BladeFlurry+1","champ:FlashCut","champ:PerfectedStrike+1","champ:FocusedBerserking","champ:PerfectedStrike+1","champ:RisingSlash","champ:SteelEdge+1","champ:StanceDance+1","champ:VampiricStrike","champ:FlashCut+1","champ:FlashCut+1","champ:GladiatorForm+1","champ:BladeFlurry","Doubt","TheCursedMod:Dregs"],"relics":["champ:ChampionCrown","champ:LiftRelic","halation:PinkSoulGem","downfall:HeartBlessingBlue","aspiration:DSix","Omamori","downfall:HeartBlessingGreen","Cursed Key","WarpedTongs","Replay:Ringing Soul","Blue Candle","Replay:Grab Bag","Busted Crown","ReplayTheSpireMod:DimensionalGlitch","aspiration:SecretTechniqueScroll","downfall:HeartBlessingRed","BargainBundle","aspiration:HatOfInfinitePower","Snack Pack","Replay:Bottled Steam","Divine Protection"],"acts_visited":["Exordium","TheCity","TheBeyond","TheEnding"],"potions_floor_usage":[12,16,33,37,37,55,56,56],"damage_taken":[{"damage":25,"enemies":"downfall:FleeingMerchant","floor":2,"turns":4},{"damage":10,"enemies":"Cultist","floor":5,"turns":3},{"damage":10,"enemies":"Jaw Worm","floor":9,"turns":2},{"damage":10,"enemies":"3 Sentries","floor":10,"turns":3},{"damage":0,"enemies":"2 Louse","floor":11,"turns":2},{"damage":25,"enemies":"HollowMod:MossKnight","floor":12,"turns":5},{"damage":9,"enemies":"Exordium Thugs","floor":14,"turns":3},{"damage":10,"enemies":"Gremlin Gang","floor":15,"turns":3},{"damage":40,"enemies":"WA_ARCHETYPE_RETAIN","floor":16,"turns":5},{"damage":10,"enemies":"downfall:LooterAlt2","floor":19,"turns":1},{"damage":4,"enemies":"Chosen","floor":20,"turns":3},{"damage":0,"enemies":"Snecko","floor":22,"turns":3},{"damage":25,"enemies":"Cultist and Chosen","floor":23,"turns":4},{"damage":10,"enemies":"Sentry and Sphere","floor":25,"turns":2},{"damage":15,"enemies":"Snecko","floor":26,"turns":3},{"damage":4,"enemies":"Chosen and Byrds","floor":31,"turns":3},{"damage":11,"enemies":"Snake Plant","floor":32,"turns":3},{"damage":19,"enemies":"IC_MUSHROOM_ARCHETYPE","floor":33,"turns":3},{"damage":20,"enemies":"3 Darklings","floor":36,"turns":3},{"damage":16,"enemies":"downfall:FleeingMerchant","floor":37,"turns":4},{"damage":3,"enemies":"3 Shapes","floor":47,"turns":2},{"damage":51,"enemies":"Writhing Mass","floor":48,"turns":3},{"damage":32,"enemies":"Transient","floor":49,"turns":5},{"damage":39,"enemies":"SI_POISON_ARCHETYPE","floor":50,"turns":8},{"damage":26,"enemies":"downfall:CharBossMerchant","floor":52,"turns":5},{"damage":82,"enemies":"downfall:NeowBoss","floor":55,"turns":11},{"damage":93,"enemies":"downfall:NeowBossFinal","floor":56,"turns":8}],"seed_played":"-6691544200539196455","potions_obtained":[{"floor":10,"key":"Explosive Potion"},{"floor":11,"key":"SteroidPotion"},{"floor":15,"key":"Dexterity Potion"},{"floor":16,"key":"LiquidMemories"},{"floor":20,"key":"LiquidBronze"},{"floor":22,"key":"DuplicationPotion"},{"floor":26,"key":"Doom Potion"},{"floor":36,"key":"PowerPotion"},{"floor":48,"key":"champ:OpenerPotion"}],"is_trial":false,"path_per_floor":["R","$","?","?","M","R","T","R","M","E","M","E","R","M","M","B",null,"R","M","M","?","M","M","T","M","M","R","T","R","?","M","M","B",null,"R","M","$","?","$","?","T","R","?","$","?","R","M","M","M","B",null,"E","$","R","B","B"],"character_chosen":"THE_CHAMP","items_purchased":["BargainBundle","aspiration:HatOfInfinitePower","Elixir","Block Potion","champ:BladeFlurry"],"campfire_rested":2,"item_purchase_floors":[37,37,37,37,37],"current_hp_per_floor":[99,94,94,94,94,94,94,104,104,104,104,89,89,85,85,55,109,109,109,105,105,105,95,95,95,98,98,101,101,101,100,99,93,121,121,106,98,98,98,101,104,104,104,104,104,130,128,89,72,44,130,110,110,130,79,0,0,0],"gold":86,"neow_bonus":"TEN_PERCENT_HP_BONUS","is_daily":false,"chose_seed":false,"campfire_upgraded":8,"win_rate":0.0,"timestamp":1613597858,"path_taken":["R","?","?","?","?","R","T","R","?","E","M","E","R","M","M","BOSS","R","M","M","?","?","M","T","M","M","R","?","R","?","M","M","BOSS","R","M","$","?","$","?","T","R","?","?","?","R","M","?","M","BOSS","E","$","R","BOSS","BOSS"],"items_purchased_type":["Relic","Relic","Potion","Potion","Card"],"build_version":"2020-12-22","purchased_purges":2,"victory":false,"max_hp_per_floor":[99,99,99,99,99,99,99,109,109,109,109,109,109,109,109,109,109,109,109,109,109,109,109,109,109,112,112,115,115,115,118,118,121,121,121,121,124,124,124,127,130,130,130,130,130,130,130,130,130,130,130,130,130,130,130,130,130,130],"card_choices":[{"not_picked":["champ:BringItOn","champ:Circumvent"],"picked":"champ:BladeFlurry","floor":2},{"not_picked":["champ:EnGarde","champ:CrownThrow"],"picked":"champ:FlashCut","floor":5},{"not_picked":["champ:RecklessLeap","champ:StanceDance"],"picked":"champ:PerfectedStrike","floor":9},{"not_picked":["champ:Circumvent","champ:EnGarde","champ:Duel"],"picked":"SKIP","floor":10},{"not_picked":["champ:Duel","champ:CrownThrow"],"picked":"champ:FocusedBerserking","floor":11},{"not_picked":["champ:EnGarde","champ:ShieldSlam"],"picked":"champ:Devastate","floor":12},{"not_picked":["champ:SetATrap","champ:TornadoPunch"],"picked":"champ:PerfectedStrike","floor":14},{"not_picked":["champ:FanOfKnives","champ:PreciseThrust"],"picked":"champ:RisingSlash","floor":15},{"not_picked":["champ:IgnorePain","champ:LastStand"],"picked":"champ:SteelEdge","floor":16},{"not_picked":["champ:Circumvent","champ:EnGarde","champ:Duel"],"picked":"SKIP","floor":19},{"not_picked":["champ:BerserkersShout+1","champ:Backstep+1"],"picked":"champ:StanceDance","floor":20},{"not_picked":["champ:Shatter+1","champ:FanOfKnives"],"picked":"champ:VampiricStrike","floor":22},{"not_picked":["champ:RecklessLeap+1","champ:FaceSlap","champ:PreemptiveStrike"],"picked":"SKIP","floor":23},{"not_picked":["champ:PreemptiveStrike","champ:FocusedDefense","champ:CrownThrow"],"picked":"SKIP","floor":25},{"not_picked":["champ:Backstep","champ:CrownThrow"],"picked":"champ:FlashCut+1","floor":26},{"not_picked":["champ:PreciseThrust","champ:FanOfKnives"],"picked":"champ:FlashCut+1","floor":31},{"not_picked":["champ:TornadoPunch","champ:SetATrap+1","champ:Backstep"],"picked":"SKIP","floor":32},{"not_picked":["champ:HeavySlash","champ:CheapShot"],"picked":"champ:GladiatorForm","floor":33},{"not_picked":["champ:BerserkersShout+1"],"picked":"SKIP","floor":36},{"not_picked":["champ:Backstep"],"picked":"SKIP","floor":37},{"not_picked":["champ:StanceDance"],"picked":"SKIP","floor":47},{"not_picked":["champ:GladiatorStyle+1"],"picked":"SKIP","floor":48},{"not_picked":["champ:ShieldSlam+1"],"picked":"SKIP","floor":49},{"not_picked":["champ:FlashCut"],"picked":"SKIP","floor":52}],"player_experience":171047,"relics_obtained":[{"floor":10,"key":"aspiration:DSix"},{"floor":12,"key":"Omamori"},{"floor":24,"key":"Replay:Ringing Soul"},{"floor":28,"key":"Blue Candle"},{"floor":40,"key":"Snack Pack"},{"floor":41,"key":"Replay:Bottled Steam"},{"floor":52,"key":"Divine Protection"}],"event_choices":[{"damage_healed":0,"gold_gain":0,"player_choice":"Rummage","damage_taken":0,"relics_obtained":["WarpedTongs"],"max_hp_gain":0,"max_hp_loss":0,"event_name":"Accursed Blacksmith","floor":21,"gold_loss":0,"cards_obtained":["Pain"]},{"damage_healed":0,"gold_gain":0,"player_choice":"Ignored","damage_taken":0,"max_hp_gain":0,"max_hp_loss":0,"event_name":"Ghosts","floor":30,"gold_loss":0}],"is_beta":false,"boss_relics":[{"not_picked":["halation:CatFaceCupcake","Replay:Drink Me"],"picked":"Cursed Key"},{"not_picked":["theForsaken:PaleLantern","Tiny House"],"picked":"Replay:Grab Bag"},{"not_picked":["halation:IncompleteEncyclopedia","aspiration:FutureDiary"],"picked":"Busted Crown"},{"not_picked":["Fusion Hammer","reliquary:KinkedSpring"],"picked":"ReplayTheSpireMod:DimensionalGlitch"},{"not_picked":["halation:Risk","Ring of Chaos"],"picked":"aspiration:SecretTechniqueScroll"}],"items_purged_floors":[37,39],"is_endless":false,"potions_floor_spawned":[10,11,15,16,20,22,26,36,48,49],"killed_by":"downfall:NeowBossFinal","ascension_level":0}}