{"host":"bq4pt811tk9yrmjl","time":1613520849,"event":{"mods":["AchievementEnabler","BaseMod","Colored Map","Colored Powertips","Defuse TimeMaze Blight","Hermit","Minty Spire (QoL Compilation)","Smile Girya","StSLib","SuperFastMode"],"gold_per_floor":[116,116,134,67,78,111,111,111,137,137,156,172,202,212,212,315,315,329,341,341,341,359,359,385,385,408,173,191,191,141,141],"floor_reached":30,"language":"ENG","playtime":516,"items_purged":[],"score":273,"play_id":"cb630bd5-6ebb-42c7-bad1-06fce6847b50","local_time":"20210216221409","is_ascension_mode":true,"campfire_choices":[{"data":"hermit:Brawl","floor":8,"key":"SMITH"},{"floor":15,"key":"REST"},{"floor":23,"key":"REST"},{"floor":25,"key":"REST"},{"floor":29,"key":"REST"}],"circlet_count":0,"master_deck":["hermit:Strike_Hermit","hermit:Strike_Hermit","hermit:Strike_Hermit","hermit:Strike_Hermit","hermit:Defend_Hermit","hermit:Defend_Hermit","hermit:Defend_Hermit","hermit:Defend_Hermit","hermit:Snapshot+1","hermit:Covet","hermit:Brawl+1","hermit:Deadeye","hermit:Shortfuse","hermit:HighNoon","hermit:BodyArmor","hermit:GoldenBullet+1"],"relics":["hermit:Momento","NeowsBlessing","Smiling Mask","StrikeDummy","Sozu","Centennial Puzzle","CeramicFish","Nunchaku","Membership Card","Happy Flower"],"acts_visited":["Exordium","TheCity"],"potions_floor_usage":[6,12,13,16],"damage_taken":[{"damage":0,"enemies":"2 Louse","floor":1,"turns":1},{"damage":0,"enemies":"Cultist","floor":3,"turns":1},{"damage":0,"enemies":"Small Slimes","floor":5,"turns":1},{"damage":8,"enemies":"Lagavulin","floor":6,"turns":7},{"damage":6,"enemies":"Exordium Wildlife","floor":11,"turns":4},{"damage":13,"enemies":"Large Slime","floor":12,"turns":6},{"damage":14,"enemies":"Gremlin Nob","floor":13,"turns":3},{"damage":10,"enemies":"Exordium Thugs","floor":14,"turns":2},{"damage":24,"enemies":"Hexaghost","floor":16,"turns":8},{"damage":9,"enemies":"Shell Parasite","floor":18,"turns":4},{"damage":10,"enemies":"3 Byrds","floor":19,"turns":7},{"damage":17,"enemies":"Snake Plant","floor":22,"turns":4},{"damage":48,"enemies":"Book of Stabbing","floor":24,"turns":6},{"damage":22,"enemies":"Shelled Parasite and Fungi","floor":28,"turns":6}],"seed_played":"-479774328946591575","potions_obtained":[{"floor":1,"key":"Dexterity Potion"},{"floor":11,"key":"ColorlessPotion"},{"floor":12,"key":"AttackPotion"},{"floor":13,"key":"Strength Potion"}],"is_trial":false,"path_per_floor":["M","?","M","$","M","E","$","R","T","?","M","M","E","M","R","B",null,"M","M","?","?","M","R","E","R","T","$","M","R","?"],"character_chosen":"HERMIT","items_purchased":["hermit:Deadeye","Membership Card","Happy Flower"],"campfire_rested":4,"item_purchase_floors":[4,27,27],"current_hp_per_floor":[75,75,75,75,75,67,67,67,67,67,61,48,34,24,46,22,75,66,56,56,56,39,61,13,35,35,35,13,35,35,35],"gold":141,"neow_bonus":"THREE_ENEMY_KILL","is_daily":false,"chose_seed":false,"campfire_upgraded":1,"win_rate":0.0,"timestamp":1613520849,"path_taken":["M","?","?","?","M","E","$","R","T","?","?","M","E","M","R","BOSS","M","M","?","?","M","R","E","R","T","?","?","R","?"],"items_purchased_type":["Card","Relic","Relic"],"build_version":"2020-12-22","purchased_purges":0,"victory":false,"max_hp_per_floor":[75,75,75,75,75,75,75,75,75,75,75,75,75,75,75,75,75,75,75,75,75,75,75,75,75,75,75,75,75,75,75],"card_choices":[{"not_picked":["hermit:SprayPray","hermit:CursedWeapon"],"picked":"hermit:Brawl","floor":1},{"not_picked":["hermit:Feint","hermit:Vantage","hermit:Roulette"],"picked":"SKIP","floor":3},{"not_picked":["hermit:DeadMansHand","hermit:Gestalt","hermit:BigShot"],"picked":"SKIP","floor":5},{"not_picked":["hermit:Manifest","hermit:Adapt","hermit:CursedWeapon"],"picked":"SKIP","floor":6},{"not_picked":["hermit:Enervate","hermit:BodyArmor","hermit:LuckOfTheDraw"],"picked":"SKIP","floor":11},{"not_picked":["hermit:Ricochet","hermit:ItchyTrigger","hermit:HighCaliber"],"picked":"SKIP","floor":12},{"not_picked":["hermit:BigShot","hermit:LoneWolf"],"picked":"hermit:Shortfuse","floor":13},{"not_picked":["hermit:HighCaliber","hermit:Desperado","hermit:Feint"],"picked":"SKIP","floor":14},{"not_picked":["hermit:RoundhouseKick","hermit:HeroicBravado"],"picked":"hermit:HighNoon","floor":16},{"not_picked":["hermit:HoleUp+1","hermit:DeadMansHand"],"picked":"hermit:BodyArmor","floor":18},{"not_picked":["hermit:Desperado","hermit:CalledShot"],"picked":"hermit:GoldenBullet+1","floor":19},{"not_picked":["hermit:Glare","hermit:Gestalt","hermit:HighCaliber"],"picked":"SKIP","floor":22},{"not_picked":["hermit:Coalescence","hermit:EternalForm","hermit:LowProfile"],"picked":"SKIP","floor":24},{"not_picked":["hermit:Vantage","hermit:Glare","hermit:SprayPray"],"picked":"SKIP","floor":28}],"player_experience":314881,"relics_obtained":[{"floor":6,"key":"Smiling Mask"},{"floor":13,"key":"StrikeDummy"},{"floor":24,"key":"CeramicFish"},{"floor":26,"key":"Nunchaku"}],"event_choices":[{"damage_healed":0,"gold_gain":0,"player_choice":"Upgraded","damage_taken":0,"max_hp_gain":0,"max_hp_loss":0,"event_name":"Upgrade Shrine","floor":2,"gold_loss":0,"cards_upgraded":["hermit:Snapshot"]},{"damage_healed":0,"gold_gain":0,"player_choice":"Bought 0 Potions","damage_taken":0,"max_hp_gain":0,"max_hp_loss":0,"event_name":"The Woman in Blue","floor":10,"gold_loss":0},{"damage_healed":0,"gold_gain":0,"player_choice":"Opened","damage_taken":0,"relics_obtained":["Centennial Puzzle"],"max_hp_gain":0,"max_hp_loss":0,"event_name":"The Mausoleum","floor":20,"gold_loss":0},{"damage_healed":0,"gold_gain":0,"player_choice":"Ignored","damage_taken":0,"max_hp_gain":0,"max_hp_loss":0,"event_name":"Ghosts","floor":21,"gold_loss":0},{"damage_healed":0,"gold_gain":0,"player_choice":"Bet on Murderer","damage_taken":0,"max_hp_gain":0,"max_hp_loss":0,"event_name":"The Joust","floor":30,"gold_loss":50}],"is_beta":false,"boss_relics":[{"not_picked":["hermit:BartenderGlass","Fusion Hammer"],"picked":"Sozu"}],"items_purged_floors":[],"is_endless":false,"potions_floor_spawned":[1,11,12,13,18,19,22],"ascension_level":1}}