{"host":"8f5cu9y0fpol72qs","time":1613549346,"event":{"mods":["AlwaysNeverKeys","BaseMod","Colored Map","Colored Powertips","Curses Come First","Highlight Path","Key Reminder","Minty Spire (QoL Compilation)","StSLib"],"gold_per_floor":[119,130,148,158,158,187,187,187,212,212,224,257,24,35,35,106,106,116,136,155,155,180,215,215,246,271,271,289,289,189,200,200,277,277,292,306,324,324,324,324,357,357,381,413,128,128,128,155,155,155,155,155,5,39,39,39],"floor_reached":55,"language":"ENG","playtime":4793,"items_purged":["Strike_G","Strike_G","Strike_G","Slice"],"score":1456,"play_id":"4ce247fb-be24-4374-9851-eec9ec905632","local_time":"20210217000906","is_ascension_mode":true,"campfire_choices":[{"data":"Crippling Poison","floor":7.0,"key":"SMITH"},{"data":"Neutralize","floor":10.0,"key":"SMITH"},{"data":"Footwork","floor":15.0,"key":"SMITH"},{"data":"Footwork","floor":24.0,"key":"SMITH"},{"floor":27.0,"key":"REST"},{"data":"Burst","floor":32.0,"key":"SMITH"},{"data":"Bouncing Flask","floor":40.0,"key":"SMITH"},{"floor":42.0,"key":"REST"},{"data":"Malaise","floor":46.0,"key":"SMITH"},{"floor":49.0,"key":"RECALL"},{"data":"Calculated Gamble","floor":52.0,"key":"SMITH"}],"circlet_count":0,"master_deck":["AscendersBane","Defend_G+1","Defend_G","Defend_G+1","Defend_G","Defend_G+1","Survivor+1","Neutralize+1","Flying Knee","Predator","All Out Attack","Crippling Poison+1","Footwork+1","Footwork+1","Burst+1","Calculated Gamble+1","RitualDagger","Well Laid Plans+1","Bouncing Flask+1","Backflip+1","Malaise+1","Backflip+1","Leg Sweep"],"relics":["Ring of the Snake","War Paint","Blood Vial","Snake Skull","TwistedFunnel","Sozu","Red Mask","Singing Bowl","Omamori","MealTicket","SlaversCollar","Mummified Hand","Dream Catcher","Regal Pillow","Lee\u0027s Waffle","Bag of Preparation"],"acts_visited":["Exordium","TheCity","TheBeyond","TheEnding"],"potions_floor_usage":[],"damage_taken":[{"damage":0.0,"enemies":"2 Louse","floor":1.0,"turns":4.0},{"damage":1.0,"enemies":"Small Slimes","floor":2.0,"turns":3.0},{"damage":0.0,"enemies":"Cultist","floor":3.0,"turns":3.0},{"damage":1.0,"enemies":"Blue Slaver","floor":4.0,"turns":5.0},{"damage":8.0,"enemies":"Gremlin Nob","floor":6.0,"turns":3.0},{"damage":2.0,"enemies":"Large Slime","floor":11.0,"turns":5.0},{"damage":8.0,"enemies":"Lagavulin","floor":12.0,"turns":6.0},{"damage":0.0,"enemies":"Looter","floor":14.0,"turns":3.0},{"damage":24.0,"enemies":"Slime Boss","floor":16.0,"turns":13.0},{"damage":3.0,"enemies":"Chosen","floor":18.0,"turns":6.0},{"damage":0.0,"enemies":"2 Thieves","floor":19.0,"turns":4.0},{"damage":0.0,"enemies":"Chosen and Byrds","floor":20.0,"turns":5.0},{"damage":0.0,"enemies":"Masked Bandits","floor":22.0,"turns":3.0},{"damage":16.0,"enemies":"Book of Stabbing","floor":23.0,"turns":6.0},{"damage":35.0,"enemies":"Slavers","floor":25.0,"turns":5.0},{"damage":0.0,"enemies":"Centurion and Healer","floor":28.0,"turns":5.0},{"damage":0.0,"enemies":"Cultist and Chosen","floor":31.0,"turns":4.0},{"damage":4.0,"enemies":"Champ","floor":33.0,"turns":15.0},{"damage":3.0,"enemies":"3 Shapes","floor":35.0,"turns":4.0},{"damage":2.0,"enemies":"Orb Walker","floor":36.0,"turns":3.0},{"damage":19.0,"enemies":"Transient","floor":37.0,"turns":6.0},{"damage":30.0,"enemies":"Nemesis","floor":41.0,"turns":9.0},{"damage":19.0,"enemies":"Giant Head","floor":44.0,"turns":9.0},{"damage":37.0,"enemies":"Reptomancer","floor":48.0,"turns":11.0},{"damage":1.0,"enemies":"Time Eater","floor":50.0,"turns":15.0},{"damage":48,"enemies":"Shield and Spear","floor":54,"turns":12},{"damage":47,"enemies":"The Heart","floor":55,"turns":8}],"seed_played":"6276311750790135685","potions_obtained":[{"floor":3.0,"key":"LiquidMemories"},{"floor":4.0,"key":"Poison Potion"},{"floor":6.0,"key":"SteroidPotion"},{"floor":12.0,"key":"Energy Potion"}],"is_trial":false,"path_per_floor":["M","M","M","M","?","E","R","?","T","R","M","E","$","M","R","B",null,"M","M","M","?","?","E","R","E","T","R","M","?","$","M","R","B",null,"M","M","M","?","T","R","E","R","T","E","$","R","?","E","R","B",null,"R","$","E","B"],"character_chosen":"THE_SILENT","items_purchased":["TwistedFunnel","Lee\u0027s Waffle"],"campfire_rested":2,"item_purchase_floors":[13,45],"current_hp_per_floor":[59,58,58,57,37,29,29,29,29,29,29,23,23,25,25,3,50,49,51,53,47,49,37,37,4,4,24,26,26,41,45,45,43,63,62,64,49,45,45,45,17,41,41,26,89,89,89,54,54,55,82,82,91,45,0,0],"gold":39,"neow_bonus":"REMOVE_CARD","is_daily":false,"chose_seed":false,"campfire_upgraded":8,"win_rate":0.0,"timestamp":1613549346,"path_taken":["M","M","M","M","?","E","R","?","T","R","?","E","$","M","R","BOSS","M","M","M","?","?","E","R","E","T","R","M","?","?","M","R","BOSS","M","M","M","?","?","R","E","R","T","E","$","R","?","E","R","BOSS","R","$","E","BOSS"],"items_purchased_type":["Relic","Relic"],"build_version":"2020-12-22","purchased_purges":4,"victory":false,"max_hp_per_floor":[66,66,66,66,66,66,66,66,66,66,66,66,66,66,66,66,66,66,66,66,66,66,68,68,68,68,68,68,68,68,70,70,70,70,70,72,74,80,80,80,80,80,80,82,89,89,89,91,91,91,91,91,91,93,93,93],"card_choices":[{"not_picked":["Outmaneuver","Sucker Punch"],"picked":"Flying Knee","floor":1.0},{"not_picked":["Outmaneuver","Sucker Punch"],"picked":"Predator","floor":2.0},{"not_picked":["Distraction","Choke"],"picked":"Slice","floor":3.0},{"not_picked":["Accuracy","Blur"],"picked":"All Out Attack","floor":4.0},{"not_picked":["Heel Hook","Storm of Steel"],"picked":"Crippling Poison","floor":6.0},{"not_picked":["Caltrops","PiercingWail"],"picked":"Footwork","floor":11.0},{"not_picked":["Prepared","Bane"],"picked":"Footwork","floor":12.0},{"not_picked":["Slice","Sucker Punch","Flying Knee"],"picked":"SKIP","floor":14.0},{"not_picked":["Bullet Time","Venomology"],"picked":"Burst","floor":16.0},{"not_picked":["Slice","Flying Knee","All Out Attack"],"picked":"SKIP","floor":18.0},{"not_picked":["Dagger Throw","Slice","Cloak And Dagger"],"picked":"SKIP","floor":19.0},{"not_picked":["Poisoned Stab","Bane"],"picked":"Calculated Gamble","floor":20.0},{"not_picked":["Bane+1","Leg Sweep"],"picked":"Well Laid Plans+1","floor":22.0},{"not_picked":["Setup+1","Prepared","Blur"],"picked":"Singing Bowl","floor":23.0},{"not_picked":["Unload","Concentrate"],"picked":"Bouncing Flask","floor":25.0},{"not_picked":["Slice","Quick Slash"],"picked":"Backflip+1","floor":28.0},{"not_picked":["Calculated Gamble","Finisher","Flying Knee+1"],"picked":"Singing Bowl","floor":31.0},{"not_picked":["Bullet Time","Grand Finale"],"picked":"Malaise","floor":33.0},{"not_picked":["Terror","Cloak And Dagger"],"picked":"Backflip+1","floor":35.0},{"not_picked":["Setup","Well Laid Plans","Cloak And Dagger"],"picked":"Singing Bowl","floor":36.0},{"not_picked":["Burst","Underhanded Strike+1","Sucker Punch"],"picked":"Singing Bowl","floor":37.0},{"not_picked":["Violence","Jack Of All Trades","Deep Breath"],"picked":"Singing Bowl","floor":38.0},{"not_picked":["Violence","Impatience","Purity"],"picked":"Singing Bowl","floor":38.0},{"not_picked":["Panache","Dramatic Entrance","Metamorphosis"],"picked":"Singing Bowl","floor":38.0},{"not_picked":["Accuracy","Outmaneuver"],"picked":"Leg Sweep","floor":41.0},{"not_picked":["Expertise","Flying Knee","Concentrate+1"],"picked":"Singing Bowl","floor":44.0},{"not_picked":["Poisoned Stab","Outmaneuver","Quick Slash"],"picked":"Singing Bowl","floor":48.0},{"not_picked":["Underhanded Strike","Dodge and Roll","Slice"],"picked":"Singing Bowl","floor":54}],"player_experience":1091331,"relics_obtained":[{"floor":6.0,"key":"War Paint"},{"floor":9.0,"key":"Blood Vial"},{"floor":12.0,"key":"Snake Skull"},{"floor":22.0,"key":"Red Mask"},{"floor":23.0,"key":"Singing Bowl"},{"floor":25.0,"key":"Omamori"},{"floor":26.0,"key":"MealTicket"},{"floor":41.0,"key":"Mummified Hand"},{"floor":43.0,"key":"Dream Catcher"},{"floor":44.0,"key":"Regal Pillow"},{"floor":54,"key":"Bag of Preparation"}],"event_choices":[{"damage_healed":0.0,"max_hp_gain":0.0,"max_hp_loss":0.0,"gold_gain":0.0,"event_name":"Shining Light","player_choice":"Entered Light","floor":5.0,"gold_loss":0.0,"damage_taken":20.0,"cards_upgraded":["Defend_G","Defend_G"]},{"cards_removed":["Strike_G"],"damage_healed":0.0,"max_hp_gain":0.0,"max_hp_loss":0.0,"gold_gain":0.0,"event_name":"Purifier","player_choice":"Purged","floor":8.0,"gold_loss":0.0,"damage_taken":0.0},{"damage_healed":0.0,"max_hp_gain":0.0,"max_hp_loss":0.0,"gold_gain":0.0,"event_name":"Nest","player_choice":"Joined the Cult","floor":21.0,"gold_loss":0.0,"damage_taken":6.0,"cards_obtained":["RitualDagger"]},{"damage_healed":0.0,"max_hp_gain":0.0,"max_hp_loss":0.0,"gold_gain":0.0,"event_name":"Masked Bandits","player_choice":"Fought Bandits","floor":22.0,"gold_loss":0.0,"damage_taken":0.0},{"damage_healed":0.0,"max_hp_gain":0.0,"max_hp_loss":0.0,"gold_gain":0.0,"event_name":"Ghosts","player_choice":"Ignored","floor":29.0,"gold_loss":0.0,"damage_taken":0.0},{"damage_healed":0.0,"max_hp_gain":0.0,"max_hp_loss":0.0,"gold_gain":0.0,"event_name":"SensoryStone","player_choice":"Memory 3","floor":38.0,"gold_loss":0.0,"damage_taken":10.0},{"damage_healed":18.0,"max_hp_gain":0.0,"max_hp_loss":0.0,"gold_gain":0.0,"event_name":"Winding Halls","player_choice":"Writhe","floor":47.0,"gold_loss":0.0,"damage_taken":0.0,"cards_obtained":["Writhe"]}],"is_beta":false,"boss_relics":[{"not_picked":["Black Star","Tiny House"],"picked":"Sozu"},{"not_picked":["Empty Cage","Snecko Eye"],"picked":"SlaversCollar"}],"items_purged_floors":[13,30,45,53],"is_endless":false,"potions_floor_spawned":[3,4,6,12,18,19,23,33,35,37,41],"killed_by":"The Heart","ascension_level":18}}