{"host":"4ag909k4xupnj24b","time":1613558188,"event":{"mods":["BaseMod","Minty Spire (QoL Compilation)","StSLib"],"gold_per_floor":[113,129,149,168,181,181,181,200,200,200,226,226,75,89,89,166,166,147,167,167,167],"floor_reached":20,"language":"ENG","playtime":1056,"items_purged":["Strike_B"],"score":320,"play_id":"fd1581b5-7dba-40a8-9be5-8d6f3485f300","local_time":"20210217023628","is_ascension_mode":true,"campfire_choices":[{"data":"Blizzard","floor":6.0,"key":"SMITH"},{"data":"Darkness","floor":12.0,"key":"SMITH"},{"data":"Loop","floor":15.0,"key":"SMITH"}],"circlet_count":0,"master_deck":["AscendersBane","Strike_B","Strike_B","Strike_B","Defend_B","Defend_B","Defend_B","Defend_B+1","Zap","Dualcast","Reinforced Body+1","Self Repair","Cold Snap","Blizzard+1","Darkness+1","Coolheaded","Loop+1","Doom and Gloom","Buffer","CurseOfTheBell"],"relics":["Nuclear Battery","Orichalcum","Nunchaku","Calling Bell","Akabeko","Blue Candle","WingedGreaves"],"acts_visited":["Exordium","TheCity"],"potions_floor_usage":[20],"damage_taken":[{"damage":7.0,"enemies":"Jaw Worm","floor":1.0,"turns":4.0},{"damage":8.0,"enemies":"Small Slimes","floor":2.0,"turns":4.0},{"damage":4.0,"enemies":"Cultist","floor":3.0,"turns":5.0},{"damage":18.0,"enemies":"Large Slime","floor":4.0,"turns":10.0},{"damage":2.0,"enemies":"Blue Slaver","floor":5.0,"turns":4.0},{"damage":14.0,"enemies":"Exordium Wildlife","floor":8.0,"turns":6.0},{"damage":11.0,"enemies":"Gremlin Nob","floor":11.0,"turns":4.0},{"damage":4.0,"enemies":"Looter","floor":14.0,"turns":4.0},{"damage":3.0,"enemies":"Hexaghost","floor":16.0,"turns":7.0},{"damage":21,"enemies":"2 Thieves","floor":18,"turns":4},{"damage":26,"enemies":"3 Byrds","floor":19,"turns":7},{"damage":31,"enemies":"Snake Plant","floor":20,"turns":4}],"seed_played":"-5837583906868512834","potions_obtained":[{"floor":1.0,"key":"Weak Potion"},{"floor":4.0,"key":"Fire Potion"},{"floor":8.0,"key":"LiquidBronze"},{"floor":14.0,"key":"DuplicationPotion"},{"floor":16.0,"key":"DuplicationPotion"},{"floor":19,"key":"SpeedPotion"}],"is_trial":false,"path_per_floor":["M","M","M","M","M","R","?","M","T","?","E","R","$","M","R","B",null,"M","M","M"],"character_chosen":"DEFECT","items_purchased":["Loop"],"campfire_rested":0,"item_purchase_floors":[13],"current_hp_per_floor":[57,49,52,41,46,46,25,18,18,41,37,37,37,40,40,44,64,50,31,0,0],"gold":167,"neow_bonus":"BOSS_RELIC","is_daily":false,"chose_seed":false,"campfire_upgraded":3,"win_rate":0.0,"timestamp":1613558188,"path_taken":["M","M","M","M","M","R","?","M","T","?","E","R","$","M","R","BOSS","M","M","M"],"items_purchased_type":["Card"],"build_version":"2020-12-22","purchased_purges":1,"victory":false,"max_hp_per_floor":[71,71,71,71,71,71,71,71,71,71,71,71,71,71,71,71,71,71,71,71,71],"card_choices":[{"not_picked":["Turbo","Hologram"],"picked":"Reinforced Body","floor":1.0},{"not_picked":["Lockon","Hologram"],"picked":"Self Repair","floor":2.0},{"not_picked":["Reinforced Body","Double Energy","Beam Cell"],"picked":"SKIP","floor":3.0},{"not_picked":["Capacitor","Streamline"],"picked":"Cold Snap","floor":4.0},{"not_picked":["BootSequence","Steam"],"picked":"Blizzard","floor":5.0},{"not_picked":["Stack","Sunder"],"picked":"Darkness","floor":8.0},{"not_picked":["Conserve Battery","Stack"],"picked":"Coolheaded","floor":11.0},{"not_picked":["Gash","Redo"],"picked":"Doom and Gloom","floor":14.0},{"not_picked":["Echo Form","Seek"],"picked":"Buffer","floor":16.0},{"not_picked":["FTL","Hologram","Beam Cell"],"picked":"SKIP","floor":18},{"not_picked":["Rebound","Hologram","Steam"],"picked":"SKIP","floor":19}],"player_experience":891760,"relics_obtained":[{"floor":9.0,"key":"Orichalcum"},{"floor":11.0,"key":"Nunchaku"},{"floor":17,"key":"Akabeko"},{"floor":17,"key":"Blue Candle"},{"floor":17,"key":"WingedGreaves"}],"event_choices":[{"damage_healed":0.0,"max_hp_gain":0.0,"max_hp_loss":0.0,"gold_gain":0.0,"event_name":"Shining Light","player_choice":"Entered Light","floor":7.0,"gold_loss":0.0,"damage_taken":21.0,"cards_upgraded":["Defend_B","Reinforced Body"]},{"damage_healed":23.0,"max_hp_gain":0.0,"max_hp_loss":0.0,"gold_gain":0.0,"event_name":"Big Fish","player_choice":"Banana","floor":10.0,"gold_loss":0.0,"damage_taken":0.0}],"is_beta":false,"boss_relics":[{"not_picked":["Sozu","Coffee Dripper"],"picked":"Calling Bell"}],"items_purged_floors":[13],"is_endless":false,"potions_floor_spawned":[1,4,8,14,16,19],"killed_by":"Snake Plant","ascension_level":16}}