{"host":"yfi73559mxreacvo","time":1613549305,"event":{"mods":["AchievementEnabler","Act Like it!","Aspiration","BaseMod","Better Third Choice","BetterRewards","CapriCore","Colored Map","Conspire","Downfall","Evolution","GifTheSpireLib","Halation","HexUI Lib","Highlight Path","Hubris","Minty Spire (QoL Compilation)","Quarter Circle Forward PUNCH!","Railgun Mod","StSLib","Stuff the Spire","Trackpad","Wandering Minibosses"],"gold_per_floor":[99,99,99,99,115,25,25,25,25,25,37,66,66,84,94,94,94,94],"floor_reached":16,"language":"ENG","playtime":514,"items_purged":["Slimebound:Strike_Slimebound"],"score":98,"play_id":"9438a253-be3d-4982-8351-d8061f04813d","local_time":"20210217030825","is_ascension_mode":false,"campfire_choices":[{"data":"Slimebound:CorrosiveSpit","floor":1,"key":"SMITH"},{"data":"Slimebound:Gluttony","floor":9,"key":"SMITH"}],"circlet_count":0,"master_deck":["Slimebound:FinishingTackle","Slimebound:Strike_Slimebound","Slimebound:Tackle","Slimebound:Defend_Slimebound","Slimebound:Defend_Slimebound","Slimebound:Defend_Slimebound","Slimebound:Defend_Slimebound","Slimebound:Split","Slimebound:CorrosiveSpit+1","Slimebound:LevelUp","Slimebound:LeechingTouch","Slimebound:LeechingTouch","Slimebound:SamplingLick","Slimebound:Gluttony+1","Slimebound:ProtectTheBoss","Slimebound:LevelUp","Slimebound:HauntingLick"],"relics":["Slimebound:AbsorbEndCombat","EVO:Axolotl","downfall:HeartsMalice","downfall:BrokenWingStatue","Dream Catcher","Question Card"],"acts_visited":["Exordium"],"potions_floor_usage":[12],"damage_taken":[{"damage":0,"enemies":"Small Slimes","floor":2,"turns":1},{"damage":0,"enemies":"2 Louse","floor":3,"turns":1},{"damage":0,"enemies":"Jaw Worm","floor":4,"turns":1},{"damage":12,"enemies":"Blue Slaver","floor":5,"turns":4},{"damage":11,"enemies":"downfall:FleeingMerchant","floor":6,"turns":4},{"damage":17,"enemies":"Exordium Thugs","floor":11,"turns":6},{"damage":24,"enemies":"Lagavulin","floor":12,"turns":8},{"damage":16,"enemies":"Red Slaver","floor":14,"turns":3},{"damage":11,"enemies":"Exordium Wildlife","floor":15,"turns":4},{"damage":27,"enemies":"DF_ARCHETYPE_STREAMLINE","floor":16,"turns":3}],"seed_played":"-7751244682638184137","potions_obtained":[{"floor":5,"key":"SpeedPotion"},{"floor":12,"key":"SteroidPotion"},{"floor":14,"key":"SkillPotion"},{"floor":15,"key":"Regen Potion"}],"is_trial":false,"path_per_floor":["R","M","M","M","M","$","T","?","R","?","M","E","T","M","M","B"],"character_chosen":"SLIMEBOUND","items_purchased":[],"campfire_rested":0,"item_purchase_floors":[],"current_hp_per_floor":[65,65,65,65,57,54,54,54,54,54,45,29,29,19,14,0,0,0],"gold":94,"neow_bonus":"THREE_ENEMY_KILL","is_daily":false,"chose_seed":false,"campfire_upgraded":2,"win_rate":0.0,"timestamp":1613549305,"path_taken":["R","M","M","M","M","$","T","?","R","?","M","E","?","M","M","BOSS"],"items_purchased_type":[],"build_version":"2020-12-22","purchased_purges":1,"victory":false,"max_hp_per_floor":[65,65,65,65,65,65,65,65,65,65,65,65,65,65,65,65,65,65],"card_choices":[{"not_picked":["Slimebound:SplitMire","Slimebound:LeechingTouch"],"picked":"Slimebound:LevelUp","floor":2},{"not_picked":["Slimebound:ItLooksTasty","Slimebound:SlimeSpikes"],"picked":"Slimebound:LeechingTouch","floor":3},{"not_picked":["Slimebound:SlimeSpikes","Slimebound:Chomp"],"picked":"Slimebound:LeechingTouch","floor":4},{"not_picked":["Slimebound:Prepare","Slimebound:RollThrough"],"picked":"Slimebound:SamplingLick","floor":5},{"not_picked":["Slimebound:SplitMire","Slimebound:MegaLick"],"picked":"Slimebound:Gluttony","floor":6},{"not_picked":["Slimebound:ViciousTackle","Slimebound:LivingWall"],"picked":"Slimebound:ProtectTheBoss","floor":11},{"not_picked":["Slimebound:ItLooksTasty","Slimebound:SlimeBrawl","Slimebound:Grow"],"picked":"SKIP","floor":12},{"not_picked":["Slimebound:Gluttony","Slimebound:Grow","Slimebound:Schlurp"],"picked":"Slimebound:LevelUp","floor":14},{"not_picked":["Slimebound:TongueLash","Slimebound:LeechingTouch","Slimebound:SplitLeeching"],"picked":"Slimebound:HauntingLick","floor":15}],"player_experience":472469,"relics_obtained":[{"floor":12,"key":"Dream Catcher"},{"floor":13,"key":"Question Card"}],"event_choices":[{"damage_healed":0,"gold_gain":0,"player_choice":"Disagree","damage_taken":0,"max_hp_gain":0,"max_hp_loss":0,"event_name":"conspire:LoneGhost","floor":10,"gold_loss":0}],"is_beta":false,"boss_relics":[],"items_purged_floors":[6],"is_endless":false,"potions_floor_spawned":[5,12,14,15],"killed_by":"DF_ARCHETYPE_STREAMLINE","ascension_level":0}}