{"host":"w14xfy17z3c5mpoi","time":1613527524,"event":{"mods":["AchievementEnabler","BaseMod","Minty Spire (QoL Compilation)","Relic Stats"],"gold_per_floor":[219,239,239,16,16,54,73,92,169,169,203,203,203,219,219,219,219],"floor_reached":16,"language":"ENG","playtime":550,"items_purged":["Injury"],"score":160,"play_id":"4f50d601-69cd-4aff-b3c9-dca929982a6e","local_time":"20210216210524","is_ascension_mode":true,"campfire_choices":[{"floor":10,"key":"REST"},{"data":"Glass Knife","floor":12,"key":"SMITH"},{"data":"Terror","floor":15,"key":"SMITH"}],"circlet_count":0,"master_deck":["Strike_G","Strike_G","Strike_G","Strike_G","Strike_G","Defend_G","Defend_G","Defend_G","Defend_G","Defend_G","Survivor","Neutralize+1","Dagger Spray","Poisoned Stab","Terror+1","Dash","Glass Knife+1","Prepared"],"relics":["Ring of the Snake","Golden Idol","Bag of Preparation","Mango","Paper Crane","Tiny Chest"],"acts_visited":["Exordium"],"potions_floor_usage":[16],"damage_taken":[{"damage":4,"enemies":"Small Slimes","floor":1,"turns":3},{"damage":1,"enemies":"Cultist","floor":2,"turns":3},{"damage":46,"enemies":"Gremlin Nob","floor":6,"turns":5},{"damage":5,"enemies":"2 Louse","floor":7,"turns":3},{"damage":3,"enemies":"Blue Slaver","floor":8,"turns":3},{"damage":3,"enemies":"3 Sentries","floor":11,"turns":8},{"damage":0,"enemies":"Large Slime","floor":14,"turns":4},{"damage":41,"enemies":"Slime Boss","floor":16,"turns":8}],"seed_played":"3522775009459273405","potions_obtained":[{"floor":8,"key":"DistilledChaos"},{"floor":11,"key":"Weak Potion"}],"is_trial":false,"path_per_floor":["M","M","?","$","?","E","M","M","T","R","E","R","?","M","R","B"],"character_chosen":"THE_SILENT","items_purchased":["Bag of Preparation"],"campfire_rested":1,"item_purchase_floors":[4],"current_hp_per_floor":[59,58,58,58,58,26,21,18,18,43,40,40,40,40,40,0,0],"gold":219,"neow_bonus":"HUNDRED_GOLD","is_daily":false,"chose_seed":false,"campfire_upgraded":2,"win_rate":0.0,"timestamp":1613527524,"path_taken":["M","M","?","$","?","E","M","M","T","R","E","R","?","M","R","BOSS"],"items_purchased_type":["Relic"],"build_version":"2020-12-22","purchased_purges":1,"victory":false,"max_hp_per_floor":[70,70,70,70,70,84,84,84,84,84,84,84,84,84,84,84,84],"relic_stats":{"counters":[8,37],"Golden Idol":26,"Tiny Chest":0,"Bag of Preparation":[12],"obtain_stats":[{"Golden Idol":3,"Mango":6,"Tiny Chest":11,"Bag of Preparation":4,"Paper Crane":9,"Ring of the Snake":0},{"Golden Idol":2,"Mango":3,"Tiny Chest":6,"Bag of Preparation":2,"Paper Crane":5,"Ring of the Snake":0},{"Golden Idol":6,"Mango":11,"Tiny Chest":25,"Bag of Preparation":6,"Paper Crane":17,"Ring of the Snake":0}],"Ring of the Snake":[16]},"card_choices":[{"not_picked":["Bane","Choke"],"picked":"Dagger Spray","floor":1},{"not_picked":["Backflip","Prepared"],"picked":"Poisoned Stab","floor":2},{"not_picked":["Cloak And Dagger","Dagger Throw"],"picked":"Terror","floor":6},{"not_picked":["Underhanded Strike","Deflect"],"picked":"Dash","floor":7},{"not_picked":["Riddle With Holes","Acrobatics"],"picked":"Glass Knife","floor":8},{"not_picked":["Tactician","Predator","Deflect"],"picked":"SKIP","floor":11},{"not_picked":["Distraction","Dodge and Roll"],"picked":"Prepared","floor":14}],"player_experience":689111,"relics_obtained":[{"floor":6,"key":"Mango"},{"floor":9,"key":"Paper Crane"},{"floor":11,"key":"Tiny Chest"}],"event_choices":[{"damage_healed":0,"gold_gain":0,"player_choice":"Take Wound","damage_taken":0,"relics_obtained":["Golden Idol"],"max_hp_gain":0,"max_hp_loss":0,"event_name":"Golden Idol","floor":3,"gold_loss":0,"cards_obtained":["Injury"]},{"damage_healed":0,"gold_gain":0,"player_choice":"Ignored","damage_taken":0,"max_hp_gain":0,"max_hp_loss":0,"event_name":"Liars Game","floor":5,"gold_loss":0},{"damage_healed":0,"gold_gain":0,"player_choice":"Forge","damage_taken":0,"max_hp_gain":0,"max_hp_loss":0,"event_name":"Accursed Blacksmith","floor":13,"gold_loss":0,"cards_upgraded":["Neutralize"]}],"is_beta":false,"boss_relics":[],"items_purged_floors":[4],"is_endless":false,"potions_floor_spawned":[8,11],"killed_by":"Slime Boss","ascension_level":9}}