{"host":"o7j6aatxjwpw1421","time":1613591065,"event":{"mods":["2.2 Compatiblity","AchievementEnabler","BaseMod","Colored Map","DeckTracker","Highlight Path","Keyboard Shortcuts","Minty Spire (QoL Compilation)","Permanent Neow","Quick Restart","StSLib","SuperFastMode","everything is the same but u backflip on backflip"],"gold_per_floor":[109,109,109,123,136,136,122,122,122,122,47,47,47,62,62,160,210,220,235,252,252,266,266,295,295,295,311,326,326,338,338,338,433,433,448,448,464,464,480,480,498,509,509,520,533,533,552,414,414,414,414],"floor_reached":50,"language":"KOR","playtime":960,"items_purged":["Defend_P","Defend_P"],"score":485,"play_id":"1a5a8735-bdba-417e-b149-f3a092dd5cbe","local_time":"20210218044425","is_ascension_mode":false,"campfire_choices":[{"data":"Eruption","floor":6.0,"key":"SMITH"},{"data":"WheelKick","floor":10.0,"key":"SMITH"},{"data":"Wallop","floor":12.0,"key":"SMITH"},{"data":"Halt","floor":15.0,"key":"SMITH"},{"data":"Blasphemy","floor":23.0,"key":"SMITH"},{"data":"WheelKick","floor":25.0,"key":"SMITH"},{"data":"ReachHeaven","floor":29.0,"key":"SMITH"},{"data":"Ragnarok","floor":32.0,"key":"SMITH"},{"data":"Vault","floor":40.0,"key":"SMITH"},{"data":"Vault","floor":49.0,"key":"SMITH"}],"circlet_count":0,"master_deck":["Defend_P","Defend_P","Eruption+1","Vigilance","Halt+1","WheelKick+1","Wallop+1","Blasphemy+1","Halt","ReachHeaven+1","WheelKick+1","Ragnarok+1","Vault+1","Vault+1","WreathOfFlame+1","WreathOfFlame","Vault","Study"],"relics":["Sozu","Matryoshka","Tiny House","Ornamental Fan","Omamori","White Beast Statue","Akabeko","Black Star","Question Card","StrikeDummy"],"acts_visited":["Exordium","TheCity","TheBeyond"],"potions_floor_usage":[],"damage_taken":[{"damage":0.0,"enemies":"2 Louse","floor":1.0,"turns":2.0},{"damage":0.0,"enemies":"Cultist","floor":4.0,"turns":3.0},{"damage":0.0,"enemies":"Jaw Worm","floor":5.0,"turns":2.0},{"damage":4.0,"enemies":"Exordium Thugs","floor":7.0,"turns":4.0},{"damage":5.0,"enemies":"Lots of Slimes","floor":14.0,"turns":3.0},{"damage":18.0,"enemies":"Hexaghost","floor":16.0,"turns":6.0},{"damage":0.0,"enemies":"Spheric Guardian","floor":18.0,"turns":2.0},{"damage":10.0,"enemies":"2 Thieves","floor":19.0,"turns":3.0},{"damage":6.0,"enemies":"Snake Plant","floor":20.0,"turns":3.0},{"damage":6.0,"enemies":"Centurion and Healer","floor":22.0,"turns":5.0},{"damage":6.0,"enemies":"Book of Stabbing","floor":24.0,"turns":3.0},{"damage":3.0,"enemies":"Snecko","floor":27.0,"turns":3.0},{"damage":0.0,"enemies":"Chosen and Byrds","floor":28.0,"turns":3.0},{"damage":2.0,"enemies":"Cultist and Chosen","floor":30.0,"turns":4.0},{"damage":13.0,"enemies":"Collector","floor":33.0,"turns":4.0},{"damage":0.0,"enemies":"3 Shapes","floor":35.0,"turns":3.0},{"damage":2.0,"enemies":"3 Darklings","floor":37.0,"turns":3.0},{"damage":17.0,"enemies":"Maw","floor":39.0,"turns":7.0},{"damage":26.0,"enemies":"Writhing Mass","floor":41.0,"turns":4.0},{"damage":0.0,"enemies":"Jaw Worm Horde","floor":42.0,"turns":2.0},{"damage":16.0,"enemies":"Spire Growth","floor":44.0,"turns":3.0},{"damage":0.0,"enemies":"3 Darklings","floor":45.0,"turns":4.0},{"damage":0.0,"enemies":"Writhing Mass","floor":47.0,"turns":4.0},{"damage":0,"enemies":"Awakened One","floor":50,"turns":1}],"seed_played":"5017617597893739974","potions_obtained":[],"is_trial":false,"path_per_floor":["M","?","?","M","M","R","M","?","T","R","$","R","$","M","R","B",null,"M","M","M","?","M","R","E","R","T","M","M","R","M","?","R","B",null,"M","?","M","?","M","R","M","M","T","M","M","?","M","$","R","B"],"character_chosen":"WATCHER","items_purchased":["Study"],"campfire_rested":0,"item_purchase_floors":[48],"current_hp_per_floor":[72,77,70,70,70,70,66,66,66,66,66,66,66,61,61,43,82,82,72,66,66,60,60,54,54,54,51,51,51,49,49,49,36,82,82,82,80,80,63,63,37,37,37,21,21,21,21,21,21,21,21],"gold":414,"neow_bonus":"BOSS_RELIC","is_daily":false,"chose_seed":false,"campfire_upgraded":10,"win_rate":0.0,"timestamp":1613591065,"path_taken":["M","?","?","M","?","R","M","?","T","R","$","R","?","M","R","BOSS","M","M","?","?","M","R","E","R","T","M","M","R","M","?","R","BOSS","M","?","?","?","?","R","M","?","T","M","M","?","?","$","R","BOSS"],"items_purchased_type":["Card"],"build_version":"2020-12-22","purchased_purges":2,"victory":false,"max_hp_per_floor":[72,77,77,77,77,77,77,77,77,77,77,77,77,77,77,77,82,82,82,82,82,82,82,82,82,82,82,82,82,82,82,82,82,82,82,82,82,82,82,82,82,82,82,82,82,82,82,82,82,82,82],"card_choices":[{"not_picked":["CutThroughFate","EmptyBody"],"picked":"Halt","floor":1.0},{"not_picked":["ThirdEye","Halt"],"picked":"WheelKick","floor":4.0},{"not_picked":["BowlingBash","SashWhip","JustLucky"],"picked":"SKIP","floor":5.0},{"not_picked":["Tantrum","WreathOfFlame"],"picked":"Wallop","floor":7.0},{"not_picked":["Meditate","Worship","Vengeance"],"picked":"SKIP","floor":14.0},{"not_picked":["SpiritShield","Judgement"],"picked":"Blasphemy","floor":16.0},{"not_picked":["FollowUp","Wireheading","Swivel"],"picked":"SKIP","floor":18.0},{"not_picked":["ForeignInfluence+1","FlyingSleeves"],"picked":"Halt","floor":19.0},{"not_picked":["BattleHymn","TalkToTheHand","ThirdEye+1"],"picked":"SKIP","floor":20.0},{"not_picked":["FlurryOfBlows+1","JustLucky","Meditate"],"picked":"SKIP","floor":22.0},{"not_picked":["FollowUp+1","SashWhip","Conclude"],"picked":"SKIP","floor":24.0},{"not_picked":["DeceiveReality","CrushJoints+1","SashWhip"],"picked":"SKIP","floor":27.0},{"not_picked":["FollowUp+1","SashWhip+1","Prostrate"],"picked":"SKIP","floor":28.0},{"not_picked":["Perseverance+1","CutThroughFate"],"picked":"Ragnarok","floor":30.0},{"not_picked":["MasterReality","Wish"],"picked":"Vault","floor":33.0},{"not_picked":["FollowUp","Sanctity+1","Weave"],"picked":"SKIP","floor":35.0},{"not_picked":["EmptyFist+1","Halt+1","Pray"],"picked":"SKIP","floor":37.0},{"not_picked":["Tantrum","JustLucky+1"],"picked":"WreathOfFlame+1","floor":39.0},{"not_picked":["Evaluate","CarveReality+1","FlyingSleeves"],"picked":"SKIP","floor":41.0},{"not_picked":["Consecrate+1","Swivel","Protect"],"picked":"SKIP","floor":42.0},{"not_picked":["CutThroughFate+1","SignatureMove","Vengeance","Crescendo"],"picked":"SKIP","floor":44.0},{"not_picked":["Consecrate+1","SashWhip+1","ThirdEye","JustLucky"],"picked":"SKIP","floor":45.0},{"not_picked":["FlurryOfBlows","Wallop+1","CrushJoints"],"picked":"Vault","floor":47.0}],"player_experience":626284,"relics_obtained":[{"floor":9.0,"key":"Matryoshka"},{"floor":24.0,"key":"Ornamental Fan"},{"floor":26.0,"key":"Omamori"},{"floor":26.0,"key":"White Beast Statue"},{"floor":43.0,"key":"Question Card"},{"floor":43.0,"key":"StrikeDummy"}],"event_choices":[{"damage_healed":0.0,"max_hp_gain":5.0,"max_hp_loss":0.0,"gold_gain":0.0,"event_name":"Big Fish","player_choice":"Donut","floor":2.0,"gold_loss":0.0,"damage_taken":0.0},{"damage_healed":0.0,"max_hp_gain":0.0,"max_hp_loss":0.0,"gold_gain":0.0,"event_name":"Wheel of Change","player_choice":"Damaged","floor":3.0,"gold_loss":0.0,"damage_taken":7.0},{"cards_removed":["Strike_P"],"damage_healed":0.0,"max_hp_gain":0.0,"max_hp_loss":0.0,"gold_gain":0.0,"event_name":"Bonfire Elementals","player_choice":"Offered Basic","floor":8.0,"gold_loss":0.0,"damage_taken":0.0},{"damage_healed":0.0,"max_hp_gain":0.0,"max_hp_loss":0.0,"gold_gain":0.0,"cards_transformed":["Strike_P","Strike_P"],"event_name":"Drug Dealer","player_choice":"Became Test Subject","floor":21.0,"gold_loss":0.0,"damage_taken":0.0,"cards_obtained":["ReachHeaven","WheelKick"]},{"damage_healed":0.0,"max_hp_gain":0.0,"max_hp_loss":0.0,"gold_gain":0.0,"event_name":"Addict","player_choice":"Stole Relic","floor":31.0,"gold_loss":0.0,"damage_taken":0.0,"relics_obtained":["Akabeko"],"cards_obtained":["Shame"]},{"damage_healed":0.0,"max_hp_gain":0.0,"max_hp_loss":0.0,"gold_gain":0.0,"event_name":"The Woman in Blue","player_choice":"Bought 0 Potions","floor":36.0,"gold_loss":0.0,"damage_taken":0.0},{"damage_healed":0.0,"max_hp_gain":0.0,"max_hp_loss":0.0,"gold_gain":0.0,"event_name":"Duplicator","player_choice":"Copied","floor":38.0,"gold_loss":0.0,"damage_taken":0.0,"cards_obtained":["Vault"]},{"damage_healed":0.0,"max_hp_gain":0.0,"max_hp_loss":0.0,"gold_gain":0.0,"cards_transformed":["Strike_P"],"event_name":"Transmorgrifier","player_choice":"Transformed","floor":46.0,"gold_loss":0.0,"damage_taken":0.0,"cards_obtained":["WreathOfFlame"]}],"is_beta":false,"boss_relics":[{"not_picked":["Runic Dome","SacredBark"],"picked":"Tiny House"},{"not_picked":["Busted Crown","Calling Bell"],"picked":"Black Star"}],"items_purged_floors":[11,48],"is_endless":false,"potions_floor_spawned":[7,14,16,18,22,24,27,28,30,33,35,37,39,41,42,44,45,47],"killed_by":"Awakened One","ascension_level":0}}