{"host":"1avr1135to2copjv","time":1613581168,"event":{"mods":["BaseMod","Colored Map","Colored Powertips","Filter the Spire","Minty Spire (QoL Compilation)","Relic Stats","StSLib","The Servant 0.9.4"],"gold_per_floor":[116,45,60,80,96,96,113,113,113,126,126,140,170,170,170,274,274,284,383,399,428,443,443,470,520,544,572,584,584,584,584,584,683,683,699,716,716,728,738,768,768,799,799,814,830,830,880,790,790,790,790,790,211,236,236],"floor_reached":56,"language":"ENG","playtime":4307,"items_purged":[],"score":1375,"play_id":"fbac48da-2a99-4ebf-ac27-d0240bd9d8f6","local_time":"20210217195928","is_ascension_mode":true,"campfire_choices":[{"data":"Bash","floor":6,"key":"SMITH"},{"data":"Inflame","floor":8,"key":"SMITH"},{"data":"Clothesline","floor":11,"key":"SMITH"},{"data":"Evolve","floor":15,"key":"SMITH"},{"data":"Heavy Blade","floor":23,"key":"SMITH"},{"floor":29,"key":"DIG"},{"floor":32,"key":"DIG"},{"data":"Dual Wield","floor":41,"key":"SMITH"},{"floor":46,"key":"RECALL"},{"floor":49,"key":"DIG"},{"data":"Berserk","floor":52,"key":"SMITH"}],"circlet_count":0,"master_deck":["Defend_R","Defend_R","Defend_R","Defend_R","Bash+1","Evolve+1","Inflame+1","Dual Wield+1","Clothesline+1","Impervious+1","Whirlwind","Heavy Blade+1","Double Tap","Reaper","Clothesline+1","Berserk+1","J.A.X.","Bludgeon","Reaper","Double Tap","Flame Barrier+1","Heavy Blade+1","Apotheosis"],"relics":["Snecko Eye","Bird Faced Urn","Pantograph","Sozu","Red Mask","Shovel","Centennial Puzzle","MealTicket","Pen Nib","Frozen Egg 2","Pear","Empty Cage","Matryoshka","Anchor","Singing Bowl","Mango","Blood Vial","Lantern","Bottled Tornado","Boot"],"acts_visited":["Exordium","TheCity","TheBeyond","TheEnding"],"potions_floor_usage":[55,55,55],"damage_taken":[{"damage":0,"enemies":"Cultist","floor":1,"turns":3},{"damage":0,"enemies":"Small Slimes","floor":3,"turns":4},{"damage":0,"enemies":"2 Louse","floor":4,"turns":2},{"damage":0,"enemies":"Exordium Wildlife","floor":5,"turns":3},{"damage":4,"enemies":"Looter","floor":7,"turns":3},{"damage":4,"enemies":"Gremlin Gang","floor":10,"turns":5},{"damage":7,"enemies":"Blue Slaver","floor":12,"turns":2},{"damage":0,"enemies":"Gremlin Nob","floor":13,"turns":3},{"damage":0,"enemies":"Slime Boss","floor":16,"turns":3},{"damage":1,"enemies":"3 Byrds","floor":18,"turns":3},{"damage":18,"enemies":"Shell Parasite","floor":20,"turns":5},{"damage":6,"enemies":"Masked Bandits","floor":21,"turns":3},{"damage":2,"enemies":"Centurion and Healer","floor":22,"turns":6},{"damage":38,"enemies":"Gremlin Leader","floor":24,"turns":7},{"damage":25,"enemies":"Book of Stabbing","floor":27,"turns":4},{"damage":12,"enemies":"Snake Plant","floor":28,"turns":4},{"damage":25,"enemies":"Collector","floor":33,"turns":4},{"damage":12,"enemies":"3 Darklings","floor":35,"turns":4},{"damage":2,"enemies":"Orb Walker","floor":36,"turns":2},{"damage":7,"enemies":"Spire Growth","floor":38,"turns":4},{"damage":6,"enemies":"Transient","floor":39,"turns":5},{"damage":44,"enemies":"Giant Head","floor":40,"turns":7},{"damage":29,"enemies":"Reptomancer","floor":42,"turns":4},{"damage":27,"enemies":"Maw","floor":44,"turns":6},{"damage":1,"enemies":"Spire Growth","floor":45,"turns":3},{"damage":40,"enemies":"Mind Bloom Boss Battle","floor":47,"turns":4},{"damage":141,"enemies":"Awakened One","floor":50,"turns":11},{"damage":67,"enemies":"Shield and Spear","floor":54,"turns":7},{"damage":115,"enemies":"The Heart","floor":55,"turns":8}],"seed_played":"-9063640258731309601","potions_obtained":[{"floor":4,"key":"Energy Potion"},{"floor":5,"key":"PowerPotion"},{"floor":12,"key":"Fruit Juice"}],"is_trial":false,"path_per_floor":["M","$","M","M","M","R","M","R","T","M","R","M","E","?","R","B",null,"M","?","M","?","M","R","E","?","T","E","M","R","?","T","R","B",null,"M","M","?","M","M","E","R","E","T","M","M","R","?","?","R","B",null,"R","$","E","B",null],"character_chosen":"IRONCLAD","items_purchased":["Inflame","Lantern","Apotheosis","Bottled Tornado"],"campfire_rested":0,"item_purchase_floors":[2,53,53,53],"current_hp_per_floor":[80,80,80,80,80,80,76,76,76,76,76,73,75,75,75,80,80,80,80,71,69,80,80,68,68,68,59,57,57,57,57,67,71,90,82,82,82,86,90,90,90,90,90,90,91,91,102,102,102,84,106,106,106,43,32],"gold":236,"neow_bonus":"BOSS_RELIC","is_daily":false,"chose_seed":false,"campfire_upgraded":7,"win_rate":0.0,"timestamp":1613581168,"path_taken":["M","$","M","M","?","R","M","R","T","M","R","M","E","?","R","BOSS","M","?","M","?","?","R","E","?","T","E","?","R","?","?","R","BOSS","M","M","?","M","M","E","R","E","T","?","M","R","?","?","R","BOSS","R","$","E","BOSS"],"items_purchased_type":["Card","Relic","Card","Relic"],"build_version":"2020-12-22","purchased_purges":0,"victory":true,"max_hp_per_floor":[80,80,80,80,80,80,80,80,80,80,80,80,80,80,80,80,80,80,80,80,80,80,80,80,80,80,80,80,80,80,80,90,90,90,90,90,90,90,90,90,90,90,90,90,92,92,106,106,106,106,106,106,106,108,113],"relic_stats":{"Singing Bowl":4,"counters":[29,129],"Pen Nib":[17],"Boot":[0],"Sozu":8,"Blood Vial":4,"Centennial Puzzle":[45],"Shovel":3,"Bird Faced Urn":[78],"Pantograph":56,"Snecko Eye":[252,232,199,235],"MealTicket":0,"obtain_stats":[{"Lantern":53,"Pear":32,"Singing Bowl":43,"Mango":47,"Pen Nib":29,"Frozen Egg 2":31,"Bottled Tornado":53,"Empty Cage":34,"Boot":54,"Burning Blood":0,"Sozu":17,"Blood Vial":49,"Centennial Puzzle":26,"Anchor":42,"Shovel":24,"Matryoshka":40,"Bird Faced Urn":9,"Pantograph":13,"Snecko Eye":0,"MealTicket":27,"Red Mask":21},{"Lantern":27,"Pear":16,"Singing Bowl":23,"Mango":26,"Pen Nib":16,"Frozen Egg 2":16,"Bottled Tornado":27,"Empty Cage":17,"Boot":28,"Burning Blood":0,"Sozu":9,"Blood Vial":26,"Centennial Puzzle":14,"Anchor":23,"Shovel":14,"Matryoshka":22,"Bird Faced Urn":5,"Pantograph":8,"Snecko Eye":0,"MealTicket":15,"Red Mask":12},{"Lantern":114,"Pear":60,"Singing Bowl":90,"Mango":103,"Pen Nib":60,"Frozen Egg 2":60,"Bottled Tornado":114,"Empty Cage":64,"Boot":121,"Burning Blood":0,"Sozu":28,"Blood Vial":103,"Centennial Puzzle":52,"Anchor":90,"Shovel":52,"Matryoshka":86,"Bird Faced Urn":15,"Pantograph":25,"Snecko Eye":0,"MealTicket":56,"Red Mask":39}]},"card_choices":[{"not_picked":["Pommel Strike","Thunderclap"],"picked":"Evolve","floor":1},{"not_picked":["Warcry","True Grit"],"picked":"Dual Wield","floor":3},{"not_picked":["Wild Strike","Evolve"],"picked":"Clothesline","floor":4},{"not_picked":["Whirlwind","Sword Boomerang"],"picked":"Impervious","floor":5},{"not_picked":["Perfected Strike","Sword Boomerang"],"picked":"Whirlwind","floor":7},{"not_picked":["Rupture","Body Slam","Thunderclap"],"picked":"SKIP","floor":10},{"not_picked":["Sword Boomerang","True Grit"],"picked":"Heavy Blade","floor":12},{"not_picked":["Shrug It Off","Armaments"],"picked":"Double Tap","floor":13},{"not_picked":["Impervious","Bludgeon"],"picked":"Reaper","floor":16},{"not_picked":["Metallicize","Rage","Shrug It Off"],"picked":"SKIP","floor":18},{"not_picked":["Anger","Perfected Strike","Havoc"],"picked":"SKIP","floor":20},{"not_picked":["Reckless Charge","True Grit"],"picked":"Clothesline+1","floor":21},{"not_picked":["Seeing Red","Pommel Strike","Heavy Blade"],"picked":"SKIP","floor":22},{"not_picked":["Clash","Shrug It Off","Thunderclap"],"picked":"SKIP","floor":24},{"not_picked":["Cleave","Thunderclap"],"picked":"Berserk","floor":27},{"not_picked":["Iron Wave","Thunderclap","Sword Boomerang"],"picked":"SKIP","floor":28},{"not_picked":["Brutality+1","Double Tap"],"picked":"Bludgeon","floor":33},{"not_picked":["Sword Boomerang+1","Pommel Strike","Fire Breathing+1"],"picked":"SKIP","floor":35},{"not_picked":["Anger+1","Spot Weakness","Body Slam"],"picked":"SKIP","floor":36},{"not_picked":["Wild Strike+1","Warcry+1","Pommel Strike"],"picked":"SKIP","floor":38},{"not_picked":["Perfected Strike","Pummel+1","Heavy Blade"],"picked":"SKIP","floor":39},{"not_picked":["Clash","Headbutt+1"],"picked":"Reaper","floor":40},{"not_picked":["Body Slam+1","Burning Pact"],"picked":"Double Tap","floor":42},{"not_picked":["Armaments+1","Body Slam"],"picked":"Flame Barrier+1","floor":44},{"not_picked":["Thunderclap","Wild Strike+1","Clash+1"],"picked":"Singing Bowl","floor":45},{"not_picked":["Armaments+1","Carnage"],"picked":"Heavy Blade+1","floor":47},{"not_picked":["Dropkick","Anger","Immolate"],"picked":"Singing Bowl","floor":54}],"player_experience":1048376,"relics_obtained":[{"floor":9,"key":"Bird Faced Urn"},{"floor":13,"key":"Pantograph"},{"floor":21,"key":"Red Mask"},{"floor":24,"key":"Shovel"},{"floor":26,"key":"Centennial Puzzle"},{"floor":27,"key":"MealTicket"},{"floor":29,"key":"Pen Nib"},{"floor":31,"key":"Frozen Egg 2"},{"floor":32,"key":"Pear"},{"floor":40,"key":"Matryoshka"},{"floor":42,"key":"Anchor"},{"floor":43,"key":"Singing Bowl"},{"floor":47,"key":"Mango"},{"floor":49,"key":"Blood Vial"},{"floor":54,"key":"Boot"}],"event_choices":[{"cards_removed":["Strike_R"],"damage_healed":0,"gold_gain":0,"player_choice":"Purged","damage_taken":0,"max_hp_gain":0,"max_hp_loss":0,"event_name":"Purifier","floor":14,"gold_loss":0},{"damage_healed":0,"gold_gain":99,"player_choice":"Stole From Cult","damage_taken":0,"max_hp_gain":0,"max_hp_loss":0,"event_name":"Nest","floor":19,"gold_loss":0},{"damage_healed":0,"gold_gain":0,"player_choice":"Fought Bandits","damage_taken":0,"max_hp_gain":0,"max_hp_loss":0,"event_name":"Masked Bandits","floor":21,"gold_loss":0},{"damage_healed":0,"gold_gain":100,"player_choice":"Bet on Murderer","damage_taken":0,"max_hp_gain":0,"max_hp_loss":0,"event_name":"The Joust","floor":25,"gold_loss":50},{"damage_healed":0,"gold_gain":0,"player_choice":"Obtain J.A.X.","damage_taken":0,"max_hp_gain":0,"max_hp_loss":0,"event_name":"Drug Dealer","floor":30,"gold_loss":0,"cards_obtained":["J.A.X."]},{"cards_removed":["Strike_R"],"damage_healed":0,"gold_gain":0,"player_choice":"Purged","damage_taken":0,"max_hp_gain":0,"max_hp_loss":0,"event_name":"Purifier","floor":37,"gold_loss":0},{"damage_healed":0,"gold_gain":0,"player_choice":"Fight","damage_taken":0,"max_hp_gain":0,"max_hp_loss":0,"event_name":"MindBloom","floor":47,"gold_loss":0},{"cards_removed":["Strike_R"],"damage_healed":0,"gold_gain":0,"player_choice":"Upgrade and Remove","damage_taken":0,"max_hp_gain":0,"max_hp_loss":0,"event_name":"Designer","floor":48,"gold_loss":90,"cards_upgraded":["Impervious"]}],"is_beta":false,"boss_relics":[{"not_picked":["Velvet Choker","Calling Bell"],"picked":"Sozu"},{"not_picked":["Tiny House","Philosopher\u0027s Stone"],"picked":"Empty Cage"}],"items_purged_floors":[],"is_endless":false,"potions_floor_spawned":[4,5,12,21,22,27,28,33,38,40,42],"ascension_level":1}}