{"host":"znvnxllcillb3rtw","time":1613574929,"event":{"mods":["BaseMod","DeckTracker","Minty Spire (QoL Compilation)","Relic Stats","StSLib","SuperFastMode","everything is the same but u backflip on backflip"],"gold_per_floor":[16,16,32,57,78,78,111,111,111,36,56,56,70,101,101,194,194,218,8,8,27,77,77,90,90,90,110,110,110,131,152,152,248,248,269,292,48,66,84,119,119,152,152,186,209,209,209,223,223,223,223,223],"floor_reached":51,"language":"KOR","playtime":2399,"items_purged":["Strike_B"],"score":1502,"play_id":"0bfc125c-7dfa-4f99-89ff-89d7e2a32634","local_time":"20210218001529","is_ascension_mode":true,"campfire_choices":[{"data":"Streamline","floor":6,"key":"SMITH"},{"data":"Zap","floor":8,"key":"SMITH"},{"floor":12,"key":"REST"},{"data":"Static Discharge","floor":15,"key":"SMITH"},{"data":"Recycle","floor":23,"key":"SMITH"},{"floor":25,"key":"REST"},{"data":"White Noise","floor":28,"key":"SMITH"},{"floor":32,"key":"REST"},{"floor":41,"key":"REST"},{"floor":46,"key":"RECALL"},{"floor":49,"key":"REST"}],"circlet_count":0,"master_deck":["AscendersBane","Strike_B","Defend_B","Defend_B","Defend_B","Zap+1","Dualcast","Streamline+1","Auto Shields","Hologram","Rebound","Lockon","Darkness","Static Discharge+1","White Noise","Biased Cognition","CurseOfTheBell","Recycle+1","Recycle+1","White Noise+1","Skim","BootSequence","Capacitor","Rainbow","Force Field","Heatsinks","Hologram","Core Surge","Fission+1","Echo Form","Chill"],"relics":["Cracked Core","Golden Idol","Blue Candle","InkBottle","Smiling Mask","Calling Bell","Potion Belt","HornCleat","Dead Branch","ClockworkSouvenir","Emotion Chip","Fusion Hammer","OrangePellets","White Beast Statue","CaptainsWheel","Akabeko"],"acts_visited":["Exordium","TheCity","TheBeyond"],"potions_floor_usage":[5,14,16,27,33,38,44,45],"damage_taken":[{"damage":4,"enemies":"Small Slimes","floor":1,"turns":3},{"damage":7,"enemies":"Jaw Worm","floor":3,"turns":2},{"damage":0,"enemies":"2 Louse","floor":4,"turns":2},{"damage":4,"enemies":"Looter","floor":5,"turns":4},{"damage":21,"enemies":"Lagavulin","floor":7,"turns":6},{"damage":16,"enemies":"Lots of Slimes","floor":11,"turns":4},{"damage":0,"enemies":"2 Fungi Beasts","floor":13,"turns":3},{"damage":6,"enemies":"Gremlin Nob","floor":14,"turns":3},{"damage":18,"enemies":"Slime Boss","floor":16,"turns":6},{"damage":9,"enemies":"Chosen","floor":18,"turns":4},{"damage":11,"enemies":"Shell Parasite","floor":21,"turns":3},{"damage":12,"enemies":"Shelled Parasite and Fungi","floor":24,"turns":3},{"damage":8,"enemies":"Cultist and Chosen","floor":27,"turns":5},{"damage":2,"enemies":"Centurion and Healer","floor":30,"turns":5},{"damage":13,"enemies":"3 Cultists","floor":31,"turns":4},{"damage":26,"enemies":"Champ","floor":33,"turns":5},{"damage":1,"enemies":"3 Darklings","floor":35,"turns":4},{"damage":15,"enemies":"3 Shapes","floor":36,"turns":4},{"damage":12,"enemies":"Sphere and 2 Shapes","floor":38,"turns":4},{"damage":3,"enemies":"3 Darklings","floor":39,"turns":2},{"damage":2,"enemies":"Nemesis","floor":40,"turns":5},{"damage":12,"enemies":"Giant Head","floor":42,"turns":7},{"damage":5,"enemies":"Nemesis","floor":44,"turns":5},{"damage":1,"enemies":"Transient","floor":45,"turns":6},{"damage":0,"enemies":"Writhing Mass","floor":48,"turns":5},{"damage":24,"enemies":"Donu and Deca","floor":50,"turns":8},{"damage":67,"enemies":"Awakened One","floor":51,"turns":4}],"seed_played":"-6648421226572515759","potions_obtained":[{"floor":3,"key":"Fruit Juice"},{"floor":4,"key":"LiquidMemories"},{"floor":5,"key":"Ancient Potion"},{"floor":13,"key":"Weak Potion"},{"floor":18,"key":"FairyPotion"},{"floor":24,"key":"Energy Potion"},{"floor":29,"key":"FearPotion"},{"floor":29,"key":"EssenceOfSteel"},{"floor":30,"key":"PowerPotion"},{"floor":36,"key":"Weak Potion"},{"floor":40,"key":"AttackPotion"},{"floor":42,"key":"SkillPotion"},{"floor":44,"key":"Fire Potion"},{"floor":45,"key":"SpeedPotion"}],"is_trial":false,"path_per_floor":["M","?","M","M","M","R","E","R","T","?","M","R","M","E","R","B",null,"M","$","?","M","?","R","M","R","T","M","R","?","M","M","R","B",null,"M","M","$","M","M","E","R","E","T","E","M","R","?","M","R","B","B"],"character_chosen":"DEFECT","items_purchased":["ClockworkSouvenir","OrangePellets","Heatsinks"],"campfire_rested":5,"item_purchase_floors":[19,37,37],"current_hp_per_floor":[60,60,53,53,54,54,33,33,33,33,17,39,39,33,33,15,61,52,52,52,41,41,41,29,51,51,43,43,43,41,28,50,24,63,62,47,47,35,32,30,52,40,40,35,34,34,34,34,56,32,0,0],"gold":223,"neow_bonus":"REMOVE_TWO","is_daily":false,"chose_seed":false,"campfire_upgraded":5,"win_rate":0.0,"timestamp":1613574929,"path_taken":["M","?","M","M","M","R","E","R","T","?","M","R","M","E","R","BOSS","M","$","?","M","?","R","M","R","T","M","R","?","M","M","R","BOSS","M","M","?","M","M","E","R","E","T","E","M","R","?","?","R","BOSS","BOSS"],"items_purchased_type":["Relic","Relic","Card"],"build_version":"2020-12-22","purchased_purges":1,"victory":false,"max_hp_per_floor":[71,71,71,71,76,76,76,76,76,76,76,76,76,76,76,76,76,76,76,76,76,76,76,76,76,76,76,76,76,76,76,76,76,76,76,76,76,76,76,76,76,76,76,76,76,76,76,76,76,76,76,76],"relic_stats":{"OrangePellets":[8],"Emotion Chip":[67,47,10,9,1],"counters":[27,116],"Golden Idol":158,"Blue Candle":[23],"Dead Branch":[216],"Smiling Mask":25,"obtain_stats":[{"Potion Belt":17,"Golden Idol":2,"Blue Candle":7,"Dead Branch":17,"Smiling Mask":14,"White Beast Statue":40,"Akabeko":44,"ClockworkSouvenir":19,"Calling Bell":17,"OrangePellets":37,"Emotion Chip":26,"CaptainsWheel":42,"HornCleat":17,"Fusion Hammer":34,"Cracked Core":0,"InkBottle":9},{"Potion Belt":9,"Golden Idol":1,"Blue Candle":5,"Dead Branch":9,"Smiling Mask":8,"White Beast Statue":21,"Akabeko":23,"ClockworkSouvenir":10,"Calling Bell":9,"OrangePellets":18,"Emotion Chip":12,"CaptainsWheel":22,"HornCleat":9,"Fusion Hammer":16,"Cracked Core":0,"InkBottle":5},{"Potion Belt":33,"Golden Idol":3,"Blue Candle":17,"Dead Branch":33,"Smiling Mask":27,"White Beast Statue":81,"Akabeko":93,"ClockworkSouvenir":37,"Calling Bell":33,"OrangePellets":70,"Emotion Chip":43,"CaptainsWheel":88,"HornCleat":33,"Fusion Hammer":62,"Cracked Core":0,"InkBottle":17}],"InkBottle":[61]},"card_choices":[{"not_picked":["Leap","Rebound"],"picked":"Streamline","floor":1},{"not_picked":["Double Energy","Hologram"],"picked":"Auto Shields","floor":3},{"not_picked":["Sweeping Beam","Redo"],"picked":"Hologram","floor":4},{"not_picked":["Hologram","Leap"],"picked":"Rebound","floor":5},{"not_picked":["Go for the Eyes","Genetic Algorithm"],"picked":"Lockon","floor":7},{"not_picked":["Capacitor","Force Field"],"picked":"Darkness","floor":11},{"not_picked":["Blizzard","Compile Driver"],"picked":"Static Discharge","floor":13},{"not_picked":["Cold Snap","Go for the Eyes"],"picked":"White Noise","floor":14},{"not_picked":["All For One","Machine Learning"],"picked":"Biased Cognition","floor":16},{"not_picked":["Reinforced Body+1","Compile Driver"],"picked":"Recycle","floor":18},{"not_picked":["Auto Shields","Conserve Battery"],"picked":"Recycle+1","floor":21},{"not_picked":["Sweeping Beam","Cold Snap"],"picked":"White Noise","floor":24},{"not_picked":["Reinforced Body+1","Self Repair"],"picked":"Skim","floor":27},{"not_picked":["Stack","Beam Cell"],"picked":"BootSequence","floor":30},{"not_picked":["Gash","Scrape"],"picked":"Capacitor","floor":31},{"not_picked":["Hyperbeam","Meteor Strike"],"picked":"Rainbow","floor":33},{"not_picked":["Ball Lightning","Cold Snap"],"picked":"Force Field","floor":35},{"not_picked":["Sunder","Stack","Darkness"],"picked":"SKIP","floor":36},{"not_picked":["Stack","Compile Driver"],"picked":"Hologram","floor":38},{"not_picked":["Go for the Eyes","Lockon","Gash"],"picked":"SKIP","floor":39},{"not_picked":["Steam+1","Scrape"],"picked":"Core Surge","floor":40},{"not_picked":["Beam Cell","Fusion+1"],"picked":"Fission","floor":42},{"not_picked":["Lockon","Sweeping Beam"],"picked":"Echo Form","floor":44},{"not_picked":["Streamline","Barrage+1"],"picked":"Chill","floor":45},{"not_picked":["Rebound+1","Coolheaded","FTL+1"],"picked":"SKIP","floor":48}],"player_experience":2912554,"relics_obtained":[{"floor":7,"key":"Blue Candle"},{"floor":9,"key":"InkBottle"},{"floor":14,"key":"Smiling Mask"},{"floor":17,"key":"Potion Belt"},{"floor":17,"key":"HornCleat"},{"floor":17,"key":"Dead Branch"},{"floor":26,"key":"Emotion Chip"},{"floor":40,"key":"White Beast Statue"},{"floor":42,"key":"CaptainsWheel"},{"floor":44,"key":"Akabeko"}],"event_choices":[{"damage_healed":0,"gold_gain":0,"player_choice":"Take Wound","damage_taken":0,"relics_obtained":["Golden Idol"],"max_hp_gain":0,"max_hp_loss":0,"event_name":"Golden Idol","floor":2,"gold_loss":0,"cards_obtained":["Injury"]},{"cards_removed":["Injury"],"damage_healed":0,"gold_gain":0,"player_choice":"Card Removal","damage_taken":0,"max_hp_gain":0,"max_hp_loss":0,"event_name":"The Cleric","floor":10,"gold_loss":75},{"cards_removed":["Strike_B"],"damage_healed":0,"gold_gain":0,"player_choice":"Elegance","damage_taken":0,"max_hp_gain":0,"max_hp_loss":0,"event_name":"Back to Basics","floor":20,"gold_loss":0},{"damage_healed":0,"gold_gain":50,"player_choice":"Stole From Cult","damage_taken":0,"max_hp_gain":0,"max_hp_loss":0,"event_name":"Nest","floor":22,"gold_loss":0},{"damage_healed":0,"gold_gain":0,"player_choice":"Got Potions","damage_taken":0,"max_hp_gain":0,"max_hp_loss":0,"event_name":"Lab","floor":29,"gold_loss":0},{"damage_healed":0,"gold_gain":0,"player_choice":"Forge","damage_taken":0,"max_hp_gain":0,"max_hp_loss":0,"event_name":"Accursed Blacksmith","floor":47,"gold_loss":0,"cards_upgraded":["Fission"]}],"is_beta":false,"boss_relics":[{"not_picked":["Snecko Eye","SacredBark"],"picked":"Calling Bell"},{"not_picked":["Coffee Dripper","Nuclear Battery"],"picked":"Fusion Hammer"}],"items_purged_floors":[19],"is_endless":false,"potions_floor_spawned":[3,4,5,13,18,24,30,36,40,42,44,45,48],"killed_by":"Awakened One","ascension_level":20}}