{"host":"ababi7n1w04ome7c","time":1613525084,"event":{"mods":["AchievementEnabler","BaseMod","Colored Map","Minty Spire (QoL Compilation)","Permanent Neow","StSLib","everything is the same but u backflip on backflip"],"gold_per_floor":[115,115,40,40,88,88,119,137,137,152,152,152,152,52,52,182,182,207,2,21,46,67,67,67,100,100,100,100,100,133,133,133,258,258,271,271,336,359,209,209,240,260,283,295,332,359,371,408,420,432],"floor_reached":51,"language":"KOR","playtime":1716,"items_purged":["Strike_G","Strike_G","Skewer+1","Strike_G"],"score":933,"play_id":"e259e8b2-d7dc-49ed-b29c-476c2119b733","local_time":"20210217102444","is_ascension_mode":true,"campfire_choices":[{"data":"Blade Dance","floor":6.0,"key":"SMITH"},{"floor":11.0,"key":"REST"},{"floor":15.0,"key":"REST"},{"data":"Phantasmal Killer","floor":23.0,"key":"SMITH"},{"floor":29.0,"key":"REST"},{"floor":32.0,"key":"REST"},{"floor":40.0,"key":"REST"},{"floor":44.0,"key":"REST"},{"floor":49,"key":"REST"}],"circlet_count":0,"master_deck":["Defend_G","Defend_G","Defend_G","Defend_G","Survivor","Neutralize","After Image","Blade Dance+1","After Image","Blade Dance","Phantasmal Killer+1","Flying Knee+1","Predator+1","Cloak And Dagger","Accuracy","Backflip","Madness","Madness","Blade Dance","Blade Dance+1","Blur","Shame","Leg Sweep+1"],"relics":["Ring of the Snake","Blood Vial","PreservedInsect","Bronze Scales","Golden Idol","Astrolabe","Dream Catcher","Ninja Scroll","MutagenicStrength","White Beast Statue","Cursed Key","Turnip","FossilizedHelix","MawBank"],"acts_visited":["Exordium","TheCity","TheBeyond"],"potions_floor_usage":[48],"damage_taken":[{"damage":0.0,"enemies":"Jaw Worm","floor":1.0,"turns":5.0},{"damage":52.0,"enemies":"Gremlin Nob","floor":7.0,"turns":6.0},{"damage":1.0,"enemies":"2 Louse","floor":8.0,"turns":3.0},{"damage":10.0,"enemies":"Small Slimes","floor":10.0,"turns":2.0},{"damage":27.0,"enemies":"Slime Boss","floor":16.0,"turns":17.0},{"damage":0.0,"enemies":"3 Byrds","floor":18.0,"turns":4.0},{"damage":15.0,"enemies":"Spheric Guardian","floor":20.0,"turns":4.0},{"damage":3.0,"enemies":"Centurion and Healer","floor":21.0,"turns":5.0},{"damage":3.0,"enemies":"Cultist and Chosen","floor":22.0,"turns":4.0},{"damage":12.0,"enemies":"Gremlin Leader","floor":25.0,"turns":6.0},{"damage":13.0,"enemies":"Slavers","floor":30.0,"turns":4.0},{"damage":42.0,"enemies":"Collector","floor":33.0,"turns":9.0},{"damage":0.0,"enemies":"3 Shapes","floor":35.0,"turns":2.0},{"damage":5.0,"enemies":"2 Orb Walkers","floor":37.0,"turns":3.0},{"damage":4.0,"enemies":"3 Darklings","floor":38.0,"turns":4.0},{"damage":0.0,"enemies":"Giant Head","floor":41.0,"turns":5.0},{"damage":25.0,"enemies":"Sphere and 2 Shapes","floor":42.0,"turns":4.0},{"damage":52.0,"enemies":"4 Shapes","floor":45.0,"turns":7.0},{"damage":0.0,"enemies":"Maw","floor":46.0,"turns":5.0},{"damage":21,"enemies":"Sphere and 2 Shapes","floor":48,"turns":6},{"damage":62,"enemies":"Donu and Deca","floor":50,"turns":10}],"seed_played":"3503918559507302183","potions_obtained":[{"floor":1.0,"key":"GamblersBrew"},{"floor":10.0,"key":"Poison Potion"},{"floor":21.0,"key":"FairyPotion"},{"floor":30.0,"key":"Block Potion"},{"floor":33.0,"key":"DistilledChaos"},{"floor":38.0,"key":"PowerPotion"},{"floor":41.0,"key":"Weak Potion"},{"floor":48,"key":"Weak Potion"}],"is_trial":false,"path_per_floor":["M","?","$","?","T","R","E","M","T","M","R","?","?","$","R","B",null,"M","$","M","M","M","R","$","E","T","?","?","R","E","?","R","B",null,"M","?","?","M","$","R","E","M","T","R","M","M","?","M","R","B",null],"character_chosen":"THE_SILENT","items_purchased":["Accuracy"],"campfire_rested":7,"item_purchase_floors":[19],"current_hp_per_floor":[70,70,70,70,70,70,18,19,19,11,32,32,53,53,65,38,58,60,60,47,46,45,45,45,35,35,35,35,54,43,43,62,22,54,56,48,45,43,43,62,64,40,40,59,9,11,57,36,53,17],"gold":444,"neow_bonus":"ONE_RANDOM_RARE_CARD","is_daily":false,"chose_seed":false,"campfire_upgraded":2,"win_rate":0.0,"timestamp":1613525084,"path_taken":["M","?","$","?","?","R","E","M","T","?","R","?","?","?","R","BOSS","M","$","M","M","M","R","$","E","T","?","?","R","E","?","R","BOSS","M","?","?","M","$","R","E","M","T","R","M","M","?","M","R","BOSS"],"items_purchased_type":["Card"],"build_version":"2020-12-22","purchased_purges":4,"victory":true,"max_hp_per_floor":[70,70,70,70,70,70,70,70,70,70,70,65,65,65,65,65,65,65,65,65,65,65,65,65,65,65,65,65,65,65,65,65,65,65,65,65,65,65,65,65,65,65,65,65,65,65,57,57,57,57],"card_choices":[{"not_picked":["Acrobatics","Dash"],"picked":"Blade Dance","floor":1.0},{"not_picked":["Sucker Punch","Riddle With Holes"],"picked":"After Image","floor":7.0},{"not_picked":["Poisoned Stab","Dagger Spray"],"picked":"Blade Dance","floor":8.0},{"not_picked":["Flying Knee","Outmaneuver","Finisher"],"picked":"SKIP","floor":10.0},{"not_picked":["After Image","Burst"],"picked":"Phantasmal Killer","floor":16.0},{"not_picked":["Outmaneuver+1","Deadly Poison"],"picked":"Cloak And Dagger","floor":18.0},{"not_picked":["Finisher","Setup","Dagger Spray"],"picked":"SKIP","floor":20.0},{"not_picked":["Deflect","Quick Slash"],"picked":"Backflip","floor":21.0},{"not_picked":["Skewer","Noxious Fumes+1","Dodge and Roll"],"picked":"SKIP","floor":22.0},{"not_picked":["Dagger Throw+1","Wraith Form v2","Backflip+1"],"picked":"SKIP","floor":25.0},{"not_picked":["Noxious Fumes","Poisoned Stab","Flying Knee"],"picked":"SKIP","floor":30.0},{"not_picked":["Dagger Spray+1","Eviscerate+1","Concentrate"],"picked":"SKIP","floor":35.0},{"not_picked":["Bouncing Flask","Choke"],"picked":"Blade Dance","floor":37.0},{"not_picked":["Venomology","Deadly Poison"],"picked":"Blade Dance+1","floor":38.0},{"not_picked":["Distraction","Sucker Punch","Deflect+1"],"picked":"SKIP","floor":41.0},{"not_picked":["Sucker Punch+1","PiercingWail"],"picked":"Blur","floor":42.0},{"not_picked":["Sucker Punch+1","Blade Dance+1","Catalyst+1"],"picked":"SKIP","floor":45.0},{"not_picked":["Reflex","Flechettes","Caltrops+1"],"picked":"SKIP","floor":46.0},{"not_picked":["Quick Slash+1","Prepared+1"],"picked":"Leg Sweep+1","floor":48}],"player_experience":341241,"relics_obtained":[{"floor":5.0,"key":"Blood Vial"},{"floor":7.0,"key":"PreservedInsect"},{"floor":9.0,"key":"Bronze Scales"},{"floor":25.0,"key":"Dream Catcher"},{"floor":26.0,"key":"Ninja Scroll"},{"floor":30.0,"key":"White Beast Statue"},{"floor":37.0,"key":"Turnip"},{"floor":41.0,"key":"FossilizedHelix"},{"floor":43.0,"key":"MawBank"}],"event_choices":[{"damage_healed":0.0,"max_hp_gain":0.0,"max_hp_loss":0.0,"gold_gain":0.0,"event_name":"Shining Light","player_choice":"Ignored","floor":2.0,"gold_loss":0.0,"damage_taken":0.0},{"damage_healed":0.0,"max_hp_gain":0.0,"max_hp_loss":0.0,"gold_gain":0.0,"event_name":"The Cleric","player_choice":"Leave","floor":4.0,"gold_loss":0.0,"damage_taken":0.0},{"damage_healed":0.0,"max_hp_gain":0.0,"max_hp_loss":5.0,"gold_gain":0.0,"event_name":"Golden Idol","player_choice":"Lose Max HP","floor":12.0,"gold_loss":0.0,"damage_taken":0.0,"relics_obtained":["Golden Idol"]},{"damage_healed":21.0,"max_hp_gain":0.0,"max_hp_loss":0.0,"gold_gain":0.0,"event_name":"Big Fish","player_choice":"Banana","floor":13.0,"gold_loss":0.0,"damage_taken":0.0},{"damage_healed":0.0,"max_hp_gain":0.0,"max_hp_loss":0.0,"gold_gain":0.0,"event_name":"Drug Dealer","player_choice":"Inject Mutagens","floor":27.0,"gold_loss":0.0,"damage_taken":0.0,"relics_obtained":["MutagenicStrength"]},{"damage_healed":0.0,"max_hp_gain":0.0,"max_hp_loss":0.0,"gold_gain":0.0,"event_name":"Cursed Tome","player_choice":"Ignored","floor":28.0,"gold_loss":0.0,"damage_taken":0.0},{"damage_healed":0.0,"max_hp_gain":0.0,"max_hp_loss":0.0,"gold_gain":0.0,"event_name":"Vampires","player_choice":"Ignored","floor":31.0,"gold_loss":0.0,"damage_taken":0.0},{"damage_healed":0.0,"max_hp_gain":0.0,"max_hp_loss":0.0,"gold_gain":0.0,"event_name":"Winding Halls","player_choice":"Embrace Madness","floor":36.0,"gold_loss":0.0,"damage_taken":8.0,"cards_obtained":["Madness","Madness"]},{"damage_healed":0.0,"max_hp_gain":0.0,"max_hp_loss":0.0,"gold_gain":0.0,"event_name":"Mysterious Sphere","player_choice":"Fight","floor":37.0,"gold_loss":0.0,"damage_taken":0.0},{"damage_healed":57.0,"max_hp_gain":0.0,"max_hp_loss":8.0,"gold_gain":0.0,"event_name":"The Moai Head","player_choice":"Heal","floor":47.0,"gold_loss":0.0,"damage_taken":0.0}],"is_beta":false,"boss_relics":[{"not_picked":["Pandora\u0027s Box","Ectoplasm"],"picked":"Astrolabe"},{"not_picked":["HoveringKite","Runic Pyramid"],"picked":"Cursed Key"}],"items_purged_floors":[3,14,19,39],"is_endless":false,"potions_floor_spawned":[1,10,21,22,30,33,35,37,38,41,42,45,46,48],"ascension_level":5}}