{"host":"vk2xyavtylxbvrfq","time":1613541529,"event":{"mods":["Bard","BaseMod","Bestiary","Better Altar","Better Match","Better Note","Better Sensory Stone","Better Skull","Better Vampires","Block Reminder","Bossed Relics","Colored Map","Curses Come First","Displayed Cursed Tome","Downfall","Fox Events","Hermit","Ironclad Rager","Marked Mod","Minty Spire (QoL Compilation)","Quick Restart","Rare Cards Sparkle","Relic Sorter","Reliquary","Robot Space Explorer","StSLib","The Hayseed","The Runesmith","TheSurvivalist","Unceasing Turn Reminder"],"gold_per_floor":[110,181,181,196,10,35,0,29,29,61,72,103,122,19,19,118,118,137,151,201,47,47,47,72,72,72,72,72],"floor_reached":27,"language":"ENG","playtime":804,"items_purged":[],"score":399,"play_id":"95fb168b-2317-4de2-9ba6-19bcda627b5a","local_time":"20210217005849","is_ascension_mode":true,"campfire_choices":[{"floor":15,"key":"REST"},{"floor":23,"key":"REST"}],"circlet_count":0,"master_deck":["hermit:Strike_Hermit","hermit:Strike_Hermit","hermit:Strike_Hermit","hermit:Strike_Hermit","hermit:Defend_Hermit","hermit:Defend_Hermit","hermit:Defend_Hermit","hermit:Defend_Hermit","hermit:Snapshot","hermit:Covet","hermit:Roulette","hermit:Quickdraw","hermit:TakeCover","hermit:Glare","hermit:Ricochet","hermit:ItchyTrigger","hermit:TrackingShot","hermit:Cheat","hermit:Ricochet","hermit:TakeAim","hermit:Feint","hermit:FatalDesire","hermit:Grudge","hermit:Glare","hermit:LoneWolf+1","hermit:LoneWolf+1"],"relics":["hermit:Momento","NeowsBlessing","Oddly Smooth Stone","reliquary:Firecrackers","reliquary:Sod","reliquary:TridentHead","WingedGreaves","Smiling Mask","reliquary:ThirdArm","reliquary:TuningFork","reliquary:RoseTintedGlasses","StoneCalendar"],"acts_visited":["Exordium","TheCity"],"potions_floor_usage":[8,8,8,12,18,24],"damage_taken":[{"damage":0,"enemies":"Small Slimes","floor":1,"turns":1},{"damage":0,"enemies":"2 Louse","floor":4,"turns":1},{"damage":0,"enemies":"3 Sentries","floor":6,"turns":1},{"damage":0,"enemies":"Gremlin Nob","floor":8,"turns":3},{"damage":24,"enemies":"3 Sentries","floor":10,"turns":6},{"damage":0,"enemies":"Cultist","floor":11,"turns":2},{"damage":29,"enemies":"Lagavulin","floor":12,"turns":6},{"damage":4,"enemies":"Lots of Slimes","floor":13,"turns":2},{"damage":14,"enemies":"Slime Boss","floor":16,"turns":8},{"damage":15,"enemies":"Chosen","floor":18,"turns":6},{"damage":8,"enemies":"2 Thieves","floor":19,"turns":4},{"damage":45,"enemies":"Book of Stabbing","floor":24,"turns":6},{"damage":0,"enemies":"3 Cultists","floor":27,"turns":2}],"seed_played":"5966941297847045727","potions_obtained":[{"floor":3,"key":"champ:CounterPotion"},{"floor":3,"key":"BlessingOfTheForge"},{"floor":3,"key":"Block Potion"},{"floor":8,"key":"SmokeBomb"},{"floor":11,"key":"SteroidPotion"},{"floor":13,"key":"Swift Potion"},{"floor":19,"key":"Weak Potion"},{"floor":24,"key":"hexamod:SoulburnPotion"}],"is_trial":false,"path_per_floor":["M","?","?","M","$","E","?","E","T","E","M","E","M","$","R","B",null,"M","M","?","$","T","R","E","?","T","M"],"character_chosen":"HERMIT","items_purchased":["Oddly Smooth Stone","hermit:TakeCover","hermit:TakeAim","hermit:Feint","reliquary:TuningFork"],"campfire_rested":2,"item_purchase_floors":[5,5,14,14,21],"current_hp_per_floor":[68,68,68,68,68,68,75,75,75,51,51,22,18,18,40,26,63,48,40,40,40,40,62,17,17,17,17,17],"gold":72,"neow_bonus":"THREE_ENEMY_KILL","is_daily":false,"chose_seed":false,"campfire_upgraded":0,"win_rate":0.0,"timestamp":1613541529,"path_taken":["M","?","?","?","?","E","?","E","T","E","M","E","M","?","R","BOSS","M","?","?","?","?","R","E","?","T","?"],"items_purchased_type":["Relic","Card","Card","Card","Relic"],"build_version":"2020-12-22","purchased_purges":0,"victory":false,"max_hp_per_floor":[75,75,75,75,75,75,75,75,75,75,75,75,75,75,75,75,75,75,75,75,75,75,75,75,75,75,75,75],"card_choices":[{"not_picked":["hermit:Ricochet","hermit:ItchyTrigger"],"picked":"hermit:Roulette","floor":1},{"not_picked":["hermit:Manifest","hermit:LowProfile"],"picked":"hermit:Quickdraw","floor":4},{"not_picked":["hermit:Purgatory","hermit:Roulette"],"picked":"hermit:Glare","floor":6},{"not_picked":["hermit:Roulette","hermit:Manifest"],"picked":"hermit:Ricochet","floor":8},{"not_picked":["hermit:Scavenge","hermit:OverwhelmingPower"],"picked":"hermit:ItchyTrigger","floor":10},{"not_picked":["hermit:Midnight","hermit:Roulette"],"picked":"hermit:TrackingShot","floor":11},{"not_picked":["hermit:Desperado","hermit:Roulette"],"picked":"hermit:Cheat","floor":12},{"not_picked":["hermit:Grudge","hermit:CalledShot"],"picked":"hermit:Ricochet","floor":13},{"not_picked":["hermit:Purgatory","hermit:BlackWind"],"picked":"hermit:FatalDesire","floor":16},{"not_picked":["hermit:Snipe","hermit:TrackingShot"],"picked":"hermit:Grudge","floor":18},{"not_picked":["hermit:NoHoldsBarred","hermit:Cheat"],"picked":"hermit:Glare","floor":19},{"not_picked":["hermit:Brawl+1","hermit:CursedWeapon"],"picked":"hermit:LoneWolf+1","floor":24}],"player_experience":1400789,"relics_obtained":[{"floor":6,"key":"reliquary:Firecrackers"},{"floor":8,"key":"reliquary:Sod"},{"floor":9,"key":"reliquary:TridentHead"},{"floor":10,"key":"WingedGreaves"},{"floor":12,"key":"Smiling Mask"},{"floor":24,"key":"reliquary:RoseTintedGlasses"},{"floor":26,"key":"StoneCalendar"}],"event_choices":[{"damage_healed":0,"gold_gain":71,"player_choice":"Gained Gold","damage_taken":0,"max_hp_gain":0,"max_hp_loss":0,"event_name":"Golden Wing","floor":2,"gold_loss":0},{"damage_healed":0,"gold_gain":0,"player_choice":"Got Potions","damage_taken":0,"max_hp_gain":0,"max_hp_loss":0,"event_name":"Lab","floor":3,"gold_loss":0},{"damage_healed":18,"gold_gain":0,"player_choice":"Healed","damage_taken":0,"max_hp_gain":0,"max_hp_loss":0,"event_name":"The Cleric","floor":7,"gold_loss":35},{"damage_healed":0,"gold_gain":100,"player_choice":"Bet on Murderer","damage_taken":0,"max_hp_gain":0,"max_hp_loss":0,"event_name":"The Joust","floor":20,"gold_loss":50},{"damage_healed":0,"gold_gain":0,"player_choice":"Copied","damage_taken":0,"max_hp_gain":0,"max_hp_loss":0,"event_name":"Duplicator","floor":25,"gold_loss":0,"cards_obtained":["hermit:LoneWolf"]}],"is_beta":false,"boss_relics":[{"not_picked":["reliquary:Craggleroot","Black Star"],"picked":"reliquary:ThirdArm"}],"items_purged_floors":[],"is_endless":false,"potions_floor_spawned":[8,11,13,19,24],"killed_by":"3 Cultists","ascension_level":6}}