{"host":"rs956zbefct9hzhl","time":1613588460,"event":{"mods":["BaseMod","BetterRewards","Downfall","Minty Spire (QoL Compilation)","Shop Mod","Spikes Relics","StSLib"],"gold_per_floor":[99,113,29,29,129,29,99,99,129,29,47,65,79,24,38,141,141,141,159,144,229,245,245,269,287,312,412,312,312,322,348,368,472,472,472,472,472,488,501,501,526,322,342,354,372,391,391,419,430,430,430,430],"floor_reached":50,"language":"ENG","playtime":2832,"items_purged":["bronze:Defend"],"score":544,"play_id":"c5895f4e-8393-4e27-a367-49f4d9251ef4","local_time":"20210217200100","is_ascension_mode":false,"campfire_choices":[{"floor":1,"key":"RECALL"},{"data":"bronze:HardenedForm","floor":6,"key":"SMITH"},{"data":"bronze:HyperBeam","floor":10,"key":"SMITH"},{"data":"bronze:AlphaBuild","floor":18,"key":"SMITH"},{"data":"bronze:DecaBeam","floor":28,"key":"SMITH"},{"data":"bronze:Virus","floor":35,"key":"SMITH"},{"data":"bronze:Optimize","floor":40,"key":"SMITH"},{"data":"bronze:DonuBeam","floor":47,"key":"SMITH"}],"circlet_count":0,"master_deck":["bronze:Strike","bronze:Strike","bronze:Defend","bronze:Defend","bronze:Defend","bronze:Replicate","bronze:Goto","bronze:Flail","bronze:MaxOutput+1","bronze:DigitalCarnage","bronze:HardenedForm+1","bronze:Deprecate","bronze:HyperBeam+1","bronze:DelayedGuard","bronze:Turbo","bronze:ClassDefault","bronze:FineTuning","bronze:Optimize+1","bronze:AlphaBuild+1","bronze:Boost+1","bronze:Repair+1","bronze:DelayedSlice","bronze:DonuBeam+1","bronze:DecaBeam+1","bronze:ShipIt","bronze:Virus+1","bronze:FineTuning","bronze:DelayedSlice+1","Finesse+1","bronze:Assembly+1","bronze:Terminator+1","bronze:FineTuning+1"],"relics":["bronze:PlatinumCore","SnailShell","HornCleat","downfall:HeartBlessingRed","Question Card","downfall:HeartBlessingBlue","bronze:SilverBullet","RollingBoulder","downfall:HeartBlessingGreen","Guardian:PocketSentry","Busted Crown","bronze:BottledCode","Nunchaku","Membership Card","Toxic Egg 2","MerchantsRug","Darkstone Periapt","Oddly Smooth Stone"],"acts_visited":["Exordium","TheCity","TheBeyond"],"potions_floor_usage":[9,20,20,26,27,33,48,50],"damage_taken":[{"damage":3,"enemies":"Small Slimes","floor":2,"turns":5},{"damage":0,"enemies":"downfall:FleeingMerchant","floor":3,"turns":4},{"damage":5,"enemies":"downfall:Heads","floor":5,"turns":3},{"damage":6,"enemies":"Gremlin Nob","floor":9,"turns":4},{"damage":4,"enemies":"2 Louse","floor":11,"turns":2},{"damage":0,"enemies":"Jaw Worm","floor":12,"turns":3},{"damage":3,"enemies":"Red Slaver","floor":13,"turns":2},{"damage":0,"enemies":"downfall:FleeingMerchant","floor":14,"turns":4},{"damage":7,"enemies":"2 Fungi Beasts","floor":15,"turns":3},{"damage":11,"enemies":"WA_ARCHETYPE_RETAIN","floor":16,"turns":5},{"damage":2,"enemies":"downfall:LooterAlt2","floor":19,"turns":2},{"damage":0,"enemies":"downfall:FleeingMerchant","floor":20,"turns":4},{"damage":0,"enemies":"Shell Parasite","floor":22,"turns":4},{"damage":0,"enemies":"Snecko","floor":25,"turns":3},{"damage":44,"enemies":"Gremlin Leader","floor":26,"turns":9},{"damage":10,"enemies":"Gremlin Leader","floor":27,"turns":6},{"damage":0,"enemies":"Centurion and Healer","floor":30,"turns":4},{"damage":1,"enemies":"Cultist and Chosen","floor":32,"turns":3},{"damage":7,"enemies":"SI_MIRROR_ARCHETYPE","floor":33,"turns":6},{"damage":0,"enemies":"Orb Walker","floor":38,"turns":2},{"damage":0,"enemies":"3 Shapes","floor":39,"turns":2},{"damage":0,"enemies":"downfall:FleeingMerchant","floor":42,"turns":2},{"damage":0,"enemies":"Spire Growth","floor":43,"turns":2},{"damage":0,"enemies":"Sphere and 2 Shapes","floor":44,"turns":3},{"damage":0,"enemies":"Writhing Mass","floor":45,"turns":3},{"damage":0,"enemies":"Spire Growth","floor":46,"turns":3},{"damage":6,"enemies":"Nemesis","floor":48,"turns":5},{"damage":0,"enemies":"Jaw Worm Horde","floor":49,"turns":3},{"damage":67,"enemies":"IC_BLOCK_ARCHETYPE","floor":50,"turns":4}],"seed_played":"4732642676548514479","potions_obtained":[{"floor":5,"key":"BlessingOfTheForge"},{"floor":11,"key":"champ:CounterPotion"},{"floor":16,"key":"Energy Potion"},{"floor":22,"key":"bronze:BurnAndBuffPotion"},{"floor":26,"key":"bronze:BuildAFunctionPotion"},{"floor":30,"key":"BlessingOfTheForge"},{"floor":32,"key":"Slimebound:ThreeZeroPotion"},{"floor":33,"key":"Explosive Potion"},{"floor":39,"key":"EssenceOfSteel"},{"floor":48,"key":"Dexterity Potion"}],"is_trial":false,"path_per_floor":["R","M","$","?","?","R","T","T","E","R","M","M","M","$","M","B",null,"R","M","$","?","M","?","T","M","E","?","R","?","M","T","M","B",null,"R","?","?","M","M","R","T","$","M","M","M","M","R","E","M","B"],"character_chosen":"THE_AUTOMATON","items_purchased":["bronze:DigitalCarnage","bronze:Optimize","Membership Card","Toxic Egg 2","MerchantsRug","Darkstone Periapt","Finesse+1"],"campfire_rested":0,"item_purchase_floors":[3,14,42,42,42,42,42],"current_hp_per_floor":[70,67,67,64,59,59,59,59,53,63,59,59,56,56,49,38,80,80,78,78,64,64,64,64,64,31,31,31,31,31,31,30,33,80,80,70,70,70,70,70,70,70,70,70,70,70,70,64,64,0,0,0],"gold":430,"neow_bonus":"RANDOM_COMMON_RELIC","is_daily":false,"chose_seed":false,"campfire_upgraded":7,"win_rate":0.0,"timestamp":1613588460,"path_taken":["R","M","$","?","?","R","T","?","E","R","M","M","?","$","M","BOSS","R","M","$","?","M","?","T","?","E","?","R","?","?","?","M","BOSS","R","?","?","M","?","R","T","?","M","M","M","M","R","E","M","BOSS"],"items_purchased_type":["Card","Card","Relic","Relic","Relic","Relic","Card"],"build_version":"2020-12-22","purchased_purges":1,"victory":false,"max_hp_per_floor":[70,70,70,70,70,70,70,70,70,80,80,80,80,80,80,80,80,80,80,80,80,80,80,80,80,80,80,80,80,80,80,80,80,80,80,70,70,70,70,70,70,70,70,70,70,70,70,70,70,70,70,70],"card_choices":[{"not_picked":["bronze:Frontload","bronze:CutThrough"],"picked":"bronze:Flail","floor":2},{"not_picked":["bronze:Overheat","bronze:Repulsor"],"picked":"bronze:MaxOutput","floor":3},{"not_picked":["bronze:BuggyMess","bronze:Allocate"],"picked":"bronze:Deprecate","floor":5},{"not_picked":["bronze:Deprecate","bronze:Iterate","bronze:Separator"],"picked":"bronze:HyperBeam","floor":9},{"not_picked":["bronze:Constructor","bronze:Frontload","bronze:Branch"],"picked":"bronze:DelayedGuard","floor":11},{"not_picked":["bronze:BugBarrage","bronze:Deprecate","bronze:CleanCode"],"picked":"bronze:Turbo","floor":12},{"not_picked":["bronze:Deprecate","bronze:Fortify","bronze:BronzeArmor"],"picked":"bronze:ClassDefault","floor":13},{"not_picked":["bronze:BronzeOrb","bronze:BitShift","bronze:Repulsor"],"picked":"bronze:FineTuning","floor":14},{"not_picked":["bronze:BitShift","bronze:CutThrough","bronze:WildBeam","bronze:Optimize"],"picked":"SKIP","floor":15},{"not_picked":["bronze:SpaghettiCode","bronze:Mutator","bronze:Verify"],"picked":"bronze:AlphaBuild","floor":16},{"not_picked":["bronze:CutThrough+1","bronze:OilSpill","bronze:BuggyMess+1","bronze:CleanCode"],"picked":"SKIP","floor":19},{"not_picked":["bronze:BugBarrage","bronze:Return","bronze:Separator"],"picked":"bronze:Boost+1","floor":20},{"not_picked":["bronze:ForLoop+1","bronze:OilSpill","bronze:BugBarrage","bronze:Turbo"],"picked":"SKIP","floor":22},{"not_picked":["bronze:CutThrough+1","bronze:Separator","bronze:Backtrace"],"picked":"bronze:Repair+1","floor":25},{"not_picked":["bronze:BugBarrage","bronze:Invalidate","bronze:OilSpill"],"picked":"bronze:DelayedSlice","floor":26},{"not_picked":[],"picked":"bronze:DonuBeam","floor":27},{"not_picked":[],"picked":"bronze:DecaBeam","floor":27},{"not_picked":["bronze:OilSpill","bronze:Optimize","bronze:DarkDash+1","bronze:WhirlingStrike"],"picked":"SKIP","floor":30},{"not_picked":["bronze:Philosophize+1","bronze:Frontload","bronze:Branch","bronze:BronzeArmor"],"picked":"SKIP","floor":32},{"not_picked":["bronze:AlphaBuild","bronze:HyperBeam","bronze:ThunderWave"],"picked":"bronze:Virus","floor":33},{"not_picked":["bronze:Repulsor","bronze:BugBarrage"],"picked":"SKIP","floor":38},{"not_picked":["bronze:BuggyMess+1"],"picked":"bronze:DelayedSlice+1","floor":39},{"not_picked":["bronze:CutThrough+1","bronze:DelayedSlice"],"picked":"SKIP","floor":42},{"not_picked":["bronze:BuggyMess+1"],"picked":"bronze:Assembly+1","floor":43},{"not_picked":["bronze:Invalidate+1"],"picked":"bronze:Terminator+1","floor":44},{"not_picked":["bronze:ForLoop+1","bronze:Terminator+1"],"picked":"SKIP","floor":45},{"not_picked":["bronze:Shield+1","bronze:CutThrough+1"],"picked":"SKIP","floor":46},{"not_picked":["bronze:Repair+1","bronze:Repulsor+1"],"picked":"SKIP","floor":48},{"not_picked":["bronze:Deprecate+1"],"picked":"bronze:FineTuning+1","floor":49}],"player_experience":521894,"relics_obtained":[{"floor":7,"key":"Question Card"},{"floor":9,"key":"Dream Catcher"},{"floor":24,"key":"bronze:SilverBullet"},{"floor":26,"key":"RollingBoulder"},{"floor":31,"key":"Guardian:PocketSentry"},{"floor":41,"key":"Nunchaku"},{"floor":48,"key":"Oddly Smooth Stone"}],"event_choices":[{"damage_healed":0,"gold_gain":0,"player_choice":"Success","damage_taken":3,"relics_obtained":["HornCleat"],"max_hp_gain":0,"max_hp_loss":0,"event_name":"Scrap Ooze","floor":4,"gold_loss":0},{"damage_healed":0,"gold_gain":0,"player_choice":"Ignored","damage_taken":0,"max_hp_gain":0,"max_hp_loss":0,"event_name":"NoteForYourself","floor":23,"gold_loss":0}],"is_beta":false,"boss_relics":[{"not_picked":["Sandwich","Calling Bell"],"picked":"bronze:PlatinumCore"},{"not_picked":["Coffee Dripper","Empty Cage"],"picked":"Busted Crown"}],"items_purged_floors":[42],"is_endless":false,"potions_floor_spawned":[5,11,16,22,26,30,32,33,39,45,48,49],"killed_by":"IC_BLOCK_ARCHETYPE","ascension_level":0}}