{"host":"c83fcgyuu74iknko","time":1613542412,"event":{"mods":["BaseMod","BetterRewards","Colored Map","Colored Powertips","Minty Spire (QoL Compilation)","Quick Restart","StSLib","The Animator","The Senshi"],"gold_per_floor":[113,113,38,57,139,171,171,181,233,246,246,264,264,93,93,193,193,207,38,38,48,48,48,60,79,79,79,79,79],"floor_reached":28,"language":"ENG","playtime":1468,"items_purged":["animator:Defend","animator:Strike"],"score":310,"play_id":"6910ea59-08c7-40e2-9b8f-0095551fb8bd","local_time":"20210216221332","is_ascension_mode":false,"campfire_choices":[{"data":"animator:PinaCoLada","floor":7,"key":"SMITH"},{"data":"animator:Tyuule","floor":11,"key":"SMITH"},{"floor":15,"key":"REST"},{"data":"animator:Albedo","floor":23,"key":"SMITH"},{"floor":27,"key":"REST"}],"circlet_count":0,"master_deck":["animator:Strike_GATE","animator:Defend_GATE","animator:Strike","animator:Strike+1","animator:Defend","animator:Defend","animator:TukaLunaMarceau","animator:Kuribayashi","animator:ItamiYouji+1","animator:PinaCoLada+1","animator:Tyuule+1","animator:Tyuule+1","animator:RoryMercury","animator:Albedo+1","Writhe","animator:Zero"],"relics":["animator:LivingPicture","animator:ColorlessFragment","Toolbox","animator:Hoodie","Vajra","Sozu","Ancient Tea Set","Ice Cream"],"acts_visited":["Exordium","TheCity"],"potions_floor_usage":[8,16,28],"damage_taken":[{"damage":5,"enemies":"Cultist","floor":1,"turns":3},{"damage":7,"enemies":"Small Slimes","floor":4,"turns":3},{"damage":6,"enemies":"Jaw Worm","floor":6,"turns":5},{"damage":18,"enemies":"Lots of Slimes","floor":8,"turns":8},{"damage":2,"enemies":"3 Louse","floor":10,"turns":3},{"damage":0,"enemies":"Looter","floor":12,"turns":3},{"damage":21,"enemies":"The Guardian","floor":16,"turns":10},{"damage":4,"enemies":"Chosen","floor":18,"turns":3},{"damage":20,"enemies":"2 Thieves","floor":21,"turns":4},{"damage":18,"enemies":"3 Cultists","floor":24,"turns":4},{"damage":8,"enemies":"Snecko","floor":25,"turns":4},{"damage":32,"enemies":"Centurion and Healer","floor":28,"turns":3}],"seed_played":"3033634727307842713","potions_obtained":[{"floor":6,"key":"Regen Potion"},{"floor":12,"key":"SteroidPotion"},{"floor":16,"key":"Fire Potion"}],"is_trial":false,"path_per_floor":["M","?","$","M","T","M","R","M","T","M","R","M","?","$","R","B",null,"M","$","?","M","?","R","M","M","T","R","M"],"character_chosen":"THE_ANIMATOR","items_purchased":["animator:ItamiYouji","Toolbox","animator:RoryMercury","animator:ColorlessFragment"],"campfire_rested":2,"item_purchase_floors":[0,0,14,19],"current_hp_per_floor":[52,52,52,45,45,39,39,37,37,35,35,38,24,24,45,24,70,66,66,53,33,33,33,15,7,7,29,0,0],"gold":79,"neow_bonus":"","is_daily":false,"chose_seed":false,"campfire_upgraded":3,"win_rate":0.0,"timestamp":1613542412,"path_taken":["M","?","$","?","?","M","R","?","T","M","R","M","?","?","R","BOSS","M","?","?","M","?","R","M","M","T","R","M"],"items_purchased_type":["Card","Relic","Card","Relic"],"build_version":"2020-12-22","purchased_purges":2,"victory":false,"max_hp_per_floor":[66,66,66,66,66,66,66,67,67,67,67,70,70,70,70,70,70,70,70,75,75,75,75,75,75,75,75,75,75],"card_choices":[{"not_picked":["animator:Aqua","animator:Kazuma","animator:Shigure"],"picked":"SKIP","floor":1},{"not_picked":["animator:Kazuma","animator:Demiurge","animator:LizardPriest"],"picked":"SKIP","floor":4},{"not_picked":["animator:Vanir","animator:Bozes"],"picked":"animator:PinaCoLada","floor":6},{"not_picked":["animator:TukaLunaMarceau","animator:LeleiLaLalena"],"picked":"animator:Tyuule","floor":8},{"not_picked":["animator:Mitsurugi","animator:Yoichi","animator:Cocytus"],"picked":"SKIP","floor":10},{"not_picked":["animator:Chris","animator:Verdia"],"picked":"animator:Tyuule","floor":12},{"not_picked":["animator:Guren","animator:Hans"],"picked":"animator:Albedo","floor":16},{"not_picked":["animator:Priestess+1","animator:DwarfShaman","animator:Shigure"],"picked":"SKIP","floor":18},{"not_picked":["animator:Entoma","animator:Kuribayashi","animator:Mitsuba"],"picked":"SKIP","floor":21},{"not_picked":["animator:Kuribayashi","animator:Shinoa","animator:Evileye+1"],"picked":"SKIP","floor":24},{"not_picked":["animator:LimeBell","animator:TakanashiRikka"],"picked":"animator:Zero","floor":25}],"player_experience":250909,"relics_obtained":[{"floor":5,"key":"animator:Hoodie"},{"floor":9,"key":"Vajra"},{"floor":26,"key":"Ice Cream"}],"event_choices":[{"damage_healed":0,"gold_gain":0,"player_choice":"Forge","damage_taken":0,"max_hp_gain":0,"max_hp_loss":0,"event_name":"Accursed Blacksmith","floor":2,"gold_loss":0,"cards_upgraded":["animator:ItamiYouji"]},{"damage_healed":0,"gold_gain":0,"player_choice":"Entered Light","damage_taken":14,"max_hp_gain":0,"max_hp_loss":0,"event_name":"Shining Light","floor":13,"gold_loss":0,"cards_upgraded":["animator:Strike","animator:Tyuule"]},{"damage_healed":0,"gold_gain":0,"player_choice":"Shed Blood","damage_taken":18,"max_hp_gain":5,"max_hp_loss":0,"event_name":"Forgotten Altar","floor":20,"gold_loss":0},{"damage_healed":0,"gold_gain":0,"player_choice":"Opened","damage_taken":0,"relics_obtained":["Ancient Tea Set"],"max_hp_gain":0,"max_hp_loss":0,"event_name":"The Mausoleum","floor":22,"gold_loss":0,"cards_obtained":["Writhe"]}],"is_beta":false,"boss_relics":[{"not_picked":["Coffee Dripper","SlaversCollar"],"picked":"Sozu"}],"items_purged_floors":[3,14],"is_endless":false,"potions_floor_spawned":[6,12,16,18,21],"killed_by":"Centurion and Healer","ascension_level":0}}