{"host":"mi0eibewekhugwl1","time":1613550734,"event":{"mods":["AchievementEnabler","BaseMod","Colored Map","Colored Powertips","DeckTracker","Keyboard Shortcuts","Minty Spire (QoL Compilation)","Quick Restart","Rare Cards Sparkle","Relic Stats","StSLib","SuperFastMode","everything is the same but u backflip on backflip"],"gold_per_floor":[118,131,148,166,241,241,254,38,38,69,69,69,94,19,19,19,19],"floor_reached":16,"language":"KOR","playtime":292,"items_purged":[],"score":204,"play_id":"59c3a00e-fe8b-44af-8532-9d7432e14b70","local_time":"20210217173214","is_ascension_mode":true,"campfire_choices":[{"data":"Double Tap","floor":6.0,"key":"SMITH"},{"data":"Evolve","floor":15,"key":"SMITH"}],"circlet_count":0,"master_deck":["AscendersBane","Strike_R","Strike_R","Strike_R","Strike_R","Defend_R","Defend_R","Defend_R","Defend_R","Bash","Double Tap+1","Cleave","Whirlwind","Ghostly Armor","Intimidate","Immolate","Flame Barrier","Evolve+1"],"relics":["Burning Blood","Eternal Feather","Golden Idol"],"acts_visited":["Exordium"],"potions_floor_usage":[10,16],"damage_taken":[{"damage":14.0,"enemies":"2 Louse","floor":1.0,"turns":5.0},{"damage":5.0,"enemies":"Small Slimes","floor":2.0,"turns":3.0},{"damage":12.0,"enemies":"Jaw Worm","floor":3.0,"turns":3.0},{"damage":0.0,"enemies":"Large Slime","floor":4.0,"turns":4.0},{"damage":14.0,"enemies":"Blue Slaver","floor":7.0,"turns":4.0},{"damage":13,"enemies":"Lagavulin","floor":10,"turns":5},{"damage":0,"enemies":"2 Fungi Beasts","floor":13,"turns":2},{"damage":35,"enemies":"Hexaghost","floor":16,"turns":9}],"seed_played":"-5063622051166711564","potions_obtained":[{"floor":1.0,"key":"Fire Potion"},{"floor":2.0,"key":"Regen Potion"},{"floor":7.0,"key":"PowerPotion"},{"floor":13,"key":"DuplicationPotion"}],"is_trial":false,"path_per_floor":["M","M","M","M","?","R","M","$","T","E","?","?","M","?","R","B"],"character_chosen":"IRONCLAD","items_purchased":["Immolate","Flame Barrier"],"campfire_rested":0,"item_purchase_floors":[8,8],"current_hp_per_floor":[60,61,55,61,50,50,42,42,42,35,35,12,18,18,27,7,7],"gold":19,"neow_bonus":"THREE_RARE_CARDS","is_daily":false,"chose_seed":false,"campfire_upgraded":2,"win_rate":0.0,"timestamp":1613550734,"path_taken":["M","M","M","M","?","R","M","$","T","E","?","?","M","?","R","BOSS"],"items_purchased_type":["Card","Card"],"build_version":"2020-12-22","purchased_purges":0,"victory":false,"max_hp_per_floor":[68,68,68,68,68,68,68,68,68,68,68,68,68,68,68,68,68],"relic_stats":{"counters":[8,35],"Golden Idol":5,"Eternal Feather":9,"obtain_stats":[{"Golden Idol":12,"Eternal Feather":10,"Burning Blood":0},{"Golden Idol":6,"Eternal Feather":6,"Burning Blood":0},{"Golden Idol":24,"Eternal Feather":24,"Burning Blood":0}],"Burning Blood":42},"card_choices":[{"not_picked":["Berserk","Juggernaut"],"picked":"Double Tap","floor":0.0},{"not_picked":["Blood for Blood","Dual Wield"],"picked":"Cleave","floor":1.0},{"not_picked":["Thunderclap","Evolve"],"picked":"Whirlwind","floor":2.0},{"not_picked":["Anger","Clothesline"],"picked":"Ghostly Armor","floor":3.0},{"not_picked":["Anger","True Grit"],"picked":"Intimidate","floor":4.0},{"not_picked":["Perfected Strike","Thunderclap","Pummel"],"picked":"SKIP","floor":7.0},{"not_picked":["Iron Wave","Heavy Blade","Dropkick"],"picked":"SKIP","floor":10},{"not_picked":["Iron Wave","Heavy Blade","Dropkick"],"picked":"SKIP","floor":10},{"not_picked":["Intimidate","Burning Pact"],"picked":"Evolve","floor":13}],"player_experience":1810385,"relics_obtained":[{"floor":10,"key":"Eternal Feather"}],"event_choices":[{"damage_healed":0.0,"max_hp_gain":0.0,"max_hp_loss":0.0,"gold_gain":75.0,"event_name":"World of Goop","player_choice":"Gather Gold","floor":5.0,"gold_loss":0.0,"damage_taken":11.0},{"damage_healed":0,"gold_gain":0,"player_choice":"Ignored","damage_taken":0,"max_hp_gain":0,"max_hp_loss":0,"event_name":"Shining Light","floor":11,"gold_loss":0},{"damage_healed":0,"gold_gain":0,"player_choice":"Take Damage","damage_taken":23,"relics_obtained":["Golden Idol"],"max_hp_gain":0,"max_hp_loss":0,"event_name":"Golden Idol","floor":12,"gold_loss":0},{"cards_removed":["Strike_R"],"damage_healed":0,"gold_gain":0,"player_choice":"Card Removal","damage_taken":0,"max_hp_gain":0,"max_hp_loss":0,"event_name":"The Cleric","floor":14,"gold_loss":75}],"is_beta":false,"boss_relics":[],"items_purged_floors":[],"is_endless":false,"potions_floor_spawned":[1,2,7,13],"killed_by":"Hexaghost","ascension_level":20}}