{"host":"bakf0s4odzu8z5xt","time":1613552504,"event":{"mods":["2.2 Compatiblity","BaseMod","Downfall","Friendly Minions","Minty Spire (QoL Compilation)","StSLib"],"gold_per_floor":[99,111,122,122,132,132,155,170,170,187,48,48,33,43,63,165,165,65,82,97,108,44,64,88,88,99,99,127,127,184,214,230,328,328,128,182,319,338,93,110,135,155,189,247,357,201,251,17,116,236,236,348,25,25,65,65,65,65],"floor_reached":56,"language":"ENG","playtime":5925,"items_purged":["Slimebound:Strike_Slimebound","Slimebound:Strike_Slimebound","Parasite","Slimebound:AcidTongue"],"score":991,"play_id":"11fc3784-1373-442e-9e4b-c0ae67188146","local_time":"20210217030144","is_ascension_mode":true,"campfire_choices":[{"data":"Slimebound:Tackle","floor":1,"key":"SMITH"},{"floor":12,"key":"RECALL"},{"data":"Slimebound:HauntingLick","floor":18,"key":"SMITH"},{"data":"Slimebound:GoopSpray","floor":25,"key":"SMITH"},{"data":"Slimebound:DisruptingSlam","floor":27,"key":"SMITH"},{"data":"Slimebound:HauntingLick","floor":35,"key":"SMITH"},{"floor":54,"key":"REST"}],"circlet_count":0,"master_deck":["Slimebound:Tackle+1","Slimebound:Defend_Slimebound+1","Slimebound:Defend_Slimebound","Slimebound:Defend_Slimebound","Slimebound:Defend_Slimebound","Slimebound:Split+1","Slimebound:CorrosiveSpit+1","Slimebound:Nibble","Slimebound:Equalize","Slimebound:ItLooksTasty","Slimebound:SplitLeeching+1","Slimebound:HauntingLick+1","Slimebound:RainOfGoop","Slimebound:TongueLash","Slimebound:SplitLeeching","Slimebound:Recycling","Slimebound:GrowthPunch","Slimebound:DisruptingSlam+1","Slimebound:SamplingLick+1","Slimebound:GoopSpray+1","Slimebound:GrowthPunch+1","Slimebound:ProtectTheBoss","Slimebound:SplitLeeching+1","Slimebound:HauntingLick+1","Slimebound:MassFeed","Slimebound:Replication","Slimebound:GrowthPunch","Slimebound:ServeAndProtect+1","Slimebound:SplitLeeching+1","Slimebound:WasteNot","Slimebound:SplitMire+1","Slimebound:FormOfPuddle","Slimebound:SamplingLick+1","Slimebound:DisruptingSlam","Slimebound:ViciousTackle","Slimebound:SpikyOuterGoop","Slimebound:SpikyOuterGoop"],"relics":["Slimebound:AbsorbEndCombat","Philosopher\u0027s Stone","downfall:HeartBlessingRed","Toy Ornithopter","Nunchaku","downfall:KnowingSkull","War Paint","Runic Pyramid","downfall:HeartBlessingBlue","downfall:HeartBlessingGreen","champ:Barbells","Pear","Slimebound:AggressiveSlimeRelic","Bronze Scales","The Courier","Ginger","Happy Flower"],"acts_visited":["Exordium","TheCity","TheBeyond","TheEnding"],"potions_floor_usage":[8,14,19,23,23,28,28,28,31,31,32,36,37,40,42,42,43,44,45,45,45,45,50,52,55,55,56,56,56],"damage_taken":[{"damage":7,"enemies":"Small Slimes","floor":2,"turns":5},{"damage":0,"enemies":"2 Louse","floor":3,"turns":2},{"damage":4,"enemies":"Cultist","floor":5,"turns":3},{"damage":11,"enemies":"3 Louse","floor":8,"turns":3},{"damage":7,"enemies":"downfall:LooterAlt","floor":10,"turns":4},{"damage":0,"enemies":"downfall:FleeingMerchant","floor":11,"turns":4},{"damage":8,"enemies":"downfall:FleeingMerchant","floor":13,"turns":4},{"damage":52,"enemies":"Gremlin Gang","floor":14,"turns":6},{"damage":0,"enemies":"Blue Slaver","floor":15,"turns":3},{"damage":24,"enemies":"IC_STATUS_ARCHETYPE","floor":16,"turns":8},{"damage":15,"enemies":"3 Byrds","floor":19,"turns":6},{"damage":10,"enemies":"Shell Parasite","floor":20,"turns":2},{"damage":25,"enemies":"3 Cultists","floor":21,"turns":4},{"damage":1,"enemies":"downfall:FleeingMerchant","floor":22,"turns":4},{"damage":20,"enemies":"Shelled Parasite and Fungi","floor":23,"turns":4},{"damage":18,"enemies":"Snecko","floor":26,"turns":5},{"damage":12,"enemies":"Gremlin Leader","floor":28,"turns":7},{"damage":18,"enemies":"Snake Plant","floor":30,"turns":4},{"damage":12,"enemies":"Slavers","floor":31,"turns":5},{"damage":9,"enemies":"Chosen and Byrds","floor":32,"turns":4},{"damage":15,"enemies":"WA_ARCHETYPE_CALM","floor":33,"turns":8},{"damage":3,"enemies":"Orb Walker","floor":36,"turns":3},{"damage":9,"enemies":"downfall:FleeingMerchant","floor":37,"turns":3},{"damage":1,"enemies":"3 Darklings","floor":38,"turns":6},{"damage":11,"enemies":"Spire Growth","floor":40,"turns":5},{"damage":5,"enemies":"Jaw Worm Horde","floor":42,"turns":3},{"damage":24,"enemies":"Nemesis","floor":43,"turns":7},{"damage":4,"enemies":"Writhing Mass","floor":44,"turns":5},{"damage":17,"enemies":"Reptomancer","floor":45,"turns":7},{"damage":5,"enemies":"Sphere and 2 Shapes","floor":47,"turns":7},{"damage":6,"enemies":"4 Shapes","floor":49,"turns":4},{"damage":94,"enemies":"SI_POISON_ARCHETYPE","floor":50,"turns":19},{"damage":117,"enemies":"downfall:CharBossMerchant","floor":52,"turns":11},{"damage":30,"enemies":"downfall:NeowBoss","floor":55,"turns":23},{"damage":132,"enemies":"downfall:NeowBossFinal","floor":56,"turns":8}],"seed_played":"7583884339866380376","potions_obtained":[{"floor":2,"key":"bronze:BurnAndBuffPotion"},{"floor":3,"key":"Swift Potion"},{"floor":15,"key":"bronze:BurnAndBuffPotion"},{"floor":16,"key":"Swift Potion"},{"floor":21,"key":"Weak Potion"},{"floor":23,"key":"Strength Potion"},{"floor":26,"key":"Regen Potion"},{"floor":28,"key":"SpeedPotion"},{"floor":33,"key":"SteroidPotion"},{"floor":40,"key":"FearPotion"},{"floor":42,"key":"Slimebound:SlimyTonguePotion"},{"floor":44,"key":"PowerPotion"},{"floor":47,"key":"Explosive Potion"},{"floor":49,"key":"AttackPotion"}],"is_trial":false,"path_per_floor":["R","M","M","?","M","?","T","M","?","M","$","R","$","M","M","B",null,"R","M","M","M","$","M","T","R","M","R","E","?","M","E","M","B",null,"R","M","$","M","$","M","T","M","E","M","E","$","M","?","M","B",null,"E","$","R","B","B"],"character_chosen":"SLIMEBOUND","items_purchased":["Slimebound:HauntingLick","Explosive Potion","champ:Barbells","Pear","Slimebound:FormOfPuddle","Slimebound:DisruptingSlam","Slimebound:ViciousTackle","Slimebound:SpikyOuterGoop","Happy Flower","Slimebound:SpikyOuterGoop","SkillPotion","Swift Potion"],"campfire_rested":1,"item_purchase_floors":[11,22,37,39,46,48,48,53,53,53,53,53],"current_hp_per_floor":[65,64,65,65,65,65,65,62,62,65,65,65,64,23,33,25,65,65,56,58,41,56,51,51,51,49,49,63,57,53,63,65,63,65,75,78,81,84,94,91,91,106,102,109,110,109,115,115,124,52,130,35,35,74,70,0,0,0],"gold":65,"neow_bonus":"REMOVE_CARD","is_daily":false,"chose_seed":false,"campfire_upgraded":5,"win_rate":0.0,"timestamp":1613552504,"path_taken":["R","M","M","?","M","?","T","?","?","M","$","R","$","M","M","BOSS","R","M","M","M","$","M","T","R","M","R","E","?","M","E","M","BOSS","R","M","$","?","$","M","T","M","E","?","E","$","M","?","M","BOSS","E","$","R","BOSS","BOSS"],"items_purchased_type":["Card","Potion","Relic","Relic","Card","Card","Card","Card","Relic","Card","Potion","Potion"],"build_version":"2020-12-22","purchased_purges":4,"victory":false,"max_hp_per_floor":[65,65,65,65,65,65,65,65,65,65,65,65,65,65,65,65,65,65,65,65,65,65,65,65,65,65,65,65,65,65,65,65,65,65,75,78,81,84,94,97,97,106,109,109,112,109,115,115,127,130,130,133,133,133,133,133,133,133],"card_choices":[{"not_picked":["Slimebound:SlimeSpikes","Slimebound:Recollect"],"picked":"Slimebound:Nibble","floor":2},{"not_picked":["Slimebound:GoopSpray","Slimebound:SlimeSpikes"],"picked":"Slimebound:Equalize","floor":3},{"not_picked":["Slimebound:FinishingTackle","Slimebound:FlameTackle"],"picked":"Slimebound:AcidTongue","floor":5},{"not_picked":["Slimebound:FinishingTackle","Slimebound:Prepare"],"picked":"Slimebound:ItLooksTasty","floor":8},{"not_picked":["Slimebound:ComboTackle","Slimebound:SplitBruiser"],"picked":"Slimebound:SplitLeeching","floor":10},{"not_picked":["Slimebound:SlimeBarrage","Slimebound:SplitAcid","Slimebound:Repurpose"],"picked":"SKIP","floor":11},{"not_picked":["Slimebound:Repurpose","Slimebound:SplitMire"],"picked":"Slimebound:RainOfGoop","floor":13},{"not_picked":["Slimebound:SlimeSpikes","Slimebound:SlimeBarrage"],"picked":"Slimebound:TongueLash","floor":14},{"not_picked":["Slimebound:Chomp","Slimebound:SplitBruiser"],"picked":"Slimebound:SplitLeeching","floor":15},{"not_picked":["Slimebound:CheckThePlaybook","Slimebound:TagTeam"],"picked":"Slimebound:Recycling","floor":16},{"not_picked":["Slimebound:Chomp","Slimebound:FlameTackle+1"],"picked":"Slimebound:GrowthPunch","floor":19},{"not_picked":["Slimebound:GoopTackle","Slimebound:SplitSpecialist"],"picked":"Slimebound:DisruptingSlam","floor":20},{"not_picked":["Slimebound:LeechEnergy","Slimebound:Grow","Slimebound:Replication"],"picked":"SKIP","floor":21},{"not_picked":["Slimebound:ForwardTackle","Slimebound:SplitBruiser"],"picked":"Slimebound:SamplingLick+1","floor":22},{"not_picked":["Slimebound:SamplingLick","Slimebound:RollThrough"],"picked":"Slimebound:GoopSpray","floor":23},{"not_picked":["Slimebound:Chomp+1","Slimebound:Repurpose"],"picked":"Slimebound:GrowthPunch","floor":26},{"not_picked":["Slimebound:SplitBruiser","Slimebound:FinishingTackle","Slimebound:LeadByExample+1"],"picked":"SKIP","floor":28},{"not_picked":["Slimebound:LivingWall","Slimebound:LeechingTouch+1"],"picked":"Slimebound:ProtectTheBoss","floor":30},{"not_picked":["Slimebound:FinishingTackle","Slimebound:PressTheAttack","Slimebound:SplitLeeching+1"],"picked":"SKIP","floor":31},{"not_picked":["Slimebound:FinishingTackle","Slimebound:PressTheAttack"],"picked":"Slimebound:SplitLeeching+1","floor":31},{"not_picked":["Slimebound:RollThrough+1","Slimebound:SplitBruiser"],"picked":"Slimebound:HauntingLick","floor":32},{"not_picked":["Slimebound:Overexert","Slimebound:SelfFormingGoo"],"picked":"Slimebound:MassFeed","floor":33},{"not_picked":["Slimebound:LivingWall","Slimebound:LeechingTouch+1"],"picked":"Slimebound:Replication","floor":36},{"not_picked":["Slimebound:SplitLeeching","Slimebound:AcidTongue+1"],"picked":"Slimebound:GrowthPunch","floor":37},{"not_picked":["Slimebound:LivingWall+1","Slimebound:Prepare+1"],"picked":"Slimebound:ServeAndProtect+1","floor":38},{"not_picked":["Slimebound:ComboTackle","Slimebound:LeechEnergy+1"],"picked":"Slimebound:SplitLeeching+1","floor":40},{"not_picked":["Slimebound:FlameTackle","Slimebound:LivingWall","Slimebound:SamplingLick"],"picked":"SKIP","floor":42},{"not_picked":["Slimebound:SplitAcid","Slimebound:Repurpose+1","Slimebound:Equalize"],"picked":"SKIP","floor":43},{"not_picked":["Slimebound:Replication+1","Slimebound:Prepare"],"picked":"Slimebound:WasteNot","floor":44},{"not_picked":["Slimebound:ItLooksTasty+1","Slimebound:AcidTongue+1"],"picked":"Slimebound:SplitMire+1","floor":45},{"not_picked":["Slimebound:SlimeBarrage","Slimebound:ProtectTheBoss"],"picked":"Slimebound:SamplingLick+1","floor":47},{"not_picked":["Slimebound:SplitBruiser","Slimebound:DisruptingSlam+1","Slimebound:SplitLeeching"],"picked":"SKIP","floor":49},{"not_picked":["Slimebound:ServeAndProtect","Slimebound:Darklings","Slimebound:ForwardTackle"],"picked":"SKIP","floor":52}],"player_experience":2216854,"relics_obtained":[{"floor":24,"key":"Toy Ornithopter"},{"floor":28,"key":"Nunchaku"},{"floor":31,"key":"War Paint"},{"floor":41,"key":"Slimebound:AggressiveSlimeRelic"},{"floor":43,"key":"Bronze Scales"},{"floor":45,"key":"The Courier"},{"floor":52,"key":"Ginger"}],"event_choices":[{"damage_healed":0,"gold_gain":0,"player_choice":"Forge","damage_taken":0,"max_hp_gain":0,"max_hp_loss":0,"event_name":"Accursed Blacksmith","floor":6,"gold_loss":0,"cards_upgraded":["Slimebound:CorrosiveSpit"]},{"damage_healed":0,"gold_gain":0,"player_choice":"Grow","damage_taken":0,"max_hp_gain":0,"max_hp_loss":0,"event_name":"Living Wall","floor":9,"gold_loss":0,"cards_upgraded":["Slimebound:Split"]}],"is_beta":false,"boss_relics":[{"not_picked":["Snecko Eye","SacredBark"],"picked":"Philosopher\u0027s Stone"},{"not_picked":["Astrolabe","sneckomod:SneckoTalon"],"picked":"Runic Pyramid"}],"items_purged_floors":[11,37,46,48],"is_endless":false,"potions_floor_spawned":[2,3,15,16,21,23,26,28,33,40,42,44,47,49],"killed_by":"downfall:NeowBossFinal","ascension_level":4}}