{"host":"5tzvto3beate6p8b","time":1613581661,"event":{"mods":["BaseMod","Colored Map","Minty Spire (QoL Compilation)","StSLib","SuperFastMode"],"gold_per_floor":[110,122,137,137,147,147,147,147,171,184,202,214,214,229,229,303,303,314,284,300,311,330,330,347,347,347,359,378,378,378,388,388,463,463,483,483,483,533,42,42,77,77,77,91,123,135,168,168,168,168],"floor_reached":51,"language":"JPN","playtime":3858,"items_purged":["Strike_B"],"score":1299,"play_id":"4156fe30-a4db-49ea-acac-35074372ecae","local_time":"20210218020741","is_ascension_mode":true,"campfire_choices":[{"data":"Self Repair","floor":6.0,"key":"SMITH"},{"floor":8.0,"key":"REST"},{"data":"Streamline","floor":13.0,"key":"SMITH"},{"data":"Defragment","floor":15.0,"key":"SMITH"},{"data":"Hologram","floor":23.0,"key":"SMITH"},{"data":"Seek","floor":25.0,"key":"SMITH"},{"data":"RitualDagger","floor":30.0,"key":"SMITH"},{"data":"Reinforced Body","floor":32.0,"key":"SMITH"},{"floor":40.0,"key":"REST"},{"data":"Turbo","floor":42.0,"key":"SMITH"},{"floor":49.0,"key":"REST"}],"circlet_count":0,"master_deck":["AscendersBane","Strike_B","Strike_B","Strike_B","Defend_B","Defend_B","Defend_B","Defend_B","Zap","Dualcast","Seek+1","Self Repair+1","Turbo+1","Reinforced Body+1","Rip and Tear","Stack","Streamline+1","Meteor Strike","Defragment+1","Amplify","Coolheaded+1","Glacier","Hologram+1","Streamline+1","FTL","Injury","White Noise+1","Steam+1","RitualDagger+1","Undo+1","Echo Form","White Noise+1","Coolheaded+1","Stack+1","Darkness+1","Darkness+1","Sweeping Beam","Aggregate+1","Apotheosis+1","Skim+1","Stack+1","Steam+1","Heatsinks","Double Energy+1"],"relics":["Cracked Core","Happy Flower","Strawberry","Cursed Key","Toxic Egg 2","Inserter","Orrery","Bag of Marbles","Eternal Feather","CaptainsWheel"],"acts_visited":["Exordium","TheCity","TheBeyond"],"potions_floor_usage":[],"damage_taken":[{"damage":7.0,"enemies":"Small Slimes","floor":1.0,"turns":4.0},{"damage":1.0,"enemies":"Cultist","floor":2.0,"turns":4.0},{"damage":1.0,"enemies":"2 Louse","floor":3.0,"turns":2.0},{"damage":35.0,"enemies":"Gremlin Gang","floor":5.0,"turns":5.0},{"damage":1.0,"enemies":"Blue Slaver","floor":10.0,"turns":3.0},{"damage":6.0,"enemies":"Looter","floor":11.0,"turns":3.0},{"damage":7.0,"enemies":"Large Slime","floor":12.0,"turns":6.0},{"damage":6.0,"enemies":"Red Slaver","floor":14.0,"turns":3.0},{"damage":61.0,"enemies":"Slime Boss","floor":16.0,"turns":13.0},{"damage":37.0,"enemies":"2 Thieves","floor":18.0,"turns":5.0},{"damage":14.0,"enemies":"3 Byrds","floor":20.0,"turns":6.0},{"damage":13.0,"enemies":"Shelled Parasite and Fungi","floor":21.0,"turns":13.0},{"damage":20.0,"enemies":"Centurion and Healer","floor":22.0,"turns":29.0},{"damage":8.0,"enemies":"Snake Plant","floor":24.0,"turns":4.0},{"damage":7.0,"enemies":"Sentry and Sphere","floor":27.0,"turns":50.0},{"damage":10.0,"enemies":"Snecko","floor":28.0,"turns":5.0},{"damage":9.0,"enemies":"Chosen and Byrds","floor":31.0,"turns":8.0},{"damage":23.0,"enemies":"Automaton","floor":33.0,"turns":15.0},{"damage":46.0,"enemies":"3 Darklings","floor":35.0,"turns":6.0},{"damage":0.0,"enemies":"Nemesis","floor":41.0,"turns":11.0},{"damage":16.0,"enemies":"Orb Walker","floor":44.0,"turns":2.0},{"damage":36.0,"enemies":"Reptomancer","floor":45.0,"turns":10.0},{"damage":9.0,"enemies":"4 Shapes","floor":46.0,"turns":12.0},{"damage":31.0,"enemies":"Nemesis","floor":47.0,"turns":15.0},{"damage":39,"enemies":"Time Eater","floor":50,"turns":10}],"seed_played":"-1468770507557985173","potions_obtained":[{"floor":3.0,"key":"AttackPotion"},{"floor":5.0,"key":"Block Potion"},{"floor":11.0,"key":"EssenceOfSteel"},{"floor":19.0,"key":"FearPotion"},{"floor":19.0,"key":"BlessingOfTheForge"},{"floor":22.0,"key":"ColorlessPotion"},{"floor":27.0,"key":"FearPotion"},{"floor":35.0,"key":"Swift Potion"},{"floor":41.0,"key":"Dexterity Potion"}],"is_trial":false,"path_per_floor":["M","M","M","?","M","R","?","R","T","M","M","M","R","M","R","B",null,"M","?","M","M","M","R","M","R","T","M","M","?","R","M","R","B",null,"M","?","?","?","$","R","E","R","T","M","E","M","E","T","R","B",null],"character_chosen":"DEFECT","items_purchased":["Coolheaded+1","Orrery","Apotheosis+1"],"campfire_rested":3,"item_purchase_floors":[39,39,39],"current_hp_per_floor":[57,63,69,64,29,29,19,40,47,56,60,63,63,67,67,16,63,36,36,42,49,39,39,51,51,51,64,64,58,58,69,69,66,75,29,29,29,29,29,52,72,72,72,56,40,51,40,40,78,49],"gold":168,"neow_bonus":"ONE_RANDOM_RARE_CARD","is_daily":false,"chose_seed":false,"campfire_upgraded":8,"win_rate":0.0,"timestamp":1613581661,"path_taken":["M","M","M","?","M","R","?","R","T","?","M","M","R","?","R","BOSS","M","?","M","M","M","R","M","R","T","M","?","?","R","M","R","BOSS","M","?","?","?","$","R","E","R","T","M","E","?","E","?","R","BOSS"],"items_purchased_type":["Card","Relic","Card"],"build_version":"2020-12-22","purchased_purges":1,"victory":true,"max_hp_per_floor":[71,71,71,71,71,71,71,71,78,78,78,78,78,78,78,78,78,78,78,78,78,78,78,78,78,78,78,78,78,78,78,78,78,78,78,78,78,78,78,78,78,78,78,78,78,78,78,78,78,78],"card_choices":[{"not_picked":["Hologram","Scrape"],"picked":"Self Repair","floor":1.0},{"not_picked":["Chaos","Conserve Battery"],"picked":"Turbo","floor":2.0},{"not_picked":["Auto Shields","Stack"],"picked":"Reinforced Body","floor":3.0},{"not_picked":["Aggregate","Hologram"],"picked":"Rip and Tear","floor":5.0},{"not_picked":["Compile Driver","Beam Cell"],"picked":"Stack","floor":10.0},{"not_picked":["Aggregate","Hello World"],"picked":"Streamline","floor":11.0},{"not_picked":["Stack","Rebound"],"picked":"Meteor Strike","floor":12.0},{"not_picked":["Blizzard","Compile Driver"],"picked":"Defragment","floor":14.0},{"not_picked":["Thunder Strike","Rainbow"],"picked":"Amplify","floor":16.0},{"not_picked":["Genetic Algorithm","Cold Snap"],"picked":"Coolheaded+1","floor":18.0},{"not_picked":["Sweeping Beam+1","Cold Snap+1"],"picked":"Glacier","floor":20.0},{"not_picked":["Leap","Rebound"],"picked":"Hologram","floor":21.0},{"not_picked":["Stack","Multi-Cast"],"picked":"Streamline+1","floor":22.0},{"not_picked":["Streamline","Leap"],"picked":"FTL","floor":24.0},{"not_picked":["Go for the Eyes","Skim+1"],"picked":"White Noise+1","floor":27.0},{"not_picked":["Rebound","Darkness+1"],"picked":"Steam+1","floor":28.0},{"not_picked":["Gash","Hello World"],"picked":"Undo+1","floor":31.0},{"not_picked":["Core Surge","Reboot+1"],"picked":"Echo Form","floor":33.0},{"not_picked":["Coolheaded+1","Loop"],"picked":"White Noise+1","floor":35.0},{"not_picked":["Cold Snap","Heatsinks"],"picked":"Stack+1","floor":39.0},{"not_picked":["Go for the Eyes+1","Compile Driver"],"picked":"Darkness+1","floor":39.0},{"not_picked":["Sweeping Beam+1","Gash"],"picked":"Darkness+1","floor":39.0},{"not_picked":["Gash","Barrage"],"picked":"Sweeping Beam","floor":39.0},{"not_picked":["Turbo+1","Rebound"],"picked":"Aggregate+1","floor":39.0},{"not_picked":["BootSequence+1","Redo+1"],"picked":"Skim+1","floor":41.0},{"not_picked":["Redo+1","Rainbow+1"],"picked":"Stack+1","floor":44.0},{"not_picked":["Auto Shields+1","Lockon+1"],"picked":"Steam+1","floor":45.0},{"not_picked":["Streamline","Cold Snap"],"picked":"Heatsinks","floor":46.0},{"not_picked":["Go for the Eyes","Chill+1"],"picked":"Double Energy+1","floor":47.0}],"player_experience":769052,"relics_obtained":[{"floor":9.0,"key":"Strawberry"},{"floor":26.0,"key":"Toxic Egg 2"},{"floor":41.0,"key":"Bag of Marbles"},{"floor":45.0,"key":"Eternal Feather"},{"floor":47.0,"key":"CaptainsWheel"}],"event_choices":[{"damage_healed":0.0,"max_hp_gain":0.0,"max_hp_loss":0.0,"gold_gain":0.0,"event_name":"Scrap Ooze","player_choice":"Success","floor":4.0,"gold_loss":0.0,"damage_taken":5.0,"relics_obtained":["Happy Flower"]},{"damage_healed":0.0,"max_hp_gain":0.0,"max_hp_loss":0.0,"gold_gain":0.0,"event_name":"Wheel of Change","player_choice":"Damaged","floor":7.0,"gold_loss":0.0,"damage_taken":10.0},{"damage_healed":0.0,"max_hp_gain":0.0,"max_hp_loss":0.0,"gold_gain":0.0,"event_name":"The Woman in Blue","player_choice":"Bought 2 Potions","floor":19.0,"gold_loss":0.0,"damage_taken":0.0},{"damage_healed":0.0,"max_hp_gain":0.0,"max_hp_loss":0.0,"gold_gain":0.0,"event_name":"Nest","player_choice":"Joined the Cult","floor":29.0,"gold_loss":0.0,"damage_taken":6.0,"cards_obtained":["RitualDagger"]},{"damage_healed":0.0,"max_hp_gain":0.0,"max_hp_loss":0.0,"gold_gain":0.0,"event_name":"The Moai Head","player_choice":"Ignored","floor":36.0,"gold_loss":0.0,"damage_taken":0.0},{"damage_healed":0.0,"max_hp_gain":0.0,"max_hp_loss":0.0,"gold_gain":0.0,"event_name":"Tomb of Lord Red Mask","player_choice":"Ignored","floor":37.0,"gold_loss":0.0,"damage_taken":0.0},{"damage_healed":0.0,"max_hp_gain":0.0,"max_hp_loss":0.0,"gold_gain":50.0,"event_name":"Golden Shrine","player_choice":"Pray","floor":38.0,"gold_loss":0.0,"damage_taken":0.0}],"is_beta":false,"boss_relics":[{"not_picked":["Velvet Choker","Coffee Dripper"],"picked":"Cursed Key"},{"not_picked":["Runic Dome","SlaversCollar"],"picked":"Inserter"}],"items_purged_floors":[39],"is_endless":false,"potions_floor_spawned":[3,5,11,20,22,27,35,41],"ascension_level":16}}