{"host":"ppqll9nf92xyjrj9","time":1613525752,"event":{"mods":["BaseMod","Bestiary","Better Third Choice","Bossed Relics","Curses Come First","Evolution","Hermit","Jorbs\u0027s Wanderer Trilogy","Keyboard Shortcuts","Marked Mod","Minty Spire (QoL Compilation)","Relic Stats","Shapeshifter Mod","StS++","StSLib","The Marked","The Runesmith"],"gold_per_floor":[114,114,114,132,150,180,180,190,190,35,49,60,60,71,71,170,170,185,185,173,193,193,193],"floor_reached":22,"language":"ENG","playtime":1116,"items_purged":[],"score":190,"play_id":"a445f760-2409-4421-abfc-27acf9be3388","local_time":"20210216173552","is_ascension_mode":false,"campfire_choices":[{"data":"StSpp:Pointer","floor":7,"key":"SMITH"},{"data":"Seek","floor":13,"key":"SMITH"},{"data":"Coolheaded","floor":15,"key":"SMITH"}],"circlet_count":0,"master_deck":["Strike_B+1","Strike_B","Strike_B+1","Defend_B","Defend_B","Defend_B","Defend_B","Zap","Dualcast","Steam","StSpp:Pointer+1","Conserve Battery","Seek+1","Redo","Coolheaded+1","StSpp:Saturation"],"relics":["Cracked Core","EVO:Axolotl","NeowsBlessing","Bag of Preparation","Nunchaku","Chemical X","Black Star"],"acts_visited":["Exordium","TheCity"],"potions_floor_usage":[6,16,16,22,22,22],"damage_taken":[{"damage":0,"enemies":"Jaw Worm","floor":1,"turns":1},{"damage":0,"enemies":"Small Slimes","floor":4,"turns":1},{"damage":0,"enemies":"Cultist","floor":5,"turns":1},{"damage":12,"enemies":"Lagavulin","floor":6,"turns":7},{"damage":13,"enemies":"Exordium Wildlife","floor":8,"turns":5},{"damage":3,"enemies":"Lots of Slimes","floor":11,"turns":4},{"damage":0,"enemies":"Exordium Thugs","floor":12,"turns":4},{"damage":0,"enemies":"Large Slime","floor":14,"turns":5},{"damage":31,"enemies":"Slime Boss","floor":16,"turns":14},{"damage":27,"enemies":"3 Byrds","floor":18,"turns":4},{"damage":10,"enemies":"2 Thieves","floor":20,"turns":5},{"damage":29,"enemies":"3 Cultists","floor":21,"turns":7},{"damage":9,"enemies":"Centurion and Healer","floor":22,"turns":5}],"seed_played":"-1167051542265654463","potions_obtained":[{"floor":1,"key":"PowerPotion"},{"floor":4,"key":"ColorlessPotion"},{"floor":12,"key":"BlessingOfTheForge"},{"floor":18,"key":"Energy Potion"},{"floor":21,"key":"EntropicBrew"}],"is_trial":false,"path_per_floor":["M","?","?","M","M","E","R","M","T","$","M","M","R","M","R","B",null,"M","?","M","M","M"],"character_chosen":"DEFECT","items_purchased":["Chemical X"],"campfire_rested":0,"item_purchase_floors":[10],"current_hp_per_floor":[75,60,60,60,60,48,48,35,35,35,32,32,32,32,32,1,75,48,42,32,3,0,0],"gold":193,"neow_bonus":"THREE_ENEMY_KILL","is_daily":false,"chose_seed":false,"campfire_upgraded":3,"win_rate":0.0,"timestamp":1613525752,"path_taken":["M","?","?","?","M","E","R","M","T","$","M","M","R","M","R","BOSS","M","?","M","?","M"],"items_purchased_type":["Relic"],"build_version":"2020-12-22","purchased_purges":0,"victory":false,"max_hp_per_floor":[75,75,75,75,75,75,75,75,75,75,75,75,75,75,75,75,75,75,75,75,75,75,75],"relic_stats":{"Nunchaku":[4],"counters":[13,63],"Bag of Preparation":[18],"Black Star":0,"Chemical X":[2],"obtain_stats":[{"Nunchaku":9,"NeowsBlessing":0,"Bag of Preparation":6,"Black Star":17,"EVO:Axolotl":0,"Chemical X":10,"Cracked Core":0},{"Nunchaku":5,"NeowsBlessing":0,"Bag of Preparation":4,"Black Star":9,"EVO:Axolotl":0,"Chemical X":5,"Cracked Core":0},{"Nunchaku":15,"NeowsBlessing":0,"Bag of Preparation":10,"Black Star":42,"EVO:Axolotl":0,"Chemical X":15,"Cracked Core":0}]},"card_choices":[{"not_picked":["Go for the Eyes","Stack","Darkness"],"picked":"SKIP","floor":1},{"not_picked":["Self Repair","StSpp:Mask"],"picked":"StSpp:Pointer","floor":4},{"not_picked":["Hologram","Darkness"],"picked":"Conserve Battery","floor":5},{"not_picked":["Stack","Steam","Go for the Eyes"],"picked":"SKIP","floor":6},{"not_picked":["Conserve Battery","Compile Driver","Sweeping Beam"],"picked":"SKIP","floor":8},{"not_picked":["StSpp:Channeliser","Darkness"],"picked":"Seek","floor":11},{"not_picked":["Beam Cell","Stack"],"picked":"Redo","floor":12},{"not_picked":["Gash","Conserve Battery"],"picked":"Coolheaded","floor":14},{"not_picked":["Amplify","StSpp:MemoryLeak"],"picked":"StSpp:Saturation","floor":16},{"not_picked":["Compile Driver","Conserve Battery","Double Energy"],"picked":"SKIP","floor":18},{"not_picked":["Steam Power+1","Skim","Reprogram"],"picked":"SKIP","floor":20},{"not_picked":["Stack+1","Go for the Eyes","Gash+1"],"picked":"SKIP","floor":21}],"player_experience":71992,"relics_obtained":[{"floor":6,"key":"Bag of Preparation"},{"floor":9,"key":"Nunchaku"}],"event_choices":[{"damage_healed":75,"gold_gain":0,"player_choice":"Upgrade","damage_taken":15,"max_hp_gain":0,"max_hp_loss":75,"event_name":"betterThird:BetterShining","floor":2,"gold_loss":0,"cards_upgraded":["Strike_B","Strike_B"]},{"damage_healed":0,"gold_gain":0,"cards_transformed":["Strike_B"],"player_choice":"Transformed","damage_taken":0,"max_hp_gain":0,"max_hp_loss":0,"event_name":"Transmorgrifier","floor":3,"gold_loss":0,"cards_obtained":["Steam"]},{"damage_healed":0,"gold_gain":0,"player_choice":"","damage_taken":6,"max_hp_gain":0,"max_hp_loss":0,"event_name":"Knowing Skull","floor":19,"potions_obtained":[],"gold_loss":0,"cards_obtained":[]}],"is_beta":false,"boss_relics":[{"not_picked":["Sozu","StSpp:Magatama"],"picked":"Black Star"}],"items_purged_floors":[],"is_endless":false,"potions_floor_spawned":[1,4,12,18,21],"killed_by":"Centurion and Healer","ascension_level":0}}