{"host":"sav7uxregyirlf69","time":1613546624,"event":{"mods":["AchievementEnabler","BaseMod","Colored Map","DeckTracker","Keyboard Shortcuts","Minty Spire (QoL Compilation)","READ ME - Guardian Mod","StSLib","SuperFastMode"],"gold_per_floor":[114,114,39,54,54,54,84,84,84,99,114,129,144,159,159,259,259,304,304,319,15,15,15,75,120,195,45,90,90,105,150,150,280,280,295,340,385,430,475,475,350,350,350,410,410,455,457,502,502,502],"floor_reached":51,"language":"KOR","playtime":1235,"items_purged":["Zap","Strike_R","Strike_G"],"score":855,"play_id":"73e41c73-dd97-4922-a836-336059955d16","local_time":"20210217162344","daily_mods":["Chimera","Uncertain Future","Terminal"],"is_ascension_mode":false,"campfire_choices":[{"data":"Wallop","floor":6,"key":"SMITH"},{"data":"Halt","floor":8,"key":"SMITH"},{"data":"ClearTheMind","floor":15,"key":"SMITH"},{"data":"Scrawl","floor":23,"key":"SMITH"},{"data":"Tantrum","floor":29,"key":"SMITH"},{"data":"Pray","floor":32,"key":"SMITH"},{"data":"Vault","floor":40,"key":"SMITH"},{"data":"Prostrate","floor":42,"key":"SMITH"},{"floor":49,"key":"DIG"}],"circlet_count":0,"master_deck":["Bash","Eruption+1","Defend_G","Defend_P","Wallop+1","Halt+1","Pray+1","FearNoEvil","ClearTheMind+1","Brilliance","Scrawl+1","Wish+1","Wireheading+1","Halt+1","Tantrum+1","Prostrate+1","Adaptation+1","FlurryOfBlows","Adaptation+1","Meditate","Vault+1","EmptyBody+1"],"relics":["HolyWater","Calipers","Toy Ornithopter","White Beast Statue","Astrolabe","MutagenicStrength","TheAbacus","Kunai","HornCleat","DollysMirror","Letter Opener","Shovel","FossilizedHelix","Ice Cream"],"acts_visited":["Exordium","TheCity","TheBeyond"],"potions_floor_usage":[16,50,50],"damage_taken":[{"damage":0,"enemies":"2 Louse","floor":1,"turns":3},{"damage":0,"enemies":"Small Slimes","floor":4,"turns":3},{"damage":5,"enemies":"3 Sentries","floor":7,"turns":4},{"damage":0,"enemies":"Cultist","floor":10,"turns":2},{"damage":0,"enemies":"Looter","floor":11,"turns":3},{"damage":0,"enemies":"2 Fungi Beasts","floor":12,"turns":2},{"damage":4,"enemies":"Blue Slaver","floor":13,"turns":3},{"damage":0,"enemies":"Red Slaver","floor":14,"turns":2},{"damage":25,"enemies":"Hexaghost","floor":16,"turns":8},{"damage":9,"enemies":"Spheric Guardian","floor":18,"turns":6},{"damage":1,"enemies":"2 Thieves","floor":20,"turns":4},{"damage":9,"enemies":"Book of Stabbing","floor":24,"turns":4},{"damage":0,"enemies":"Cultist and Chosen","floor":25,"turns":6},{"damage":0,"enemies":"Snake Plant","floor":28,"turns":4},{"damage":5,"enemies":"Shelled Parasite and Fungi","floor":30,"turns":3},{"damage":0,"enemies":"Centurion and Healer","floor":31,"turns":4},{"damage":5,"enemies":"Automaton","floor":33,"turns":7},{"damage":0,"enemies":"Orb Walker","floor":35,"turns":1},{"damage":0,"enemies":"3 Shapes","floor":36,"turns":4},{"damage":0,"enemies":"Maw","floor":37,"turns":6},{"damage":0,"enemies":"3 Darklings","floor":38,"turns":4},{"damage":0,"enemies":"Sphere and 2 Shapes","floor":39,"turns":4},{"damage":0,"enemies":"Nemesis","floor":44,"turns":3},{"damage":0,"enemies":"Maw","floor":46,"turns":3},{"damage":6,"enemies":"2 Orb Walkers","floor":47,"turns":4},{"damage":0,"enemies":"Jaw Worm Horde","floor":48,"turns":3},{"damage":0,"enemies":"Donu and Deca","floor":50,"turns":5}],"seed_played":"6706742764168558924","potions_obtained":[{"floor":1,"key":"DistilledChaos"},{"floor":10,"key":"SpeedPotion"},{"floor":11,"key":"DuplicationPotion"},{"floor":16,"key":"FearPotion"},{"floor":20,"key":"Regen Potion"},{"floor":39,"key":"StancePotion"},{"floor":46,"key":"Ambrosia"}],"is_trial":false,"path_per_floor":["M","?","$","M","?","R","E","R","T","M","M","M","M","M","R","B",null,"M","?","M","$","?","R","E","M","T","$","M","R","M","M","R","B",null,"M","M","M","M","M","R","$","R","T","E","?","M","?","M","R","B",null],"character_chosen":"WATCHER","items_purchased":["TheAbacus","Prostrate","DollysMirror"],"campfire_rested":0,"item_purchase_floors":[21,21,27],"current_hp_per_floor":[70,58,58,58,58,58,53,53,53,53,53,53,49,49,49,29,54,45,45,44,44,44,44,35,35,35,35,35,35,30,30,30,25,37,36,35,34,33,32,31,30,29,28,27,26,25,19,19,19,21],"gold":502,"neow_bonus":"","is_daily":true,"chose_seed":false,"campfire_upgraded":8,"win_rate":0.0,"timestamp":1613546624,"path_taken":["M","?","$","M","?","R","E","R","T","M","M","M","?","M","R","BOSS","M","?","M","$","?","R","E","M","T","?","M","R","M","M","R","BOSS","M","M","M","M","M","R","$","R","T","E","?","?","?","M","R","BOSS"],"items_purchased_type":["Relic","Card","Relic"],"build_version":"2020-12-22","purchased_purges":3,"victory":true,"max_hp_per_floor":[70,69,68,67,66,65,64,63,62,61,60,59,58,57,56,55,54,53,52,51,50,49,48,47,46,45,44,43,42,41,40,39,38,37,36,35,34,33,32,31,30,29,28,27,26,25,24,23,22,21],"card_choices":[{"not_picked":["DeceiveReality","Protect"],"picked":"Wallop","floor":1},{"not_picked":["Wireheading","Evaluate"],"picked":"BowlingBash","floor":4},{"not_picked":["Crescendo","Nirvana"],"picked":"Halt","floor":7},{"not_picked":["JustLucky","BowlingBash"],"picked":"Pray","floor":10},{"not_picked":["BowlingBash","JustLucky"],"picked":"FearNoEvil","floor":11},{"not_picked":["CarveReality","Weave"],"picked":"ClearTheMind","floor":12},{"not_picked":["FlyingSleeves","Vengeance"],"picked":"Brilliance","floor":13},{"not_picked":["ThirdEye","ForeignInfluence","CutThroughFate"],"picked":"SKIP","floor":14},{"not_picked":["Devotion","Vault"],"picked":"Scrawl","floor":16},{"not_picked":["EmptyFist","BattleHymn+1"],"picked":"Tantrum","floor":18},{"not_picked":["DeceiveReality","Consecrate","Conclude"],"picked":"SKIP","floor":20},{"not_picked":["FlurryOfBlows","Fasting2+1"],"picked":"Adaptation+1","floor":24},{"not_picked":["Evaluate","DeceiveReality"],"picked":"FlurryOfBlows","floor":25},{"not_picked":["Tantrum","Wireheading","JustLucky"],"picked":"SKIP","floor":28},{"not_picked":["WreathOfFlame","Evaluate+1"],"picked":"Meditate","floor":30},{"not_picked":["BattleHymn+1","Swivel","Meditate+1"],"picked":"SKIP","floor":31},{"not_picked":["Ragnarok","Alpha"],"picked":"Vault","floor":33},{"not_picked":["Meditate","CrushJoints+1"],"picked":"EmptyBody+1","floor":35},{"not_picked":["Fasting2","Protect","ThirdEye"],"picked":"SKIP","floor":36},{"not_picked":["WreathOfFlame","FlyingSleeves+1","Indignation"],"picked":"SKIP","floor":37},{"not_picked":["Wallop","FlyingSleeves","CutThroughFate"],"picked":"SKIP","floor":38},{"not_picked":["PathToVictory+1","WheelKick+1","Evaluate"],"picked":"SKIP","floor":39},{"not_picked":["CrushJoints","Halt","ClearTheMind"],"picked":"SKIP","floor":44},{"not_picked":["JustLucky","EmptyFist","SignatureMove+1"],"picked":"SKIP","floor":46},{"not_picked":["Scrawl","DeceiveReality+1","EmptyBody+1"],"picked":"SKIP","floor":48}],"player_experience":1594480,"relics_obtained":[{"floor":7,"key":"Toy Ornithopter"},{"floor":9,"key":"White Beast Statue"},{"floor":24,"key":"Kunai"},{"floor":26,"key":"HornCleat"},{"floor":43,"key":"Letter Opener"},{"floor":44,"key":"Shovel"},{"floor":47,"key":"FossilizedHelix"},{"floor":49,"key":"Ice Cream"}],"event_choices":[{"damage_healed":0,"gold_gain":0,"player_choice":"Success","damage_taken":12,"relics_obtained":["Calipers"],"max_hp_gain":0,"max_hp_loss":0,"event_name":"Scrap Ooze","floor":2,"gold_loss":0},{"damage_healed":0,"gold_gain":0,"player_choice":"Upgraded","damage_taken":0,"max_hp_gain":0,"max_hp_loss":0,"event_name":"Upgrade Shrine","floor":5,"gold_loss":0,"cards_upgraded":["Eruption"]},{"damage_healed":0,"gold_gain":0,"player_choice":"Inject Mutagens","damage_taken":0,"relics_obtained":["MutagenicStrength"],"max_hp_gain":0,"max_hp_loss":0,"event_name":"Drug Dealer","floor":19,"gold_loss":0},{"cards_removed":["Defend_R"],"damage_healed":0,"gold_gain":0,"player_choice":"Elegance","damage_taken":0,"max_hp_gain":0,"max_hp_loss":0,"event_name":"Back to Basics","floor":22,"gold_loss":0},{"damage_healed":0,"gold_gain":0,"player_choice":"Ignored","damage_taken":0,"max_hp_gain":0,"max_hp_loss":0,"event_name":"Transmorgrifier","floor":45,"gold_loss":0},{"damage_healed":0,"gold_gain":0,"player_choice":"Fight","damage_taken":0,"max_hp_gain":0,"max_hp_loss":0,"event_name":"Mysterious Sphere","floor":47,"gold_loss":0}],"is_beta":false,"boss_relics":[{"not_picked":["Calling Bell","Snecko Eye"],"picked":"Astrolabe"},{"not_picked":["Runic Dome","SlaversCollar"],"picked":"HolyWater"}],"items_purged_floors":[3,21,41],"is_endless":false,"potions_floor_spawned":[1,10,11,12,13,14,16,18,20,24,25,28,30,31,33,35,36,37,38,39,44,46,47,48],"ascension_level":0}}