{"host":"lx933ja015x1ub68","time":1613556454,"event":{"mods":["AchievementEnabler","BaseMod","Better Match","Better Third Choice","BetterRewards","Colored Map","Exacting","FTL Soundtrack","Minty Spire (QoL Compilation)","RNG Fix","Shop Mod","StSLib"],"gold_per_floor":[115,85,113,3,37,37,37,64,64,30,4,37,52,68,68,163,163,183,183,183,196,146,176,176,193,245,245,256,256,275,295,295,392,392,403,422,24,36,49,49,84,111,138,138,151,151,180,54,54,69],"floor_reached":51,"language":"ENG","playtime":4327,"items_purged":[],"score":1028,"play_id":"530935d6-c70f-4f5f-a306-224ac9368e6c","local_time":"20210217210734","is_ascension_mode":true,"campfire_choices":[{"data":"A Thousand Cuts","floor":6,"key":"SMITH"},{"data":"Accuracy","floor":15,"key":"SMITH"},{"data":"Accuracy","floor":24,"key":"SMITH"},{"data":"Blade Dance","floor":27,"key":"SMITH"},{"data":"Blade Dance","floor":29,"key":"SMITH"},{"data":"Distraction","floor":32,"key":"SMITH"},{"data":"Neutralize","floor":40,"key":"SMITH"},{"data":"Catalyst","floor":44,"key":"SMITH"},{"data":"Finisher","floor":46,"key":"SMITH"},{"data":"Noxious Fumes","floor":49,"key":"SMITH"}],"circlet_count":0,"master_deck":["Strike_G+1","Strike_G+1","Strike_G+1","Strike_G+1","Strike_G+1","Defend_G+1","Defend_G+1","Defend_G+1","Defend_G+1","Defend_G+1","Survivor","Neutralize+1","Slice","Deflect","Backflip","Accuracy+1","A Thousand Cuts+1","Panache","Accuracy+1","Deflect","Bane","Underhanded Strike","Blade Dance+1","Catalyst+1","Cloak And Dagger","Blade Dance+1","Corpse Explosion","Poisoned Stab+1","Finisher+1","Distraction+1","Cloak And Dagger","Prepared","Caltrops","Deadly Poison","Blade Dance+1","PiercingWail","Cloak And Dagger+1","Dagger Throw+1","Outmaneuver+1","Acrobatics+1","Blade Dance","Noxious Fumes+1"],"relics":["Ring of the Snake","Blood Vial","Bag of Marbles","MerchantsRug","Toy Ornithopter","Happy Flower","Bottled Flame","betterThird:SlimedRelic","Sundial","SlaversCollar","Letter Opener","Smiling Mask","Bottled Tornado","Busted Crown","Nunchaku","Eternal Feather","Mummified Hand","Potion Belt","Bronze Scales"],"acts_visited":["Exordium","TheCity","TheBeyond"],"potions_floor_usage":[8,8,8,16,16,23,28,31,33,33,38,41,42,47,50,50],"damage_taken":[{"damage":0,"enemies":"Jaw Worm","floor":1,"turns":4},{"damage":1,"enemies":"Small Slimes","floor":3,"turns":3},{"damage":0,"enemies":"2 Louse","floor":5,"turns":3},{"damage":15,"enemies":"3 Sentries","floor":8,"turns":5},{"damage":5,"enemies":"2 Fungi Beasts","floor":12,"turns":4},{"damage":0,"enemies":"Looter","floor":13,"turns":3},{"damage":0,"enemies":"Blue Slaver","floor":14,"turns":2},{"damage":0,"enemies":"Slime Boss","floor":16,"turns":4},{"damage":0,"enemies":"Chosen","floor":18,"turns":4},{"damage":2,"enemies":"Shell Parasite","floor":21,"turns":4},{"damage":10,"enemies":"Slavers","floor":23,"turns":2},{"damage":0,"enemies":"Cultist and Chosen","floor":25,"turns":3},{"damage":0,"enemies":"Sentry and Sphere","floor":28,"turns":3},{"damage":8,"enemies":"3 Cultists","floor":30,"turns":3},{"damage":4,"enemies":"Chosen and Byrds","floor":31,"turns":3},{"damage":21,"enemies":"Collector","floor":33,"turns":6},{"damage":0,"enemies":"Orb Walker","floor":35,"turns":2},{"damage":15,"enemies":"3 Shapes","floor":36,"turns":2},{"damage":0,"enemies":"Transient","floor":38,"turns":5},{"damage":10,"enemies":"4 Shapes","floor":39,"turns":3},{"damage":6,"enemies":"Jaw Worm Horde","floor":41,"turns":3},{"damage":40,"enemies":"Reptomancer","floor":42,"turns":5},{"damage":12,"enemies":"Maw","floor":45,"turns":5},{"damage":26,"enemies":"Nemesis","floor":47,"turns":5},{"damage":57,"enemies":"Awakened One","floor":50,"turns":7}],"seed_played":"-6233650397366599337","potions_obtained":[{"floor":2,"key":"Dexterity Potion"},{"floor":2,"key":"Strength Potion"},{"floor":7,"key":"FearPotion"},{"floor":7,"key":"CultistPotion"},{"floor":8,"key":"FairyPotion"},{"floor":12,"key":"Swift Potion"},{"floor":14,"key":"Explosive Potion"},{"floor":18,"key":"SteroidPotion"},{"floor":21,"key":"Swift Potion"},{"floor":25,"key":"BlessingOfTheForge"},{"floor":30,"key":"Energy Potion"},{"floor":31,"key":"SkillPotion"},{"floor":36,"key":"DistilledChaos"},{"floor":38,"key":"LiquidBronze"},{"floor":39,"key":"SkillPotion"},{"floor":42,"key":"LiquidMemories"},{"floor":45,"key":"Explosive Potion"},{"floor":47,"key":"PowerPotion"}],"is_trial":false,"path_per_floor":["M","?","M","$","M","R","?","E","T","?","$","M","M","M","R","B",null,"M","?","?","M","?","E","R","M","T","R","M","R","M","M","R","B",null,"M","M","$","M","M","R","M","E","T","R","M","R","E","$","R","B",null],"character_chosen":"THE_SILENT","items_purchased":["Blood Vial","Bag of Marbles","Orrery","MerchantsRug","Panache","Regen Potion","Toy Ornithopter","Blade Dance","Nunchaku","Eternal Feather","Blade Dance","Noxious Fumes"],"campfire_rested":0,"item_purchase_floors":[0,0,0,0,0,0,4,11,37,37,48,48],"current_hp_per_floor":[44,44,45,45,47,47,47,64,64,53,53,50,52,54,54,66,72,72,72,72,70,70,62,62,64,64,64,71,71,64,69,69,53,74,74,59,59,66,58,74,68,35,35,56,46,70,51,51,74,17],"gold":69,"neow_bonus":"","is_daily":false,"chose_seed":false,"campfire_upgraded":10,"win_rate":0.0,"timestamp":1613556454,"path_taken":["M","?","?","$","M","R","?","E","T","?","$","M","M","M","R","BOSS","M","?","?","M","?","E","R","M","T","R","M","R","M","?","R","BOSS","M","M","$","M","M","R","M","E","T","R","M","R","E","$","R","BOSS"],"items_purchased_type":["Relic","Relic","Relic","Relic","Card","Potion","Relic","Card","Relic","Relic","Card","Card"],"build_version":"2020-12-22","purchased_purges":0,"victory":true,"max_hp_per_floor":[70,70,70,70,70,70,70,72,72,72,72,72,72,72,72,72,72,72,72,72,72,72,72,72,72,72,72,72,72,72,74,74,74,74,74,74,74,74,74,74,74,74,74,74,74,74,74,74,74,74],"card_choices":[{"not_picked":["Dagger Spray","Sucker Punch"],"picked":"Slice","floor":0},{"not_picked":["Riddle With Holes","Leg Sweep"],"picked":"Deflect","floor":0},{"not_picked":["Tactician","Unload"],"picked":"Backflip","floor":0},{"not_picked":["Deflect","Bane"],"picked":"Accuracy","floor":0},{"not_picked":["Prepared","Backflip"],"picked":"A Thousand Cuts","floor":0},{"not_picked":["Bane","Deadly Poison"],"picked":"Accuracy","floor":1},{"not_picked":["Bane","Slice"],"picked":"Deflect","floor":3},{"not_picked":["Backflip","Dagger Throw"],"picked":"Bane","floor":5},{"not_picked":["A Thousand Cuts","All Out Attack"],"picked":"Underhanded Strike","floor":8},{"not_picked":["All Out Attack","Deflect"],"picked":"Catalyst","floor":12},{"not_picked":["Dagger Spray","Bane"],"picked":"Cloak And Dagger","floor":13},{"not_picked":["Bane","Noxious Fumes"],"picked":"Blade Dance","floor":14},{"not_picked":["A Thousand Cuts","Unload"],"picked":"Corpse Explosion","floor":16},{"not_picked":["Deflect+1","Backflip+1"],"picked":"Poisoned Stab+1","floor":18},{"not_picked":["Dodge and Roll","Endless Agony"],"picked":"Finisher","floor":21},{"not_picked":["Outmaneuver","Bane+1"],"picked":"Distraction","floor":23},{"not_picked":["Backflip","Finisher"],"picked":"Cloak And Dagger","floor":25},{"not_picked":["Dagger Throw","Predator"],"picked":"Prepared","floor":28},{"not_picked":["Distraction","Predator+1"],"picked":"Caltrops","floor":30},{"not_picked":["Riddle With Holes","Dagger Throw","Bane"],"picked":"SKIP","floor":31},{"not_picked":[],"picked":"Deadly Poison","floor":35},{"not_picked":[],"picked":"Blade Dance+1","floor":36},{"not_picked":[],"picked":"PiercingWail","floor":38},{"not_picked":[],"picked":"Cloak And Dagger+1","floor":39},{"not_picked":[],"picked":"Dagger Throw+1","floor":41},{"not_picked":[],"picked":"Outmaneuver+1","floor":42},{"not_picked":[],"picked":"Acrobatics+1","floor":45},{"not_picked":["Dagger Throw"],"picked":"SKIP","floor":47}],"player_experience":99706,"relics_obtained":[{"floor":8,"key":"Happy Flower"},{"floor":9,"key":"Bottled Flame"},{"floor":14,"key":"Sundial"},{"floor":23,"key":"Letter Opener"},{"floor":26,"key":"Smiling Mask"},{"floor":33,"key":"Bottled Tornado"},{"floor":42,"key":"Mummified Hand"},{"floor":43,"key":"Potion Belt"},{"floor":47,"key":"Bronze Scales"}],"event_choices":[{"damage_healed":0,"gold_gain":0,"player_choice":"Bought 2 Potions","damage_taken":0,"max_hp_gain":0,"max_hp_loss":0,"event_name":"The Woman in Blue","floor":2,"gold_loss":0},{"damage_healed":0,"gold_gain":0,"player_choice":"Got Potions","damage_taken":0,"max_hp_gain":0,"max_hp_loss":0,"event_name":"Lab","floor":7,"gold_loss":0},{"damage_healed":0,"gold_gain":0,"player_choice":"Slimed","damage_taken":11,"max_hp_gain":0,"max_hp_loss":0,"event_name":"betterThird:BetterGoop","floor":10,"gold_loss":34},{"damage_healed":0,"gold_gain":0,"player_choice":"Ignored","damage_taken":0,"max_hp_gain":0,"max_hp_loss":0,"event_name":"Vampires","floor":19,"gold_loss":0},{"damage_healed":0,"gold_gain":0,"player_choice":"Simplicity","damage_taken":0,"max_hp_gain":0,"max_hp_loss":10,"event_name":"betterThird:BetterWriting","floor":20,"gold_loss":0},{"damage_healed":0,"gold_gain":0,"player_choice":"Bet on Murderer","damage_taken":0,"max_hp_gain":0,"max_hp_loss":0,"event_name":"The Joust","floor":22,"gold_loss":50}],"is_beta":false,"boss_relics":[{"not_picked":["Philosopher\u0027s Stone","Fusion Hammer"],"picked":"SlaversCollar"},{"not_picked":["Cursed Key","Astrolabe"],"picked":"Busted Crown"}],"items_purged_floors":[],"is_endless":false,"potions_floor_spawned":[12,14,18,21,25,30,31,36,38,39,45,47],"ascension_level":1}}