{"host":"3c8x8j1h2jyrixpf","time":1613521218,"event":{"mods":["BaseMod","Colored Powertips","Highlight Path","Minty Spire (QoL Compilation)","StSLib"],"gold_per_floor":[118,134,5,23,35,35,63,83,83,113,125,166,178,217,229,340,352,379,391,318,151,163,189,202,202,202,217,244,244,258,278,278,381,381,391,407,407,407,423,423,449,466,466,466,49,49,62,89,89,89,89,89,40,72,72,72],"floor_reached":55,"language":"ENG","playtime":2759,"items_purged":["Strike_P","Strike_P","Strike_P"],"score":1283,"play_id":"6f1aef8f-633d-4a3b-9a7b-93f513af1579","local_time":"20210216182018","is_ascension_mode":true,"campfire_choices":[{"data":"CutThroughFate","floor":6,"key":"SMITH"},{"data":"SandsOfTime","floor":11,"key":"SMITH"},{"data":"Consecrate","floor":13,"key":"SMITH"},{"data":"BattleHymn","floor":15,"key":"SMITH"},{"data":"SandsOfTime","floor":25,"key":"SMITH"},{"data":"Wireheading","floor":29,"key":"SMITH"},{"data":"MentalFortress","floor":32,"key":"SMITH"},{"floor":40,"key":"RECALL"},{"data":"TalkToTheHand","floor":44,"key":"SMITH"},{"data":"Blasphemy","floor":46,"key":"SMITH"},{"data":"The Bomb","floor":49,"key":"SMITH"},{"data":"EmptyMind","floor":52,"key":"SMITH"}],"circlet_count":0,"master_deck":["AscendersBane","Strike_P","Defend_P","Defend_P","Defend_P+1","Defend_P","Eruption","Vigilance+1","BattleHymn+1","CutThroughFate+1","Consecrate+1","MentalFortress+1","Sanctity","SandsOfTime+1","Weave","Crescendo","Vault","ThirdEye","SandsOfTime+1","Wireheading+1","Wireheading+1","Conclude","WheelKick","EmptyMind+1","TalkToTheHand+1","The Bomb+1","Blasphemy+1","Omniscience","EmptyBody"],"relics":["Coffee Dripper","Calipers","Vajra","MawBank","Bottled Lightning","Happy Flower","Snecko Eye","Meat on the Bone","War Paint","Art of War","Frozen Egg 2","Letter Opener","SacredBark","Anchor","Ice Cream","Lizard Tail","Bronze Scales"],"acts_visited":["Exordium","TheCity","TheBeyond","TheEnding"],"potions_floor_usage":[8,12,16,16,22,23,28,33,33,50,55,55],"damage_taken":[{"damage":0.0,"enemies":"Cultist","floor":1.0,"turns":2.0},{"damage":2.0,"enemies":"Small Slimes","floor":2.0,"turns":4.0},{"damage":0,"enemies":"Jaw Worm","floor":4,"turns":3},{"damage":7,"enemies":"Exordium Wildlife","floor":5,"turns":3},{"damage":31,"enemies":"Gremlin Nob","floor":7,"turns":3},{"damage":4,"enemies":"Looter","floor":8,"turns":3},{"damage":0,"enemies":"Lagavulin","floor":12,"turns":4},{"damage":28,"enemies":"The Guardian","floor":16,"turns":6},{"damage":6,"enemies":"2 Thieves","floor":18,"turns":4},{"damage":0,"enemies":"3 Byrds","floor":22,"turns":3},{"damage":0,"enemies":"Book of Stabbing","floor":23,"turns":3},{"damage":0,"enemies":"Snake Plant","floor":24,"turns":2},{"damage":0,"enemies":"Chosen and Byrds","floor":27,"turns":3},{"damage":5,"enemies":"Slavers","floor":28,"turns":3},{"damage":0,"enemies":"Sentry and Sphere","floor":30,"turns":3},{"damage":0,"enemies":"Centurion and Healer","floor":31,"turns":3},{"damage":16,"enemies":"Champ","floor":33,"turns":6},{"damage":42,"enemies":"3 Darklings","floor":35,"turns":3},{"damage":0,"enemies":"Orb Walker","floor":36,"turns":3},{"damage":0,"enemies":"Sphere and 2 Shapes","floor":39,"turns":2},{"damage":0,"enemies":"Giant Head","floor":41,"turns":5},{"damage":6,"enemies":"Spire Growth","floor":42,"turns":4},{"damage":3,"enemies":"Transient","floor":47,"turns":5},{"damage":30,"enemies":"Nemesis","floor":48,"turns":4},{"damage":31,"enemies":"Donu and Deca","floor":50,"turns":6},{"damage":50,"enemies":"Shield and Spear","floor":54,"turns":4},{"damage":77,"enemies":"The Heart","floor":55,"turns":9}],"seed_played":"-7794331157735568024","potions_obtained":[{"floor":1.0,"key":"Regen Potion"},{"floor":4,"key":"SkillPotion"},{"floor":12,"key":"EntropicBrew"},{"floor":16,"key":"FearPotion"},{"floor":22,"key":"BottledMiracle"},{"floor":24,"key":"Block Potion"},{"floor":28,"key":"Regen Potion"},{"floor":31,"key":"Dexterity Potion"},{"floor":33,"key":"BlessingOfTheForge"},{"floor":39,"key":"PowerPotion"},{"floor":42,"key":"BottledMiracle"}],"is_trial":false,"path_per_floor":["M","M","$","M","M","R","E","M","T","?","R","E","R","T","R","B",null,"M","?","?","$","M","E","M","R","T","M","E","R","M","M","R","B",null,"M","M","?","?","M","R","E","M","T","R","$","R","M","E","R","B",null,"R","$","E","B"],"character_chosen":"WATCHER","items_purchased":["Consecrate","Regen Potion","Ice Cream","Weak Potion"],"campfire_rested":0,"item_purchase_floors":[3,21,45,53],"current_hp_per_floor":[65,63,63,63,56,56,25,21,21,21,21,33,33,33,33,5,55,49,49,49,49,49,58,58,58,58,58,53,53,53,53,53,52,67,37,37,37,82,82,82,82,76,76,76,76,76,73,43,43,24,68,68,68,30,0,0],"gold":72,"neow_bonus":"BOSS_RELIC","is_daily":false,"chose_seed":false,"campfire_upgraded":11,"win_rate":0.0,"timestamp":1613521218,"path_taken":["M","M","$","?","M","R","E","M","T","?","R","E","R","?","R","BOSS","M","?","?","?","M","E","M","R","T","M","E","R","M","M","R","BOSS","M","M","?","?","M","R","E","M","T","R","$","R","?","E","R","BOSS","R","$","E","BOSS"],"items_purchased_type":["Card","Potion","Relic","Potion"],"build_version":"2020-12-22","purchased_purges":3,"victory":false,"max_hp_per_floor":[72,72,72,72,72,72,72,72,72,72,72,72,72,72,72,72,72,72,72,72,72,72,72,72,72,72,72,72,72,72,72,72,72,72,72,72,72,82,82,82,82,82,82,82,82,82,82,82,82,82,82,82,82,82,82,82],"card_choices":[{"not_picked":["FlurryOfBlows","Vengeance"],"picked":"BattleHymn","floor":1.0},{"not_picked":["Collect","ClearTheMind"],"picked":"CutThroughFate","floor":2.0},{"not_picked":["Swivel","FlyingSleeves"],"picked":"MentalFortress","floor":4},{"not_picked":["Protect","SashWhip"],"picked":"Sanctity","floor":5},{"not_picked":["Judgement","Prostrate"],"picked":"SandsOfTime","floor":7},{"not_picked":["FlyingSleeves","Adaptation"],"picked":"Weave","floor":8},{"not_picked":["Evaluate","ForeignInfluence"],"picked":"Crescendo","floor":12},{"not_picked":["Judgement","ConjureBlade"],"picked":"Vault","floor":16},{"not_picked":["JustLucky","CutThroughFate"],"picked":"ThirdEye","floor":18},{"not_picked":["Halt","Protect+1"],"picked":"SandsOfTime","floor":22},{"not_picked":["Alpha","Protect"],"picked":"Wireheading","floor":23},{"not_picked":["ForeignInfluence+1","BowlingBash","FollowUp"],"picked":"SKIP","floor":24},{"not_picked":["EmptyBody","Halt"],"picked":"Wireheading+1","floor":27},{"not_picked":["Weave","Judgement"],"picked":"Conclude","floor":28},{"not_picked":["FlurryOfBlows","Consecrate"],"picked":"WheelKick","floor":30},{"not_picked":["Crescendo","Consecrate"],"picked":"EmptyMind","floor":31},{"not_picked":["Alpha","Establishment+1"],"picked":"LessonLearned","floor":33},{"not_picked":["Tantrum","FearNoEvil"],"picked":"TalkToTheHand","floor":35},{"not_picked":["FlyingSleeves","DeceiveReality","JustLucky+1"],"picked":"SKIP","floor":36},{"not_picked":["Deep Breath","Madness"],"picked":"The Bomb","floor":37},{"not_picked":["CrushJoints","PathToVictory","FlurryOfBlows"],"picked":"SKIP","floor":39},{"not_picked":["FollowUp","BowlingBash+1"],"picked":"Blasphemy","floor":41},{"not_picked":["WaveOfTheHand","SignatureMove","Evaluate+1"],"picked":"SKIP","floor":42},{"not_picked":["FollowUp","SashWhip+1","SignatureMove"],"picked":"SKIP","floor":47},{"not_picked":["Study+1","JustLucky+1"],"picked":"Omniscience","floor":48},{"not_picked":["Indignation+1","CutThroughFate"],"picked":"EmptyBody","floor":54}],"player_experience":259787,"relics_obtained":[{"floor":7,"key":"Calipers"},{"floor":9,"key":"Vajra"},{"floor":12,"key":"Bottled Lightning"},{"floor":14,"key":"Happy Flower"},{"floor":23,"key":"Art of War"},{"floor":26,"key":"Frozen Egg 2"},{"floor":28,"key":"Letter Opener"},{"floor":41,"key":"Anchor"},{"floor":48,"key":"Lizard Tail"},{"floor":54,"key":"Bronze Scales"}],"event_choices":[{"damage_healed":0,"gold_gain":30,"player_choice":"Searched \u00272\u0027 times","damage_taken":0,"relics_obtained":["MawBank"],"max_hp_gain":0,"max_hp_loss":0,"event_name":"Dead Adventurer","floor":10,"gold_loss":0},{"damage_healed":0,"gold_gain":0,"player_choice":"Opened","damage_taken":0,"relics_obtained":["Meat on the Bone"],"max_hp_gain":0,"max_hp_loss":0,"event_name":"The Mausoleum","floor":19,"gold_loss":0},{"damage_healed":0,"gold_gain":0,"player_choice":"Obtained Relic","damage_taken":0,"relics_obtained":["War Paint"],"max_hp_gain":0,"max_hp_loss":0,"event_name":"Addict","floor":20,"gold_loss":85},{"damage_healed":0,"gold_gain":0,"player_choice":"Memory 1","damage_taken":0,"max_hp_gain":0,"max_hp_loss":0,"event_name":"SensoryStone","floor":37,"gold_loss":0},{"cards_removed":["LessonLearned"],"damage_healed":35,"gold_gain":0,"player_choice":"Offered Rare","damage_taken":0,"max_hp_gain":10,"max_hp_loss":0,"event_name":"Bonfire Elementals","floor":38,"gold_loss":0}],"is_beta":false,"boss_relics":[{"not_picked":["Astrolabe","Cursed Key"],"picked":"Snecko Eye"},{"not_picked":["Sozu","Black Star"],"picked":"SacredBark"}],"items_purged_floors":[3,21,45],"is_endless":false,"potions_floor_spawned":[1,4,7,12,16,22,24,28,31,33,39,42,54],"killed_by":"The Heart","ascension_level":12}}