{"host":"04hh9gplt9wkfmr1","time":1613575239,"event":{"mods":["AchievementEnabler","BaseMod","Colored Map","KOR Keyword Fix","Minty Spire (QoL Compilation)","Rare Cards Sparkle","SuperFastMode"],"gold_per_floor":[16,31,306,317,10,10,22,49,49,80,97,97,113,113,113,213,213,229,229,229,504,521,521,202,227,227,227,227,246,279,294,294,394,394,405,161,161,204,222,222,302,302,329,17,30,30,49,49,49,49],"floor_reached":51,"language":"KOR","playtime":2017,"items_purged":["Regret","Defend_P","Defend_P","Pain"],"score":1024,"play_id":"52a52d19-b700-484e-b889-ec9bd2cfd4e8","local_time":"20210218002039","is_ascension_mode":true,"campfire_choices":[{"data":"Eruption","floor":6.0,"key":"SMITH"},{"floor":12.0,"key":"REST"},{"floor":15.0,"key":"REST"},{"data":"Fasting2","floor":23.0,"key":"SMITH"},{"floor":27.0,"key":"DIG"},{"floor":32.0,"key":"DIG"},{"data":"Wish","floor":40,"key":"SMITH"},{"data":"DevaForm","floor":42,"key":"SMITH"},{"data":"MentalFortress","floor":46,"key":"SMITH"},{"floor":49,"key":"DIG"}],"circlet_count":0,"master_deck":["Defend_P","Defend_P","Eruption+1","Vigilance","Adaptation","ClearTheMind","FearNoEvil","Tantrum+1","FlurryOfBlows+1","Fasting2+1","Halt","Judgement","FlurryOfBlows+1","Bite+1","Bite+1","Bite+1","Bite+1","Bite+1","FearNoEvil+1","Adaptation","Indignation","FollowUp+1","Judgement","Ghostly","Ghostly","Ghostly","Ghostly","Ghostly","Crescendo","MentalFortress+1","FearNoEvil+1","Ragnarok+1","CurseOfTheBell","DevaForm+1","FearNoEvil+1","Wish+1","FearNoEvil+1","FlurryOfBlows+1","Adaptation","Discovery","Halt","MentalFortress+1"],"relics":["PureWater","Torii","Membership Card","Molten Egg 2","Whetstone","Omamori","Letter Opener","Centennial Puzzle","SlaversCollar","Ancient Tea Set","Lizard Tail","Orrery","InkBottle","Shovel","Bottled Lightning","Vajra","White Beast Statue","Calling Bell","Blood Vial","Matryoshka","FossilizedHelix","WarpedTongs","GoldenEye","Regal Pillow","Smiling Mask","Lantern","Toolbox","Thread and Needle"],"acts_visited":["Exordium","TheCity","TheBeyond"],"potions_floor_usage":[39,41,45,50,50],"damage_taken":[{"damage":1.0,"enemies":"Small Slimes","floor":1.0,"turns":4.0},{"damage":0.0,"enemies":"Cultist","floor":2.0,"turns":3.0},{"damage":9.0,"enemies":"Jaw Worm","floor":4.0,"turns":4.0},{"damage":10.0,"enemies":"Red Slaver","floor":7.0,"turns":5.0},{"damage":19.0,"enemies":"3 Sentries","floor":8.0,"turns":6.0},{"damage":10.0,"enemies":"Gremlin Nob","floor":10.0,"turns":3.0},{"damage":20.0,"enemies":"3 Louse","floor":11.0,"turns":2.0},{"damage":1.0,"enemies":"Looter","floor":13.0,"turns":2.0},{"damage":0.0,"enemies":"Slime Boss","floor":16.0,"turns":4.0},{"damage":22.0,"enemies":"3 Byrds","floor":18.0,"turns":3.0},{"damage":13.0,"enemies":"2 Thieves","floor":22.0,"turns":3.0},{"damage":6.0,"enemies":"Book of Stabbing","floor":25.0,"turns":2.0},{"damage":25.0,"enemies":"Shelled Parasite and Fungi","floor":29.0,"turns":6.0},{"damage":3.0,"enemies":"Gremlin Leader","floor":30.0,"turns":5.0},{"damage":3.0,"enemies":"Centurion and Healer","floor":31.0,"turns":6.0},{"damage":1.0,"enemies":"Automaton","floor":33.0,"turns":5.0},{"damage":1.0,"enemies":"Orb Walker","floor":35.0,"turns":3.0},{"damage":9,"enemies":"3 Shapes","floor":38,"turns":4},{"damage":0,"enemies":"Sphere and 2 Shapes","floor":39,"turns":2},{"damage":10,"enemies":"Mind Bloom Boss Battle","floor":41,"turns":6},{"damage":10,"enemies":"4 Shapes","floor":45,"turns":4},{"damage":0,"enemies":"Maw","floor":47,"turns":8},{"damage":20,"enemies":"Awakened One","floor":50,"turns":8}],"seed_played":"-6064695927648930050","potions_obtained":[{"floor":1.0,"key":"BottledMiracle"},{"floor":2.0,"key":"Explosive Potion"},{"floor":11.0,"key":"LiquidMemories"},{"floor":25.0,"key":"StancePotion"},{"floor":30.0,"key":"Energy Potion"},{"floor":39,"key":"SkillPotion"},{"floor":41,"key":"LiquidBronze"},{"floor":45,"key":"Energy Potion"}],"is_trial":false,"path_per_floor":["M","M","?","M","$","R","M","E","T","E","M","R","M","?","R","B",null,"M","?","?","?","M","R","$","E","T","R","?","M","E","M","R","B",null,"M","$","?","M","M","R","?","R","T","$","M","R","M","?","R","B",null],"character_chosen":"WATCHER","items_purchased":["Membership Card","Molten Egg 2","Lizard Tail","Adaptation","Orrery","DevaForm","FearNoEvil+1","Wish","FlurryOfBlows+1","Adaptation","Lantern","Toolbox","Discovery"],"campfire_rested":2,"item_purchase_floors":[5,5,24,24,24,36,36,36,44,44,44,44,44],"current_hp_per_floor":[71,71,71,62,62,62,52,33,33,23,3,24,23,23,44,44,72,50,50,50,50,46,46,46,50,50,50,25,15,25,25,25,25,25,24,24,24,19,24,24,18,18,18,18,16,16,25,25,25,11],"gold":49,"neow_bonus":"ONE_RARE_RELIC","is_daily":false,"chose_seed":false,"campfire_upgraded":5,"win_rate":0.0,"timestamp":1613575239,"path_taken":["M","M","?","M","$","R","M","E","T","E","M","R","?","?","R","BOSS","M","?","?","?","?","R","$","E","T","R","?","M","E","M","R","BOSS","M","$","?","?","M","R","?","R","T","$","M","R","M","?","R","BOSS"],"items_purchased_type":["Relic","Relic","Relic","Card","Relic","Card","Card","Card","Card","Card","Relic","Relic","Card"],"build_version":"2020-12-22","purchased_purges":4,"victory":true,"max_hp_per_floor":[72,72,72,72,72,72,72,72,72,72,72,72,72,72,72,72,72,72,50,50,50,50,50,50,50,50,50,25,25,25,25,25,25,25,25,25,25,25,25,25,25,25,25,25,25,25,25,25,25,25],"card_choices":[{"not_picked":["EmptyMind","Consecrate"],"picked":"Adaptation","floor":1.0},{"not_picked":["WindmillStrike","Halt"],"picked":"ClearTheMind","floor":2.0},{"not_picked":["Crescendo","Wireheading"],"picked":"FearNoEvil","floor":4.0},{"not_picked":["PathToVictory","SashWhip+1"],"picked":"Tantrum+1","floor":7.0},{"not_picked":["Prostrate","SpiritShield"],"picked":"FlurryOfBlows+1","floor":8.0},{"not_picked":["BattleHymn","FlyingSleeves+1","Consecrate+1"],"picked":"SKIP","floor":10.0},{"not_picked":["Indignation","Crescendo"],"picked":"Fasting2","floor":11.0},{"not_picked":["BowlingBash+1","Consecrate+1"],"picked":"Halt","floor":13.0},{"not_picked":["Blasphemy","Scrawl"],"picked":"Judgement","floor":16.0},{"not_picked":["Pray","Consecrate+1"],"picked":"FlurryOfBlows+1","floor":18.0},{"not_picked":["Halt","CrushJoints+1"],"picked":"FearNoEvil+1","floor":22.0},{"not_picked":["SashWhip+1","CutThroughFate+1"],"picked":"Indignation","floor":24.0},{"not_picked":["Consecrate+1","JustLucky+1"],"picked":"FollowUp+1","floor":24.0},{"not_picked":["FlurryOfBlows+1","SandsOfTime+1"],"picked":"Judgement","floor":25.0},{"not_picked":["Prostrate","PathToVictory"],"picked":"Crescendo","floor":29.0},{"not_picked":["Consecrate+1","CutThroughFate+1"],"picked":"MentalFortress","floor":30.0},{"not_picked":["SignatureMove+1","JustLucky+1"],"picked":"FearNoEvil+1","floor":31.0},{"not_picked":["Devotion","Wish"],"picked":"Ragnarok+1","floor":33.0},{"not_picked":["Pray","PathToVictory+1","SignatureMove+1"],"picked":"SKIP","floor":35.0},{"not_picked":["CutThroughFate+1","Perseverance","SashWhip+1"],"picked":"SKIP","floor":38},{"not_picked":["SashWhip+1","WheelKick+1","EmptyBody"],"picked":"SKIP","floor":39},{"not_picked":["Crescendo","WindmillStrike+1"],"picked":"FearNoEvil+1","floor":41},{"not_picked":["JustLucky+1","TalkToTheHand+1"],"picked":"Halt","floor":45},{"not_picked":["PathToVictory","Evaluate"],"picked":"MentalFortress+1","floor":47}],"player_experience":159708,"relics_obtained":[{"floor":8.0,"key":"Whetstone"},{"floor":9.0,"key":"Omamori"},{"floor":10.0,"key":"Letter Opener"},{"floor":25.0,"key":"InkBottle"},{"floor":26.0,"key":"Shovel"},{"floor":27.0,"key":"Bottled Lightning"},{"floor":30.0,"key":"Vajra"},{"floor":32.0,"key":"White Beast Statue"},{"floor":34.0,"key":"Blood Vial"},{"floor":34.0,"key":"Matryoshka"},{"floor":34.0,"key":"FossilizedHelix"},{"floor":41,"key":"GoldenEye"},{"floor":43,"key":"Regal Pillow"},{"floor":43,"key":"Smiling Mask"},{"floor":49,"key":"Thread and Needle"}],"event_choices":[{"damage_healed":0.0,"max_hp_gain":0.0,"max_hp_loss":0.0,"gold_gain":275.0,"event_name":"Golden Shrine","player_choice":"Desecrate","floor":3.0,"gold_loss":0.0,"damage_taken":0.0,"cards_obtained":["Regret"]},{"damage_healed":0.0,"max_hp_gain":0.0,"max_hp_loss":0.0,"gold_gain":0.0,"event_name":"Dead Adventurer","player_choice":"Searched \u00272\u0027 times","floor":14.0,"gold_loss":0.0,"damage_taken":0.0,"relics_obtained":["Centennial Puzzle"]},{"damage_healed":0.0,"max_hp_gain":0.0,"max_hp_loss":22.0,"gold_gain":0.0,"event_name":"Vampires","player_choice":"Became a vampire","floor":19.0,"gold_loss":0.0,"damage_taken":0.0,"cards_obtained":["Bite","Bite","Bite","Bite","Bite"]},{"damage_healed":0.0,"max_hp_gain":0.0,"max_hp_loss":0.0,"gold_gain":0.0,"event_name":"Addict","player_choice":"Stole Relic","floor":20.0,"gold_loss":0.0,"damage_taken":0.0,"relics_obtained":["Ancient Tea Set"],"cards_obtained":["Shame"]},{"damage_healed":0.0,"max_hp_gain":0.0,"max_hp_loss":0.0,"gold_gain":275.0,"event_name":"Golden Shrine","player_choice":"Desecrate","floor":21.0,"gold_loss":0.0,"damage_taken":0.0,"cards_obtained":["Regret"]},{"damage_healed":0.0,"max_hp_gain":0.0,"max_hp_loss":25.0,"gold_gain":0.0,"event_name":"Ghosts","player_choice":"Became a Ghost","floor":28.0,"gold_loss":0.0,"damage_taken":0.0,"cards_obtained":["Ghostly","Ghostly","Ghostly","Ghostly","Ghostly"]},{"damage_healed":0.0,"max_hp_gain":0.0,"max_hp_loss":0.0,"gold_gain":0.0,"event_name":"Accursed Blacksmith","player_choice":"Rummage","floor":37.0,"gold_loss":0.0,"damage_taken":0.0,"relics_obtained":["WarpedTongs"],"cards_obtained":["Pain"]},{"damage_healed":0,"gold_gain":0,"player_choice":"Fight","damage_taken":0,"max_hp_gain":0,"max_hp_loss":0,"event_name":"MindBloom","floor":41,"gold_loss":0},{"damage_healed":0,"gold_gain":0,"player_choice":"Ignored","damage_taken":0,"max_hp_gain":0,"max_hp_loss":0,"event_name":"SecretPortal","floor":48,"gold_loss":0}],"is_beta":false,"boss_relics":[{"not_picked":["Black Star","Fusion Hammer"],"picked":"SlaversCollar"},{"not_picked":["Coffee Dripper","Velvet Choker"],"picked":"Calling Bell"}],"items_purged_floors":[5,24,36,44],"is_endless":false,"potions_floor_spawned":[1,2,11,16,25,30,33,35,38,39,41,45,47],"ascension_level":3}}