{"host":"qxeepl7ydvsgmfdb","time":1613579663,"event":{"mods":["AchievementEnabler","BaseMod","Colored Powertips","Minty Spire (QoL Compilation)","Quick Restart","slay the spire mod where everything is the same but ironclad has a cowboy hat"],"gold_per_floor":[119,96,271,271,286,317,317,317,343,343,50,50,65,98,98,196,196,216,216,229,29,40,65,65,65,92,192,192,209,209,226,226,324,324,342,342,342,354,407,441,441,441,441],"floor_reached":42,"language":"ENG","playtime":1759,"items_purged":[],"score":619,"play_id":"1d1b208e-8763-4b43-af81-d23558e812fd","local_time":"20210217113423","is_ascension_mode":true,"campfire_choices":[{"data":"Zap","floor":7.0,"key":"SMITH"},{"data":"Redo","floor":12.0,"key":"SMITH"},{"floor":15.0,"key":"REST"},{"floor":25.0,"key":"REST"},{"floor":32.0,"key":"REST"},{"floor":41.0,"key":"REST"}],"circlet_count":0,"master_deck":["Defend_B","Defend_B","Defend_B","Defend_B+1","Zap+1","Dualcast+1","Conserve Battery","Ball Lightning","Ball Lightning","Electrodynamics","Leap","Sweeping Beam+1","Bite","Bite","Bite","Bite","Bite","Ball Lightning","Cold Snap+1","Chaos","Chaos+1","Cold Snap+1","Capacitor","Redo","Redo+1"],"relics":["FrozenCore","NeowsBlessing","Regal Pillow","Juzu Bracelet","Bronze Scales","Emotion Chip","Lantern","Tiny Chest","MutagenicStrength","Anchor","Incense Burner","Gremlin Horn","Question Card","SacredBark","Dead Branch","Toy Ornithopter"],"acts_visited":["Exordium","TheCity","TheBeyond"],"potions_floor_usage":[],"damage_taken":[{"damage":0.0,"enemies":"Small Slimes","floor":1.0,"turns":1.0},{"damage":0.0,"enemies":"Jaw Worm","floor":5.0,"turns":1.0},{"damage":0.0,"enemies":"Lagavulin","floor":6.0,"turns":1.0},{"damage":0.0,"enemies":"2 Louse","floor":13.0,"turns":2.0},{"damage":22.0,"enemies":"3 Sentries","floor":14.0,"turns":3.0},{"damage":34.0,"enemies":"The Guardian","floor":16.0,"turns":8.0},{"damage":15.0,"enemies":"Spheric Guardian","floor":18.0,"turns":4.0},{"damage":5.0,"enemies":"Chosen","floor":20.0,"turns":4.0},{"damage":26.0,"enemies":"Centurion and Healer","floor":22.0,"turns":3.0},{"damage":16.0,"enemies":"Slavers","floor":23.0,"turns":4.0},{"damage":10.0,"enemies":"Colosseum Slavers","floor":27.0,"turns":2.0},{"damage":19.0,"enemies":"Colosseum Nobs","floor":27.0,"turns":4.0},{"damage":19.0,"enemies":"Snake Plant","floor":29.0,"turns":3.0},{"damage":9.0,"enemies":"Snecko","floor":31.0,"turns":4.0},{"damage":36.0,"enemies":"Collector","floor":33.0,"turns":10.0},{"damage":39.0,"enemies":"3 Darklings","floor":35.0,"turns":4.0},{"damage":11.0,"enemies":"3 Shapes","floor":38.0,"turns":5.0},{"damage":10.0,"enemies":"2 Orb Walkers","floor":39.0,"turns":2.0},{"damage":35.0,"enemies":"Nemesis","floor":40.0,"turns":9.0},{"damage":48,"enemies":"Reptomancer","floor":42,"turns":3}],"seed_played":"3767567424773158793","potions_obtained":[{"floor":5.0,"key":"AttackPotion"},{"floor":6.0,"key":"Block Potion"},{"floor":20.0,"key":"EssenceOfDarkness"},{"floor":22.0,"key":"Weak Potion"},{"floor":27.0,"key":"AttackPotion"},{"floor":31.0,"key":"Strength Potion"},{"floor":35.0,"key":"FearPotion"}],"is_trial":false,"path_per_floor":["M","$","?","?","M","E","R","?","T","?","$","R","M","E","R","B",null,"M","?","M","$","M","E","?","R","T","?","?","M","T","M","R","B",null,"M","?","?","M","?","E","R","E"],"character_chosen":"DEFECT","items_purchased":["Conserve Battery","Electrodynamics","Bronze Scales","Lantern","Ball Lightning"],"campfire_rested":4,"item_purchase_floors":[2,11,11,21,21],"current_hp_per_floor":[75,75,75,60,60,60,60,60,60,60,60,60,62,42,75,41,67,54,54,59,59,39,25,25,62,62,45,45,32,32,27,64,46,68,35,35,35,30,24,7,44,0,0],"gold":441,"neow_bonus":"THREE_ENEMY_KILL","is_daily":false,"chose_seed":false,"campfire_upgraded":2,"win_rate":0.0,"timestamp":1613579663,"path_taken":["M","$","?","?","?","E","R","?","T","?","$","R","M","E","R","BOSS","M","?","M","$","M","E","?","R","T","?","?","M","?","M","R","BOSS","M","?","?","M","?","E","R","E"],"items_purchased_type":["Card","Card","Relic","Relic","Card"],"build_version":"2020-12-22","purchased_purges":0,"victory":false,"max_hp_per_floor":[75,75,75,75,75,75,75,75,75,75,75,75,75,75,75,75,75,75,75,75,75,75,75,75,75,75,75,75,75,75,75,75,75,75,75,75,75,75,75,75,75,75,75],"card_choices":[{"not_picked":["Hologram","Capacitor"],"picked":"Redo","floor":1.0},{"not_picked":["Compile Driver","Leap"],"picked":"Ball Lightning","floor":5.0},{"not_picked":["Conserve Battery","Compile Driver"],"picked":"Ball Lightning","floor":6.0},{"not_picked":["Lockon","Static Discharge"],"picked":"Leap","floor":13.0},{"not_picked":["Fusion","Heatsinks","Creative AI"],"picked":"SKIP","floor":14.0},{"not_picked":["Coolheaded+1","Auto Shields"],"picked":"Sweeping Beam+1","floor":18.0},{"not_picked":["Compile Driver","Streamline","Hologram"],"picked":"SKIP","floor":20.0},{"not_picked":["Genetic Algorithm","Turbo"],"picked":"Cold Snap+1","floor":22.0},{"not_picked":["Leap","Amplify"],"picked":"Chaos","floor":23.0},{"not_picked":["FTL+1","Sweeping Beam"],"picked":"Chaos+1","floor":27.0},{"not_picked":["Sweeping Beam","Gash+1","Turbo"],"picked":"SKIP","floor":29.0},{"not_picked":["Sweeping Beam","Rip and Tear+1","Streamline+1"],"picked":"Leap","floor":31.0},{"not_picked":["Redo","Scrape","Coolheaded"],"picked":"Cold Snap+1","floor":35.0},{"not_picked":["Turbo+1","Rip and Tear","Recycle","Melter"],"picked":"SKIP","floor":38.0},{"not_picked":["Stack+1","Barrage","Static Discharge"],"picked":"Redo","floor":39.0},{"not_picked":["Reboot","Steam+1","Coolheaded+1"],"picked":"Redo+1","floor":40.0}],"player_experience":163516,"relics_obtained":[{"floor":6.0,"key":"Blood Vial"},{"floor":9.0,"key":"Regal Pillow"},{"floor":14.0,"key":"Emotion Chip"},{"floor":23.0,"key":"Tiny Chest"},{"floor":26.0,"key":"Anchor"},{"floor":27.0,"key":"Incense Burner"},{"floor":27.0,"key":"Gremlin Horn"},{"floor":30.0,"key":"Question Card"},{"floor":39.0,"key":"Dead Branch"},{"floor":40.0,"key":"Toy Ornithopter"}],"event_choices":[{"damage_healed":0.0,"max_hp_gain":0.0,"max_hp_loss":0.0,"gold_gain":175.0,"event_name":"Liars Game","player_choice":"AGREE","floor":3.0,"gold_loss":0.0,"damage_taken":0.0,"cards_obtained":["Doubt"]},{"damage_healed":0.0,"max_hp_gain":0.0,"max_hp_loss":0.0,"gold_gain":0.0,"event_name":"Shining Light","player_choice":"Entered Light","floor":4.0,"gold_loss":0.0,"damage_taken":15.0,"cards_upgraded":["Defend_B","Dualcast"]},{"cards_removed":["Doubt"],"damage_healed":0.0,"max_hp_gain":0.0,"max_hp_loss":0.0,"gold_gain":0.0,"event_name":"Living Wall","player_choice":"Forget","floor":8.0,"gold_loss":0.0,"damage_taken":0.0},{"damage_healed":0.0,"max_hp_gain":0.0,"max_hp_loss":0.0,"gold_gain":0.0,"event_name":"Dead Adventurer","player_choice":"Searched \u00272\u0027 times","floor":10.0,"gold_loss":0.0,"damage_taken":0.0,"relics_obtained":["Juzu Bracelet"]},{"damage_healed":0.0,"max_hp_gain":0.0,"max_hp_loss":0.0,"gold_gain":0.0,"event_name":"Vampires","player_choice":"Became a vampire (Vial)","floor":19.0,"relics_lost":["Blood Vial"],"gold_loss":0.0,"damage_taken":0.0,"cards_obtained":["Bite","Bite","Bite","Bite","Bite"]},{"damage_healed":0.0,"max_hp_gain":0.0,"max_hp_loss":0.0,"gold_gain":0.0,"event_name":"Drug Dealer","player_choice":"Inject Mutagens","floor":24.0,"gold_loss":0.0,"damage_taken":0.0,"relics_obtained":["MutagenicStrength"]},{"damage_healed":0.0,"max_hp_gain":0.0,"max_hp_loss":0.0,"gold_gain":0.0,"event_name":"Colosseum","player_choice":"Fight","floor":27.0,"gold_loss":0.0,"damage_taken":0.0},{"damage_healed":0.0,"max_hp_gain":0.0,"max_hp_loss":0.0,"gold_gain":0.0,"event_name":"Colosseum","player_choice":"Fought Nobs","floor":27.0,"gold_loss":0.0,"damage_taken":0.0},{"damage_healed":0.0,"max_hp_gain":0.0,"max_hp_loss":0.0,"gold_gain":0.0,"event_name":"Ghosts","player_choice":"Ignored","floor":28.0,"gold_loss":0.0,"damage_taken":0.0},{"damage_healed":0.0,"max_hp_gain":0.0,"max_hp_loss":0.0,"gold_gain":0.0,"cards_transformed":["Leap"],"event_name":"Transmorgrifier","player_choice":"Transformed","floor":36.0,"gold_loss":0.0,"damage_taken":0.0,"cards_obtained":["Capacitor"]},{"cards_removed":["Redo"],"damage_healed":0.0,"max_hp_gain":0.0,"max_hp_loss":0.0,"gold_gain":0.0,"event_name":"Falling","player_choice":"Removed Skill","floor":37.0,"gold_loss":0.0,"damage_taken":0.0},{"damage_healed":0.0,"max_hp_gain":0.0,"max_hp_loss":0.0,"gold_gain":0.0,"event_name":"Mysterious Sphere","player_choice":"Fight","floor":39.0,"gold_loss":0.0,"damage_taken":0.0}],"is_beta":false,"boss_relics":[{"not_picked":["Runic Dome","Snecko Eye"],"picked":"FrozenCore"},{"not_picked":["Empty Cage","Sozu"],"picked":"SacredBark"}],"items_purged_floors":[],"is_endless":false,"potions_floor_spawned":[5,6,20,22,27,27,31,35,38],"killed_by":"Reptomancer","ascension_level":5}}