{"host":"2n2g1vowfllvjtvi","time":1613583598,"event":{"mods":["AchievementEnabler","BaseMod","Custom Start","GifTheSpireLib","Keyboard Shortcuts","Minty Spire (QoL Compilation)","Permanent Neow","Quick Restart","StSLib","SuperFastMode"],"gold_per_floor":[118,130,130,148,160,160,170,170,218,218,236,236,256,267,267,367,367,381,152,77,77,102,114,124,124,124,124,136,167,167,167],"floor_reached":30,"language":"KOR","playtime":656,"items_purged":["Strike_G"],"score":244,"play_id":"1141a816-17f8-45db-9672-35b795ddd7c8","local_time":"20210218023958","is_ascension_mode":false,"campfire_choices":[{"data":"Glass Knife","floor":6.0,"key":"SMITH"},{"data":"Cloak And Dagger","floor":8.0,"key":"SMITH"},{"data":"Neutralize","floor":10.0,"key":"SMITH"},{"data":"Malaise","floor":15,"key":"SMITH"},{"data":"Malaise","floor":25,"key":"SMITH"},{"data":"Reflex","floor":27,"key":"SMITH"}],"circlet_count":0,"master_deck":["Strike_G","Strike_G","Defend_G","Defend_G","Defend_G","Defend_G","Survivor","Neutralize+1","Backstab","Glass Knife+1","Dagger Throw","Cloak And Dagger+1","PiercingWail","Malaise+1","Malaise+1","Masterful Stab","Reflex+1","Backflip+1","Infinite Blades+1","Eviscerate+1"],"relics":["Ring of the Snake","Happy Flower","White Beast Statue","SacredBark","Medical Kit","Red Mask","Bottled Lightning","Oddly Smooth Stone"],"acts_visited":["Exordium","TheCity"],"potions_floor_usage":[16,22,22,24,28,28,29],"damage_taken":[{"damage":0.0,"enemies":"2 Louse","floor":1.0,"turns":2.0},{"damage":0.0,"enemies":"Cultist","floor":2.0,"turns":2.0},{"damage":0.0,"enemies":"Small Slimes","floor":4.0,"turns":2.0},{"damage":7.0,"enemies":"Gremlin Gang","floor":5.0,"turns":4.0},{"damage":2.0,"enemies":"2 Fungi Beasts","floor":7.0,"turns":2.0},{"damage":0.0,"enemies":"Looter","floor":11.0,"turns":2.0},{"damage":1,"enemies":"Large Slime","floor":13,"turns":3},{"damage":0,"enemies":"Exordium Wildlife","floor":14,"turns":2},{"damage":31,"enemies":"Slime Boss","floor":16,"turns":12},{"damage":2,"enemies":"3 Byrds","floor":18,"turns":7},{"damage":8,"enemies":"Masked Bandits","floor":22,"turns":7},{"damage":0,"enemies":"Chosen","floor":23,"turns":4},{"damage":6,"enemies":"Sentry and Sphere","floor":24,"turns":6},{"damage":3,"enemies":"Centurion and Healer","floor":28,"turns":5},{"damage":26,"enemies":"Gremlin Leader","floor":29,"turns":9}],"seed_played":"-532547054588659794","potions_obtained":[{"floor":2.0,"key":"Strength Potion"},{"floor":3.0,"key":"SneckoOil"},{"floor":3.0,"key":"Regen Potion"},{"floor":3.0,"key":"Strength Potion"},{"floor":7.0,"key":"FairyPotion"},{"floor":13,"key":"GamblersBrew"},{"floor":14,"key":"Dexterity Potion"},{"floor":16,"key":"Energy Potion"},{"floor":18,"key":"DuplicationPotion"},{"floor":22,"key":"Weak Potion"},{"floor":23,"key":"SteroidPotion"},{"floor":24,"key":"SkillPotion"},{"floor":28,"key":"Block Potion"},{"floor":29,"key":"LiquidBronze"}],"is_trial":false,"path_per_floor":["M","M","?","M","M","R","M","R","T","R","M","?","M","M","R","B",null,"M","$","?","?","?","M","M","R","T","R","M","E","R"],"character_chosen":"THE_SILENT","items_purchased":["Medical Kit"],"campfire_rested":0,"item_purchase_floors":[19],"current_hp_per_floor":[63,63,63,63,56,56,54,54,54,54,54,54,53,53,53,22,63,61,61,61,61,53,53,47,47,47,47,44,18,18,18],"gold":167,"neow_bonus":"TRANSFORM_TWO_CARDS","is_daily":false,"chose_seed":false,"campfire_upgraded":6,"win_rate":0.0,"timestamp":1613583598,"path_taken":["M","M","?","?","M","R","M","R","T","R","M","?","?","M","R","BOSS","M","$","?","?","?","?","M","R","T","R","M","E","R"],"items_purchased_type":["Relic"],"build_version":"2020-12-22","purchased_purges":1,"victory":false,"max_hp_per_floor":[63,63,63,63,63,63,63,63,63,63,63,63,63,63,63,63,63,63,63,63,63,63,63,63,63,63,63,63,63,63,63],"card_choices":[{"not_picked":["Outmaneuver","Setup"],"picked":"Dagger Throw","floor":1.0},{"not_picked":["Leg Sweep","Underhanded Strike","Outmaneuver"],"picked":"SKIP","floor":2.0},{"not_picked":["Slice","Caltrops","Underhanded Strike"],"picked":"SKIP","floor":4.0},{"not_picked":["Sucker Punch","Skewer","Choke"],"picked":"SKIP","floor":5.0},{"not_picked":["Poisoned Stab","Choke"],"picked":"Cloak And Dagger","floor":7.0},{"not_picked":["Backstab","Poisoned Stab"],"picked":"PiercingWail","floor":11.0},{"not_picked":["Leg Sweep","Underhanded Strike","Caltrops"],"picked":"SKIP","floor":13},{"not_picked":["Dodge and Roll","Escape Plan"],"picked":"Malaise","floor":14},{"not_picked":["Storm of Steel","Corpse Explosion"],"picked":"Malaise","floor":16},{"not_picked":["Bane","Slice"],"picked":"Masterful Stab","floor":18},{"not_picked":["Dodge and Roll","Distraction+1"],"picked":"Backflip+1","floor":23},{"not_picked":["Storm of Steel","Concentrate"],"picked":"Infinite Blades+1","floor":24},{"not_picked":["Escape Plan","Deflect"],"picked":"Eviscerate+1","floor":28},{"not_picked":["Cloak And Dagger+1","Slice","Distraction+1"],"picked":"SKIP","floor":29}],"player_experience":239940,"relics_obtained":[{"floor":9.0,"key":"Happy Flower"},{"floor":22,"key":"Red Mask"},{"floor":26,"key":"Bottled Lightning"},{"floor":29,"key":"Oddly Smooth Stone"}],"event_choices":[{"damage_healed":0.0,"max_hp_gain":0.0,"max_hp_loss":0.0,"gold_gain":0.0,"event_name":"Lab","player_choice":"Got Potions","floor":3.0,"gold_loss":0.0,"damage_taken":0.0},{"damage_healed":0.0,"max_hp_gain":0.0,"max_hp_loss":0.0,"gold_gain":0.0,"event_name":"WeMeetAgain","player_choice":"Gave Potion","floor":12.0,"gold_loss":0.0,"damage_taken":0.0,"relics_obtained":["White Beast Statue"]},{"cards_removed":["Strike_G"],"damage_healed":0,"gold_gain":0,"player_choice":"Gave Gold","damage_taken":0,"max_hp_gain":0,"max_hp_loss":0,"event_name":"Beggar","floor":20,"gold_loss":75},{"damage_healed":0,"gold_gain":0,"player_choice":"Read","damage_taken":0,"max_hp_gain":0,"max_hp_loss":0,"event_name":"The Library","floor":21,"gold_loss":0,"cards_obtained":["Reflex"]},{"damage_healed":0,"gold_gain":0,"player_choice":"Fought Bandits","damage_taken":0,"max_hp_gain":0,"max_hp_loss":0,"event_name":"Masked Bandits","floor":22,"gold_loss":0}],"is_beta":false,"boss_relics":[{"not_picked":["Philosopher\u0027s Stone","Fusion Hammer"],"picked":"SacredBark"}],"items_purged_floors":[19],"is_endless":false,"potions_floor_spawned":[2,4,7,13,14,16,18,22,23,24,28,29],"ascension_level":0}}