{"host":"ooetke516h53yqww","time":1613538489,"event":{"mods":["100% Spire Juice","2.2 Compatiblity","Abigail Mod","Act Like it!","Astrologer","Bartender","BaseMod","Beaked The Cultist","Better Match","Better Third Choice","Conspire","Elementarium","Friendly Minions","Hallownest","Hermit","HololiveMod","Hubris","Infinite Spire","Kiyohime????","Lobotomy","LobotomyExtend","Mari Mod (Legacy)","Mari\u0027s V1 Patch","Menagerie","Minty Spire (QoL Compilation)","Morshu Shopkeeper","Prisma Mod","Random Character Button","Reliquary","Replay The Spire","Robot Space Explorer","Ruina","Spicy Shops","StSLib","Td1madao Mod","The Alterego","The Bug Knight","The Marked","The Poker Player","The Senshi","TheSwordswoman","Uncapped","WarShipGirlsR/????R mod","Yakumo Yukari mod","Yohane!"],"gold_per_floor":[111,121,139,139,139,139,156,156,156,189,206,27,27,37,37,142,142,156,238,238,251,251,280,295,295,295,329,254,14,14,14],"floor_reached":30,"language":"ENG","playtime":1230,"items_purged":[],"score":410,"play_id":"c889b97c-a3f2-4370-9871-63733eeb4e4c","local_time":"20210217000809","is_ascension_mode":true,"campfire_choices":[{"data":"Metamorphosis","floor":6,"key":"SMITH"},{"data":"astrologer:StarOfMisfortune","floor":8,"key":"SMITH"},{"data":"Apotheosis","floor":15,"key":"SMITH"},{"floor":25,"key":"REST"}],"circlet_count":0,"master_deck":["astrologer:Strike","astrologer:Strike","astrologer:Strike","astrologer:Strike","astrologer:Defend","astrologer:Defend","astrologer:Defend","astrologer:Defend","astrologer:NorthStar","astrologer:TheFool","Metamorphosis+1","astrologer:FadingStar","astrologer:Moonlight","astrologer:Strength","Pain","astrologer:StarOfMisfortune+1","astrologer:Moonlight","astrologer:Cataclysm","Apotheosis+1","astrologer:SpaceDust","astrologer:TheMagician+1","astrologer:Moonlight","astrologer:Moonlight","astrologer:SpaceDust","astrologer:Eclipse","astrologer:TheHighPriestess"],"relics":["astrologer:SkyMirror","LetterFromLob","WarpedTongs","Turnip","Bottled Lightning","Boot","Busted Crown","conspire:TopHat","Pear","TungstenRod","Pear","Bag of Preparation","Frozen Egg 2"],"acts_visited":["Exordium","ruina:Briah"],"potions_floor_usage":[10,16,23,23,30],"damage_taken":[{"damage":0,"enemies":"Jaw Worm","floor":1,"turns":2},{"damage":0,"enemies":"Small Slimes","floor":2,"turns":3},{"damage":1,"enemies":"Cultist","floor":3,"turns":4},{"damage":3,"enemies":"Blue Slaver","floor":7,"turns":3},{"damage":26,"enemies":"Gremlin Nob","floor":10,"turns":4},{"damage":9,"enemies":"3 Louse","floor":11,"turns":3},{"damage":3,"enemies":"Exordium Wildlife","floor":14,"turns":2},{"damage":8,"enemies":"Hexaghost","floor":16,"turns":8},{"damage":0,"enemies":"ruina:Nosferatu","floor":18,"turns":3},{"damage":19,"enemies":"ruina:3_Bats","floor":21,"turns":3},{"damage":15,"enemies":"ruina:ServantOfWrath","floor":23,"turns":6},{"damage":18,"enemies":"ruina:3_Scarecrows","floor":24,"turns":4},{"damage":46,"enemies":"ruina:Mountain","floor":27,"turns":10},{"damage":21,"enemies":"ruina:RoadHome","floor":30,"turns":3}],"seed_played":"6155951731326970553","potions_obtained":[{"floor":1,"key":"Fruit Juice"},{"floor":11,"key":"SkillPotion"},{"floor":14,"key":"GamblersBrew"},{"floor":16,"key":"Block Potion"},{"floor":18,"key":"Venom Potion"},{"floor":21,"key":"ColorlessPotion"},{"floor":24,"key":"BlessingOfTheForge"}],"is_trial":false,"path_per_floor":["M","M","M","?","?","R","M","R","T","E","M","$","?","M","R","B",null,"M","?","AVR","M","?","E","M","R","T","E","?","$","E"],"character_chosen":"ASTROLOGER","items_purchased":["Apotheosis","Frozen Egg 2"],"campfire_rested":1,"item_purchase_floors":[12,29],"current_hp_per_floor":[63,63,62,62,62,62,59,59,59,38,29,29,29,26,26,18,68,68,68,78,59,59,44,26,49,59,13,13,13,0,0],"gold":14,"neow_bonus":"RANDOM_COLORLESS_2","is_daily":false,"chose_seed":false,"campfire_upgraded":3,"win_rate":0.0,"timestamp":1613538489,"path_taken":["M","M","M","?","?","R","?","R","T","E","M","$","?","M","R","BOSS","M","?","AVR","M","?","E","M","R","T","E","?","?","E"],"items_purchased_type":["Card","Relic"],"build_version":"2020-12-22","purchased_purges":0,"victory":false,"max_hp_per_floor":[63,63,63,63,63,63,63,63,63,68,68,68,68,68,68,68,68,68,68,78,78,78,78,78,78,88,88,88,88,88,88],"card_choices":[{"not_picked":["Replay:Dark Deal","ReplayTheSpireMod:Brewmster"],"picked":"Metamorphosis","floor":0},{"not_picked":["astrologer:Shine","astrologer:Novile"],"picked":"astrologer:FadingStar","floor":1},{"not_picked":["astrologer:Conjunction","astrologer:Stardust"],"picked":"astrologer:Moonlight","floor":2},{"not_picked":["astrologer:Cataclysm","astrologer:Conjunction"],"picked":"astrologer:Strength","floor":3},{"not_picked":["astrologer:Sunrise","astrologer:FrozenStar"],"picked":"astrologer:StarOfMisfortune","floor":7},{"not_picked":["astrologer:Still","astrologer:Conjunction"],"picked":"astrologer:Moonlight","floor":10},{"not_picked":["astrologer:CometStrike","astrologer:Stardust"],"picked":"astrologer:Cataclysm","floor":11},{"not_picked":["astrologer:Radiance","astrologer:Judgement"],"picked":"astrologer:SpaceDust","floor":14},{"not_picked":["astrologer:Fate","astrologer:TheSun"],"picked":"astrologer:TheMagician","floor":16},{"not_picked":[],"picked":"astrologer:Moonlight","floor":18},{"not_picked":[],"picked":"astrologer:Moonlight","floor":19},{"not_picked":[],"picked":"astrologer:SpaceDust","floor":19},{"not_picked":["astrologer:Judgement"],"picked":"SKIP","floor":21},{"not_picked":["astrologer:TheEmperor"],"picked":"SKIP","floor":23},{"not_picked":[],"picked":"astrologer:Eclipse","floor":24},{"not_picked":[],"picked":"astrologer:TheHighPriestess","floor":27}],"player_experience":1557829,"relics_obtained":[{"floor":1,"key":"LetterFromLob"},{"floor":9,"key":"Turnip"},{"floor":10,"key":"Bottled Lightning"},{"floor":13,"key":"Boot"},{"floor":19,"key":"conspire:TopHat"},{"floor":23,"key":"TungstenRod"},{"floor":26,"key":"Pear"},{"floor":27,"key":"Bag of Preparation"}],"event_choices":[{"damage_healed":0,"gold_gain":0,"player_choice":"Leave","damage_taken":0,"max_hp_gain":0,"max_hp_loss":0,"event_name":"conspire:Investor","floor":4,"gold_loss":0},{"damage_healed":0,"gold_gain":0,"player_choice":"Rummage","damage_taken":0,"relics_obtained":["WarpedTongs"],"max_hp_gain":0,"max_hp_loss":0,"event_name":"Accursed Blacksmith","floor":5,"gold_loss":0,"cards_obtained":["Pain"]},{"damage_healed":0,"gold_gain":0,"player_choice":"2","damage_taken":0,"max_hp_gain":0,"max_hp_loss":0,"event_name":"betterMatch:BetterMatch","floor":28,"gold_loss":0,"cards_obtained":[]}],"is_beta":false,"boss_relics":[{"not_picked":["hubris:BlackHole","SlaversCollar"],"picked":"Busted Crown"}],"items_purged_floors":[],"is_endless":false,"potions_floor_spawned":[1,11,14,16,18,21,24],"killed_by":"ruina:RoadHome","ascension_level":3}}