{"host":"5wwct7e0z3l0f094","time":1613595799,"event":{"mods":["AchievementEnabler","BaseMod","Downfall","Highlight Path","Minty Spire (QoL Compilation)","SOS???????","StSLib","SuperFastMode","The Wild Card","???Mod??????Boss"],"gold_per_floor":[51,92,143,318,342,413,479,538,616,641,641,673,293,360,360,465,465,532,190,190,243,264,264,321,321,321,362,383,258,258,258,258,403,403,420,420,467,467,504,580,580,580,580,275,275,319,319,342,342,399,399,399,118,147,151],"floor_reached":56,"language":"ENG","playtime":2621,"items_purged":["Shoot","Defend_Dante","Defend_Dante","Parasite"],"score":1602,"play_id":"4bd7dc30-f57a-44c0-a48f-386fd8cde13e","local_time":"20210217160319","is_ascension_mode":false,"campfire_choices":[{"floor":11.0,"key":"REST"},{"floor":15.0,"key":"REST"},{"data":"Rebellion","floor":23,"key":"SMITH"},{"data":"1","floor":32,"key":"LIFT"},{"data":"2","floor":42,"key":"LIFT"},{"data":"3","floor":45,"key":"LIFT"},{"data":"Attack_b","floor":47,"key":"SMITH"},{"floor":49,"key":"RECALL"},{"data":"Provocation","floor":52,"key":"SMITH"}],"circlet_count":0,"master_deck":["Attack_a","Attack_b+1","Provocation+1","Redorb","Rebellion+1","Swordcombo+1"],"relics":["SSS","Combocheck","Pen Nib","Singing Bowl","Molten Egg 2","Odd Mushroom","Mango","Empty Cage","Matryoshka","Ginger","Dream Catcher","Nunchaku","Girya","Sozu","Thread and Needle","Bronze Scales","Shuriken","HandDrill","Vajra","Ice Cream"],"acts_visited":["Exordium","TheCity","TheBeyond","TheEnding"],"potions_floor_usage":[],"damage_taken":[{"damage":2.0,"enemies":"2 Louse","floor":1.0,"turns":2.0},{"damage":0.0,"enemies":"Small Slimes","floor":2.0,"turns":3.0},{"damage":3.0,"enemies":"Jaw Worm","floor":3.0,"turns":6.0},{"damage":0.0,"enemies":"Exordium Wildlife","floor":5.0,"turns":2.0},{"damage":0.0,"enemies":"Lagavulin","floor":6.0,"turns":4.0},{"damage":24.0,"enemies":"3 Louse","floor":7.0,"turns":3.0},{"damage":41.0,"enemies":"3 Sentries","floor":8.0,"turns":11.0},{"damage":10.0,"enemies":"Blue Slaver","floor":10.0,"turns":4.0},{"damage":13.0,"enemies":"The Mushroom Lair","floor":12.0,"turns":3.0},{"damage":2.0,"enemies":"Looter","floor":14.0,"turns":5.0},{"damage":20.0,"enemies":"Slime Boss","floor":16.0,"turns":5.0},{"damage":0.0,"enemies":"3 Byrds","floor":18.0,"turns":1.0},{"damage":14.0,"enemies":"2 Thieves","floor":21.0,"turns":2.0},{"damage":0,"enemies":"Snake Plant","floor":22,"turns":2},{"damage":0,"enemies":"Gremlin Leader","floor":24,"turns":1},{"damage":0,"enemies":"Slavers","floor":27,"turns":1},{"damage":0,"enemies":"Snecko","floor":28,"turns":1},{"damage":0,"enemies":"Automaton","floor":33,"turns":4},{"damage":0,"enemies":"3 Shapes","floor":35,"turns":1},{"damage":0,"enemies":"Orb Walker","floor":37,"turns":1},{"damage":0,"enemies":"Writhing Mass","floor":39,"turns":3},{"damage":0,"enemies":"Reptomancer","floor":40,"turns":2},{"damage":0,"enemies":"Transient","floor":46,"turns":5},{"damage":0,"enemies":"Spire Growth","floor":48,"turns":2},{"damage":0,"enemies":"Awakened One","floor":50,"turns":3},{"damage":0,"enemies":"Shield and Spear","floor":54,"turns":1},{"damage":67,"enemies":"The Heart","floor":55,"turns":4}],"seed_played":"-3245378384082431255","potions_obtained":[{"floor":1.0,"key":"SteroidPotion"},{"floor":3.0,"key":"FearPotion"},{"floor":6.0,"key":"EssenceOfSteel"},{"floor":16.0,"key":"EssenceOfSteel"},{"floor":22,"key":"AttackPotion"}],"is_trial":false,"path_per_floor":["M","M","M","?","M","E","M","E","T","M","R","?","$","M","R","B",null,"M","$","?","M","M","R","E","?","T","E","M","$","?","?","R","B",null,"M","?","M","?","M","E","?","R","T","$","R","M","R","M","R","B",null,"R","$","E","B",null],"character_chosen":"DANTE","items_purchased":["Mango","Matryoshka","HandDrill","Swordcombo+1","Vajra"],"campfire_rested":2,"item_purchase_floors":[13,19,44,53,53],"current_hp_per_floor":[78,78,75,75,75,75,51,12,12,4,29,18,32,32,62,44,104,106,106,106,94,96,96,98,98,98,100,102,102,102,102,102,104,118,120,120,122,116,118,120,120,120,120,117,117,119,119,121,121,121,121,121,121,123,56],"gold":151,"neow_bonus":"REMOVE_TWO","is_daily":false,"chose_seed":false,"campfire_upgraded":3,"win_rate":0.0,"timestamp":1613595799,"path_taken":["M","M","M","?","M","E","M","E","T","M","R","?","?","?","R","BOSS","M","$","?","M","M","R","E","?","T","E","M","$","?","?","R","BOSS","M","?","M","?","M","E","?","R","T","$","R","M","R","M","R","BOSS","R","$","E","BOSS"],"items_purchased_type":["Relic","Relic","Relic","Card","Relic"],"build_version":"2020-12-22","purchased_purges":4,"victory":true,"max_hp_per_floor":[80,80,80,80,80,80,80,82,82,84,84,86,100,102,102,104,104,106,106,106,108,110,110,112,112,112,114,116,116,116,116,116,118,118,120,120,122,116,118,120,120,120,120,117,117,119,119,121,121,121,121,121,121,123,123],"card_choices":[{"not_picked":["Holywater","Lucifer","DT"],"picked":"SKIP","floor":1.0},{"not_picked":["Fullhouse","Millionstab"],"picked":"Rebellion","floor":2.0},{"not_picked":["Hightime","Kick13","Weaponchange"],"picked":"SKIP","floor":3.0},{"not_picked":["GilgameshcomboA","EbonyIvory","Doubleshoot"],"picked":"SKIP","floor":5.0},{"not_picked":["BeastUppercut","DevilstarS","Dash1"],"picked":"SKIP","floor":6.0},{"not_picked":["Dash2","Lucifer","GilgameshcomboA"],"picked":"SKIP","floor":7.0},{"not_picked":["Honeycombofire","Straight","Royaldefend"],"picked":"Singing Bowl","floor":8.0},{"not_picked":["Holywater","Lucifer","VitalstarS"],"picked":"Singing Bowl","floor":10.0},{"not_picked":["Shock+1","Lucifer","CoyoteA"],"picked":"Singing Bowl","floor":12.0},{"not_picked":["Doubleshoot+1","Royaldefend","LucifercomboA+1"],"picked":"Singing Bowl","floor":14.0},{"not_picked":["Weaponreturn","VitalstarL","Goldorb"],"picked":"Singing Bowl","floor":16.0},{"not_picked":["Chargeshoot2+1","Gunslinger","VitalstarS"],"picked":"Singing Bowl","floor":18.0},{"not_picked":["Weaponchange","Dash2+1","Chargeshoot2+1"],"picked":"Singing Bowl","floor":21.0},{"not_picked":["Greenorb","BeastUppercut+1","Dash2"],"picked":"Singing Bowl","floor":22},{"not_picked":["Doubleshoot+1","Dash2+1","Pandora"],"picked":"Singing Bowl","floor":24},{"not_picked":["DT","LucifercomboD+1","Lucifer"],"picked":"Singing Bowl","floor":27},{"not_picked":["BeastUppercut+1","CoyoteA","Gunstinger+1"],"picked":"Singing Bowl","floor":28},{"not_picked":["Blueorb","Purpleorb","Trickster"],"picked":"Singing Bowl","floor":33},{"not_picked":["LucifercomboD+1","Weaponchange+1","Weaponupgrade+1"],"picked":"Singing Bowl","floor":35},{"not_picked":["Weaponupgrade+1","GilgameshcomboA+1","Honeycombofire"],"picked":"Singing Bowl","floor":37},{"not_picked":["Weaponupgrade","Weaponchange","Hightime+1"],"picked":"Singing Bowl","floor":39},{"not_picked":["Honeycombofire+1","Dash1","Ecstasy+1"],"picked":"Singing Bowl","floor":40},{"not_picked":["Greenorb","Dash1","VitalstarM"],"picked":"Singing Bowl","floor":46},{"not_picked":["LucifercomboD+1","Straight+1","Weaponupgrade+1"],"picked":"Singing Bowl","floor":48},{"not_picked":["LucifercomboB+1","DevilstarS+1","Weaponchange"],"picked":"Singing Bowl","floor":54}],"player_experience":342740,"relics_obtained":[{"floor":6.0,"key":"Pen Nib"},{"floor":8.0,"key":"Singing Bowl"},{"floor":9.0,"key":"Molten Egg 2"},{"floor":12.0,"key":"Odd Mushroom"},{"floor":24,"key":"Dream Catcher"},{"floor":26,"key":"Nunchaku"},{"floor":27,"key":"Girya"},{"floor":40,"key":"Thread and Needle"},{"floor":43,"key":"Bronze Scales"},{"floor":43,"key":"Shuriken"},{"floor":54,"key":"Ice Cream"}],"event_choices":[{"damage_healed":0.0,"max_hp_gain":0.0,"max_hp_loss":0.0,"gold_gain":175.0,"event_name":"Liars Game","player_choice":"AGREE","floor":4.0,"gold_loss":0.0,"damage_taken":0.0,"cards_obtained":["Doubt"]},{"damage_healed":0.0,"max_hp_gain":0.0,"max_hp_loss":0.0,"gold_gain":0.0,"event_name":"Mushrooms","player_choice":"Fought Mushrooms","floor":12.0,"gold_loss":0.0,"damage_taken":0.0},{"damage_healed":0.0,"max_hp_gain":0.0,"max_hp_loss":0.0,"gold_gain":0.0,"event_name":"The Mausoleum","player_choice":"Opened","floor":20.0,"gold_loss":0.0,"damage_taken":0.0,"relics_obtained":["Ginger"]},{"damage_healed":0,"gold_gain":0,"player_choice":"Ignored","damage_taken":0,"max_hp_gain":0,"max_hp_loss":0,"event_name":"Ghosts","floor":25,"gold_loss":0},{"cards_removed":["Attack_a"],"damage_healed":0,"gold_gain":0,"player_choice":"Removed Attack","damage_taken":0,"max_hp_gain":0,"max_hp_loss":0,"event_name":"Falling","floor":36,"gold_loss":0},{"damage_healed":0,"gold_gain":0,"player_choice":"Max HP","damage_taken":0,"max_hp_gain":0,"max_hp_loss":6,"event_name":"Winding Halls","floor":38,"gold_loss":0},{"damage_healed":0,"gold_gain":0,"player_choice":"Ignored","damage_taken":0,"max_hp_gain":0,"max_hp_loss":0,"event_name":"Tomb of Lord Red Mask","floor":41,"gold_loss":0}],"is_beta":false,"boss_relics":[{"not_picked":["Tiny House","Fusion Hammer"],"picked":"Empty Cage"},{"not_picked":["Pandora\u0027s Box","Velvet Choker"],"picked":"Sozu"}],"items_purged_floors":[13,19,29,44],"is_endless":false,"potions_floor_spawned":[1,3,6,16,22,28,39,40,54],"ascension_level":0}}