{"host":"4lruzp1xu8o5tnk3","time":1613577588,"event":{"mods":["Act Like it!","BaseMod","Gensokyo","GifTheSpireLib","Hubris","Jedi Mod","Minty Spire (QoL Compilation)","Replay The Spire","StSLib","Stuff the Spire"],"gold_per_floor":[113,23,23,41,41,75,150,150,150,209,220,220,238,61,61,160,160,176,176,176,176,294,321,321,331,356,356,370,370,370,409,409,433,433],"floor_reached":33,"language":"ENG","playtime":963,"items_purged":[],"score":313,"play_id":"70ab985d-fbc0-401f-a9b3-117068af0f69","local_time":"20210217185948","is_ascension_mode":false,"campfire_choices":[{"data":"StuffTheSpire:Injection","floor":8,"key":"SMITH"},{"data":"StuffTheSpire:Shiver","floor":12,"key":"SMITH"},{"floor":15,"key":"REST"},{"floor":24,"key":"REST"},{"floor":27,"key":"REST"},{"floor":32,"key":"REST"}],"circlet_count":0,"master_deck":["Strike_G","Strike_G","Strike_G","Strike_G","Strike_G","Defend_G","Defend_G","Defend_G","Defend_G","Defend_G","Survivor","Neutralize+1","Poisoned Stab","StuffTheSpire:Injection+1","Flying Knee","Flying Knee","StuffTheSpire:Shiver+1","jedi:pocketpoison","jedi:pocketpoison","Deadly Poison","StuffTheSpire:Injection","StuffTheSpire:Injection","Die Die Die+1","Blur+1","Bane+1","Backstab","Deadly Poison+1"],"relics":["Ring of the Snake","NeowsBlessing","Onion Ring","Omamori","Membership Card","hubris:TerracottaHorce","hubris:Icosahedron","Thread and Needle","ReplayTheSpireMod:Lightbulb","Replay:Bandana"],"acts_visited":["Exordium","TheCity"],"potions_floor_usage":[16,16,16,23,25,31,33],"damage_taken":[{"damage":0,"enemies":"Small Slimes","floor":1,"turns":1},{"damage":0,"enemies":"Jaw Worm","floor":4,"turns":1},{"damage":0,"enemies":"Replay:BlueRogue","floor":6,"turns":1},{"damage":28,"enemies":"3 Sentries","floor":10,"turns":5},{"damage":0,"enemies":"2 Louse","floor":11,"turns":2},{"damage":0,"enemies":"Exordium Thugs","floor":13,"turns":2},{"damage":32,"enemies":"Fading Forest","floor":16,"turns":11},{"damage":5,"enemies":"Chosen","floor":18,"turns":4},{"damage":11,"enemies":"Shell Parasite","floor":22,"turns":3},{"damage":38,"enemies":"Slavers","floor":23,"turns":3},{"damage":10,"enemies":"Snake Plant","floor":25,"turns":2},{"damage":25,"enemies":"Snecko","floor":28,"turns":5},{"damage":0,"enemies":"Chosen and Byrds","floor":31,"turns":3},{"damage":27,"enemies":"Champ","floor":33,"turns":5}],"seed_played":"7306418974178102506","potions_obtained":[{"floor":1,"key":"Strength Potion"},{"floor":11,"key":"Adrenaline Potion"},{"floor":13,"key":"BlessingOfTheForge"},{"floor":22,"key":"SteroidPotion"},{"floor":23,"key":"jedi:StrikingPotion"},{"floor":25,"key":"CunningPotion"},{"floor":31,"key":"Elixir"}],"is_trial":false,"path_per_floor":["M","$","?","M","$","E","?","R","T","?","M","R","M","$","R","B",null,"M","?","?","?","M","E","R","M","T","R","M","$","?","M","R","B"],"character_chosen":"THE_SILENT","items_purchased":["StuffTheSpire:Injection","Flying Knee","Membership Card","StuffTheSpire:Injection","Replay:Bandana"],"campfire_rested":4,"item_purchase_floors":[2,2,14,14,29],"current_hp_per_floor":[70,70,70,70,70,70,59,59,59,31,31,31,31,31,52,30,60,55,55,55,55,44,6,27,17,17,38,13,3,3,3,24,0,0],"gold":433,"neow_bonus":"THREE_ENEMY_KILL","is_daily":false,"chose_seed":false,"campfire_upgraded":2,"win_rate":0.0,"timestamp":1613577588,"path_taken":["M","$","?","M","$","E","?","R","T","?","M","R","?","?","R","BOSS","M","?","?","?","M","E","R","?","T","R","M","?","?","M","R","BOSS"],"items_purchased_type":["Card","Card","Relic","Card","Relic"],"build_version":"2020-12-22","purchased_purges":0,"victory":false,"max_hp_per_floor":[70,70,70,70,70,70,70,70,70,70,70,70,70,70,70,70,70,70,70,70,70,70,70,70,70,70,70,70,70,70,70,70,70,70],"card_choices":[{"not_picked":["Reflex","Slice"],"picked":"Poisoned Stab","floor":1},{"not_picked":["Hidden Blade","Deadly Poison"],"picked":"StuffTheSpire:Shiver","floor":4},{"not_picked":["Terror","StuffTheSpire:Sprint"],"picked":"jedi:pocketpoison","floor":6},{"not_picked":["Blur","StuffTheSpire:Repulse"],"picked":"jedi:pocketpoison","floor":10},{"not_picked":["StuffTheSpire:MirrorStance","Outmaneuver"],"picked":"Deadly Poison","floor":11},{"not_picked":["hubris:SlightOfHand","Underhanded Strike","jedi:acidrain"],"picked":"SKIP","floor":13},{"not_picked":["Replay:Bag of Tricks","jedi:rejectivetoxin"],"picked":"Die Die Die","floor":16},{"not_picked":["hubris:SlightOfHand","Dagger Throw","Deflect"],"picked":"SKIP","floor":18},{"not_picked":["Noxious Fumes","Backflip","Dagger Throw"],"picked":"SKIP","floor":22},{"not_picked":["ReplayTheSpireMod:Exploit Weakness+1","jedi:collectorvenom"],"picked":"Blur+1","floor":23},{"not_picked":["All Out Attack","Reflex"],"picked":"Bane+1","floor":25},{"not_picked":["ReplayTheSpireMod:Exploit Weakness+1","Accuracy"],"picked":"Backstab","floor":28},{"not_picked":["Dagger Spray+1","StuffTheSpire:BumpUp"],"picked":"Deadly Poison+1","floor":31}],"player_experience":1048684,"relics_obtained":[{"floor":6,"key":"Onion Ring"},{"floor":10,"key":"Omamori"},{"floor":23,"key":"Thread and Needle"},{"floor":26,"key":"ReplayTheSpireMod:Lightbulb"}],"event_choices":[{"damage_healed":0,"gold_gain":75,"player_choice":"Gather Gold","damage_taken":11,"max_hp_gain":0,"max_hp_loss":0,"event_name":"World of Goop","floor":7,"gold_loss":0},{"damage_healed":0,"gold_gain":30,"player_choice":"Searched \u00272\u0027 times","damage_taken":0,"max_hp_gain":0,"max_hp_loss":0,"event_name":"Dead Adventurer","floor":10,"gold_loss":0},{"damage_healed":0,"gold_gain":0,"player_choice":"Ignored","damage_taken":0,"max_hp_gain":0,"max_hp_loss":0,"event_name":"Vampires","floor":21,"gold_loss":0}],"is_beta":false,"boss_relics":[{"not_picked":["Replay:Wanted Poster","Snecko Eye"],"picked":"hubris:TerracottaHorce"}],"items_purged_floors":[],"is_endless":false,"potions_floor_spawned":[1,11,13,22,23,25,31],"killed_by":"Champ","ascension_level":0}}