{"host":"gobyjzz6xbwq9f9i","time":1613547475,"event":{"mods":["AchievementEnabler","BaseMod","Bestiary","Colored Map","Minty Spire (QoL Compilation)","Relic Stats","ojb\u0027s Info Mod"],"gold_per_floor":[113,129,145,320,335,335,368,368,368,395,395,13,33,51,51,154,154,168,93,104,15,15,15,41,60,60,80,93,93,93,93],"floor_reached":30,"language":"ENG","playtime":900,"items_purged":["Doubt"],"score":418,"play_id":"3a0116d7-8406-49a6-8666-0b2db4015595","local_time":"20210216233755","is_ascension_mode":true,"campfire_choices":[{"data":"Spot Weakness","floor":6.0,"key":"SMITH"},{"data":"Immolate","floor":8.0,"key":"SMITH"},{"data":"Shockwave","floor":11.0,"key":"SMITH"},{"data":"Clothesline","floor":15.0,"key":"SMITH"},{"floor":23.0,"key":"REST"}],"circlet_count":0,"master_deck":["AscendersBane","Strike_R","Strike_R","Strike_R","Strike_R","Defend_R","Defend_R","Defend_R","Defend_R","Bash","Headbutt","Clothesline+1","Burning Pact+1","Spot Weakness+1","Immolate+1","Shockwave+1","Rampage","Exhume","Dark Embrace","Shrug It Off","Writhe","Pommel Strike","Flame Barrier+1"],"relics":["Burning Blood","Singing Bowl","Sundial","Blue Candle","FossilizedHelix","Mark of Pain","Bronze Scales","Pear","Blood Vial"],"acts_visited":["Exordium","TheCity"],"potions_floor_usage":[24,27],"damage_taken":[{"damage":6.0,"enemies":"Cultist","floor":1.0,"turns":4.0},{"damage":15.0,"enemies":"Small Slimes","floor":2.0,"turns":4.0},{"damage":15.0,"enemies":"2 Louse","floor":3.0,"turns":3.0},{"damage":5.0,"enemies":"Gremlin Gang","floor":5.0,"turns":3.0},{"damage":33.0,"enemies":"Gremlin Nob","floor":7.0,"turns":5.0},{"damage":15.0,"enemies":"3 Sentries","floor":10.0,"turns":3.0},{"damage":0.0,"enemies":"Looter","floor":13.0,"turns":2.0},{"damage":0.0,"enemies":"2 Fungi Beasts","floor":14.0,"turns":3.0},{"damage":29.0,"enemies":"The Guardian","floor":16.0,"turns":12.0},{"damage":41.0,"enemies":"Shell Parasite","floor":18.0,"turns":5.0},{"damage":16.0,"enemies":"Spheric Guardian","floor":20.0,"turns":4.0},{"damage":45,"enemies":"Book of Stabbing","floor":24,"turns":5},{"damage":9,"enemies":"Centurion and Healer","floor":25,"turns":5},{"damage":12,"enemies":"Snake Plant","floor":27,"turns":2},{"damage":0,"enemies":"3 Cultists","floor":28,"turns":2},{"damage":26,"enemies":"Chosen and Byrds","floor":30,"turns":5}],"seed_played":"-8713207385293825126","potions_obtained":[{"floor":0.0,"key":"ColorlessPotion"},{"floor":0.0,"key":"Explosive Potion"},{"floor":0.0,"key":"Explosive Potion"},{"floor":2.0,"key":"DuplicationPotion"},{"floor":5.0,"key":"ElixirPotion"},{"floor":10.0,"key":"Explosive Potion"},{"floor":16.0,"key":"Ancient Potion"},{"floor":18.0,"key":"Strength Potion"},{"floor":24,"key":"AttackPotion"}],"is_trial":false,"path_per_floor":["M","M","M","?","M","R","E","R","T","E","R","$","M","M","R","B",null,"M","?","M","$","?","R","E","M","T","M","M","?","M"],"character_chosen":"IRONCLAD","items_purchased":["FossilizedHelix","Dark Embrace","Shrug It Off"],"campfire_rested":1,"item_purchase_floors":[12,21,21],"current_hp_per_floor":[72,63,54,54,55,55,28,28,28,19,19,19,25,33,33,10,64,31,31,23,23,23,48,19,18,18,14,24,24,0,0],"gold":93,"neow_bonus":"THREE_SMALL_POTIONS","is_daily":false,"chose_seed":false,"campfire_upgraded":4,"win_rate":0.0,"timestamp":1613547475,"path_taken":["M","M","?","?","M","R","E","R","T","E","R","$","M","M","R","BOSS","M","?","M","$","?","R","E","M","T","M","M","?","M"],"items_purchased_type":["Relic","Card","Card"],"build_version":"2020-12-22","purchased_purges":1,"victory":false,"max_hp_per_floor":[80,80,80,80,80,80,80,80,80,80,80,80,80,82,82,82,82,84,84,86,86,86,86,96,98,98,98,100,100,100,100],"relic_stats":{"Blood Vial":6,"Singing Bowl":10,"counters":[16,67],"Sundial":[4],"Blue Candle":[0],"Bronze Scales":[54],"obtain_stats":[{"Blood Vial":26,"Pear":24,"Singing Bowl":7,"Sundial":9,"Blue Candle":10,"Bronze Scales":22,"Mark of Pain":17,"Burning Blood":0,"FossilizedHelix":12},{"Blood Vial":13,"Pear":12,"Singing Bowl":5,"Sundial":5,"Blue Candle":6,"Bronze Scales":11,"Mark of Pain":9,"Burning Blood":0,"FossilizedHelix":6},{"Blood Vial":58,"Pear":53,"Singing Bowl":19,"Sundial":19,"Blue Candle":22,"Bronze Scales":48,"Mark of Pain":39,"Burning Blood":0,"FossilizedHelix":22}],"Burning Blood":90},"card_choices":[{"not_picked":["Rupture","Perfected Strike"],"picked":"Headbutt","floor":1.0},{"not_picked":["Cleave","Iron Wave"],"picked":"Clothesline","floor":2.0},{"not_picked":["Headbutt","Clothesline"],"picked":"Burning Pact","floor":3.0},{"not_picked":["Twin Strike","Thunderclap"],"picked":"Spot Weakness","floor":5.0},{"not_picked":["Seeing Red","Inflame"],"picked":"Immolate","floor":7.0},{"not_picked":["Shrug It Off","Wild Strike"],"picked":"Shockwave","floor":10.0},{"not_picked":["Sword Boomerang","Body Slam"],"picked":"Rampage","floor":13.0},{"not_picked":["Burning Pact","Fire Breathing","Body Slam"],"picked":"Singing Bowl","floor":14.0},{"not_picked":["Demon Form","Corruption"],"picked":"Exhume","floor":16.0},{"not_picked":["Flex","Fire Breathing","Clothesline"],"picked":"Singing Bowl","floor":18.0},{"not_picked":["Heavy Blade","Flex","Body Slam+1"],"picked":"Singing Bowl","floor":20.0},{"not_picked":["Whirlwind","Havoc"],"picked":"Pommel Strike","floor":24},{"not_picked":["Warcry","Thunderclap+1","Clothesline"],"picked":"Singing Bowl","floor":25},{"not_picked":["Clash","Iron Wave+1"],"picked":"Flame Barrier+1","floor":27},{"not_picked":["Brutality","Clash","Thunderclap"],"picked":"Singing Bowl","floor":28}],"player_experience":1362890,"relics_obtained":[{"floor":7.0,"key":"Singing Bowl"},{"floor":9.0,"key":"Sundial"},{"floor":10.0,"key":"Blue Candle"},{"floor":24,"key":"Pear"},{"floor":26,"key":"Blood Vial"}],"event_choices":[{"damage_healed":0.0,"max_hp_gain":0.0,"max_hp_loss":0.0,"gold_gain":175.0,"event_name":"Liars Game","player_choice":"AGREE","floor":4.0,"gold_loss":0.0,"damage_taken":0.0,"cards_obtained":["Doubt"]},{"cards_removed":["Strike_R"],"damage_healed":0.0,"max_hp_gain":0.0,"max_hp_loss":0.0,"gold_gain":0.0,"event_name":"Beggar","player_choice":"Gave Gold","floor":19.0,"gold_loss":75.0,"damage_taken":0.0},{"damage_healed":0.0,"max_hp_gain":0.0,"max_hp_loss":0.0,"gold_gain":0.0,"event_name":"The Mausoleum","player_choice":"Opened","floor":22.0,"gold_loss":0.0,"damage_taken":0.0,"relics_obtained":["Bronze Scales"],"cards_obtained":["Writhe"]},{"damage_healed":0,"gold_gain":0,"player_choice":"Upgraded","damage_taken":0,"max_hp_gain":0,"max_hp_loss":0,"event_name":"Upgrade Shrine","floor":29,"gold_loss":0,"cards_upgraded":["Burning Pact"]}],"is_beta":false,"boss_relics":[{"not_picked":["Black Blood","Calling Bell"],"picked":"Mark of Pain"}],"items_purged_floors":[12],"is_endless":false,"potions_floor_spawned":[2,5,10,16,18,24],"killed_by":"Chosen and Byrds","ascension_level":10}}