{"host":"1dkd4flhdqbv9eyg","time":1613591973,"event":{"mods":["AchievementEnabler","BaseMod","Better Note","Evolution","Gold Saver","Minty Spire (QoL Compilation)","Spicy Shops","StSLib"],"gold_per_floor":[833,833,847,103,117,152,152,152,227,237,237,253,253,81,81,181,181,195,195,215,315,59,73,73,9,9,9,9,19,119,129,129,231,231,241,291,291,311,321,321,321,333,387,400,400,400,400,413,413,413,413,413,22,50,50,50],"floor_reached":55,"language":"ENG","playtime":3341,"items_purged":["Defend_P"],"score":717,"play_id":"c2294dfa-05af-4116-bdca-6d80fad70fcf","local_time":"20210217115933","is_ascension_mode":false,"campfire_choices":[{"floor":8,"key":"RECALL"},{"floor":15,"key":"REST"},{"floor":24,"key":"REST"},{"floor":32,"key":"REST"},{"floor":40,"key":"REST"},{"floor":45,"key":"REST"},{"floor":47,"key":"REST"},{"floor":49,"key":"REST"},{"data":"Devotion","floor":52,"key":"SMITH"}],"circlet_count":0,"master_deck":["CutThroughFate","BowlingBash","Strike_P","Strike_P","Defend_P","Defend_P","Defend_P","Eruption+1","Vigilance","FlurryOfBlows","Halt","WheelKick","FlyingSleeves","FollowUp","Perseverance","JustLucky","ReachHeaven","Devotion+1","Consecrate","FollowUp","Evaluate","DeceiveReality","SashWhip","Prostrate","CrushJoints","ClearTheMind+1","FlurryOfBlows","JustLucky+1","WindmillStrike","MentalFortress","Crescendo+1"],"relics":["PureWater","EVO:Axolotl","Gambling Chip","Shuriken","Kunai","HandDrill","Blood Vial","Letter Opener","Busted Crown","Smiling Mask","Melange","Pear","Matryoshka","TungstenRod","Mercury Hourglass","SlaversCollar","Incense Burner","PreservedInsect","MealTicket","Boot","Question Card","Pen Nib","Vajra"],"acts_visited":["Exordium","TheCity","TheBeyond","TheEnding"],"potions_floor_usage":[16,16,30,30,31,33,36,42,42,50,50,54],"damage_taken":[{"damage":0,"enemies":"2 Louse","floor":1,"turns":1},{"damage":0,"enemies":"Cultist","floor":3,"turns":1},{"damage":0,"enemies":"Jaw Worm","floor":5,"turns":2},{"damage":8,"enemies":"3 Sentries","floor":6,"turns":5},{"damage":0,"enemies":"Looter","floor":10,"turns":2},{"damage":0,"enemies":"Blue Slaver","floor":12,"turns":3},{"damage":0,"enemies":"Slime Boss","floor":16,"turns":2},{"damage":24,"enemies":"2 Thieves","floor":18,"turns":4},{"damage":6,"enemies":"Shell Parasite","floor":20,"turns":3},{"damage":12,"enemies":"Snake Plant","floor":23,"turns":3},{"damage":0,"enemies":"Snecko","floor":29,"turns":2},{"damage":0,"enemies":"Colosseum Slavers","floor":30,"turns":4},{"damage":12,"enemies":"Colosseum Nobs","floor":30,"turns":4},{"damage":1,"enemies":"Cultist and Chosen","floor":31,"turns":3},{"damage":1,"enemies":"Champ","floor":33,"turns":7},{"damage":12,"enemies":"3 Shapes","floor":35,"turns":4},{"damage":15,"enemies":"Mind Bloom Boss Battle","floor":36,"turns":6},{"damage":6,"enemies":"3 Darklings","floor":38,"turns":4},{"damage":9,"enemies":"4 Shapes","floor":39,"turns":3},{"damage":35,"enemies":"Maw","floor":42,"turns":7},{"damage":31,"enemies":"Sphere and 2 Shapes","floor":44,"turns":4},{"damage":14,"enemies":"3 Darklings","floor":48,"turns":5},{"damage":44,"enemies":"Donu and Deca","floor":50,"turns":9},{"damage":40,"enemies":"Shield and Spear","floor":54,"turns":5},{"damage":74,"enemies":"The Heart","floor":55,"turns":3}],"seed_played":"-3171481444495696082","potions_obtained":[{"floor":5,"key":"PowerPotion"},{"floor":6,"key":"LiquidBronze"},{"floor":10,"key":"Explosive Potion"},{"floor":16,"key":"PowerPotion"},{"floor":23,"key":"Fire Potion"},{"floor":30,"key":"SkillPotion"},{"floor":31,"key":"LiquidBronze"},{"floor":33,"key":"PowerPotion"},{"floor":35,"key":"SpeedPotion"},{"floor":42,"key":"LiquidBronze"},{"floor":48,"key":"Ancient Potion"}],"is_trial":false,"path_per_floor":["M","?","M","$","M","E","?","R","T","M","T","M","?","$","R","B",null,"M","?","M","?","$","M","R","?","T","$","$","M","?","M","R","B",null,"M","?","?","M","M","R","?","M","T","M","R","T","R","M","R","B",null,"R","$","E","B"],"character_chosen":"WATCHER","items_purchased":["Shuriken","Kunai","HandDrill","WheelKick","ReachHeaven","Block Potion","Melange","Evaluate","DeceiveReality","Pen Nib","WindmillStrike","MentalFortress","SkillPotion"],"campfire_rested":7,"item_purchase_floors":[4,4,4,4,14,14,22,22,22,53,53,53,53],"current_hp_per_floor":[51,51,51,51,51,43,43,43,43,45,45,47,47,47,68,70,72,48,48,44,44,44,34,55,65,65,65,65,67,59,60,82,81,82,70,57,57,53,46,70,70,37,37,8,32,32,56,44,68,26,82,82,82,42,0,0],"gold":50,"neow_bonus":"ONE_RARE_RELIC","is_daily":false,"chose_seed":false,"campfire_upgraded":1,"win_rate":0.0,"timestamp":1613591973,"path_taken":["M","?","M","$","M","E","?","R","T","?","?","M","?","$","R","BOSS","M","?","?","?","$","M","R","?","T","?","$","M","?","M","R","BOSS","M","?","?","M","M","R","?","M","T","M","R","?","R","M","R","BOSS","R","$","E","BOSS"],"items_purchased_type":["Relic","Relic","Relic","Card","Card","Potion","Relic","Card","Card","Relic","Card","Card","Potion"],"build_version":"2020-12-22","purchased_purges":1,"victory":false,"max_hp_per_floor":[72,72,72,72,72,72,72,72,72,72,72,72,72,72,72,72,72,72,72,72,72,72,72,72,82,82,82,82,82,82,82,82,82,82,82,82,82,82,82,82,82,82,82,82,82,82,82,82,82,82,82,82,82,82,82,82],"card_choices":[{"not_picked":["EmptyFist","Study"],"picked":"FlurryOfBlows","floor":1},{"not_picked":["Protect","PathToVictory"],"picked":"Halt","floor":3},{"not_picked":["Halt","Blasphemy"],"picked":"FlyingSleeves","floor":5},{"not_picked":["MentalFortress","EmptyBody"],"picked":"FollowUp","floor":6},{"not_picked":["EmptyMind","CutThroughFate"],"picked":"Perseverance","floor":10},{"not_picked":["Study","Prostrate"],"picked":"JustLucky","floor":12},{"not_picked":["LessonLearned","Brilliance"],"picked":"Devotion","floor":16},{"not_picked":[],"picked":"Consecrate","floor":18},{"not_picked":[],"picked":"FollowUp","floor":20},{"not_picked":[],"picked":"SashWhip","floor":23},{"not_picked":[],"picked":"Prostrate","floor":29},{"not_picked":[],"picked":"CrushJoints","floor":31},{"not_picked":[],"picked":"ClearTheMind+1","floor":35},{"not_picked":[],"picked":"FlurryOfBlows","floor":36},{"not_picked":["Evaluate+1"],"picked":"SKIP","floor":38},{"not_picked":[],"picked":"JustLucky+1","floor":39},{"not_picked":["ThirdEye+1"],"picked":"SKIP","floor":42},{"not_picked":["CrushJoints"],"picked":"SKIP","floor":44},{"not_picked":["ThirdEye","FollowUp"],"picked":"SKIP","floor":48},{"not_picked":["Halt+1"],"picked":"Crescendo+1","floor":54}],"player_experience":91861,"relics_obtained":[{"floor":6,"key":"Blood Vial"},{"floor":11,"key":"Letter Opener"},{"floor":19,"key":"Smiling Mask"},{"floor":26,"key":"Matryoshka"},{"floor":30,"key":"TungstenRod"},{"floor":30,"key":"Mercury Hourglass"},{"floor":36,"key":"Incense Burner"},{"floor":43,"key":"PreservedInsect"},{"floor":43,"key":"MealTicket"},{"floor":46,"key":"Boot"},{"floor":46,"key":"Question Card"},{"floor":54,"key":"Vajra"}],"event_choices":[{"damage_healed":0,"gold_gain":0,"player_choice":"Grow","damage_taken":0,"max_hp_gain":0,"max_hp_loss":0,"event_name":"Living Wall","floor":2,"gold_loss":0,"cards_upgraded":["Eruption"]},{"damage_healed":0,"gold_gain":0,"player_choice":"0 cards matched","damage_taken":0,"max_hp_gain":0,"max_hp_loss":0,"event_name":"Match and Keep!","floor":7,"gold_loss":0,"cards_obtained":[]},{"damage_healed":0,"gold_gain":0,"player_choice":"Leave","damage_taken":0,"max_hp_gain":0,"max_hp_loss":0,"event_name":"The Cleric","floor":13,"gold_loss":0},{"damage_healed":0,"gold_gain":0,"player_choice":"Relic","damage_taken":0,"max_hp_gain":0,"max_hp_loss":0,"event_name":"Wheel of Change","floor":19,"gold_loss":0},{"damage_healed":0,"gold_gain":100,"player_choice":"Pray","damage_taken":0,"max_hp_gain":0,"max_hp_loss":0,"event_name":"Golden Shrine","floor":21,"gold_loss":0},{"damage_healed":0,"gold_gain":0,"player_choice":"Paid Gold","damage_taken":0,"relics_obtained":["Pear"],"max_hp_gain":0,"max_hp_loss":0,"event_name":"WeMeetAgain","floor":25,"gold_loss":64},{"damage_healed":0,"gold_gain":0,"player_choice":"Fight","damage_taken":0,"max_hp_gain":0,"max_hp_loss":0,"event_name":"Colosseum","floor":30,"gold_loss":0},{"damage_healed":0,"gold_gain":0,"player_choice":"Fought Nobs","damage_taken":0,"max_hp_gain":0,"max_hp_loss":0,"event_name":"Colosseum","floor":30,"gold_loss":0},{"damage_healed":0,"gold_gain":0,"player_choice":"Fight","damage_taken":0,"max_hp_gain":0,"max_hp_loss":0,"event_name":"MindBloom","floor":36,"gold_loss":0},{"damage_healed":0,"gold_gain":0,"player_choice":"Ignored","damage_taken":0,"max_hp_gain":0,"max_hp_loss":0,"event_name":"Tomb of Lord Red Mask","floor":37,"gold_loss":0},{"damage_healed":0,"gold_gain":0,"player_choice":"Ignored","damage_taken":0,"max_hp_gain":0,"max_hp_loss":0,"event_name":"Mysterious Sphere","floor":41,"gold_loss":0}],"is_beta":false,"boss_relics":[{"not_picked":["Coffee Dripper","Calling Bell"],"picked":"Busted Crown"},{"not_picked":["SacredBark","Runic Pyramid"],"picked":"SlaversCollar"}],"items_purged_floors":[53],"is_endless":false,"potions_floor_spawned":[5,6,10,16,23,30,30,31,33,35,42,48],"killed_by":"The Heart","ascension_level":0}}