{"host":"yqw1zpryoutrnocq","time":1613591018,"event":{"mods":["2.2 Compatiblity","AchievementEnabler","BaseMod","Colored Map","Custom Start","DeckTracker","Minty Spire (QoL Compilation)","StSLib","SuperFastMode"],"gold_per_floor":[112,128,145,145,44,70,70,95,118,130,142,154,200,212,224,340,352,377,405,427,454,477,520,532,576,588,600,645,657,697,809,821,932,944,967,1254,1280,1309,1341,1382,1394,1417,1429,1474,1486,1514,1554,487,487,487,487,487,1,40,40],"floor_reached":56,"language":"KOR","playtime":2610,"items_purged":["Strike_R","Strike_R"],"score":2266,"play_id":"aef477f3-e98b-41f8-9923-0f5e567dd668","local_time":"20210217134338","is_ascension_mode":true,"campfire_choices":[{"data":"Uppercut","floor":7.0,"key":"SMITH"},{"data":"Fire Breathing","floor":10.0,"key":"SMITH"},{"data":"Reaper","floor":12.0,"key":"SMITH"},{"floor":15.0,"key":"REST"},{"data":"Corruption","floor":24.0,"key":"SMITH"},{"data":"Body Slam","floor":27.0,"key":"SMITH"},{"data":"Impervious","floor":29.0,"key":"SMITH"},{"floor":32.0,"key":"REST"},{"data":"Impervious","floor":41.0,"key":"SMITH"},{"floor":45.0,"key":"RECALL"},{"data":"Power Through","floor":49.0,"key":"SMITH"},{"data":"Flame Barrier","floor":52.0,"key":"SMITH"}],"circlet_count":0,"master_deck":["AscendersBane","Strike_R","Strike_R","Strike_R+1","Defend_R","Defend_R","Defend_R","Defend_R","Bash+1","Fire Breathing+1","Flame Barrier+1","Shockwave","Wild Strike+1","Uppercut+1","Reaper+1","Barricade+1","Corruption+1","Burning Pact","Power Through+1","Body Slam+1","Havoc+1","Entrench+1","Impervious+1","Seeing Red+1","Feel No Pain+1","Dropkick+1","Impervious+1","Battle Trance+1","Armaments+1","Feel No Pain+1","Exhume","Shrug It Off+1","Entrench","Exhume","Secret Technique","Armaments","Armaments+1"],"relics":["Burning Blood","Omamori","Toy Ornithopter","Pen Nib","MawBank","Question Card","Black Star","Matryoshka","Centennial Puzzle","Vajra","Regal Pillow","Red Skull","Red Mask","Potion Belt","Bottled Tornado","Unceasing Top","InkBottle","Snecko Eye","Anchor","Darkstone Periapt","Pantograph","Singing Bowl","White Beast Statue","Bottled Lightning","CeramicFish","Lantern","Thread and Needle","Ancient Tea Set","Lee\u0027s Waffle","Sundial","Strawberry","Whetstone","Happy Flower"],"acts_visited":["TheEnding"],"potions_floor_usage":[55,55,55],"damage_taken":[{"damage":6.0,"enemies":"2 Louse","floor":1.0,"turns":3.0},{"damage":7.0,"enemies":"Small Slimes","floor":2.0,"turns":4.0},{"damage":5.0,"enemies":"Cultist","floor":3.0,"turns":4.0},{"damage":18.0,"enemies":"3 Sentries","floor":6.0,"turns":5.0},{"damage":34.0,"enemies":"Lagavulin","floor":8.0,"turns":7.0},{"damage":0.0,"enemies":"Gremlin Nob","floor":13.0,"turns":3.0},{"damage":23.0,"enemies":"Slime Boss","floor":16.0,"turns":7.0},{"damage":52.0,"enemies":"3 Byrds","floor":18.0,"turns":5.0},{"damage":30.0,"enemies":"Spheric Guardian","floor":19.0,"turns":4.0},{"damage":40.0,"enemies":"Shelled Parasite and Fungi","floor":20.0,"turns":7.0},{"damage":34.0,"enemies":"Centurion and Healer","floor":21.0,"turns":9.0},{"damage":44.0,"enemies":"3 Cultists","floor":22.0,"turns":6.0},{"damage":29.0,"enemies":"Book of Stabbing","floor":23.0,"turns":6.0},{"damage":34.0,"enemies":"Slavers","floor":25.0,"turns":2.0},{"damage":43.0,"enemies":"Masked Bandits","floor":28.0,"turns":3.0},{"damage":5.0,"enemies":"Book of Stabbing","floor":30.0,"turns":4.0},{"damage":16.0,"enemies":"Colosseum Slavers","floor":31.0,"turns":6.0},{"damage":0.0,"enemies":"Colosseum Nobs","floor":31.0,"turns":5.0},{"damage":20.0,"enemies":"Collector","floor":33.0,"turns":6.0},{"damage":18.0,"enemies":"3 Darklings","floor":35.0,"turns":4.0},{"damage":1.0,"enemies":"Orb Walker","floor":37.0,"turns":6.0},{"damage":19.0,"enemies":"Transient","floor":38.0,"turns":5.0},{"damage":13.0,"enemies":"Writhing Mass","floor":39.0,"turns":4.0},{"damage":0.0,"enemies":"Nemesis","floor":40.0,"turns":7.0},{"damage":0.0,"enemies":"Jaw Worm Horde","floor":42.0,"turns":6.0},{"damage":0.0,"enemies":"Giant Head","floor":44.0,"turns":5.0},{"damage":0.0,"enemies":"Spire Growth","floor":46.0,"turns":4.0},{"damage":0.0,"enemies":"Nemesis","floor":47.0,"turns":7.0},{"damage":0.0,"enemies":"Time Eater","floor":50.0,"turns":5.0},{"damage":0.0,"enemies":"Shield and Spear","floor":54.0,"turns":7.0},{"damage":31,"enemies":"The Heart","floor":55,"turns":10}],"seed_played":"2185812343011063586","potions_obtained":[{"floor":1.0,"key":"EssenceOfSteel"},{"floor":3.0,"key":"PowerPotion"},{"floor":8.0,"key":"AttackPotion"},{"floor":19.0,"key":"Swift Potion"},{"floor":20.0,"key":"BlessingOfTheForge"},{"floor":22.0,"key":"Weak Potion"},{"floor":25.0,"key":"Regen Potion"},{"floor":28.0,"key":"SpeedPotion"},{"floor":30.0,"key":"SkillPotion"},{"floor":33.0,"key":"GamblersBrew"},{"floor":35.0,"key":"SkillPotion"},{"floor":37.0,"key":"Dexterity Potion"},{"floor":42.0,"key":"Energy Potion"},{"floor":46.0,"key":"PowerPotion"},{"floor":54.0,"key":"Explosive Potion"}],"is_trial":false,"path_per_floor":["M","M","M","?","$","E","R","E","T","R","?","R","E","?","R","B",null,"M","M","M","M","M","E","R","E","T","R","?","R","E","?","R","B",null,"M","?","M","M","M","E","R","M","T","E","R","M","E","$","R","B",null,"R","$","E","B",null],"character_chosen":"IRONCLAD","items_purchased":["Wild Strike","Entrench","Thread and Needle","Exhume","Secret Technique","Ancient Tea Set","Lee\u0027s Waffle","Armaments","Sundial","Swift Potion","Strawberry"],"campfire_rested":2,"item_purchase_floors":[5,48,48,48,48,48,48,53,53,53,53],"current_hp_per_floor":[72,71,72,47,47,35,35,12,12,12,12,12,23,23,47,40,70,30,16,13,10,37,29,29,16,16,16,16,16,17,18,57,66,77,80,80,80,76,69,75,75,80,80,80,80,82,84,91,91,91,91,91,98,98,97],"gold":40,"neow_bonus":"UPGRADE_CARD","is_daily":false,"chose_seed":false,"campfire_upgraded":9,"win_rate":0.0,"timestamp":1613591018,"path_taken":["M","M","M","?","$","E","R","E","T","R","?","R","E","?","R","BOSS","M","M","M","M","M","E","R","E","T","R","?","R","E","?","R","BOSS","M","?","?","M","M","E","R","M","T","E","R","M","E","?","R","BOSS","R","$","E","BOSS"],"items_purchased_type":["Card","Card","Relic","Card","Card","Relic","Relic","Card","Relic","Potion","Relic"],"build_version":"2020-12-22","purchased_purges":2,"victory":true,"max_hp_per_floor":[80,80,80,80,80,80,80,80,80,80,80,80,80,80,80,80,80,80,80,80,80,80,80,80,80,80,80,80,80,80,80,80,80,80,80,80,80,80,80,80,80,80,80,80,80,82,84,91,91,91,91,91,98,98,98],"card_choices":[{"not_picked":["Sword Boomerang","Body Slam"],"picked":"Fire Breathing","floor":1.0},{"not_picked":["Perfected Strike","Anger"],"picked":"Flame Barrier","floor":2.0},{"not_picked":["Inflame","Perfected Strike"],"picked":"Shockwave","floor":3.0},{"not_picked":["Seeing Red","Thunderclap"],"picked":"Uppercut","floor":6.0},{"not_picked":["Clothesline","Blood for Blood"],"picked":"Reaper","floor":8.0},{"not_picked":["Double Tap","Armaments"],"picked":"Barricade","floor":13.0},{"not_picked":["Juggernaut","Feed","Exhume"],"picked":"Corruption","floor":16.0},{"not_picked":["Heavy Blade","Pummel","Clash"],"picked":"Burning Pact","floor":18.0},{"not_picked":["Spot Weakness+1","Wild Strike+1","Uppercut"],"picked":"Power Through","floor":19.0},{"not_picked":["Sentinel","Headbutt","Clash+1"],"picked":"Body Slam","floor":20.0},{"not_picked":["Infernal Blade","Flex","Thunderclap"],"picked":"Havoc+1","floor":21.0},{"not_picked":["Iron Wave","Sword Boomerang","Twin Strike"],"picked":"Entrench+1","floor":22.0},{"not_picked":["Headbutt+1","Body Slam+1","True Grit"],"picked":"Impervious","floor":23.0},{"not_picked":["Immolate","Barricade","Clash","Rampage"],"picked":"SKIP","floor":25.0},{"not_picked":["Power Through","Blood for Blood","Pommel Strike"],"picked":"Seeing Red+1","floor":28.0},{"not_picked":["Heavy Blade+1","Double Tap","Perfected Strike"],"picked":"Feel No Pain+1","floor":30.0},{"not_picked":["Cleave","Headbutt","Warcry+1"],"picked":"Dropkick+1","floor":31.0},{"not_picked":["Immolate","Fiend Fire","Corruption"],"picked":"Impervious","floor":33.0},{"not_picked":["Perfected Strike+1","Anger","Pommel Strike+1"],"picked":"Battle Trance+1","floor":35.0},{"not_picked":["Rupture","Headbutt","Uppercut+1","Cleave"],"picked":"SKIP","floor":37.0},{"not_picked":["Havoc+1","Spot Weakness","Thunderclap+1","Perfected Strike+1"],"picked":"SKIP","floor":38.0},{"not_picked":["Rage","Fire Breathing","Whirlwind"],"picked":"Armaments+1","floor":39.0},{"not_picked":["Sword Boomerang+1","Warcry","Perfected Strike"],"picked":"Feel No Pain+1","floor":40.0},{"not_picked":["Heavy Blade","Burning Pact","Body Slam"],"picked":"Exhume","floor":42.0},{"not_picked":["Clash","Cleave","Pummel+1"],"picked":"Shrug It Off+1","floor":44.0},{"not_picked":["Bludgeon","Anger","Clothesline+1","Headbutt"],"picked":"Singing Bowl","floor":46.0},{"not_picked":["Clothesline","Metallicize","Double Tap","Wild Strike"],"picked":"Singing Bowl","floor":47.0},{"not_picked":["Havoc","Perfected Strike+1","Wild Strike+1"],"picked":"Armaments+1","floor":54.0}],"player_experience":341345,"relics_obtained":[{"floor":6.0,"key":"Toy Ornithopter"},{"floor":8.0,"key":"Pen Nib"},{"floor":9.0,"key":"MawBank"},{"floor":13.0,"key":"Question Card"},{"floor":23.0,"key":"Matryoshka"},{"floor":23.0,"key":"Centennial Puzzle"},{"floor":25.0,"key":"Vajra"},{"floor":25.0,"key":"Regal Pillow"},{"floor":26.0,"key":"Red Skull"},{"floor":28.0,"key":"Red Mask"},{"floor":30.0,"key":"Potion Belt"},{"floor":30.0,"key":"Bottled Tornado"},{"floor":31.0,"key":"Unceasing Top"},{"floor":31.0,"key":"InkBottle"},{"floor":40.0,"key":"Anchor"},{"floor":40.0,"key":"Darkstone Periapt"},{"floor":43.0,"key":"Pantograph"},{"floor":43.0,"key":"Singing Bowl"},{"floor":44.0,"key":"White Beast Statue"},{"floor":44.0,"key":"Bottled Lightning"},{"floor":47.0,"key":"CeramicFish"},{"floor":47.0,"key":"Lantern"},{"floor":54.0,"key":"Whetstone"},{"floor":54.0,"key":"Happy Flower"}],"event_choices":[{"damage_healed":0.0,"max_hp_gain":0.0,"max_hp_loss":0.0,"gold_gain":0.0,"event_name":"Scrap Ooze","player_choice":"Success","floor":4.0,"gold_loss":0.0,"damage_taken":25.0,"relics_obtained":["Omamori"]},{"damage_healed":0.0,"max_hp_gain":0.0,"max_hp_loss":0.0,"gold_gain":0.0,"event_name":"Shining Light","player_choice":"Ignored","floor":11.0,"gold_loss":0.0,"damage_taken":0.0},{"damage_healed":0.0,"max_hp_gain":0.0,"max_hp_loss":0.0,"gold_gain":0.0,"event_name":"Upgrade Shrine","player_choice":"Upgraded","floor":14.0,"gold_loss":0.0,"damage_taken":0.0,"cards_upgraded":["Barricade"]},{"damage_healed":0.0,"max_hp_gain":0.0,"max_hp_loss":0.0,"gold_gain":0.0,"event_name":"Masked Bandits","player_choice":"Fought Bandits","floor":28.0,"gold_loss":0.0,"damage_taken":0.0},{"damage_healed":0.0,"max_hp_gain":0.0,"max_hp_loss":0.0,"gold_gain":0.0,"event_name":"Colosseum","player_choice":"Fight","floor":31.0,"gold_loss":0.0,"damage_taken":0.0},{"damage_healed":0.0,"max_hp_gain":0.0,"max_hp_loss":0.0,"gold_gain":0.0,"event_name":"Colosseum","player_choice":"Fought Nobs","floor":31.0,"gold_loss":0.0,"damage_taken":0.0},{"damage_healed":0.0,"max_hp_gain":0.0,"max_hp_loss":0.0,"gold_gain":275.0,"event_name":"Golden Shrine","player_choice":"Desecrate","floor":36.0,"gold_loss":0.0,"damage_taken":0.0,"cards_obtained":["Regret"]}],"is_beta":false,"boss_relics":[{"not_picked":["Runic Dome","SlaversCollar"],"picked":"Black Star"},{"not_picked":["Runic Pyramid","Busted Crown"],"picked":"Snecko Eye"}],"items_purged_floors":[5,48],"is_endless":false,"potions_floor_spawned":[1,3,8,19,20,22,25,28,30,31,33,35,37,39,42,44,46,47,54],"ascension_level":11}}