{"host":"n1v11un6j7y72mz7","time":1613564754,"event":{"mods":["Act Like it!","BaseMod","Downfall","Minty Spire (QoL Compilation)","Reliquary","StSLib","The Animator","Waifu the Spire"],"gold_per_floor":[118,118,17,34,34,34,68,85,85,111,111,111,124,140,157,188,188,290,290,303,321,321,336,351,351,351,376,390,390,390,390,390,401,411,411,513,513,524,88,138,138,151,151,151,180,180,194,210,210,226,226,226,226,226],"floor_reached":55,"language":"ZHS","playtime":2065,"items_purged":["Strike_G","Strike_G"],"score":933,"play_id":"7f8536b9-ff11-4959-a348-f6a0213b1a71","local_time":"20210217202554","is_ascension_mode":true,"campfire_choices":[{"data":"Dagger Throw","floor":11,"key":"SMITH"},{"data":"Cloak And Dagger","floor":17,"key":"SMITH"},{"data":"After Image","floor":26,"key":"SMITH"},{"data":"Cloak And Dagger","floor":32,"key":"SMITH"},{"data":"Accuracy","floor":35,"key":"SMITH"},{"data":"Storm of Steel","floor":49,"key":"SMITH"},{"data":"Thinking Ahead","floor":52,"key":"SMITH"},{"data":"Prepared","floor":53,"key":"SMITH"}],"circlet_count":0,"master_deck":["Strike_G","Strike_G","Defend_G","Defend_G","Defend_G","Defend_G","Survivor","Neutralize","Finisher","Escape Plan","Accuracy+1","Prepared+1","Cloak And Dagger+1","Reflex","Acrobatics","After Image+1","Blade Dance+1","Cloak And Dagger+1","Backstab","Distraction+1","J.A.X.","Terror+1","Adrenaline+1","Thinking Ahead+1","Violence","Blur","Prepared+1","Storm of Steel+1"],"relics":["Ring of the Snake","NeowsBlessing","Bronze Scales","Anchor","reliquary:Pushpin","Coffee Dripper","reliquary:Boomerang","Nunchaku","reliquary:RustamsPendant","sneckomod:BlankCard","Tough Bandages","StrikeDummy","Mango"],"acts_visited":["Exordium","TheCity","TheBeyond"],"potions_floor_usage":[9,16,18,21,27,36,54,54,54],"damage_taken":[{"damage":0,"enemies":"Small Slimes","floor":1,"turns":1},{"damage":0,"enemies":"2 Louse","floor":4,"turns":1},{"damage":0,"enemies":"Gremlin Nob","floor":7,"turns":1},{"damage":0,"enemies":"Cultist","floor":8,"turns":3},{"damage":0,"enemies":"Lagavulin","floor":9,"turns":1},{"damage":0,"enemies":"2 Fungi Beasts","floor":13,"turns":3},{"damage":0,"enemies":"Large Slime","floor":14,"turns":5},{"damage":0,"enemies":"Blue Slaver","floor":15,"turns":2},{"damage":1,"enemies":"3 Sentries","floor":16,"turns":5},{"damage":44,"enemies":"The Guardian","floor":18,"turns":8},{"damage":17,"enemies":"Chosen","floor":20,"turns":5},{"damage":0,"enemies":"3 Byrds","floor":21,"turns":3},{"damage":1,"enemies":"Shelled Parasite and Fungi","floor":23,"turns":4},{"damage":15,"enemies":"Snake Plant","floor":24,"turns":3},{"damage":0,"enemies":"Slavers","floor":27,"turns":5},{"damage":0,"enemies":"Centurion and Healer","floor":28,"turns":5},{"damage":0,"enemies":"Snecko","floor":33,"turns":4},{"damage":1,"enemies":"Sentry and Sphere","floor":34,"turns":5},{"damage":6,"enemies":"Automaton","floor":36,"turns":4},{"damage":3,"enemies":"3 Shapes","floor":38,"turns":2},{"damage":10,"enemies":"2 Orb Walkers","floor":40,"turns":4},{"damage":3,"enemies":"Orb Walker","floor":42,"turns":2},{"damage":6,"enemies":"Giant Head","floor":45,"turns":3},{"damage":3,"enemies":"Spire Growth","floor":47,"turns":3},{"damage":2,"enemies":"4 Shapes","floor":48,"turns":3},{"damage":3,"enemies":"Sphere and 2 Shapes","floor":50,"turns":3},{"damage":42,"enemies":"Time Eater","floor":54,"turns":8}],"seed_played":"1929785916774626441","potions_obtained":[{"floor":8,"key":"SmokeBomb"},{"floor":13,"key":"AttackPotion"},{"floor":15,"key":"Explosive Potion"},{"floor":18,"key":"Guardian:BlockOnCardUsePotion"},{"floor":20,"key":"DistilledChaos"},{"floor":27,"key":"Weak Potion"},{"floor":34,"key":"LiquidBronze"},{"floor":36,"key":"EssenceOfSteel"},{"floor":38,"key":"Guardian:BlockOnCardUsePotion"},{"floor":45,"key":"CunningPotion"}],"is_trial":false,"path_per_floor":["M","?","$","M","?","$","E","M","E","T","R","?","M","M","M","E","R","B",null,"M","M","?","M","M","?","R","E","M","T","?","?","R","M","M","R","B",null,"M","$","?","?","M","?","?","E","T","M","M","R","M","?","R","R","B",null],"character_chosen":"THE_SILENT","items_purchased":["Dagger Throw","sneckomod:BlankCard","Thinking Ahead"],"campfire_rested":0,"item_purchase_floors":[3,39,39],"current_hp_per_floor":[70,70,70,70,63,63,63,63,63,63,63,70,70,70,70,69,69,25,70,53,53,53,52,37,37,37,37,37,37,37,37,37,37,36,36,30,70,67,67,57,57,54,54,54,48,62,59,57,57,54,54,54,54,12],"gold":226,"neow_bonus":"THREE_ENEMY_KILL","is_daily":false,"chose_seed":false,"campfire_upgraded":8,"win_rate":0.0,"timestamp":1613564754,"path_taken":["M","?","$","M","?","$","E","M","E","T","R","?","M","M","?","E","R","BOSS","M","M","?","M","M","?","R","E","M","T","?","?","R","M","M","R","BOSS","M","$","?","?","M","?","?","E","T","M","?","R","M","?","R","R","BOSS"],"items_purchased_type":["Card","Relic","Card"],"build_version":"2020-12-22","purchased_purges":2,"victory":true,"max_hp_per_floor":[70,70,70,70,70,70,70,70,70,70,70,70,70,70,70,70,70,70,70,70,70,70,70,70,70,70,70,70,70,70,70,70,70,70,70,70,70,70,70,70,70,70,70,70,70,84,84,84,84,84,80,80,80,80],"card_choices":[{"not_picked":["Underhanded Strike","Deflect"],"picked":"Finisher","floor":1},{"not_picked":["Choke","Dodge and Roll"],"picked":"Escape Plan","floor":4},{"not_picked":["Cloak And Dagger","Blur"],"picked":"Accuracy","floor":7},{"not_picked":["Escape Plan","PiercingWail"],"picked":"Prepared","floor":8},{"not_picked":["Quick Slash","Choke"],"picked":"Cloak And Dagger","floor":13},{"not_picked":["Night Terror","Prepared","All Out Attack"],"picked":"SKIP","floor":14},{"not_picked":["Dash","Riddle With Holes"],"picked":"Reflex","floor":15},{"not_picked":["PiercingWail","Escape Plan"],"picked":"Acrobatics","floor":16},{"not_picked":["Envenom","Doppelganger"],"picked":"After Image","floor":18},{"not_picked":["Noxious Fumes","Sucker Punch"],"picked":"Blade Dance+1","floor":20},{"not_picked":["Dagger Spray","Prepared+1"],"picked":"Cloak And Dagger","floor":21},{"not_picked":["Deadly Poison","Reflex+1"],"picked":"Backstab","floor":23},{"not_picked":["Blade Dance","Outmaneuver","Doppelganger"],"picked":"SKIP","floor":24},{"not_picked":["Deadly Poison","Flying Knee"],"picked":"Distraction+1","floor":27},{"not_picked":["Flying Knee","Masterful Stab","Deadly Poison"],"picked":"SKIP","floor":28},{"not_picked":["Finisher","Flechettes+1"],"picked":"Terror+1","floor":33},{"not_picked":["Poisoned Stab","Prepared","Riddle With Holes"],"picked":"SKIP","floor":34},{"not_picked":["Phantasmal Killer","A Thousand Cuts"],"picked":"Adrenaline","floor":36},{"not_picked":["Dagger Throw+1","Slice","Dash+1"],"picked":"SKIP","floor":38},{"not_picked":["Deep Breath","Jack Of All Trades"],"picked":"Violence","floor":41},{"not_picked":["Dodge and Roll","Slice"],"picked":"Blur","floor":42},{"not_picked":["Prepared","Dagger Spray","Escape Plan"],"picked":"SKIP","floor":45},{"not_picked":["Cloak And Dagger","Noxious Fumes"],"picked":"Prepared+1","floor":47},{"not_picked":["Endless Agony","Outmaneuver+1"],"picked":"Storm of Steel","floor":48},{"not_picked":["Acrobatics+1","Slice","Deadly Poison+1"],"picked":"SKIP","floor":50}],"player_experience":195156,"relics_obtained":[{"floor":7,"key":"Bronze Scales"},{"floor":10,"key":"Anchor"},{"floor":16,"key":"reliquary:Pushpin"},{"floor":27,"key":"reliquary:Boomerang"},{"floor":29,"key":"Nunchaku"},{"floor":40,"key":"Tough Bandages"},{"floor":45,"key":"StrikeDummy"},{"floor":46,"key":"Mango"}],"event_choices":[{"cards_removed":["Strike_G"],"damage_healed":0,"gold_gain":0,"player_choice":"Forget","damage_taken":0,"max_hp_gain":0,"max_hp_loss":0,"event_name":"Living Wall","floor":2,"gold_loss":0},{"cards_removed":["Defend_G"],"damage_healed":0,"gold_gain":0,"player_choice":"Card Removal","damage_taken":7,"max_hp_gain":0,"max_hp_loss":0,"event_name":"Golden Wing","floor":5,"gold_loss":0},{"damage_healed":7,"gold_gain":0,"player_choice":"Full Heal","damage_taken":0,"max_hp_gain":0,"max_hp_loss":0,"event_name":"Wheel of Change","floor":12,"gold_loss":0},{"damage_healed":0,"gold_gain":0,"player_choice":"Ignored","damage_taken":0,"max_hp_gain":0,"max_hp_loss":0,"event_name":"Vampires","floor":25,"gold_loss":0},{"damage_healed":0,"gold_gain":0,"player_choice":"Ignored","damage_taken":0,"max_hp_gain":0,"max_hp_loss":0,"event_name":"Ghosts","floor":30,"gold_loss":0},{"damage_healed":0,"gold_gain":0,"player_choice":"Obtain J.A.X.","damage_taken":0,"max_hp_gain":0,"max_hp_loss":0,"event_name":"Drug Dealer","floor":31,"gold_loss":0,"cards_obtained":["J.A.X."]},{"damage_healed":0,"gold_gain":0,"player_choice":"Fight","damage_taken":0,"max_hp_gain":0,"max_hp_loss":0,"event_name":"Mysterious Sphere","floor":40,"gold_loss":0},{"damage_healed":0,"gold_gain":0,"player_choice":"Memory 1","damage_taken":0,"max_hp_gain":0,"max_hp_loss":0,"event_name":"SensoryStone","floor":41,"gold_loss":0},{"cards_removed":["Dagger Throw"],"damage_healed":0,"gold_gain":0,"player_choice":"Removed Attack","damage_taken":0,"max_hp_gain":0,"max_hp_loss":0,"event_name":"Falling","floor":43,"gold_loss":0},{"damage_healed":0,"gold_gain":0,"player_choice":"Upgraded","damage_taken":0,"max_hp_gain":0,"max_hp_loss":0,"event_name":"Upgrade Shrine","floor":44,"gold_loss":0,"cards_upgraded":["Adrenaline"]},{"damage_healed":0,"gold_gain":0,"player_choice":"Max HP","damage_taken":0,"max_hp_gain":0,"max_hp_loss":4,"event_name":"Winding Halls","floor":51,"gold_loss":0}],"is_beta":false,"boss_relics":[{"not_picked":["SacredBark","Calling Bell"],"picked":"Coffee Dripper"},{"not_picked":["bronze:MakeshiftBattery","Cursed Key"],"picked":"reliquary:RustamsPendant"}],"items_purged_floors":[3,39],"is_endless":false,"potions_floor_spawned":[8,9,13,15,18,20,27,34,36,38,45,47,48],"ascension_level":1}}