{"host":"m6rwrrl4vtok99e8","time":1613559595,"event":{"mods":["ATMod(??Mod)","Act Like it!","Arknights","Aspiration","BaseMod","Colored Powertips","Downfall","GungeonMod","Koishi","KomeijiMod","LagranYue(???·?)","Lobotomy","Marisa????????","Minty Spire (QoL Compilation)","Quick Restart","Relic Stats","Reliquary","Remilia??????","Replay The Spire","Spicy Shops","StSLib","The Bug Knight","The Hierophant","The Servant 0.9.4","Waifu the Spire","WarShipGirlsR/????R mod","Yakumo Yukari mod","Youmu??????","Yuyuko"],"gold_per_floor":[99,111,122,297,370,391,391,391,391,416,416,416,47,0,29,151,151,233,263,263,127,0,26,74,224,124,124,124,124,124,4,29,146,146,146,176,176,276,301,12,64,64,124,156,56,115,142,163,197,211],"floor_reached":51,"language":"ZHS","playtime":2608,"items_purged":["Koishi:BasicStrike","Koishi:BasicStrike","Koishi:BasicStrike","Koishi:BasicStrike","downfall:Haunted","Confused"],"score":733,"play_id":"bd45b12c-b667-446f-a45d-49294f20d28a","local_time":"20210217185955","is_ascension_mode":false,"campfire_choices":[{"data":"Koishi:BasicDefend","floor":1.0,"key":"PURGE"},{"data":"Koishi:JumpScare","floor":9,"key":"SMITH"},{"data":"Koishi:HauntingSlash","floor":11,"key":"SMITH"},{"data":"Koishi:HeartStoppingHorror","floor":26,"key":"SMITH"},{"data":"Koishi:MassHysteria","floor":30,"key":"SMITH"},{"floor":35,"key":"RECALL"}],"circlet_count":0,"master_deck":["Koishi:BasicDefend","Koishi:BasicDefend","Koishi:BasicDefend","Koishi:Provoke","Koishi:HauntingSlash+1","Koishi:JumpScare+1","Koishi:MassHysteria+1","Koishi:DreadfulBlow","Koishi:HeartStoppingHorror+1","Koishi:MindStellarRelief","Koishi:RacingHeart+1","ReplayTheSpireMod:Splinters","Overencumbered","Overencumbered","Koishi:MindNumbingTerror+1","Koishi:BramblyRoseGarden+1","Koishi:RacingHeart+1","Koishi:BramblyRoseGarden"],"relics":["Koishi:ImaginaryFriend","AT_ATBox","LagranYue:RandomDrawCardRelic","Replay:Bandana","Mirror","downfall:ShatteredFragment","AT_BladeRuinedKing","Membership Card","LagranYue:ContractPerformanceRelic","Lee\u0027s Waffle","LagranYue:GuidanceLightRelic","DemoMod:OrangeGuonStone","downfall:HeartBlessingBlue","DemoMod:Antibody","reliquary:PurpleTingedLeaf","Philosopher\u0027s Stone","downfall:ExtraCursedKey","aspiration:Nostalgia","Slimebound:AbsorbEndCombat","Pear","LagranYue:MagicReflectiveArmorRelic","DemoMod:Relodestone","DemoMod:Orange"],"acts_visited":["Exordium","TheCity","TheBeyond"],"potions_floor_usage":[16,21,33,33,33,50],"damage_taken":[{"damage":3.0,"enemies":"ats:Genji","floor":2.0,"turns":5.0},{"damage":0.0,"enemies":"Small Slimes","floor":3.0,"turns":4.0},{"damage":5,"enemies":"2 Louse","floor":6,"turns":3},{"damage":1,"enemies":"downfall:LooterAlt","floor":10,"turns":3},{"damage":0,"enemies":"downfall:FleeingMerchant","floor":13,"turns":4},{"damage":6,"enemies":"downfall:FleeingMerchant","floor":14,"turns":4},{"damage":6,"enemies":"Large Slime","floor":15,"turns":6},{"damage":19,"enemies":"IC_STATUS_ARCHETYPE","floor":16,"turns":9},{"damage":6,"enemies":"Spheric Guardian","floor":19,"turns":3},{"damage":10,"enemies":"downfall:FleeingMerchant","floor":21,"turns":4},{"damage":26,"enemies":"downfall:LooterAlt2","floor":23,"turns":3},{"damage":0,"enemies":"downfall:FleeingMerchant","floor":25,"turns":1},{"damage":22,"enemies":"Snake Plant","floor":32,"turns":3},{"damage":19,"enemies":"SI_MIRROR_ARCHETYPE","floor":33,"turns":8},{"damage":8,"enemies":"3 Shapes","floor":36,"turns":3},{"damage":10,"enemies":"3 Darklings","floor":39,"turns":3},{"damage":7,"enemies":"3 Darklings","floor":43,"turns":6},{"damage":16,"enemies":"Spire Growth","floor":44,"turns":3},{"damage":38,"enemies":"2 Orb Walkers","floor":46,"turns":3},{"damage":17,"enemies":"4 Shapes","floor":47,"turns":4},{"damage":3,"enemies":"Jaw Worm Horde","floor":48,"turns":2},{"damage":17,"enemies":"Sphere and 2 Shapes","floor":49,"turns":3},{"damage":6,"enemies":"WA_ARCHETYPE_DIVINITY","floor":50,"turns":6}],"seed_played":"-6367234012321401443","potions_obtained":[{"floor":2.0,"key":"SpeedPotion"},{"floor":3.0,"key":"FearPotion"},{"floor":5.0,"key":"DemoMod:LeadSkinPotion"},{"floor":6,"key":"DemoMod:LeadSkinPotion"},{"floor":16,"key":"Explosive Potion"},{"floor":22,"key":"Regen Potion"},{"floor":39,"key":"Fire Potion"},{"floor":44,"key":"Guardian:BlockOnCardUsePotion"},{"floor":46,"key":"Reflective Coating"}],"is_trial":false,"path_per_floor":["R","M","M","?","?","M","T","?","R","M","R","?","$","$","M","B",null,"R","M","?","$","?","M","T","$","R","?","T","$","R","$","M","B",null,"R","M","?","?","M","$","T","?","?","M","$","?","M","M","M","B",null],"character_chosen":"KOISHI","items_purchased":["AT_BladeRuinedKing","Membership Card","Lee\u0027s Waffle","DemoMod:OrangeGuonStone","reliquary:PurpleTingedLeaf","aspiration:Nostalgia","Pear"],"campfire_rested":0,"item_purchase_floors":[13,13,21,25,31,40,40],"current_hp_per_floor":[66,66,66,66,50,48,48,39,39,44,44,44,44,38,36,28,66,66,62,62,73,73,52,52,52,62,62,62,62,62,62,51,83,83,83,83,83,88,82,98,98,98,98,92,92,74,67,80,85,110],"gold":211,"neow_bonus":"TEN_PERCENT_HP_BONUS","is_daily":false,"chose_seed":false,"campfire_upgraded":4,"win_rate":0.0,"timestamp":1613559595,"path_taken":["R","M","M","?","?","M","T","?","R","M","R","?","?","$","M","BOSS","R","M","?","$","?","M","T","$","R","?","?","$","R","?","M","BOSS","R","M","?","?","M","$","T","?","?","M","?","?","M","M","M","BOSS"],"items_purchased_type":["Relic","Relic","Relic","Relic","Relic","Relic","Relic"],"build_version":"2020-12-22","purchased_purges":6,"victory":true,"max_hp_per_floor":[66,66,66,66,66,66,66,66,66,66,66,66,66,66,66,66,66,66,66,66,73,73,73,73,73,83,83,83,83,83,83,83,83,83,83,83,83,88,88,98,98,98,98,98,98,110,110,110,110,110],"relic_stats":{"Lee\u0027s Waffle":21,"counters":[23,92],"obtain_stats":[{"AT_ATBox":0,"LagranYue:RandomDrawCardRelic":0,"DemoMod:GlassGuonStoneRelic":2,"LagranYue:MagicReflectiveArmorRelic":41,"Replay:Bandana":5,"downfall:HeartBlessingBlue":26,"Philosopher\u0027s Stone":34,"downfall:ExtraCursedKey":38,"Lee\u0027s Waffle":21,"downfall:ShatteredFragment":8,"Pear":40,"DemoMod:Orange":46,"aspiration:Nostalgia":40,"DemoMod:OrangeGuonStone":25,"DemoMod:Antibody":28,"DemoMod:WeirdEgg":41,"AT_BladeRuinedKing":13,"LagranYue:GuidanceLightRelic":22,"LagranYue:ContractPerformanceRelic":17,"DemoMod:Relodestone":43,"Slimebound:AbsorbEndCombat":40,"Membership Card":13,"Mirror":7,"reliquary:PurpleTingedLeaf":31,"Koishi:ImaginaryFriend":0},{"AT_ATBox":0,"LagranYue:RandomDrawCardRelic":0,"DemoMod:GlassGuonStoneRelic":1,"LagranYue:MagicReflectiveArmorRelic":16,"Replay:Bandana":2,"downfall:HeartBlessingBlue":12,"Philosopher\u0027s Stone":14,"downfall:ExtraCursedKey":15,"Lee\u0027s Waffle":10,"downfall:ShatteredFragment":3,"Pear":16,"DemoMod:Orange":19,"aspiration:Nostalgia":16,"DemoMod:OrangeGuonStone":12,"DemoMod:Antibody":12,"DemoMod:WeirdEgg":16,"AT_BladeRuinedKing":5,"LagranYue:GuidanceLightRelic":10,"LagranYue:ContractPerformanceRelic":8,"DemoMod:Relodestone":17,"Slimebound:AbsorbEndCombat":16,"Membership Card":5,"Mirror":3,"reliquary:PurpleTingedLeaf":12,"Koishi:ImaginaryFriend":0},{"AT_ATBox":0,"LagranYue:RandomDrawCardRelic":0,"DemoMod:GlassGuonStoneRelic":5,"LagranYue:MagicReflectiveArmorRelic":65,"Replay:Bandana":9,"downfall:HeartBlessingBlue":49,"Philosopher\u0027s Stone":59,"downfall:ExtraCursedKey":62,"Lee\u0027s Waffle":45,"downfall:ShatteredFragment":12,"Pear":65,"DemoMod:Orange":77,"aspiration:Nostalgia":65,"DemoMod:OrangeGuonStone":49,"DemoMod:Antibody":49,"DemoMod:WeirdEgg":65,"AT_BladeRuinedKing":19,"LagranYue:GuidanceLightRelic":45,"LagranYue:ContractPerformanceRelic":38,"DemoMod:Relodestone":71,"Slimebound:AbsorbEndCombat":65,"Membership Card":19,"Mirror":12,"reliquary:PurpleTingedLeaf":49,"Koishi:ImaginaryFriend":0}]},"card_choices":[{"not_picked":["Koishi:JumpScare","Koishi:FourthEye","Koishi:SubconsciousSweep"],"picked":"SKIP","floor":2.0},{"not_picked":["Koishi:HeartfeltFancy","Koishi:Jaunt"],"picked":"Koishi:JumpScare","floor":3.0},{"not_picked":["Koishi:SubconsciousSweep","Koishi:Prune"],"picked":"Koishi:MassHysteria","floor":5.0},{"not_picked":["Koishi:SubconsciousSweep","Koishi:SpiritedAway"],"picked":"Koishi:DreadfulBlow","floor":6},{"not_picked":["Koishi:Vanish","Koishi:Possession","Koishi:RorschachInDanmaku"],"picked":"SKIP","floor":10},{"not_picked":["Koishi:FleetingPhantom","Koishi:PhantomStrike","Koishi:Catatonia"],"picked":"SKIP","floor":13},{"not_picked":["Koishi:JumpScare","Koishi:FadingMemory","Koishi:TraumaticStroke"],"picked":"SKIP","floor":14},{"not_picked":["Koishi:BloodcurdlingScream","Koishi:HeartAttack","Koishi:ReflexRadar"],"picked":"SKIP","floor":15},{"not_picked":["Koishi:RuptureMind","Koishi:MentalBreakdown"],"picked":"Koishi:HeartStoppingHorror","floor":16},{"not_picked":["Koishi:PhantomBarrier","Koishi:SubterraneanRose","Koishi:HeartAttack"],"picked":"SKIP","floor":19},{"not_picked":["Koishi:StingingMind+1","Koishi:Catatonia","Koishi:EmbryosDream"],"picked":"SKIP","floor":21},{"not_picked":["Koishi:HeartAttack+1","Koishi:CatchAndRose","Koishi:UnansweredLove+1"],"picked":"SKIP","floor":23},{"not_picked":["Koishi:PhantomBarrier","Koishi:FidgetySnatcher","Koishi:HeartStoppingHorror"],"picked":"SKIP","floor":25},{"not_picked":["Koishi:CatchAndRose","Koishi:HeartAttack","Koishi:ReflexRadar"],"picked":"SKIP","floor":32},{"not_picked":["Koishi:Heartbroken","Koishi:PerfectMindControl"],"picked":"Koishi:MindStellarRelief","floor":33},{"not_picked":["Koishi:BramblyRoseGarden","Koishi:UnconsciousUrges"],"picked":"Koishi:RacingHeart+1","floor":36},{"not_picked":["Koishi:PhantomStrike","Koishi:SubterraneanRose+1","Koishi:SubconsciousSweep+1"],"picked":"SKIP","floor":39},{"not_picked":["Koishi:GeneticsOfTheUnconscious","Koishi:LastRemote+1"],"picked":"Koishi:MindNumbingTerror+1","floor":43},{"not_picked":["Koishi:Catatonia+1","Koishi:PhantomBarrier+1"],"picked":"Koishi:BramblyRoseGarden+1","floor":44},{"not_picked":["Koishi:BloodcurdlingScream","Koishi:Whimsy"],"picked":"Koishi:RacingHeart+1","floor":47},{"not_picked":["Koishi:ConfinedInnocent","Koishi:SubconsciousSweep+1","Koishi:DreadfulBlow"],"picked":"SKIP","floor":48},{"not_picked":["Koishi:ParalyzingFear","Koishi:StrangeCloudFist"],"picked":"Koishi:BramblyRoseGarden","floor":49}],"player_experience":33742,"relics_obtained":[{"floor":5.0,"key":"Replay:Bandana"},{"floor":7,"key":"Mirror"},{"floor":22,"key":"LagranYue:GuidanceLightRelic"},{"floor":28,"key":"DemoMod:Antibody"},{"floor":41,"key":"DemoMod:WeirdEgg"},{"floor":43,"key":"DemoMod:Relodestone"},{"floor":46,"key":"DemoMod:Orange"}],"event_choices":[{"damage_healed":0,"gold_gain":0,"player_choice":"Ignored","damage_taken":0,"max_hp_gain":0,"max_hp_loss":0,"event_name":"Vampires","floor":20,"gold_loss":0},{"damage_healed":0,"gold_gain":0,"player_choice":"Fight","damage_taken":0,"max_hp_gain":0,"max_hp_loss":0,"event_name":"Mysterious Sphere","floor":46,"gold_loss":0}],"is_beta":false,"boss_relics":[{"not_picked":["SlaversCollar","aspiration:SilentSkillbook"],"picked":"LagranYue:ContractPerformanceRelic"},{"not_picked":["Abe\u0027s Treasure","bronze:MakeshiftBattery"],"picked":"Philosopher\u0027s Stone"}],"items_purged_floors":[13,14,21,25,40,45],"is_endless":false,"potions_floor_spawned":[2,3,6,10,16,23,39,44,46,49],"ascension_level":0}}