{"host":"egwexuw5uvnxf11j","time":1613532357,"event":{"mods":["2.2 Compatiblity","Aspiration","BaseMod","Better Note","Better Sensory Stone","Better Third Choice","Displayed Cursed Tome","Downfall","Hermit","Key Reminder","Koishi","Marisa????????","Minty Spire (QoL Compilation)","Quick Restart","Shade Mod","Spicy Shops","StSLib","The Construct","The Cursed","The Runesmith","The Senshi","The Servant 0.9.4","Transform Curses"],"gold_per_floor":[109,109,123,136,61,61,81,99,99,108,108,151,2,29,29,133,133,152,178,178,178,17,58,67,86,86,112,125,151,32,76,76,186,186,197,219,234,243,8,52,52,74,123,150,175,175,195,218,218,218,218,218,12,51,51,51],"floor_reached":55,"language":"ENG","playtime":3596,"items_purged":["Pain","Regret"],"score":965,"play_id":"999210c2-33a5-4840-a05c-3c8264f16cf6","local_time":"20210216222557","is_ascension_mode":true,"campfire_choices":[{"floor":6,"key":"REST"},{"data":"After Image","floor":11,"key":"SMITH"},{"floor":15,"key":"REST"},{"floor":32,"key":"REST"},{"floor":41,"key":"RECALL"},{"floor":46,"key":"REST"},{"floor":49,"key":"REST"},{"data":"Storm of Steel","floor":52,"key":"SMITH"}],"circlet_count":0,"master_deck":["Strike_G","Strike_G","Strike_G","Strike_G","Defend_G","Defend_G","Defend_G","Defend_G","Defend_G","Survivor","Neutralize+1","Blade Dance","Dagger Spray","Choke","Deflect","After Image+1","Backflip","Blade Dance","Infinite Blades","Storm of Steel+1","Prepared","Eviscerate","Sucker Punch","Quick Slash","After Image+1","Backstab+1","Noxious Fumes","Underhanded Strike+1","Cloak And Dagger","Die Die Die+1","Cloak And Dagger","Unload+1","Expertise+1","Choke+1","Dagger Throw+1","Burst","Terror+1"],"relics":["Ring of the Snake","WarpedTongs","Pear","CeramicFish","Ancient Tea Set","SlaversCollar","Membership Card","Toy Ornithopter","Singing Bowl","PreservedInsect","Molten Egg 2","Tingsha","Nunchaku","SacredBark","Lee\u0027s Waffle","Mummified Hand","Centennial Puzzle","Oddly Smooth Stone","Torii","Ninja Scroll","ClockworkSouvenir","Blood Vial"],"acts_visited":["Exordium","TheCity","TheBeyond","TheEnding"],"potions_floor_usage":[12,12,27,28,29,31,33,37,44,50,50,50,55],"damage_taken":[{"damage":6,"enemies":"2 Louse","floor":1,"turns":4},{"damage":6,"enemies":"Cultist","floor":3,"turns":3},{"damage":8,"enemies":"Jaw Worm","floor":4,"turns":4},{"damage":0,"enemies":"Large Slime","floor":7,"turns":4},{"damage":0,"enemies":"2 Fungi Beasts","floor":8,"turns":2},{"damage":16,"enemies":"Gremlin Nob","floor":12,"turns":4},{"damage":15,"enemies":"Lots of Slimes","floor":14,"turns":4},{"damage":50,"enemies":"The Guardian","floor":16,"turns":13},{"damage":9,"enemies":"Spheric Guardian","floor":18,"turns":4},{"damage":4,"enemies":"3 Byrds","floor":19,"turns":4},{"damage":5,"enemies":"Book of Stabbing","floor":23,"turns":6},{"damage":8,"enemies":"Shelled Parasite and Fungi","floor":25,"turns":6},{"damage":32,"enemies":"Gremlin Leader","floor":27,"turns":7},{"damage":8,"enemies":"Sentry and Sphere","floor":28,"turns":7},{"damage":0,"enemies":"Book of Stabbing","floor":29,"turns":4},{"damage":0,"enemies":"Slavers","floor":31,"turns":4},{"damage":25,"enemies":"Champ","floor":33,"turns":11},{"damage":31,"enemies":"3 Darklings","floor":35,"turns":5},{"damage":3,"enemies":"3 Shapes","floor":36,"turns":4},{"damage":9,"enemies":"Maw","floor":37,"turns":9},{"damage":3,"enemies":"Reptomancer","floor":40,"turns":6},{"damage":9,"enemies":"4 Shapes","floor":42,"turns":3},{"damage":8,"enemies":"Transient","floor":44,"turns":5},{"damage":10,"enemies":"Giant Head","floor":45,"turns":6},{"damage":0,"enemies":"Spire Growth","floor":47,"turns":6},{"damage":13,"enemies":"Maw","floor":48,"turns":7},{"damage":10,"enemies":"Donu and Deca","floor":50,"turns":6},{"damage":16,"enemies":"Shield and Spear","floor":54,"turns":4},{"damage":95,"enemies":"The Heart","floor":55,"turns":9}],"seed_played":"4274732256767900677","potions_obtained":[{"floor":3,"key":"champ:CounterPotion"},{"floor":7,"key":"construct:ShiftPotion"},{"floor":8,"key":"GamblersBrew"},{"floor":16,"key":"FearPotion"},{"floor":23,"key":"GhostInAJar"},{"floor":25,"key":"Strength Potion"},{"floor":29,"key":"SkillPotion"},{"floor":31,"key":"Explosive Potion"},{"floor":36,"key":"ColorlessPotion"},{"floor":37,"key":"GhostInAJar"},{"floor":44,"key":"bronze:BurnAndBuffPotion"},{"floor":45,"key":"FearPotion"},{"floor":47,"key":"CultistPotion"},{"floor":54,"key":"ColorlessPotion"}],"is_trial":false,"path_per_floor":["M","?","M","M","$","R","M","M","T","?","R","E","$","M","R","B",null,"M","M","?","?","$","E","?","M","T","E","M","E","$","E","R","B",null,"M","M","M","?","$","E","R","M","T","M","E","R","M","M","R","B",null,"R","$","E","B"],"character_chosen":"THE_SILENT","items_purchased":["Blade Dance","Membership Card","Sucker Punch","Tingsha","Noxious Fumes","Underhanded Strike+1","Lee\u0027s Waffle","Mummified Hand","Centennial Puzzle","Ninja Scroll","ClockworkSouvenir"],"campfire_rested":5,"item_purchase_floors":[13,22,22,30,30,30,39,39,39,53,53],"current_hp_per_floor":[64,64,58,50,50,70,70,70,80,80,80,64,64,49,73,23,80,71,67,58,58,58,53,53,45,45,20,19,26,26,31,56,36,86,57,54,52,52,97,94,94,85,85,82,74,99,101,88,101,96,101,101,101,85,0,0],"gold":51,"neow_bonus":"UPGRADE_CARD","is_daily":false,"chose_seed":false,"campfire_upgraded":2,"win_rate":0.0,"timestamp":1613532357,"path_taken":["M","?","M","M","$","R","?","M","T","?","R","E","$","M","R","BOSS","M","M","?","?","$","E","?","M","T","E","M","E","$","E","R","BOSS","M","M","?","?","$","E","R","M","T","M","E","R","M","?","R","BOSS","R","$","E","BOSS"],"items_purchased_type":["Card","Relic","Card","Relic","Card","Card","Relic","Relic","Relic","Relic","Relic"],"build_version":"2020-12-22","purchased_purges":2,"victory":false,"max_hp_per_floor":[70,70,70,70,70,70,70,70,80,80,80,80,80,80,80,80,80,80,80,80,80,80,80,80,80,80,82,84,86,86,86,86,86,86,88,88,90,90,97,97,97,97,97,97,99,99,101,101,101,101,101,101,101,101,101,101],"card_choices":[{"not_picked":["Flying Knee","Sucker Punch"],"picked":"Blade Dance","floor":1},{"not_picked":["Eviscerate","Deadly Poison"],"picked":"Dagger Spray","floor":3},{"not_picked":["Heel Hook","Backstab"],"picked":"Choke","floor":4},{"not_picked":["Backflip","Choke"],"picked":"Deflect","floor":7},{"not_picked":["Tactician","Slice"],"picked":"After Image","floor":8},{"not_picked":["Deflect","Bane"],"picked":"Backflip","floor":12},{"not_picked":["Acrobatics","Quick Slash"],"picked":"Infinite Blades","floor":14},{"not_picked":["Doppelganger","Malaise"],"picked":"Storm of Steel","floor":16},{"not_picked":["Heel Hook","Catalyst"],"picked":"Prepared","floor":18},{"not_picked":["Poisoned Stab","PiercingWail"],"picked":"Eviscerate","floor":19},{"not_picked":["Venomology","Poisoned Stab+1"],"picked":"Quick Slash","floor":23},{"not_picked":["Slice","PiercingWail"],"picked":"Backstab+1","floor":25},{"not_picked":["Quick Slash+1","Setup","Skewer"],"picked":"Singing Bowl","floor":27},{"not_picked":["Bouncing Flask+1","Sucker Punch","Blade Dance"],"picked":"Singing Bowl","floor":28},{"not_picked":["Caltrops","Venomology","Deflect"],"picked":"Singing Bowl","floor":29},{"not_picked":["All Out Attack+1","Predator+1"],"picked":"Cloak And Dagger","floor":31},{"not_picked":["aspiration:Lunge+1","Storm of Steel"],"picked":"Die Die Die+1","floor":33},{"not_picked":["Dodge and Roll","Acrobatics+1","Concentrate"],"picked":"Singing Bowl","floor":35},{"not_picked":["Tactician","Eviscerate+1"],"picked":"Cloak And Dagger","floor":36},{"not_picked":["Quick Slash+1","Distraction","Setup"],"picked":"Singing Bowl","floor":37},{"not_picked":["Prepared","Outmaneuver+1"],"picked":"Expertise+1","floor":40},{"not_picked":["Dagger Spray+1","Bullet Time"],"picked":"Choke+1","floor":42},{"not_picked":["Footwork+1","Cloak And Dagger+1"],"picked":"Dagger Throw+1","floor":44},{"not_picked":["Wraith Form v2","Deadly Poison","Prepared"],"picked":"Singing Bowl","floor":45},{"not_picked":["Dodge and Roll","Heel Hook+1","Noxious Fumes"],"picked":"Singing Bowl","floor":47},{"not_picked":["Deflect","Well Laid Plans"],"picked":"Burst","floor":48},{"not_picked":["Outmaneuver","PiercingWail"],"picked":"Terror+1","floor":54}],"player_experience":2098222,"relics_obtained":[{"floor":9,"key":"Pear"},{"floor":12,"key":"Ancient Tea Set"},{"floor":23,"key":"Toy Ornithopter"},{"floor":26,"key":"Singing Bowl"},{"floor":27,"key":"PreservedInsect"},{"floor":29,"key":"Molten Egg 2"},{"floor":31,"key":"Nunchaku"},{"floor":40,"key":"Oddly Smooth Stone"},{"floor":45,"key":"Torii"},{"floor":54,"key":"Blood Vial"}],"event_choices":[{"damage_healed":0,"gold_gain":0,"player_choice":"Rummage","damage_taken":0,"relics_obtained":["WarpedTongs"],"max_hp_gain":0,"max_hp_loss":0,"event_name":"Accursed Blacksmith","floor":2,"gold_loss":0,"cards_obtained":["Pain"]},{"damage_healed":0,"gold_gain":0,"player_choice":"Box","damage_taken":0,"relics_obtained":["CeramicFish"],"max_hp_gain":0,"max_hp_loss":0,"event_name":"Big Fish","floor":10,"gold_loss":0,"cards_obtained":["Regret"]},{"damage_healed":0,"gold_gain":0,"player_choice":"Stopped","damage_taken":9,"max_hp_gain":0,"max_hp_loss":0,"event_name":"Cursed Tome","floor":20,"gold_loss":0},{"damage_healed":0,"gold_gain":0,"player_choice":"Copied","damage_taken":0,"max_hp_gain":0,"max_hp_loss":0,"event_name":"Duplicator","floor":24,"gold_loss":0,"cards_obtained":["After Image"]},{"damage_healed":0,"gold_gain":0,"cards_transformed":["Strike_G"],"player_choice":"Transformed","damage_taken":0,"max_hp_gain":0,"max_hp_loss":0,"event_name":"Transmorgrifier","floor":38,"gold_loss":0,"cards_obtained":["Unload"]}],"is_beta":false,"boss_relics":[{"not_picked":["construct:WeddingRing","Busted Crown"],"picked":"SlaversCollar"},{"not_picked":["aspiration:PoetsPen_weak","Astrolabe"],"picked":"SacredBark"}],"items_purged_floors":[5,13],"is_endless":false,"potions_floor_spawned":[3,7,8,16,23,25,29,31,36,37,44,45,47,54],"killed_by":"The Heart","ascension_level":2}}