{"host":"se54kqb5s2qquozl","time":1613601668,"event":{"mods":["BaseMod","Colored Powertips","Downfall","Hermit","Minty Spire (QoL Compilation)","Replay The Spire","StSLib"],"gold_per_floor":[99,115,134,153,153,187,187,187,187,198,232,252,252,265,275,380,380,380,395,395,412,412,445,445,445,545,545,545,545,545,571,585,682,682,682,696,759,195,213,120,194,214,214,214,226,238,268,315,334,334],"floor_reached":51,"language":"ENG","playtime":2253,"items_purged":["Looming Evil"],"score":943,"play_id":"b0131399-7356-4bfb-9de0-0381211ef267","local_time":"20210217164108","is_ascension_mode":true,"campfire_choices":[{"data":"bronze:Replicate","floor":1.0,"key":"SMITH"},{"data":"bronze:Optimize","floor":13.0,"key":"SMITH"},{"data":"bronze:Format","floor":18.0,"key":"SMITH"},{"data":"bronze:FollowUp","floor":25.0,"key":"SMITH"},{"data":"bronze:Goto","floor":28.0,"key":"SMITH"},{"floor":30.0,"key":"REST"},{"data":"bronze:Return","floor":35,"key":"SMITH"},{"data":"expansioncontent:StudyTheSpire","floor":44,"key":"SMITH"}],"circlet_count":0,"master_deck":["bronze:Strike+1","bronze:Strike+1","bronze:Strike+1","bronze:Strike+1","bronze:Defend","bronze:Defend","bronze:Defend","bronze:Defend","bronze:Replicate+1","bronze:Goto+1","bronze:FollowUp+1","bronze:Shield","bronze:NullPointer","bronze:Optimize+1","bronze:Return","bronze:HyperBeam","bronze:Optimize","bronze:MaxOutput","bronze:Format+1","bronze:Flail+1","bronze:Return+1","bronze:Break","bronze:DigitalCarnage+1","bronze:Shell+1","bronze:ForceShield+1","expansioncontent:StudyTheSpire+1","bronze:HyperBeam","bronze:Return+1","expansioncontent:AwakenDeath","expansioncontent:AwakenDeath","expansioncontent:AwakenDeath","bronze:BurnOut","bronze:SpaghettiCode+1"],"relics":["bronze:PlatinumCore","Boot","Counterbalance","FossilizedHelix","Replay:Bottled Eggs","Bottled Tornado","Ring of Panic","Ring of Searing","ReplayFunnel","Replay:Bottled Steam","MutagenicStrength","Enchiridion","Dream Catcher","Painkiller Herb","Darkstone Periapt","Lizard Tail","DollysMirror","Letter Opener","Quantum Egg","Golden Egg","Centennial Puzzle"],"acts_visited":["Exordium","TheCity","TheBeyond"],"potions_floor_usage":[45,50],"damage_taken":[{"damage":0.0,"enemies":"Cultist","floor":2.0,"turns":4.0},{"damage":0.0,"enemies":"2 Louse","floor":3.0,"turns":3.0},{"damage":0.0,"enemies":"Small Slimes","floor":4.0,"turns":3.0},{"damage":15.0,"enemies":"3 Sentries","floor":6.0,"turns":11.0},{"damage":0.0,"enemies":"3 Louse","floor":10.0,"turns":3.0},{"damage":0.0,"enemies":"Gremlin Nob","floor":11.0,"turns":5.0},{"damage":0.0,"enemies":"Blue Slaver","floor":12.0,"turns":3.0},{"damage":10.0,"enemies":"Large Slime","floor":14.0,"turns":6.0},{"damage":8.0,"enemies":"Lots of Slimes","floor":15.0,"turns":4.0},{"damage":22.0,"enemies":"IC_STATUS_ARCHETYPE","floor":16.0,"turns":6.0},{"damage":0.0,"enemies":"downfall:LooterAlt2","floor":19.0,"turns":5.0},{"damage":5.0,"enemies":"Spheric Guardian","floor":21.0,"turns":3.0},{"damage":15.0,"enemies":"Book of Stabbing","floor":23.0,"turns":6.0},{"damage":5.0,"enemies":"Gremlin Leader","floor":31.0,"turns":4.0},{"damage":0.0,"enemies":"Cultist and Chosen","floor":32.0,"turns":4.0},{"damage":9.0,"enemies":"SI_MIRROR_ARCHETYPE","floor":33.0,"turns":7.0},{"damage":5,"enemies":"3 Shapes","floor":36,"turns":2},{"damage":10,"enemies":"downfall:FleeingMerchant","floor":38,"turns":4},{"damage":5,"enemies":"3 Darklings","floor":39,"turns":3},{"damage":0,"enemies":"downfall:FleeingMerchant","floor":40,"turns":2},{"damage":0,"enemies":"Transient","floor":42,"turns":5},{"damage":2,"enemies":"Maw","floor":45,"turns":6},{"damage":0,"enemies":"4 Shapes","floor":46,"turns":2},{"damage":18,"enemies":"Giant Head","floor":47,"turns":8},{"damage":10,"enemies":"Jaw Worm Horde","floor":49,"turns":2},{"damage":0,"enemies":"WA_ARCHETYPE_DIVINITY","floor":50,"turns":7}],"seed_played":"7197465657265461829","potions_obtained":[{"floor":4.0,"key":"BlessingOfTheForge"},{"floor":11.0,"key":"BlessingOfTheForge"},{"floor":14.0,"key":"SteroidPotion"},{"floor":15.0,"key":"Dexterity Potion"},{"floor":16.0,"key":"Languid Potion"},{"floor":23.0,"key":"SkillPotion"},{"floor":31.0,"key":"Elixir"},{"floor":32.0,"key":"Fruit Juice"},{"floor":36,"key":"GamblersBrew"},{"floor":39,"key":"FearPotion"},{"floor":42,"key":"SpeedPotion"},{"floor":47,"key":"DuplicationPotion"}],"is_trial":false,"path_per_floor":["R","M","M","M","?","E","T","?","?","M","E","M","R","M","M","B",null,"R","M","?","M","?","E","T","R","?","?","R","?","R","E","M","B",null,"T","?","?","T","?","T","T","?","?","T","?","?","E","T","?","B",null],"character_chosen":"THE_AUTOMATON","items_purchased":["Lizard Tail","expansioncontent:StudyTheSpire","DollysMirror","Letter Opener"],"campfire_rested":1,"item_purchase_floors":[38,38,40,40],"current_hp_per_floor":[70,70,70,70,67,52,52,52,57,57,57,57,57,47,39,17,75,75,75,75,70,70,55,55,55,55,55,55,39,61,56,61,52,80,80,75,75,65,60,60,60,60,50,50,48,48,30,30,20,20],"gold":334,"neow_bonus":"RANDOM_COMMON_RELIC","is_daily":false,"chose_seed":false,"campfire_upgraded":7,"win_rate":0.0,"timestamp":1613601668,"path_taken":["R","M","M","M","?","E","T","?","?","M","E","M","R","M","M","BOSS","R","M","?","M","?","E","T","R","?","?","R","?","R","E","M","BOSS","T","?","?","T","?","T","T","?","?","T","?","?","E","?","?","BOSS"],"items_purchased_type":["Relic","Card","Relic","Relic"],"build_version":"2020-12-22","purchased_purges":1,"victory":true,"max_hp_per_floor":[70,70,70,70,70,70,70,70,75,75,75,75,75,75,75,75,75,75,75,75,75,75,75,75,75,75,75,75,75,75,75,80,80,80,80,80,80,80,80,80,80,80,80,80,80,80,80,80,80,80],"card_choices":[{"not_picked":["bronze:Shield","bronze:ChosenStrike"],"picked":"bronze:FollowUp","floor":2.0},{"not_picked":["bronze:Backtrace","bronze:BuggyMess"],"picked":"bronze:Shield","floor":3.0},{"not_picked":["bronze:Return","bronze:BuggyMess"],"picked":"bronze:NullPointer","floor":4.0},{"not_picked":["bronze:BugBarrage","bronze:ClassDefault"],"picked":"bronze:Optimize","floor":6.0},{"not_picked":["bronze:WildBeam","bronze:Turbo"],"picked":"bronze:Return","floor":10.0},{"not_picked":["bronze:FineTuning","bronze:Philosophize"],"picked":"bronze:HyperBeam","floor":11.0},{"not_picked":["bronze:WildBeam","bronze:BugBarrage"],"picked":"bronze:Optimize","floor":12.0},{"not_picked":["bronze:Overheat","bronze:ChildClass"],"picked":"bronze:MaxOutput","floor":14.0},{"not_picked":["bronze:OilSpill","bronze:DelayedSlice","bronze:BuggyMess"],"picked":"SKIP","floor":15.0},{"not_picked":["bronze:Virus","bronze:HyperBeam"],"picked":"bronze:Format","floor":16.0},{"not_picked":["bronze:FineTuning+1","bronze:DelayedSlice"],"picked":"bronze:Flail+1","floor":19.0},{"not_picked":["bronze:Overheat","bronze:BugBarrage+1","bronze:BitShift+1"],"picked":"SKIP","floor":21.0},{"not_picked":["bronze:FineTuning","bronze:BitShift","bronze:BugBarrage"],"picked":"SKIP","floor":23.0},{"not_picked":["bronze:DelayedGuard","bronze:Separator","bronze:Invalidate"],"picked":"SKIP","floor":31.0},{"not_picked":["bronze:Philosophize+1","bronze:BuggyMess+1"],"picked":"bronze:Return","floor":32.0},{"not_picked":["bronze:HyperBeam","bronze:ThunderWave"],"picked":"bronze:Break","floor":33.0},{"not_picked":["bronze:Return+1","bronze:BronzeOrb+1"],"picked":"bronze:DigitalCarnage+1","floor":36},{"not_picked":["bronze:DelayedSlice+1","bronze:Deprecate"],"picked":"bronze:Shell+1","floor":37},{"not_picked":["bronze:WildBeam","bronze:Repair"],"picked":"bronze:ForceShield+1","floor":38},{"not_picked":["bronze:Deprecate","bronze:DelayedGuard","bronze:DelayedSlice+1"],"picked":"SKIP","floor":39},{"not_picked":["bronze:ItsAFeature","bronze:WildBeam+1","bronze:DigitalCarnage"],"picked":"SKIP","floor":40},{"not_picked":["bronze:DelayedGuard+1","bronze:CutThrough+1"],"picked":"bronze:Return+1","floor":42},{"not_picked":["expansioncontent:LastStand","expansioncontent:Hexaburn"],"picked":"expansioncontent:AwakenDeath","floor":43},{"not_picked":["Replay:SS_fish_1","expansioncontent:PolyBeam"],"picked":"expansioncontent:AwakenDeath","floor":43},{"not_picked":["Replay:SS_fish_1","Replay:SS_hec_1"],"picked":"expansioncontent:AwakenDeath","floor":43},{"not_picked":["bronze:DelayedGuard","bronze:ChosenStrike","bronze:Invalidate"],"picked":"SKIP","floor":45},{"not_picked":["bronze:Frontload+1","bronze:Optimize"],"picked":"bronze:BurnOut","floor":46},{"not_picked":["bronze:Separator","bronze:Return"],"picked":"bronze:SpaghettiCode","floor":47},{"not_picked":["bronze:BitShift","bronze:WhirlingStrike+1","bronze:BugBarrage+1"],"picked":"SKIP","floor":49}],"player_experience":67794,"relics_obtained":[{"floor":6.0,"key":"FossilizedHelix"},{"floor":7.0,"key":"Replay:Bottled Eggs"},{"floor":11.0,"key":"Bottled Tornado"},{"floor":20.0,"key":"Ring of Panic"},{"floor":20.0,"key":"Ring of Searing"},{"floor":23.0,"key":"ReplayFunnel"},{"floor":24.0,"key":"Replay:Bottled Steam"},{"floor":29.0,"key":"Enchiridion"},{"floor":31.0,"key":"Dream Catcher"},{"floor":37,"key":"Darkstone Periapt"},{"floor":41,"key":"Quantum Egg"},{"floor":47,"key":"Golden Egg"},{"floor":48,"key":"Centennial Puzzle"}],"event_choices":[{"damage_healed":0.0,"max_hp_gain":0.0,"max_hp_loss":0.0,"gold_gain":0.0,"event_name":"Scrap Ooze","player_choice":"Success","floor":5.0,"gold_loss":0.0,"damage_taken":3.0,"relics_obtained":["Counterbalance"]},{"damage_healed":0.0,"max_hp_gain":5.0,"max_hp_loss":0.0,"gold_gain":0.0,"event_name":"Big Fish","player_choice":"Donut","floor":9.0,"gold_loss":0.0,"damage_taken":0.0},{"damage_healed":0.0,"max_hp_gain":0.0,"max_hp_loss":0.0,"gold_gain":0.0,"event_name":"Drug Dealer","player_choice":"Inject Mutagens","floor":27.0,"gold_loss":0.0,"damage_taken":0.0,"relics_obtained":["MutagenicStrength"]}],"is_beta":false,"boss_relics":[{"not_picked":["Sozu","Tiny House"],"picked":"bronze:PlatinumCore"},{"not_picked":["bronze:MakeshiftBattery","Kintsugi"],"picked":"Painkiller Herb"}],"items_purged_floors":[38],"is_endless":false,"potions_floor_spawned":[4,11,14,15,16,23,31,32,36,39,42,47],"ascension_level":1}}