{"host":"i45hfqkcke4zequp","time":1613534542,"event":{"mods":["AchievementEnabler","BaseMod","BetterRewards","Minty Spire (QoL Compilation)","Permanent Neow","Shop Mod","SuperFastMode"],"gold_per_floor":[109,109,109,129,149,149,149,181,181,181,195,195,226,243,243,318,318,328,357,456,59,59,59,74,88,88,118,137,137,137,153,153,229,229,244,254,33,51,70,98,149,184,184,184,184,184],"floor_reached":45,"language":"KOR","playtime":2803,"items_purged":[],"score":1102,"play_id":"56f664e1-5702-4ada-b1a8-e979bfc0dbd5","local_time":"20210217130222","is_ascension_mode":true,"campfire_choices":[{"floor":6.0,"key":"REST"},{"data":"Zap","floor":10.0,"key":"SMITH"},{"floor":15.0,"key":"REST"},{"data":"Rainbow","floor":23,"key":"SMITH"},{"floor":30,"key":"REST"},{"floor":32,"key":"REST"}],"circlet_count":0,"master_deck":["AscendersBane","Strike_B","Strike_B","Strike_B","Strike_B","Defend_B","Defend_B","Defend_B+1","Zap+1","Dualcast+1","Storm+1","Gash+1","Force Field","Chill","Go for the Eyes","Static Discharge+1","Sweeping Beam","Beam Cell","Static Discharge+1","Rainbow+1","Core Surge","Redo","Self Repair+1","Undo+1","Hello World+1","Magnetism+1","Madness","Conserve Battery","LessonLearned+1","Force Field","Well Laid Plans+1","MentalFortress+1","Devotion+1","Die Die Die+1","Dash+1","Ball Lightning+1","Storm+1","Rebound+1","Corruption+1","Exhume","Outmaneuver"],"relics":["Cracked Core","Frozen Egg 2","MerchantsRug","HornCleat","Incense Burner","Calipers","Eternal Feather","Prayer Wheel","SacredBark","Red Mask","PrismaticShard","Molten Egg 2","Bronze Scales","Busted Crown","Potion Belt","Blue Candle","Pocketwatch","Bottled Flame","Boot"],"acts_visited":["Exordium","TheCity","TheBeyond"],"potions_floor_usage":[16,19,27,42],"damage_taken":[{"damage":2.0,"enemies":"Jaw Worm","floor":1.0,"turns":3.0},{"damage":6.0,"enemies":"Small Slimes","floor":4.0,"turns":3.0},{"damage":7.0,"enemies":"Cultist","floor":5.0,"turns":4.0},{"damage":26.0,"enemies":"Gremlin Nob","floor":8.0,"turns":5.0},{"damage":1.0,"enemies":"Blue Slaver","floor":11.0,"turns":3.0},{"damage":17.0,"enemies":"3 Sentries","floor":13.0,"turns":8.0},{"damage":8.0,"enemies":"Exordium Thugs","floor":14.0,"turns":5.0},{"damage":13,"enemies":"Hexaghost","floor":16,"turns":7},{"damage":21,"enemies":"2 Thieves","floor":18,"turns":4},{"damage":10,"enemies":"Masked Bandits","floor":19,"turns":4},{"damage":8,"enemies":"Spheric Guardian","floor":24,"turns":3},{"damage":41,"enemies":"Shelled Parasite and Fungi","floor":25,"turns":5},{"damage":13,"enemies":"Gremlin Leader","floor":27,"turns":5},{"damage":22,"enemies":"Centurion and Healer","floor":28,"turns":5},{"damage":24,"enemies":"Snecko","floor":31,"turns":6},{"damage":20,"enemies":"Collector","floor":33,"turns":8},{"damage":14,"enemies":"3 Shapes","floor":35,"turns":3},{"damage":17,"enemies":"3 Darklings","floor":36,"turns":4},{"damage":15,"enemies":"Sphere and 2 Shapes","floor":38,"turns":3},{"damage":8,"enemies":"Jaw Worm Horde","floor":39,"turns":4},{"damage":28,"enemies":"Nemesis","floor":40,"turns":7},{"damage":2,"enemies":"2 Orb Walkers","floor":41,"turns":5},{"damage":27,"enemies":"Reptomancer","floor":42,"turns":5},{"damage":53,"enemies":"Giant Head","floor":45,"turns":6}],"seed_played":"3013779663918193122","potions_obtained":[{"floor":4.0,"key":"AttackPotion"},{"floor":11.0,"key":"Energy Potion"},{"floor":12.0,"key":"FairyPotion"},{"floor":14.0,"key":"AttackPotion"},{"floor":16,"key":"Weak Potion"},{"floor":24,"key":"LiquidBronze"},{"floor":28,"key":"SpeedPotion"},{"floor":36,"key":"Explosive Potion"},{"floor":38,"key":"FearPotion"}],"is_trial":false,"path_per_floor":["M","?","?","M","M","R","?","E","T","R","M","?","E","M","R","B",null,"M","?","?","$","?","R","M","M","T","E","M","?","R","M","R","B",null,"M","M","$","M","M","E","?","E","T","?","E"],"character_chosen":"DEFECT","items_purchased":["Frozen Egg 2","Storm+1","Gash","MerchantsRug","Hello World+1","Magnetism+1","PrismaticShard","Storm+1","Potion Belt"],"campfire_rested":4,"item_purchase_floors":[0,0,0,0,21,21,21,37,37],"current_hp_per_floor":[49,49,49,43,36,58,51,25,25,34,33,33,16,8,42,29,64,43,43,43,43,43,58,60,29,29,26,4,4,44,30,70,60,71,57,50,50,35,27,55,63,46,46,46,0,0],"gold":184,"neow_bonus":"","is_daily":false,"chose_seed":false,"campfire_upgraded":2,"win_rate":0.0,"timestamp":1613534542,"path_taken":["M","?","?","?","M","R","?","E","T","R","M","?","E","M","R","BOSS","M","?","?","?","?","R","M","M","T","E","?","?","R","M","R","BOSS","M","M","$","M","M","E","?","E","T","?","E"],"items_purchased_type":["Relic","Card","Card","Relic","Card","Card","Relic","Card","Relic"],"build_version":"2020-12-22","purchased_purges":0,"victory":false,"max_hp_per_floor":[75,75,75,75,75,75,75,75,75,75,75,75,75,75,75,75,75,75,75,75,75,75,75,75,75,75,75,75,75,75,75,75,75,75,75,75,75,75,75,75,75,75,75,75,75,75],"card_choices":[{"not_picked":["Stack","Chill"],"picked":"Force Field","floor":1.0},{"not_picked":["Redo","Skim"],"picked":"Go for the Eyes","floor":4.0},{"not_picked":["Recycle","Compile Driver"],"picked":"Static Discharge+1","floor":5.0},{"not_picked":["Coolheaded","Melter"],"picked":"Sweeping Beam","floor":8.0},{"not_picked":["Stack","Consume","Go for the Eyes"],"picked":"SKIP","floor":11.0},{"not_picked":["Double Energy","Fusion"],"picked":"Beam Cell","floor":13.0},{"not_picked":["Lockon","Recycle"],"picked":"Static Discharge+1","floor":14.0},{"not_picked":["Sweeping Beam","Cold Snap"],"picked":"Rainbow","floor":14.0},{"not_picked":["Multi-Cast","Reboot"],"picked":"Core Surge","floor":16},{"not_picked":["Cold Snap+1","Rebound"],"picked":"Redo","floor":18},{"not_picked":["Steam Power","Barrage"],"picked":"Self Repair+1","floor":18},{"not_picked":["Streamline","Fusion"],"picked":"Undo+1","floor":19},{"not_picked":["Eviscerate","True Grit"],"picked":"Anger","floor":24},{"not_picked":["Dodge and Roll","Prepared","Concentrate"],"picked":"SKIP","floor":24},{"not_picked":["Prepared","Tactician"],"picked":"Madness","floor":25},{"not_picked":["Dash","Cold Snap"],"picked":"Conserve Battery","floor":25},{"not_picked":["Pray","Prostrate"],"picked":"LessonLearned+1","floor":27},{"not_picked":["Noxious Fumes+1","FlyingSleeves+1"],"picked":"Force Field","floor":28},{"not_picked":["CrushJoints+1","Double Energy"],"picked":"Well Laid Plans+1","floor":28},{"not_picked":["FlurryOfBlows+1","Deep Breath"],"picked":"MentalFortress+1","floor":31},{"not_picked":["Crescendo","Go for the Eyes+1"],"picked":"Devotion+1","floor":31},{"not_picked":["Unload+1","Metamorphosis"],"picked":"Die Die Die+1","floor":33},{"not_picked":[],"picked":"Dash+1","floor":35},{"not_picked":["Worship+1"],"picked":"SKIP","floor":35},{"not_picked":[],"picked":"Ball Lightning+1","floor":36},{"not_picked":["Crescendo"],"picked":"SKIP","floor":36},{"not_picked":[],"picked":"Rebound+1","floor":38},{"not_picked":["Prepared"],"picked":"SKIP","floor":38},{"not_picked":[],"picked":"Corruption+1","floor":39},{"not_picked":["Deadly Poison"],"picked":"SKIP","floor":39},{"not_picked":[],"picked":"Exhume","floor":40},{"not_picked":[],"picked":"Outmaneuver","floor":41},{"not_picked":["ClearTheMind"],"picked":"SKIP","floor":42},{"not_picked":["ClearTheMind"],"picked":"SKIP","floor":42}],"player_experience":550009,"relics_obtained":[{"floor":8.0,"key":"Calipers"},{"floor":9.0,"key":"Eternal Feather"},{"floor":13.0,"key":"Prayer Wheel"},{"floor":19,"key":"Red Mask"},{"floor":26,"key":"Molten Egg 2"},{"floor":27,"key":"Bronze Scales"},{"floor":40,"key":"Blue Candle"},{"floor":41,"key":"Pocketwatch"},{"floor":42,"key":"Bottled Flame"},{"floor":43,"key":"Boot"}],"event_choices":[{"damage_healed":0.0,"max_hp_gain":0.0,"max_hp_loss":0.0,"gold_gain":0.0,"event_name":"Big Fish","player_choice":"Box","floor":2.0,"gold_loss":0.0,"damage_taken":0.0,"relics_obtained":["HornCleat"],"cards_obtained":["Regret"]},{"damage_healed":0.0,"max_hp_gain":0.0,"max_hp_loss":0.0,"gold_gain":0.0,"cards_transformed":["Defend_B"],"event_name":"Transmorgrifier","player_choice":"Transformed","floor":3.0,"gold_loss":0.0,"damage_taken":0.0,"cards_obtained":["Chill"]},{"damage_healed":0.0,"max_hp_gain":0.0,"max_hp_loss":0.0,"gold_gain":0.0,"event_name":"Scrap Ooze","player_choice":"Success","floor":7.0,"gold_loss":0.0,"damage_taken":7.0,"relics_obtained":["Incense Burner"]},{"damage_healed":0.0,"max_hp_gain":0.0,"max_hp_loss":0.0,"gold_gain":0.0,"event_name":"Lab","player_choice":"Got Potions","floor":12.0,"gold_loss":0.0,"damage_taken":0.0},{"damage_healed":0,"gold_gain":0,"player_choice":"Fought Bandits","damage_taken":0,"max_hp_gain":0,"max_hp_loss":0,"event_name":"Masked Bandits","floor":19,"gold_loss":0},{"damage_healed":0,"gold_gain":99,"player_choice":"Stole From Cult","damage_taken":0,"max_hp_gain":0,"max_hp_loss":0,"event_name":"Nest","floor":20,"gold_loss":0},{"damage_healed":0,"gold_gain":0,"player_choice":"Upgraded","damage_taken":0,"max_hp_gain":0,"max_hp_loss":0,"event_name":"Upgrade Shrine","floor":22,"gold_loss":0,"cards_upgraded":["Dualcast"]},{"cards_removed":["Regret"],"damage_healed":0,"gold_gain":0,"player_choice":"Elegance","damage_taken":0,"max_hp_gain":0,"max_hp_loss":0,"event_name":"Back to Basics","floor":29,"gold_loss":0},{"damage_healed":0,"gold_gain":0,"player_choice":"Fight","damage_taken":0,"max_hp_gain":0,"max_hp_loss":0,"event_name":"Mysterious Sphere","floor":41,"gold_loss":0},{"cards_removed":["Anger"],"damage_healed":0,"gold_gain":0,"player_choice":"Removed Attack","damage_taken":0,"max_hp_gain":0,"max_hp_loss":0,"event_name":"Falling","floor":44,"gold_loss":0}],"is_beta":false,"boss_relics":[{"not_picked":["Snecko Eye","Runic Pyramid"],"picked":"SacredBark"},{"not_picked":["Coffee Dripper","FrozenCore"],"picked":"Busted Crown"}],"items_purged_floors":[],"is_endless":false,"potions_floor_spawned":[4,11,14,16,24,25,28,36,38],"killed_by":"Giant Head","ascension_level":13}}