{"host":"jwpp8hxpigr0nknu","time":1613533453,"event":{"mods":["BaseMod","BetterRewards","Colored Map","Colored Powertips","Minty Spire (QoL Compilation)","Rare Cards Sparkle","Shop Mod","StSLib"],"gold_per_floor":[113,113,131,131,144,179,179,214,239,264,264,264,329,329,329],"floor_reached":14,"language":"ENG","playtime":2011,"items_purged":[],"score":168,"play_id":"d3e64527-1f48-402a-9078-0afe58684980","local_time":"20210216214413","daily_mods":["Draft","Purple Cards","Heirloom","Flight","DeadlyEvents","Elite Swarm"],"is_ascension_mode":true,"campfire_choices":[{"data":"LessonLearned","floor":7,"key":"SMITH"},{"data":"Wish","floor":11,"key":"SMITH"},{"data":"Crippling Poison","floor":12,"key":"SMITH"}],"circlet_count":0,"master_deck":["WaveOfTheHand","PathToVictory","WaveOfTheHand","PathToVictory+1","ThirdEye+1","Backflip","Crippling Poison+1","Nirvana","Dodge and Roll+1","Poisoned Stab","JustLucky","InnerPeace","EmptyBody","ThirdEye","DeceiveReality+1","Acrobatics","LessonLearned+1","DeusExMachina","Wish+1","Corpse Explosion"],"relics":["Ring of the Snake","Tingsha","Oddly Smooth Stone","Strawberry","Potion Belt","Turnip","Ornamental Fan"],"acts_visited":["Exordium"],"potions_floor_usage":[8,8,13,14],"damage_taken":[{"damage":5,"enemies":"Cultist","floor":1,"turns":5},{"damage":1,"enemies":"2 Louse","floor":3,"turns":3},{"damage":0,"enemies":"Small Slimes","floor":5,"turns":4},{"damage":9,"enemies":"Lagavulin","floor":6,"turns":8},{"damage":29,"enemies":"3 Sentries","floor":8,"turns":10},{"damage":15,"enemies":"Gremlin Nob","floor":10,"turns":5},{"damage":6,"enemies":"3 Sentries","floor":13,"turns":11},{"damage":18,"enemies":"Gremlin Nob","floor":14,"turns":3}],"seed_played":"-8037178026902709834","potions_obtained":[{"floor":1,"key":"LiquidBronze"},{"floor":5,"key":"SteroidPotion"},{"floor":6,"key":"Regen Potion"},{"floor":10,"key":"PowerPotion"}],"is_trial":true,"path_per_floor":["M","?","M","?","M","E","R","E","T","E","R","R","E","E"],"character_chosen":"THE_SILENT","items_purchased":[],"campfire_rested":0,"item_purchase_floors":[],"current_hp_per_floor":[58,51,50,50,50,41,41,34,34,19,19,19,13,0,0],"gold":329,"neow_bonus":"","is_daily":false,"chose_seed":false,"campfire_upgraded":3,"win_rate":0.0,"timestamp":1613533453,"path_taken":["M","?","M","?","?","E","R","E","T","E","R","R","E","E"],"items_purchased_type":[],"build_version":"2020-12-22","purchased_purges":0,"victory":false,"max_hp_per_floor":[70,70,70,70,70,70,70,77,77,77,77,77,77,77,77],"card_choices":[{"not_picked":["Deflect","Flying Knee"],"picked":"WaveOfTheHand","floor":0},{"not_picked":["ForeignInfluence","ReachHeaven"],"picked":"PathToVictory","floor":0},{"not_picked":["Consecrate","Flying Knee"],"picked":"WaveOfTheHand","floor":0},{"not_picked":["SignatureMove","Blade Dance"],"picked":"Dagger Throw","floor":0},{"not_picked":["LikeWater","Wireheading"],"picked":"PathToVictory","floor":0},{"not_picked":["MentalFortress","Choke"],"picked":"ThirdEye","floor":0},{"not_picked":["Calculated Gamble","WindmillStrike"],"picked":"Backflip","floor":0},{"not_picked":["Flechettes","Halt"],"picked":"Crippling Poison","floor":0},{"not_picked":["Sucker Punch","FlurryOfBlows"],"picked":"Nirvana","floor":0},{"not_picked":["Calculated Gamble","Well Laid Plans"],"picked":"Dodge and Roll","floor":0},{"not_picked":["BowlingBash","Finisher"],"picked":"Poisoned Stab","floor":0},{"not_picked":["Backflip","EmptyFist"],"picked":"JustLucky","floor":0},{"not_picked":["Worship","BowlingBash"],"picked":"InnerPeace","floor":0},{"not_picked":["Eviscerate","EmptyFist"],"picked":"EmptyBody","floor":0},{"not_picked":["Crescendo","CutThroughFate"],"picked":"ThirdEye","floor":0},{"not_picked":["WaveOfTheHand","Blade Dance"],"picked":"DeceiveReality","floor":1},{"not_picked":["ClearTheMind","Adaptation","Infinite Blades"],"picked":"SKIP","floor":3},{"not_picked":["Underhanded Strike","TalkToTheHand"],"picked":"Acrobatics","floor":5},{"not_picked":["Establishment","Doppelganger"],"picked":"LessonLearned","floor":6},{"not_picked":["Brilliance","Night Terror"],"picked":"DeusExMachina","floor":8},{"not_picked":["A Thousand Cuts","Blasphemy"],"picked":"Wish","floor":10},{"not_picked":["Die Die Die","Grand Finale"],"picked":"Corpse Explosion","floor":13}],"player_experience":395470,"relics_obtained":[{"floor":6,"key":"Oddly Smooth Stone"},{"floor":8,"key":"Strawberry"},{"floor":9,"key":"Potion Belt"},{"floor":10,"key":"Turnip"},{"floor":13,"key":"Ornamental Fan"}],"event_choices":[{"cards_removed":["Dagger Throw"],"damage_healed":0,"gold_gain":0,"player_choice":"Card Removal","damage_taken":7,"max_hp_gain":0,"max_hp_loss":0,"event_name":"Golden Wing","floor":2,"gold_loss":0},{"damage_healed":0,"gold_gain":0,"player_choice":"Forge","damage_taken":0,"max_hp_gain":0,"max_hp_loss":0,"event_name":"Accursed Blacksmith","floor":4,"gold_loss":0,"cards_upgraded":["PathToVictory"]}],"is_beta":false,"boss_relics":[],"items_purged_floors":[],"is_endless":true,"potions_floor_spawned":[1,5,6,10],"killed_by":"Gremlin Nob","ascension_level":9}}