{"host":"8zllkaobjs9c5ou9","time":1613523154,"event":{"mods":["BaseMod","Bestiary","Colored Powertips","Downfall","Googly Eyes","Highlight Path","Minty Spire (QoL Compilation)","StSLib","Steal the Spire"],"gold_per_floor":[99,118,136,136,146,46,97,109,129,129,145,176,176,17,28,132,132,32,52,64,74,102,2,29,29,29,48,64,64,49,59,73,169,169,169,184,184,184,201,305,305,332,332,332,345,345,356,125,145,145,145,145],"floor_reached":50,"language":"ENG","playtime":1867,"items_purged":["Pain"],"score":493,"play_id":"ae7c424d-e261-4f2d-8322-f7a2b5780f65","local_time":"20210216195234","is_ascension_mode":true,"campfire_choices":[{"floor":1,"key":"RECALL"},{"data":"bronze:Replicate","floor":6,"key":"SMITH"},{"data":"bronze:FineTuning","floor":10,"key":"SMITH"},{"data":"bronze:Iterate","floor":13,"key":"SMITH"},{"data":"bronze:FineTuning","floor":18,"key":"SMITH"},{"floor":23,"key":"REST"},{"data":"bronze:Flail","floor":26,"key":"SMITH"},{"data":"bronze:Verify","floor":29,"key":"SMITH"},{"data":"bronze:Turbo","floor":35,"key":"SMITH"},{"data":"bronze:Iterate","floor":43,"key":"SMITH"},{"floor":46,"key":"REST"}],"circlet_count":0,"master_deck":["bronze:Strike","bronze:Strike","bronze:Strike","bronze:Defend","bronze:Defend","bronze:Defend","bronze:Defend","bronze:Replicate+1","bronze:Goto+1","bronze:Repair","bronze:BronzeArmor","bronze:Iterate+1","bronze:FineTuning+1","bronze:Flail+1","bronze:Verify+1","Trip+1","bronze:Branch","bronze:FineTuning+1","bronze:Assembly+1","CurseOfTheBell","bronze:ChosenStrike","bronze:BronzeOrb","bronze:Iterate+1","bronze:Turbo+1","bronze:Repair+1","bronze:Iterate","bronze:FineTuning+1","bronze:Shell+1","bronze:InfiniteBeams","bronze:Deprecate"],"relics":["bronze:PlatinumCore","WarpedTongs","downfall:HeartBlessingRed","Blood Vial","Calling Bell","Vajra","Shuriken","Guardian:GemstoneGun","downfall:HeartBlessingBlue","Red Mask","downfall:HeartBlessingGreen","bronze:SilverBullet","White Beast Statue","Oddly Smooth Stone","Letter Opener","Art of War","TheAbacus"],"acts_visited":["Exordium","TheCity","TheBeyond"],"potions_floor_usage":[12,12,12,33,33,36,45,45,47,50,50],"damage_taken":[{"damage":0,"enemies":"Cultist","floor":2,"turns":4},{"damage":0,"enemies":"Small Slimes","floor":3,"turns":3},{"damage":10,"enemies":"Jaw Worm","floor":5,"turns":5},{"damage":26,"enemies":"Exordium Thugs","floor":8,"turns":4},{"damage":16,"enemies":"Large Slime","floor":9,"turns":4},{"damage":7,"enemies":"Blue Slaver","floor":11,"turns":3},{"damage":26,"enemies":"Lagavulin","floor":12,"turns":3},{"damage":6,"enemies":"downfall:FleeingMerchant","floor":14,"turns":4},{"damage":0,"enemies":"downfall:LooterAlt","floor":15,"turns":2},{"damage":12,"enemies":"SI_SHIV_ARCHETYPE","floor":16,"turns":5},{"damage":3,"enemies":"3 Byrds","floor":19,"turns":3},{"damage":28,"enemies":"downfall:LooterAlt2","floor":20,"turns":5},{"damage":12,"enemies":"Centurion and Healer","floor":21,"turns":5},{"damage":14,"enemies":"Masked Bandits","floor":22,"turns":3},{"damage":2,"enemies":"Snake Plant","floor":27,"turns":3},{"damage":20,"enemies":"3 Cultists","floor":28,"turns":5},{"damage":1,"enemies":"downfall:FleeingMerchant","floor":30,"turns":4},{"damage":23,"enemies":"Centurion and Healer","floor":31,"turns":5},{"damage":8,"enemies":"Sentry and Sphere","floor":32,"turns":3},{"damage":19,"enemies":"WA_ARCHETYPE_CALM","floor":33,"turns":5},{"damage":12,"enemies":"Orb Walker","floor":36,"turns":4},{"damage":1,"enemies":"3 Shapes","floor":39,"turns":3},{"damage":14,"enemies":"downfall:FleeingMerchant","floor":40,"turns":4},{"damage":35,"enemies":"Transient","floor":45,"turns":5},{"damage":27,"enemies":"Writhing Mass","floor":47,"turns":6},{"damage":4,"enemies":"4 Shapes","floor":49,"turns":2},{"damage":93,"enemies":"DF_ARCHETYPE_ORBS","floor":50,"turns":7}],"seed_played":"4454914845970049782","potions_obtained":[{"floor":2,"key":"Energy Potion"},{"floor":5,"key":"champ:CounterPotion"},{"floor":9,"key":"Fire Potion"},{"floor":15,"key":"Slimebound:ThreeZeroPotion"},{"floor":22,"key":"LiquidBronze"},{"floor":27,"key":"Dexterity Potion"},{"floor":32,"key":"DistilledChaos"},{"floor":33,"key":"BlessingOfTheForge"},{"floor":36,"key":"LiquidMemories"},{"floor":39,"key":"Weak Potion"},{"floor":40,"key":"Regen Potion"},{"floor":45,"key":"SpeedPotion"},{"floor":47,"key":"FearPotion"},{"floor":49,"key":"ColorlessPotion"}],"is_trial":false,"path_per_floor":["R","M","M","?","M","R","T","M","M","R","M","E","R","$","M","B",null,"R","M","M","M","?","R","T","T","R","M","M","R","$","M","M","B",null,"R","M","?","?","M","$","T","T","R","?","M","R","M","$","M","B"],"character_chosen":"THE_AUTOMATON","items_purchased":["Trip","bronze:Branch","Oddly Smooth Stone","bronze:InfiniteBeams","TheAbacus"],"campfire_rested":2,"item_purchase_floors":[14,14,40,48,48],"current_hp_per_floor":[70,70,70,70,67,67,67,48,42,42,43,24,24,20,32,29,70,80,79,52,49,37,61,61,61,61,71,60,60,68,54,48,38,80,80,75,67,67,79,79,79,79,79,79,47,71,57,57,65,0,0,0],"gold":145,"neow_bonus":"UPGRADE_CARD","is_daily":false,"chose_seed":false,"campfire_upgraded":8,"win_rate":0.0,"timestamp":1613523154,"path_taken":["R","M","M","?","?","R","T","M","M","R","M","E","R","$","M","BOSS","R","M","M","M","?","R","T","?","R","M","M","R","$","?","M","BOSS","R","M","?","?","M","$","T","?","R","?","M","R","M","$","M","BOSS"],"items_purchased_type":["Card","Card","Relic","Card","Relic"],"build_version":"2020-12-22","purchased_purges":1,"victory":false,"max_hp_per_floor":[70,70,70,70,70,70,70,70,70,70,70,70,70,70,70,70,70,80,80,80,80,80,80,80,80,80,80,80,80,80,80,80,80,80,80,80,80,80,80,80,80,80,80,80,80,80,80,80,80,80,80,80],"card_choices":[{"not_picked":["bronze:Repulsor","bronze:Terminator"],"picked":"bronze:Repair","floor":2},{"not_picked":["bronze:NullPointer","bronze:Deprecate"],"picked":"bronze:BronzeArmor","floor":3},{"not_picked":["bronze:WildBeam","bronze:Deprecate"],"picked":"bronze:Iterate","floor":5},{"not_picked":["bronze:NullPointer","bronze:BugBarrage"],"picked":"bronze:FineTuning","floor":8},{"not_picked":["bronze:DelayedGuard","bronze:Separator"],"picked":"bronze:Flail","floor":9},{"not_picked":["bronze:DelayedSlice","bronze:DelayedGuard"],"picked":"bronze:Fortify","floor":11},{"not_picked":["bronze:NullPointer","bronze:DelayedGuard","bronze:BugBarrage"],"picked":"SKIP","floor":12},{"not_picked":["bronze:ChildClass","bronze:Turbo"],"picked":"bronze:Verify","floor":14},{"not_picked":["bronze:WildBeam","bronze:Shield"],"picked":"bronze:FineTuning","floor":15},{"not_picked":["bronze:Break","bronze:Verify"],"picked":"bronze:Assembly","floor":16},{"not_picked":["bronze:Shield","bronze:WildBeam","bronze:Philosophize"],"picked":"SKIP","floor":19},{"not_picked":["bronze:OilSpill+1","bronze:Shield+1"],"picked":"bronze:ChosenStrike","floor":20},{"not_picked":["bronze:Backtrace+1","bronze:Overload","bronze:WhirlingStrike"],"picked":"SKIP","floor":21},{"not_picked":["bronze:ForLoop","bronze:Deprecate"],"picked":"bronze:BronzeOrb","floor":27},{"not_picked":["bronze:BronzeOrb","bronze:OilSpill","bronze:Shield"],"picked":"SKIP","floor":28},{"not_picked":["bronze:NullPointer+1","bronze:Deprecate"],"picked":"bronze:Iterate","floor":30},{"not_picked":["bronze:BitShift+1","bronze:Philosophize"],"picked":"bronze:Turbo","floor":31},{"not_picked":["bronze:Safeguard","bronze:ClassDefault","bronze:HyperBeam"],"picked":"SKIP","floor":32},{"not_picked":["bronze:Shield","bronze:Turbo"],"picked":"bronze:Repair+1","floor":36},{"not_picked":["bronze:Frontload+1","bronze:WildBeam"],"picked":"bronze:Iterate","floor":39},{"not_picked":["bronze:Flail+1","bronze:BronzeArmor+1","bronze:Invalidate+1"],"picked":"SKIP","floor":40},{"not_picked":["bronze:Philosophize+1","bronze:Turbo+1"],"picked":"bronze:FineTuning+1","floor":45},{"not_picked":["bronze:Shield+1","bronze:BitShift+1"],"picked":"bronze:Shell+1","floor":47},{"not_picked":["bronze:Branch+1","bronze:Separator+1"],"picked":"bronze:Deprecate","floor":49}],"player_experience":515744,"relics_obtained":[{"floor":12,"key":"Blood Vial"},{"floor":17,"key":"Vajra"},{"floor":17,"key":"Shuriken"},{"floor":17,"key":"Guardian:GemstoneGun"},{"floor":22,"key":"Red Mask"},{"floor":24,"key":"bronze:SilverBullet"},{"floor":25,"key":"White Beast Statue"},{"floor":41,"key":"Letter Opener"},{"floor":42,"key":"Art of War"}],"event_choices":[{"damage_healed":0,"gold_gain":0,"player_choice":"Fought Bandits","damage_taken":0,"max_hp_gain":0,"max_hp_loss":0,"event_name":"Masked Bandits","floor":22,"gold_loss":0},{"cards_removed":["bronze:Fortify"],"damage_healed":0,"gold_gain":0,"player_choice":"Removed Attack","damage_taken":0,"max_hp_gain":0,"max_hp_loss":0,"event_name":"Falling","floor":38,"gold_loss":0}],"is_beta":false,"boss_relics":[{"not_picked":["Runic Dome","Busted Crown"],"picked":"Calling Bell"},{"not_picked":["SacredBark","Black Star"],"picked":"bronze:PlatinumCore"}],"items_purged_floors":[40],"is_endless":false,"potions_floor_spawned":[2,5,9,11,15,22,27,28,30,31,32,33,36,39,40,45,47,49],"killed_by":"DF_ARCHETYPE_ORBS","ascension_level":2}}