{"host":"tzwikg9s6mkzv6w0","time":1613533193,"event":{"mods":["BaseMod","Good Game Mod","Minty Spire (QoL Compilation)","Spicy Shops","StSLib"],"gold_per_floor":[110,110,110,125,28,58,58,86,86,86,86],"floor_reached":10,"language":"ZHS","playtime":424,"items_purged":[],"score":111,"play_id":"d60da215-a35d-4cc1-ae13-f62f0cded914","local_time":"20210217113953","is_ascension_mode":true,"campfire_choices":[{"floor":7.0,"key":"REST"}],"circlet_count":0,"master_deck":["AscendersBane","Strike_G","Strike_G","Defend_G","Defend_G","Defend_G","Defend_G","Survivor","Neutralize","Adrenaline","Cloak And Dagger","Deep Breath","Storm of Steel","Prepared"],"relics":["REME:ComplimentaryCards","Empty Cage","FossilizedHelix","Bag of Preparation","Girya"],"acts_visited":["Exordium"],"potions_floor_usage":[8],"damage_taken":[{"damage":5.0,"enemies":"Jaw Worm","floor":1.0,"turns":6.0},{"damage":0.0,"enemies":"2 Louse","floor":4.0,"turns":3.0},{"damage":37.0,"enemies":"Lagavulin","floor":6.0,"turns":11.0},{"damage":22,"enemies":"3 Sentries","floor":8,"turns":17},{"damage":17,"enemies":"Gremlin Nob","floor":10,"turns":4}],"seed_played":"-1444231521346489966","potions_obtained":[{"floor":4.0,"key":"PowerPotion"},{"floor":6.0,"key":"Swift Potion"}],"is_trial":false,"path_per_floor":["M","?","?","M","$","E","R","E","T","E"],"character_chosen":"THE_SILENT","items_purchased":["Deep Breath"],"campfire_rested":1,"item_purchase_floors":[5],"current_hp_per_floor":[58,51,51,51,51,14,35,13,13,0,0],"gold":86,"neow_bonus":"BOSS_RELIC","is_daily":false,"chose_seed":false,"campfire_upgraded":0,"win_rate":0.0,"timestamp":1613533193,"path_taken":["M","?","?","M","?","E","R","E","T","E"],"items_purchased_type":["Card"],"build_version":"2020-12-22","purchased_purges":0,"victory":false,"max_hp_per_floor":[70,70,70,70,70,70,70,70,70,70,70],"card_choices":[{"not_picked":["Choke","Bane","Noxious Fumes"],"picked":"SKIP","floor":1.0},{"not_picked":["Dodge and Roll","PiercingWail"],"picked":"Cloak And Dagger","floor":4.0},{"not_picked":["Cloak And Dagger","Well Laid Plans"],"picked":"Storm of Steel","floor":6.0},{"not_picked":["Flying Knee","Setup"],"picked":"Prepared","floor":8}],"player_experience":111247,"relics_obtained":[{"floor":6.0,"key":"FossilizedHelix"},{"floor":8,"key":"Bag of Preparation"},{"floor":9,"key":"Girya"}],"event_choices":[{"cards_removed":["Strike_G"],"damage_healed":0.0,"max_hp_gain":0.0,"max_hp_loss":0.0,"gold_gain":0.0,"event_name":"Golden Wing","player_choice":"Card Removal","floor":2.0,"gold_loss":0.0,"damage_taken":7.0},{"cards_removed":["Strike_G"],"damage_healed":0.0,"max_hp_gain":0.0,"max_hp_loss":0.0,"gold_gain":0.0,"event_name":"Living Wall","player_choice":"Forget","floor":3.0,"gold_loss":0.0,"damage_taken":0.0}],"is_beta":false,"boss_relics":[],"items_purged_floors":[],"is_endless":false,"potions_floor_spawned":[4,6],"killed_by":"Gremlin Nob","ascension_level":10}}