{"host":"ndpbn7fqb3wjbd7p","time":1613585429,"event":{"mods":["AchievementEnabler","Act Like it!","AlwaysNeverKeys","BaseMod","Better Vampires","Block Reminder","Colored Powertips","DeckTracker","Defuse TimeMaze Blight","Friendly Minions","Highlight Path","MarisaÅiñ∂âJÅ@ñÇóùçπÅj","Minty Spire (QoL Compilation)","Permanent Neow","Shade Mod","StSLib","SuperFastMode","Synergy Search","The Mystic","Unceasing Turn Reminder","Wandering Minibosses"],"gold_per_floor":[12,27,27,39,39,39,51,51,77,77,93,93,109,34,34,34,34],"floor_reached":16,"language":"ENG","playtime":533,"items_purged":["Strike_B"],"score":152,"play_id":"cc0ca534-1517-4b6c-ab9d-9230785fdf54","local_time":"20210217191029","is_ascension_mode":true,"campfire_choices":[{"data":"Zap","floor":6,"key":"SMITH"},{"data":"Conserve Battery","floor":8,"key":"SMITH"},{"data":"Blizzard","floor":10,"key":"SMITH"},{"data":"Defend_B","floor":15,"key":"SMITH"}],"circlet_count":0,"master_deck":["AscendersBane","Strike_B","Strike_B","Defend_B+1","Defend_B","Defend_B","Zap+1","Blizzard+1","FTL","Compile Driver","Conserve Battery+1"],"relics":["Cracked Core","Bronze Scales"],"acts_visited":["Exordium"],"potions_floor_usage":[11,16,16],"damage_taken":[{"damage":1,"enemies":"Cultist","floor":1,"turns":4},{"damage":8,"enemies":"Jaw Worm","floor":2,"turns":4},{"damage":3,"enemies":"2 Louse","floor":4,"turns":3},{"damage":0,"enemies":"Large Slime","floor":7,"turns":4},{"damage":2,"enemies":"3 Louse","floor":11,"turns":2},{"damage":6,"enemies":"Red Slaver","floor":13,"turns":9},{"damage":57,"enemies":"Slime Boss","floor":16,"turns":8}],"seed_played":"5158333977787351371","potions_obtained":[{"floor":2,"key":"SkillPotion"},{"floor":4,"key":"PowerPotion"},{"floor":7,"key":"Explosive Potion"},{"floor":13,"key":"PotionOfCapacity"}],"is_trial":false,"path_per_floor":["M","M","?","M","?","R","M","R","T","R","M","?","M","$","R","B"],"character_chosen":"DEFECT","items_purchased":[],"campfire_rested":0,"item_purchase_floors":[],"current_hp_per_floor":[67,59,59,56,61,61,61,61,61,61,59,59,53,53,53,0,0],"gold":34,"neow_bonus":"REMOVE_TWO","is_daily":false,"chose_seed":false,"campfire_upgraded":4,"win_rate":0.0,"timestamp":1613585429,"path_taken":["M","M","?","?","?","R","M","R","T","R","M","?","M","$","R","BOSS"],"items_purchased_type":[],"build_version":"2020-12-22","purchased_purges":1,"victory":false,"max_hp_per_floor":[75,75,75,75,80,80,80,80,80,80,80,80,80,80,80,80,80],"card_choices":[{"not_picked":["Hologram","Rebound"],"picked":"Blizzard","floor":1},{"not_picked":["Barrage","Leap"],"picked":"FTL","floor":2},{"not_picked":["Hologram","Stack","Steam"],"picked":"SKIP","floor":4},{"not_picked":["Darkness","Gash"],"picked":"Conserve Battery","floor":7},{"not_picked":["Go for the Eyes","Rebound","Compile Driver"],"picked":"SKIP","floor":11},{"not_picked":["Go for the Eyes","Beam Cell","Streamline"],"picked":"SKIP","floor":13},{"not_picked":["Go for the Eyes","Beam Cell","Streamline"],"picked":"SKIP","floor":13}],"player_experience":1223224,"relics_obtained":[{"floor":9,"key":"Bronze Scales"}],"event_choices":[{"damage_healed":0,"gold_gain":0,"cards_transformed":["Defend_B"],"player_choice":"Transformed","damage_taken":0,"max_hp_gain":0,"max_hp_loss":0,"event_name":"Transmorgrifier","floor":3,"gold_loss":0,"cards_obtained":["Compile Driver"]},{"damage_healed":0,"gold_gain":0,"player_choice":"Donut","damage_taken":0,"max_hp_gain":5,"max_hp_loss":0,"event_name":"Big Fish","floor":5,"gold_loss":0},{"damage_healed":0,"gold_gain":0,"player_choice":"Ignored","damage_taken":0,"max_hp_gain":0,"max_hp_loss":0,"event_name":"Liars Game","floor":12,"gold_loss":0}],"is_beta":false,"boss_relics":[],"items_purged_floors":[14],"is_endless":false,"potions_floor_spawned":[2,4,7,13],"killed_by":"Slime Boss","ascension_level":13}}