{"host":"qc268ltokmxwqyrx","time":1613541879,"event":{"mods":["BaseMod","Colored Map","Colored Powertips","Minty Spire (QoL Compilation)","Relic Stats","Slay the Relics Exporter","StSLib","ojb\u0027s Info Mod"],"gold_per_floor":[115,190,207,207,50,77,89,114,179,191,228,240,272,313,325,433,445,473,500,512,537,549,549],"floor_reached":22,"language":"ENG","playtime":1535,"items_purged":["Defend_P"],"score":311,"play_id":"0f2ae437-adde-41cd-9043-4d5754eb39ab","local_time":"20210217000439","is_ascension_mode":true,"campfire_choices":[{"data":"Adaptation","floor":7.0,"key":"SMITH"},{"data":"Eruption","floor":10.0,"key":"SMITH"},{"floor":12.0,"key":"REST"},{"data":"Scrawl","floor":15,"key":"SMITH"}],"circlet_count":0,"master_deck":["Strike_P","Strike_P","Strike_P","Defend_P","Defend_P","Defend_P","Eruption+1","Vigilance","SashWhip","PathToVictory","Wireheading","Adaptation+1","JustLucky","WaveOfTheHand","Protect","Scrawl+1","Alpha","FlurryOfBlows","Crescendo"],"relics":["PureWater","MawBank","Toy Ornithopter","Akabeko","Meat on the Bone","SacredBark"],"acts_visited":["Exordium","TheCity"],"potions_floor_usage":[13,18,22],"damage_taken":[{"damage":0.0,"enemies":"2 Louse","floor":1.0,"turns":2.0},{"damage":0.0,"enemies":"Cultist","floor":3.0,"turns":2.0},{"damage":22.0,"enemies":"3 Sentries","floor":6.0,"turns":11.0},{"damage":4.0,"enemies":"Jaw Worm","floor":8.0,"turns":4.0},{"damage":10.0,"enemies":"Lagavulin","floor":11.0,"turns":5.0},{"damage":1,"enemies":"Lots of Slimes","floor":13,"turns":2},{"damage":5,"enemies":"3 Sentries","floor":14,"turns":8},{"damage":39,"enemies":"The Guardian","floor":16,"turns":15},{"damage":2,"enemies":"3 Byrds","floor":18,"turns":3},{"damage":29,"enemies":"2 Thieves","floor":19,"turns":3},{"damage":15,"enemies":"Chosen and Byrds","floor":21,"turns":4},{"damage":78,"enemies":"Shelled Parasite and Fungi","floor":22,"turns":9}],"seed_played":"8584458350048085232","potions_obtained":[{"floor":0.0,"key":"Fruit Juice"},{"floor":0.0,"key":"Fire Potion"},{"floor":0.0,"key":"SkillPotion"},{"floor":1.0,"key":"PowerPotion"},{"floor":8.0,"key":"Explosive Potion"},{"floor":14,"key":"DistilledChaos"},{"floor":16,"key":"Fruit Juice"},{"floor":19,"key":"FearPotion"}],"is_trial":false,"path_per_floor":["M","?","M","?","$","E","R","M","T","R","E","R","M","E","R","B",null,"M","M","?","M","M"],"character_chosen":"WATCHER","items_purchased":["Wireheading","Weak Potion"],"campfire_rested":1,"item_purchase_floors":[5,5],"current_hp_per_floor":[65,54,54,54,59,37,37,33,33,33,28,51,55,50,50,23,64,67,50,77,62,0,0],"gold":549,"neow_bonus":"THREE_SMALL_POTIONS","is_daily":false,"chose_seed":false,"campfire_upgraded":3,"win_rate":0.0,"timestamp":1613541879,"path_taken":["M","?","M","?","$","E","R","M","T","R","E","R","M","E","R","BOSS","M","?","?","M","?"],"items_purchased_type":["Card","Potion"],"build_version":"2020-12-22","purchased_purges":1,"victory":false,"max_hp_per_floor":[72,72,72,72,77,77,77,77,77,77,77,77,77,77,77,77,77,77,77,77,77,87,87],"relic_stats":{"counters":[12,68],"MawBank":192,"obtain_stats":[{"SacredBark":17,"PureWater":0,"MawBank":6,"Toy Ornithopter":9,"Akabeko":11,"Meat on the Bone":14},{"SacredBark":8,"PureWater":0,"MawBank":3,"Toy Ornithopter":4,"Akabeko":5,"Meat on the Bone":7},{"SacredBark":49,"PureWater":0,"MawBank":15,"Toy Ornithopter":19,"Akabeko":24,"Meat on the Bone":34}],"Toy Ornithopter":20,"Meat on the Bone":24},"card_choices":[{"not_picked":["ThirdEye","WaveOfTheHand"],"picked":"SashWhip","floor":1.0},{"not_picked":["Crescendo","Perseverance"],"picked":"PathToVictory","floor":3.0},{"not_picked":["FlurryOfBlows","Nirvana"],"picked":"Adaptation","floor":6.0},{"not_picked":["EmptyMind","FlyingSleeves"],"picked":"JustLucky","floor":8.0},{"not_picked":["Weave","FollowUp"],"picked":"WaveOfTheHand","floor":11.0},{"not_picked":["FollowUp","FlurryOfBlows"],"picked":"Protect","floor":13},{"not_picked":["EmptyBody","Wallop"],"picked":"Scrawl","floor":14},{"not_picked":["Scrawl","Devotion"],"picked":"Alpha","floor":16},{"not_picked":["PathToVictory","FlurryOfBlows"],"picked":"Worship+1","floor":18},{"not_picked":["SignatureMove","Wallop"],"picked":"FlurryOfBlows","floor":19},{"not_picked":["Worship","PathToVictory"],"picked":"Crescendo","floor":21}],"player_experience":1825727,"relics_obtained":[{"floor":6.0,"key":"MawBank"},{"floor":9.0,"key":"Toy Ornithopter"},{"floor":11.0,"key":"Akabeko"},{"floor":14,"key":"Meat on the Bone"}],"event_choices":[{"damage_healed":0.0,"max_hp_gain":0.0,"max_hp_loss":0.0,"gold_gain":75.0,"event_name":"World of Goop","player_choice":"Gather Gold","floor":2.0,"gold_loss":0.0,"damage_taken":11.0},{"cards_removed":["Strike_P"],"damage_healed":0.0,"max_hp_gain":0.0,"max_hp_loss":0.0,"gold_gain":0.0,"event_name":"Purifier","player_choice":"Purged","floor":4.0,"gold_loss":0.0,"damage_taken":0.0},{"cards_removed":["Worship"],"damage_healed":27,"gold_gain":0,"player_choice":"Offered Uncommon","damage_taken":0,"max_hp_gain":0,"max_hp_loss":0,"event_name":"Bonfire Elementals","floor":20,"gold_loss":0}],"is_beta":false,"boss_relics":[{"not_picked":["VioletLotus","Astrolabe"],"picked":"SacredBark"}],"items_purged_floors":[5],"is_endless":false,"potions_floor_spawned":[1,8,14,16,19],"killed_by":"Shelled Parasite and Fungi","ascension_level":8}}