{"host":"w4b7hmige5bnqipq","time":1613561448,"event":{"mods":["2.2 Compatiblity","BaseMod","Colored Map","DeckTracker","Keyboard Shortcuts","Minty Spire (QoL Compilation)","Permanent Neow","Rare Cards Sparkle","SuperFastMode","everything is the same but u backflip on backflip","slay the spire mod where everything is the same but ironclad has a cowboy hat"],"gold_per_floor":[110,128,147,222,236,236,69,102,102,102,102,102],"floor_reached":11,"language":"KOR","playtime":237,"items_purged":[],"score":135,"play_id":"3c1e404b-c3f1-4916-bb21-8b94cf71f646","local_time":"20210217203048","is_ascension_mode":true,"campfire_choices":[{"data":"White Noise","floor":6,"key":"SMITH"},{"floor":10,"key":"REST"}],"circlet_count":0,"master_deck":["AscendersBane","Strike_B","Strike_B","Strike_B","Strike_B","Defend_B","Defend_B","Defend_B","Defend_B","Zap","Dualcast","Gash","Coolheaded","Cold Snap","White Noise+1","FTL","Go for the Eyes","Leap","Aggregate"],"relics":["Cracked Core","Bronze Scales","Singing Bowl","Blue Candle"],"acts_visited":["Exordium"],"potions_floor_usage":[11],"damage_taken":[{"damage":2,"enemies":"2 Louse","floor":1,"turns":2},{"damage":4,"enemies":"Jaw Worm","floor":2,"turns":3},{"damage":17,"enemies":"Small Slimes","floor":3,"turns":3},{"damage":4,"enemies":"Blue Slaver","floor":5,"turns":4},{"damage":22,"enemies":"3 Sentries","floor":8,"turns":7},{"damage":34,"enemies":"Gremlin Nob","floor":11,"turns":4}],"seed_played":"-8732650677605773062","potions_obtained":[{"floor":8,"key":"FocusPotion"}],"is_trial":false,"path_per_floor":["M","M","M","?","M","R","$","E","T","R","E"],"character_chosen":"DEFECT","items_purchased":["FTL","Go for the Eyes","Leap"],"campfire_rested":1,"item_purchase_floors":[7,7,7],"current_hp_per_floor":[62,58,41,30,26,26,26,4,4,25,0,0],"gold":102,"neow_bonus":"RANDOM_COMMON_RELIC","is_daily":false,"chose_seed":false,"campfire_upgraded":1,"win_rate":0.0,"timestamp":1613561448,"path_taken":["M","M","M","?","M","R","$","E","T","R","E"],"items_purchased_type":["Card","Card","Card"],"build_version":"2020-12-22","purchased_purges":0,"victory":false,"max_hp_per_floor":[71,71,71,71,71,71,71,71,71,71,71,71],"card_choices":[{"not_picked":["Sweeping Beam","Barrage"],"picked":"Gash","floor":1},{"not_picked":["Compile Driver","Multi-Cast"],"picked":"Coolheaded","floor":2},{"not_picked":["Leap","Hello World"],"picked":"Cold Snap","floor":3},{"not_picked":["Skim","Reinforced Body"],"picked":"White Noise","floor":5},{"not_picked":["Gash","Compile Driver"],"picked":"Aggregate","floor":8}],"player_experience":773965,"relics_obtained":[{"floor":8,"key":"Singing Bowl"},{"floor":9,"key":"Blue Candle"}],"event_choices":[{"damage_healed":0,"gold_gain":75,"player_choice":"Gather Gold","damage_taken":11,"max_hp_gain":0,"max_hp_loss":0,"event_name":"World of Goop","floor":4,"gold_loss":0}],"is_beta":false,"boss_relics":[],"items_purged_floors":[],"is_endless":false,"potions_floor_spawned":[8],"killed_by":"Gremlin Nob","ascension_level":17}}