{"host":"e3zuhorjxi9w14q4","time":1613560197,"event":{"mods":["AchievementEnabler","Aspiration","BaseMod","Defuse TimeMaze Blight","Downfall","Energized Spire","GifTheSpireLib","Hubris","Infinite Spire","Jorbs\u0027s Wanderer Trilogy","Minty Spire (QoL Compilation)","Reliquary","Replay The Spire","Spicy Shops","Spikes Relics","StSLib","Stuff the Spire","The Bug Knight","The Marked","The Poker Player","The Servant 0.9.4"],"gold_per_floor":[115,135,135,60,60,91,107,107,157,157,201,225,225,265,265,391,391,405,421,421,437,437,437,473,486,555,586,586,586],"floor_reached":28,"language":"ENG","playtime":1767,"items_purged":["HollowMod:theNailsmith"],"score":315,"play_id":"765a1952-ed32-4ca6-893c-dd9f5a5dbb71","local_time":"20210217120957","is_ascension_mode":true,"campfire_choices":[{"data":"HollowMod:SlysStrikes","floor":8,"key":"SMITH"},{"data":"Pot Of Greed","floor":13,"key":"SMITH"},{"data":"Pot Of Greed","floor":15,"key":"SMITH"},{"data":"infinitespire:NeuralNetwork","floor":23,"key":"SMITH"}],"circlet_count":0,"master_deck":["HollowMod:NailStrikeStart","HollowMod:NailStrikeStart","HollowMod:NailStrikeStart","HollowMod:NailStrikeStart","HollowMod:QuickDashStart","HollowMod:QuickDashStart","HollowMod:QuickDashStart","HollowMod:QuickDashStart","HollowMod:FocusHealStart","HollowMod:PogoStrike","HollowMod:VengefulSpirit","HollowMod:FallenFury","HollowMod:SlysStrikes+1","HollowMod:DoubleDash","Pot Of Greed+1","Pot Of Greed+1","HollowMod:SoulSplash","HollowMod:SoulStrike","HollowMod:GreatSlash+1","infinitespire:NeuralNetwork+1","HollowMod:CloakDash"],"relics":["HollowMod:VesselMask","Golden Idol","Smiling Mask","Strawberry","Grinning Jar","hubris:CrystalStatue","hubris:Backtick","Burning Blood","Strawberry","Simple Rune","Gremlin Food","Rawhide","Eternal Feather"],"acts_visited":["Exordium","TheCity"],"potions_floor_usage":[11,14,14,16,25],"damage_taken":[{"damage":12,"enemies":"2 Louse","floor":1,"turns":2},{"damage":0,"enemies":"Small Slimes","floor":2,"turns":2},{"damage":33,"enemies":"Replay:BlueRogue","floor":6,"turns":8},{"damage":1,"enemies":"Cultist","floor":7,"turns":3},{"damage":23,"enemies":"Lagavulin","floor":11,"turns":5},{"damage":10,"enemies":"Looter","floor":12,"turns":3},{"damage":3,"enemies":"Gremlin Nob","floor":14,"turns":3},{"damage":12,"enemies":"Fading Forest","floor":16,"turns":11},{"damage":30,"enemies":"3 Byrds","floor":18,"turns":8},{"damage":43,"enemies":"2 Thieves","floor":19,"turns":4},{"damage":47,"enemies":"Snecko","floor":21,"turns":6},{"damage":8,"enemies":"Gremlin Leader","floor":24,"turns":6},{"damage":12,"enemies":"3 Cultists","floor":25,"turns":3},{"damage":18,"enemies":"HollowMod:Nosk","floor":27,"turns":8},{"damage":20,"enemies":"Snake Plant","floor":28,"turns":5}],"seed_played":"8718303171258937760","potions_obtained":[{"floor":2,"key":"Explosive Potion"},{"floor":6,"key":"hexamod:SoulburnPotion"},{"floor":7,"key":"LiquidMemories"},{"floor":10,"key":"Energy Potion"},{"floor":12,"key":"Regen Potion"},{"floor":21,"key":"Slimebound:ThreeZeroPotion"},{"floor":24,"key":"Adrenaline Potion"}],"is_trial":false,"path_per_floor":["M","M","?","?","$","E","M","R","T","?","E","M","R","E","R","B",null,"M","M","AVR","M","?","R","E","M","T","E","M"],"character_chosen":"THE_BUGKNIGHT","items_purchased":[],"campfire_rested":0,"item_purchase_floors":[],"current_hp_per_floor":[63,63,45,50,50,29,28,28,35,35,18,14,14,11,11,23,87,73,36,43,12,12,12,16,16,16,14,0,0],"gold":586,"neow_bonus":"THREE_CARDS","is_daily":false,"chose_seed":false,"campfire_upgraded":4,"win_rate":0.0,"timestamp":1613560197,"path_taken":["M","M","?","?","$","E","M","R","T","?","E","?","R","E","R","BOSS","M","M","AVR","M","?","R","E","M","T","E","M"],"items_purchased_type":[],"build_version":"2020-12-22","purchased_purges":1,"victory":false,"max_hp_per_floor":[75,75,75,80,80,80,80,80,87,87,87,87,87,87,87,87,87,87,87,94,94,94,94,94,94,94,94,94,94],"card_choices":[{"not_picked":["HollowMod:DoubleDash","HollowMod:NewLittleFool"],"picked":"HollowMod:VengefulSpirit","floor":0},{"not_picked":["HollowMod:LifebloodCocoon","HollowMod:SharpenedNail"],"picked":"HollowMod:FallenFury","floor":1},{"not_picked":["HollowMod:SiblingsShadow","HollowMod:TaintedHusks","HollowMod:NewLittleFool"],"picked":"SKIP","floor":2},{"not_picked":["HollowMod:SoulStrike","HollowMod:DescendingDark"],"picked":"HollowMod:SlysStrikes","floor":6},{"not_picked":["HollowMod:GoodIntentions","HollowMod:FastStrike"],"picked":"HollowMod:DoubleDash","floor":7},{"not_picked":["HollowMod:CycloneSlash","HollowMod:ChannelNail","HollowMod:NewLittleFool"],"picked":"SKIP","floor":11},{"not_picked":["HollowMod:GrimmsGift","HollowMod:MantisMark"],"picked":"HollowMod:SoulSplash","floor":12},{"not_picked":["HollowMod:SoulVessel","HollowMod:MidwifesHunger"],"picked":"HollowMod:SoulStrike","floor":14},{"not_picked":["HollowMod:LifebloodCore","HollowMod:NewInfectedGuardian"],"picked":"HollowMod:theNailsmith","floor":16},{"not_picked":["HollowMod:SoulSplash+1","HollowMod:DesolateDive"],"picked":"HollowMod:GreatSlash+1","floor":18},{"not_picked":["HollowMod:InfectedAttack","HollowMod:SiblingsSouls","HollowMod:PureNailStrike"],"picked":"SKIP","floor":19},{"not_picked":["HollowMod:BrokenVessel+1","HollowMod:DreamGate"],"picked":"HollowMod:CloakDash","floor":21},{"not_picked":["HollowMod:HeavyBlow+1","HollowMod:BrokenVessel","HollowMod:InfectedCysts"],"picked":"SKIP","floor":24},{"not_picked":["HollowMod:WraithStrike","HollowMod:FastStrike","HollowMod:ShadowDash+1"],"picked":"SKIP","floor":25},{"not_picked":["HollowMod:DescendingDark","HollowMod:InfectedCysts","HollowMod:ZotesMagnificence"],"picked":"SKIP","floor":27}],"player_experience":317045,"relics_obtained":[{"floor":6,"key":"Smiling Mask"},{"floor":9,"key":"Strawberry"},{"floor":11,"key":"Grinning Jar"},{"floor":14,"key":"hubris:CrystalStatue"},{"floor":24,"key":"Gremlin Food"},{"floor":26,"key":"Rawhide"},{"floor":27,"key":"Eternal Feather"}],"event_choices":[{"damage_healed":0,"gold_gain":0,"player_choice":"Take Damage","damage_taken":18,"relics_obtained":["Golden Idol"],"max_hp_gain":0,"max_hp_loss":0,"event_name":"Golden Idol","floor":3,"gold_loss":0},{"damage_healed":0,"gold_gain":0,"player_choice":"Got Potions","damage_taken":0,"max_hp_gain":0,"max_hp_loss":0,"event_name":"Lab","floor":10,"gold_loss":0},{"damage_healed":0,"gold_gain":0,"player_choice":"Gave Potion","damage_taken":0,"relics_obtained":["Simple Rune"],"max_hp_gain":0,"max_hp_loss":0,"event_name":"WeMeetAgain","floor":22,"gold_loss":0}],"is_beta":false,"boss_relics":[{"not_picked":["Runic Dome","Calling Bell"],"picked":"hubris:Backtick"}],"items_purged_floors":[20],"is_endless":false,"potions_floor_spawned":[2,6,7,12,21,24],"killed_by":"Snake Plant","ascension_level":1}}