{"host":"uzcks4yhskks9i02","time":1613594178,"event":{"mods":["BaseMod","Minty Spire (QoL Compilation)","Quick Restart"],"gold_per_floor":[115,115,133,145,165,165,177,207,207,224,236,236,236,147,147,226,226,243,253,253,253],"floor_reached":20,"language":"ENG","playtime":687,"items_purged":[],"score":329,"play_id":"b279290b-11a9-4607-9a2d-29936d5c1198","local_time":"20210217133618","is_ascension_mode":true,"campfire_choices":[{"floor":12.0,"key":"REST"},{"floor":15.0,"key":"REST"}],"circlet_count":0,"master_deck":["AscendersBane","Strike_R","Strike_R","Strike_R","Strike_R","Strike_R","Defend_R","Defend_R","Defend_R","Defend_R","Bash","Whirlwind","Wild Strike","Cleave","Juggernaut+1","Shockwave","Wild Strike","Whirlwind","Intimidate","Fiend Fire","Feed","Pommel Strike","Fire Breathing"],"relics":["Black Blood","Anchor","Omamori","Bottled Tornado"],"acts_visited":["Exordium","TheCity"],"potions_floor_usage":[],"damage_taken":[{"damage":7.0,"enemies":"Small Slimes","floor":1.0,"turns":4.0},{"damage":6.0,"enemies":"Cultist","floor":3.0,"turns":4.0},{"damage":4.0,"enemies":"Jaw Worm","floor":4.0,"turns":4.0},{"damage":10.0,"enemies":"3 Louse","floor":5.0,"turns":4.0},{"damage":16.0,"enemies":"Large Slime","floor":7.0,"turns":5.0},{"damage":25.0,"enemies":"Lagavulin","floor":8.0,"turns":6.0},{"damage":12.0,"enemies":"2 Fungi Beasts","floor":10.0,"turns":4.0},{"damage":0.0,"enemies":"3 Louse","floor":11.0,"turns":2.0},{"damage":57.0,"enemies":"Hexaghost","floor":16.0,"turns":8.0},{"damage":38.0,"enemies":"3 Byrds","floor":18.0,"turns":7.0},{"damage":37,"enemies":"2 Thieves","floor":19,"turns":5},{"damage":49,"enemies":"Snake Plant","floor":20,"turns":5}],"seed_played":"-4927420452624822484","potions_obtained":[{"floor":1.0,"key":"CultistPotion"},{"floor":2.0,"key":"Block Potion"},{"floor":8.0,"key":"CultistPotion"},{"floor":11.0,"key":"Swift Potion"},{"floor":16.0,"key":"FairyPotion"},{"floor":18.0,"key":"GamblersBrew"}],"is_trial":false,"path_per_floor":["M","?","M","M","M","?","M","E","T","M","M","R","?","$","R","B",null,"M","M","M"],"character_chosen":"IRONCLAD","items_purchased":["Fiend Fire"],"campfire_rested":2,"item_purchase_floors":[14],"current_hp_per_floor":[74,74,74,76,72,61,51,32,32,26,32,56,56,56,80,29,69,43,18,0,0],"gold":253,"neow_bonus":"TEN_PERCENT_HP_BONUS","is_daily":false,"chose_seed":false,"campfire_upgraded":0,"win_rate":0.0,"timestamp":1613594178,"path_taken":["M","?","?","M","M","?","M","E","T","M","M","R","?","$","R","BOSS","M","M","M"],"items_purchased_type":["Card"],"build_version":"2020-12-22","purchased_purges":0,"victory":false,"max_hp_per_floor":[82,82,82,82,82,82,82,82,82,82,82,82,82,82,82,82,82,82,82,82,82],"card_choices":[{"not_picked":["Pummel","Shrug It Off"],"picked":"Whirlwind","floor":1.0},{"not_picked":["Evolve","Body Slam"],"picked":"Wild Strike","floor":3.0},{"not_picked":["Body Slam","Iron Wave"],"picked":"Cleave","floor":4.0},{"not_picked":["Carnage","Clash"],"picked":"Juggernaut","floor":5.0},{"not_picked":["Hemokinesis","Feel No Pain"],"picked":"Shockwave","floor":7.0},{"not_picked":["Anger","Feel No Pain"],"picked":"Wild Strike","floor":8.0},{"not_picked":["Infernal Blade","Cleave"],"picked":"Whirlwind","floor":10.0},{"not_picked":["Feel No Pain","Clash"],"picked":"Intimidate","floor":11.0},{"not_picked":["Demon Form","Corruption"],"picked":"Feed","floor":16.0},{"not_picked":["Headbutt","Searing Blow"],"picked":"Pommel Strike","floor":18.0},{"not_picked":["Body Slam","Headbutt"],"picked":"Fire Breathing","floor":19}],"player_experience":593333,"relics_obtained":[{"floor":8.0,"key":"Omamori"},{"floor":9.0,"key":"Bottled Tornado"}],"event_choices":[{"damage_healed":0.0,"max_hp_gain":0.0,"max_hp_loss":0.0,"gold_gain":0.0,"event_name":"Lab","player_choice":"Got Potions","floor":2.0,"gold_loss":0.0,"damage_taken":0.0},{"damage_healed":0.0,"max_hp_gain":0.0,"max_hp_loss":0.0,"gold_gain":0.0,"event_name":"Scrap Ooze","player_choice":"Success","floor":6.0,"gold_loss":0.0,"damage_taken":11.0,"relics_obtained":["Anchor"]},{"damage_healed":0.0,"max_hp_gain":0.0,"max_hp_loss":0.0,"gold_gain":0.0,"event_name":"Living Wall","player_choice":"Grow","floor":13.0,"gold_loss":0.0,"damage_taken":0.0,"cards_upgraded":["Juggernaut"]}],"is_beta":false,"boss_relics":[{"not_picked":["Sozu","SacredBark"],"picked":"Black Blood"}],"items_purged_floors":[],"is_endless":false,"potions_floor_spawned":[1,4,8,11,16,18],"killed_by":"Snake Plant","ascension_level":17}}