{"host":"utqe55yv0jihe4d6","time":1613530209,"event":{"mods":["2.2 Compatiblity","AchievementEnabler","BaseMod","Block Reminder","Colored Map","Colored Powertips","Minty Spire (QoL Compilation)","Quick Restart","Rare Cards Sparkle","Relic Stats","SuperFastMode"],"gold_per_floor":[212,231,27,102,102,135,135,167,167,167,181,34,47,62,62,62,62],"floor_reached":16,"language":"ENG","playtime":485,"items_purged":["Strike_R"],"score":220,"play_id":"caaab042-bea2-4571-953c-37bef28736c9","local_time":"20210216215009","is_ascension_mode":true,"campfire_choices":[{"data":"Bash","floor":7,"key":"SMITH"},{"floor":10,"key":"REST"},{"data":"Uppercut","floor":15,"key":"SMITH"}],"circlet_count":0,"master_deck":["AscendersBane","Strike_R","Strike_R","Strike_R","Strike_R","Defend_R","Defend_R","Defend_R","Defend_R","Bash+1","Feel No Pain","Wild Strike","Evolve","Cleave","Havoc","Uppercut+1","Battle Trance","Feel No Pain","Dropkick"],"relics":["Burning Blood","Lantern","Paper Frog","Centennial Puzzle","Boot","Smiling Mask"],"acts_visited":["Exordium"],"potions_floor_usage":[6,8,16,16],"damage_taken":[{"damage":6,"enemies":"2 Louse","floor":1,"turns":4},{"damage":14,"enemies":"Jaw Worm","floor":2,"turns":4},{"damage":15,"enemies":"3 Sentries","floor":6,"turns":7},{"damage":17,"enemies":"Lagavulin","floor":8,"turns":6},{"damage":12,"enemies":"Cultist","floor":11,"turns":5},{"damage":24,"enemies":"Exordium Thugs","floor":13,"turns":7},{"damage":9,"enemies":"Blue Slaver","floor":14,"turns":2},{"damage":26,"enemies":"The Guardian","floor":16,"turns":14}],"seed_played":"-4072955893218442058","potions_obtained":[{"floor":2,"key":"Strength Potion"},{"floor":6,"key":"AttackPotion"},{"floor":14,"key":"Swift Potion"}],"is_trial":false,"path_per_floor":["M","M","$","?","T","E","R","E","T","R","M","$","M","M","R","B"],"character_chosen":"IRONCLAD","items_purchased":["Lantern","Evolve","Battle Trance","FearPotion"],"campfire_rested":1,"item_purchase_floors":[3,3,12,12],"current_hp_per_floor":[68,60,60,49,49,40,40,29,29,51,45,45,27,24,24,0,0],"gold":62,"neow_bonus":"HUNDRED_GOLD","is_daily":false,"chose_seed":false,"campfire_upgraded":2,"win_rate":0.0,"timestamp":1613530209,"path_taken":["M","M","$","?","?","E","R","E","T","R","?","$","M","M","R","BOSS"],"items_purchased_type":["Relic","Card","Card","Potion"],"build_version":"2020-12-22","purchased_purges":1,"victory":false,"max_hp_per_floor":[75,75,75,75,75,75,75,75,75,75,75,75,75,75,75,75,75],"relic_stats":{"Centennial Puzzle":[15],"counters":[8,49],"Boot":[4],"Smiling Mask":25,"obtain_stats":[{"Lantern":3,"Centennial Puzzle":6,"Boot":8,"Smiling Mask":9,"Burning Blood":0,"Paper Frog":5},{"Lantern":2,"Centennial Puzzle":3,"Boot":4,"Smiling Mask":4,"Burning Blood":0,"Paper Frog":2},{"Lantern":8,"Centennial Puzzle":15,"Boot":21,"Smiling Mask":21,"Burning Blood":0,"Paper Frog":8}],"Burning Blood":42},"card_choices":[{"not_picked":["Iron Wave","Cleave"],"picked":"Feel No Pain","floor":1},{"not_picked":["Havoc","Thunderclap"],"picked":"Wild Strike","floor":2},{"not_picked":["Iron Wave","Flex"],"picked":"Cleave","floor":6},{"not_picked":["Evolve","Clash"],"picked":"Havoc","floor":8},{"not_picked":["Battle Trance","Cleave"],"picked":"Uppercut","floor":11},{"not_picked":["Havoc","Armaments"],"picked":"Feel No Pain","floor":13},{"not_picked":["Cleave","Anger"],"picked":"Dropkick","floor":14}],"player_experience":3080044,"relics_obtained":[{"floor":5,"key":"Paper Frog"},{"floor":6,"key":"Centennial Puzzle"},{"floor":8,"key":"Boot"},{"floor":9,"key":"Smiling Mask"}],"event_choices":[{"damage_healed":0,"gold_gain":75,"player_choice":"Gather Gold","damage_taken":11,"max_hp_gain":0,"max_hp_loss":0,"event_name":"World of Goop","floor":4,"gold_loss":0}],"is_beta":false,"boss_relics":[],"items_purged_floors":[12],"is_endless":false,"potions_floor_spawned":[2,6,14],"killed_by":"The Guardian","ascension_level":20}}