{"host":"n5x0e04y88v3omrc","time":1613568325,"event":{"mods":["Aspiration","BaseMod","Colored Powertips","Downfall","Minty Spire (QoL Compilation)","Reimu£®≤©¿ˆ¡È√Œ£©","Remilia£®¿Ÿ√◊¿Ú—«£©","Replay The Spire","Shop Mod","StSLib"],"gold_per_floor":[115,45,45,45,64,95,95,113,138,98,53,64,80,97,97,201,201,216,216,216,239,258,254,254,228,277,277,294,294,274,277,277,339,339,329,319,319,299,70,70,50,50],"floor_reached":41,"language":"ZHS","playtime":9839,"items_purged":["Strike_Lin:ReiMu"],"score":431,"play_id":"3431d29e-b03b-459f-9878-0fdd74ccf7c2","local_time":"20210217212525","is_ascension_mode":false,"campfire_choices":[{"floor":7.0,"key":"REST"},{"floor":15.0,"key":"REST"},{"data":"NB:ReiMu","floor":27,"key":"SMITH"},{"data":"YinYangSange:ReiMu","floor":29,"key":"SMITH"},{"floor":32,"key":"RECALL"},{"data":"Defend_Lin:ReiMu","floor":40,"key":"PURGE"}],"circlet_count":0,"master_deck":["Strike_Lin:ReiMu","Strike_Lin:ReiMu","Strike_Lin:ReiMu","Defend_Lin:ReiMu","Defend_Lin:ReiMu","Defend_Lin:ReiMu","NB:ReiMu+1","Stagnation:ReiMu","SubAcupoint:ReiMu","YinYangSange:ReiMu+1","Injury","CareerPray:ReiMu+1","FantasyMoon:ReiMu+1","CareerPray:ReiMu+1","Amulet:ReiMu+1","SubcavityInstant:ReiMu+1","Gathering:ReiMu+1","CareerPray:ReiMu+1","KamiRite:ReiMu+1","Intuition:ReiMu+1","BarrageOfMoneybags:ReiMu+1","AirStrike:ReiMu+1","RainPray2:ReiMu+1","Intuition:ReiMu+1","Amulet:ReiMu+1","RunawayExorcism:ReiMu+1","CommonCold","Injury","Clumsy","OrbThrow:ReiMu+1","LovePray:ReiMu+1","Meditation:ReiMu+1","InherentArray:ReiMu"],"relics":["FlyPower:ReiMu","Toxic Egg 2","Ancient Tea Set","SkyOrb:ReiMu","PaintedHorse:ReiMu","aspiration:RitualDagger","Boot","Calipers","ReplayTheSpireMod:TigerMarble","Replay:Ancient Bell","hexamod:BolsterEngine","Blue Candle","Peace Pipe","Prayer Wheel","Replay:Baseball","bronze:DonusWashers"],"acts_visited":["Exordium","TheCity","TheBeyond"],"potions_floor_usage":[25,31,33,33,41],"damage_taken":[{"damage":2.0,"enemies":"Small Slimes","floor":1.0,"turns":5.0},{"damage":4.0,"enemies":"Jaw Worm","floor":5.0,"turns":5.0},{"damage":43.0,"enemies":"3 Sentries","floor":6.0,"turns":9.0},{"damage":0.0,"enemies":"2 Louse","floor":8.0,"turns":1.0},{"damage":0.0,"enemies":"Looter","floor":12.0,"turns":4.0},{"damage":6.0,"enemies":"Exordium Thugs","floor":13.0,"turns":3.0},{"damage":9.0,"enemies":"Large Slime","floor":14.0,"turns":5.0},{"damage":20.0,"enemies":"The Guardian","floor":16.0,"turns":8.0},{"damage":15,"enemies":"Shell Parasite","floor":18,"turns":5},{"damage":26,"enemies":"2 Thieves","floor":22,"turns":4},{"damage":42,"enemies":"Gremlin Leader","floor":23,"turns":6},{"damage":27,"enemies":"Book of Stabbing","floor":25,"turns":6},{"damage":12,"enemies":"Centurion and Healer","floor":28,"turns":4},{"damage":25,"enemies":"Cultist and Chosen","floor":30,"turns":5},{"damage":12,"enemies":"Snecko","floor":31,"turns":4},{"damage":56,"enemies":"Collector","floor":33,"turns":8},{"damage":38,"enemies":"3 Shapes","floor":35,"turns":5},{"damage":43,"enemies":"2 Orb Walkers","floor":36,"turns":6},{"damage":21,"enemies":"3 Darklings","floor":38,"turns":7},{"damage":47,"enemies":"Reptomancer","floor":41,"turns":2}],"seed_played":"-968847292913201773","potions_obtained":[{"floor":1.0,"key":"BottledKami:ReiMu"},{"floor":6.0,"key":"PowerPotion"},{"floor":12.0,"key":"SteroidPotion"},{"floor":13.0,"key":"Milkshake"},{"floor":18,"key":"ZuzhouPotion:ReiMu"},{"floor":23,"key":"champ:CounterPotion"},{"floor":30,"key":"PinkPotion:ReiMu"},{"floor":31,"key":"champ:CounterPotion"},{"floor":35,"key":"Ancient Potion"},{"floor":38,"key":"SteroidPotion"}],"is_trial":false,"path_per_floor":["M","$","?","?","M","E","R","M","T","?","$","M","M","M","R","B",null,"M","?","?","T","M","E","?","E","T","R","M","R","M","M","R","B",null,"M","?","?","M","$","R","E"],"character_chosen":"REIMU","items_purchased":["YinYangSange:ReiMu","Amulet:ReiMu+1","bronze:DonusWashers"],"campfire_rested":2,"item_purchase_floors":[2,11,39],"current_hp_per_floor":[69,69,69,69,65,22,43,43,43,43,43,43,37,28,49,29,71,56,56,56,56,30,68,68,60,60,60,64,64,51,49,49,36,71,49,27,27,32,32,32,0,0],"gold":50,"neow_bonus":"TEN_PERCENT_HP_BONUS","is_daily":false,"chose_seed":false,"campfire_upgraded":2,"win_rate":0.0,"timestamp":1613568325,"path_taken":["M","$","?","?","M","E","R","M","T","?","?","M","?","M","R","BOSS","M","?","?","?","?","E","?","E","T","R","?","R","M","M","R","BOSS","M","?","?","?","$","R","E"],"items_purchased_type":["Card","Card","Relic"],"build_version":"2020-12-22","purchased_purges":1,"victory":false,"max_hp_per_floor":[71,71,71,71,71,71,71,71,71,71,71,71,71,71,71,71,71,71,71,71,71,71,71,71,71,71,71,71,71,71,71,71,71,71,71,71,71,71,71,71,71,71],"card_choices":[{"not_picked":["TightArray:ReiMu","TakeOff:ReiMu"],"picked":"SubAcupoint:ReiMu","floor":1.0},{"not_picked":["Mountainwind:ReiMu+1","SubcavityInstant:ReiMu+1"],"picked":"CareerPray:ReiMu+1","floor":5.0},{"not_picked":["Dreaming2:ReiMu","NineCharacters:ReiMu"],"picked":"FantasyMoon:ReiMu+1","floor":6.0},{"not_picked":["BlastKick2:ReiMu","SpreadBorder2:ReiMu+1"],"picked":"CareerPray:ReiMu+1","floor":8.0},{"not_picked":["SubAcupoint:ReiMu","Enchanting:ReiMu+1"],"picked":"SubcavityInstant:ReiMu+1","floor":12.0},{"not_picked":["Enchanting:ReiMu+1","TakeOff:ReiMu+1"],"picked":"Gathering:ReiMu","floor":13.0},{"not_picked":["Amulet:ReiMu+1","SafetyPray:ReiMu+1"],"picked":"CareerPray:ReiMu+1","floor":14.0},{"not_picked":["OctopathSalyBorderN:ReiMu","CeremonyResonance:ReiMu+1"],"picked":"KamiRite:ReiMu+1","floor":16.0},{"not_picked":["FineLineFantasy:ReiMu","AirStrike:ReiMu","SpreadBorder2:ReiMu+1"],"picked":"SKIP","floor":18},{"not_picked":["FantasyBorder:ReiMu+1","Amulet:ReiMu+1"],"picked":"BarrageOfMoneybags:ReiMu+1","floor":22},{"not_picked":["NineCharacters:ReiMu","PhosphorusFlame:ReiMu+1","Crusade:ReiMu"],"picked":"SKIP","floor":23},{"not_picked":["SubcavityInstant:ReiMu+1","SpiritualOutbreak2:ReiMu"],"picked":"AirStrike:ReiMu+1","floor":25},{"not_picked":["PassingAway:ReiMu+1","LearningPray:ReiMu+1"],"picked":"RainPray2:ReiMu+1","floor":28},{"not_picked":["UniversalSpiritual:ReiMu","Conquer:ReiMu"],"picked":"Intuition:ReiMu+1","floor":30},{"not_picked":["SafetyPray:ReiMu+1","SpringWay:ReiMu+1"],"picked":"Amulet:ReiMu+1","floor":31},{"not_picked":["OctopathSalyBorderN:ReiMu","KyokaiOfKami:ReiMu"],"picked":"RunawayExorcism:ReiMu+1","floor":33},{"not_picked":["Regret","Injury"],"picked":"CommonCold","floor":34},{"not_picked":["downfall:Icky","Regret"],"picked":"Injury","floor":34},{"not_picked":["Pain","ReplayTheSpireMod:IOU"],"picked":"Clumsy","floor":34},{"not_picked":["SpreadBorder2:ReiMu+1","RainPray2:ReiMu+1"],"picked":"OrbThrow:ReiMu+1","floor":35},{"not_picked":["Conquer:ReiMu","WonderfulDomain:ReiMu+1"],"picked":"LovePray:ReiMu+1","floor":36},{"not_picked":["PayForSelf:ReiMu+1","Mountainwind:ReiMu+1"],"picked":"Meditation:ReiMu+1","floor":38},{"not_picked":["Conquer:ReiMu","Shading:ReiMu+1"],"picked":"InherentArray:ReiMu","floor":38}],"player_experience":74386,"relics_obtained":[{"floor":6.0,"key":"Ancient Tea Set"},{"floor":9.0,"key":"SkyOrb:ReiMu"},{"floor":23,"key":"Boot"},{"floor":25,"key":"Calipers"},{"floor":26,"key":"ReplayTheSpireMod:TigerMarble"},{"floor":36,"key":"Prayer Wheel"}],"event_choices":[{"damage_healed":0.0,"max_hp_gain":0.0,"max_hp_loss":0.0,"gold_gain":0.0,"event_name":"The Cleric","player_choice":"Leave","floor":3.0,"gold_loss":0.0,"damage_taken":0.0},{"damage_healed":0.0,"max_hp_gain":0.0,"max_hp_loss":0.0,"gold_gain":0.0,"event_name":"yidonshenshe","player_choice":"»˚«Æ","floor":10.0,"gold_loss":40.0,"damage_taken":0.0,"relics_obtained":["PaintedHorse:ReiMu"]},{"damage_healed":0,"gold_gain":0,"player_choice":"Read","damage_taken":0,"max_hp_gain":0,"max_hp_loss":0,"event_name":"The Library","floor":19,"gold_loss":0,"cards_obtained":["Intuition:ReiMu"]},{"damage_healed":0,"gold_gain":0,"player_choice":"Forge","damage_taken":0,"max_hp_gain":0,"max_hp_loss":0,"event_name":"Accursed Blacksmith","floor":24,"gold_loss":0,"cards_upgraded":["Gathering:ReiMu"]},{"damage_healed":0,"gold_gain":0,"player_choice":"Fight","damage_taken":0,"max_hp_gain":0,"max_hp_loss":0,"event_name":"Mysterious Sphere","floor":36,"gold_loss":0},{"damage_healed":0,"gold_gain":0,"player_choice":"Gave Potion","damage_taken":0,"relics_obtained":["Replay:Baseball"],"max_hp_gain":0,"max_hp_loss":0,"event_name":"WeMeetAgain","floor":37,"gold_loss":0}],"is_beta":false,"boss_relics":[{"not_picked":["Busted Crown","expansioncontent:StudyCardRelic"],"picked":"aspiration:RitualDagger"},{"not_picked":["Runic Pyramid","ReplayTheSpireMod:DimensionalGlitch"],"picked":"Replay:Ancient Bell"},{"not_picked":["Tiny Chest","Orichalcum"],"picked":"hexamod:BolsterEngine"},{"not_picked":["aspiration:FrozenJewel","Pantograph"],"picked":"Blue Candle"},{"not_picked":["KaguraBell:ReiMu","TungstenRod"],"picked":"Peace Pipe"}],"items_purged_floors":[39],"is_endless":false,"potions_floor_spawned":[1,6,12,13,18,23,30,31,35,38],"killed_by":"Reptomancer","ascension_level":0}}