{"host":"ju66gn9zov5ov15o","time":1613588743,"event":{"mods":["100% Spire Juice","2.2 Compatiblity","Act Like it!","Arknights","Aspiration","BaseMod","Conspire","Downfall","GifTheSpireLib","Hubris","Lobotomy","LobotomyExtend","Marisa????????","Minty Spire (QoL Compilation)","Pale of the Ancients","Rare Cards Sparkle","Relic Stats","Ruina","Shapeshifter Mod","StSLib","The Alterego","The Animator","The Marked"],"gold_per_floor":[110,121,36,36,46,46,56,56,102,102,83,100,129,139,139,244,244,260,273,273,292,292,292,292,292],"floor_reached":24,"language":"ENG","playtime":1150,"items_purged":[],"score":350,"play_id":"c6357660-59d5-4cac-8062-7b8f72aa23b4","local_time":"20210217200543","is_ascension_mode":true,"campfire_choices":[{"data":"Cleave","floor":6,"key":"SMITH"},{"data":"True Grit","floor":8,"key":"SMITH"},{"data":"Rampage","floor":15,"key":"SMITH"},{"floor":23,"key":"REST"}],"circlet_count":0,"master_deck":["Strike_R","Strike_R+1","Strike_R","Strike_R+1","Strike_R","Defend_R","Defend_R","Defend_R","Defend_R","Bash","True Grit+1","Cleave+1","Flash of Steel","Sword Boomerang","Iron Wave","Uppercut","Flame Barrier","Rampage+1","Armaments","Feed","Twin Strike+1","Iron Wave"],"relics":["Burning Blood","Whetstone","LetterFromLob","Ancient Tea Set","Thread and Needle","hubris:Backtick","aspiration:AnachronicSnailShell"],"acts_visited":["Exordium","ruina:Briah"],"potions_floor_usage":[11,13,16,18,21,21,21],"damage_taken":[{"damage":6,"enemies":"Cultist","floor":1,"turns":3},{"damage":12,"enemies":"Jaw Worm","floor":2,"turns":3},{"damage":1,"enemies":"2 Louse","floor":5,"turns":2},{"damage":11,"enemies":"Red Slaver","floor":7,"turns":3},{"damage":27,"enemies":"Exordium Thugs","floor":11,"turns":4},{"damage":13,"enemies":"Blue Slaver","floor":12,"turns":2},{"damage":32,"enemies":"3 Sentries","floor":13,"turns":8},{"damage":3,"enemies":"3 Louse","floor":14,"turns":2},{"damage":0,"enemies":"Hexaghost","floor":16,"turns":9},{"damage":15,"enemies":"ruina:Nosferatu","floor":18,"turns":8},{"damage":9,"enemies":"ruina:2_Scarecrows","floor":19,"turns":8},{"damage":57,"enemies":"ruina:KingOfGreed","floor":21,"turns":10},{"damage":46,"enemies":"ruina:RoadHome","floor":24,"turns":6}],"seed_played":"1100739479445417159","potions_obtained":[{"floor":1,"key":"Energy Potion"},{"floor":4,"key":"sneckomod:MuddlingPotion"},{"floor":4,"key":"BloodPotion"},{"floor":11,"key":"ColorlessPotion"},{"floor":13,"key":"PowerPotion"},{"floor":16,"key":"PowerPotion"},{"floor":19,"key":"DistilledChaos"}],"is_trial":false,"path_per_floor":["M","M","$","?","M","R","M","R","T","E","M","M","E","M","R","B",null,"M","M","?","M","?","R","E"],"character_chosen":"IRONCLAD","items_purchased":["Flash of Steel"],"campfire_rested":1,"item_purchase_floors":[3],"current_hp_per_floor":[72,66,66,66,71,71,66,66,66,66,45,38,28,31,31,37,69,63,63,72,21,21,46,0,0],"gold":292,"neow_bonus":"RANDOM_COMMON_RELIC","is_daily":false,"chose_seed":false,"campfire_upgraded":3,"win_rate":0.0,"timestamp":1613588743,"path_taken":["M","?","?","?","?","R","M","R","T","E","M","M","E","M","R","BOSS","M","M","?","?","?","R","E"],"items_purchased_type":["Card"],"build_version":"2020-12-22","purchased_purges":0,"victory":false,"max_hp_per_floor":[80,80,80,80,80,80,80,80,80,80,80,80,80,80,80,80,80,83,86,86,86,86,86,86,86],"relic_stats":{"counters":[13,68],"Whetstone":["Strike_R","Strike_R"],"obtain_stats":[{"Frozen Eye":19,"hubris:Backtick":17,"aspiration:AnachronicSnailShell":17,"Thread and Needle":13,"LetterFromLob":1,"Whetstone":0,"Ancient Tea Set":9,"Burning Blood":0},{"Frozen Eye":10,"hubris:Backtick":9,"aspiration:AnachronicSnailShell":9,"Thread and Needle":7,"LetterFromLob":1,"Whetstone":0,"Ancient Tea Set":4,"Burning Blood":0},{"Frozen Eye":44,"hubris:Backtick":36,"aspiration:AnachronicSnailShell":36,"Thread and Needle":25,"LetterFromLob":3,"Whetstone":0,"Ancient Tea Set":11,"Burning Blood":0}],"Burning Blood":72},"card_choices":[{"not_picked":["hubris:SharpeningStone","hubris:ReadiedAction"],"picked":"True Grit","floor":1},{"not_picked":["Anger","Warcry"],"picked":"Cleave","floor":2},{"not_picked":["Clothesline","Infernal Blade"],"picked":"Sword Boomerang","floor":5},{"not_picked":["Wild Strike","Twin Strike"],"picked":"Iron Wave","floor":7},{"not_picked":["Warcry","Rupture"],"picked":"Uppercut","floor":11},{"not_picked":["Wild Strike","Havoc"],"picked":"Flame Barrier","floor":12},{"not_picked":["hubris:ReadiedAction","Pommel Strike"],"picked":"Rampage","floor":13},{"not_picked":["Searing Blow","Carnage"],"picked":"Armaments","floor":14},{"not_picked":["Impervious","Immolate"],"picked":"Feed","floor":16},{"not_picked":["Body Slam+1","Spot Weakness"],"picked":"Twin Strike+1","floor":18},{"not_picked":["Whirlwind","Havoc","Twin Strike+1"],"picked":"SKIP","floor":19},{"not_picked":["Inflame","Shrug It Off"],"picked":"Iron Wave","floor":21}],"player_experience":471213,"relics_obtained":[{"floor":1,"key":"LetterFromLob"},{"floor":9,"key":"Ancient Tea Set"},{"floor":13,"key":"Thread and Needle"}],"event_choices":[{"damage_healed":0,"gold_gain":0,"player_choice":"Got Potions","damage_taken":0,"max_hp_gain":0,"max_hp_loss":0,"event_name":"Lab","floor":4,"gold_loss":0}],"is_beta":false,"boss_relics":[{"not_picked":["hubris:TerracottaHorce","Cursed Key"],"picked":"hubris:Backtick"}],"items_purged_floors":[],"is_endless":false,"potions_floor_spawned":[1,11,13,16,19],"killed_by":"ruina:RoadHome","ascension_level":8}}