{"host":"373g0ui1bgeshz9m","time":1613521151,"event":{"mods":["Act Like it!","Aspiration","BaseMod","Beaked The Cultist","Better Third Choice","Colored Map","Conspire","Downfall","Halation","Hermit","Hubris","Infinite Spire","Jorbs\u0027s Wanderer Trilogy","Minty Spire (QoL Compilation)","Pale of the Ancients","Permanent Neow","Quick Restart","Replay The Spire","Shade Mod","Shop Mod","Spikes Relics","StSLib","The Animator","The Bladedancer","The Bug Knight","The Construct","The Cursed","The Florist","The Jungle","The Necromancer","The Sage","The Wild Card","Trackpad"],"gold_per_floor":[116,129,129,145,160,190,190,219,219,219,229,229,66,81,81,176,176,196,209,222,44,44,44,72,72,95,121,121,136,146,157,157,265,265,295,295,295,295,295],"floor_reached":38,"language":"ENG","playtime":4861,"items_purged":["Shame"],"score":721,"play_id":"3ffa9947-dd49-4581-b8b5-f94cb1605e8a","local_time":"20210216191911","is_ascension_mode":true,"campfire_choices":[{"floor":12.0,"key":"REST"},{"data":"Necrotic_Claws","floor":15.0,"key":"SMITH"},{"data":"Grasp_Heart","floor":23.0,"key":"SMITH"},{"floor":25.0,"key":"REST"},{"data":"Slay_Living","floor":28.0,"key":"SMITH"},{"floor":32,"key":"REST"}],"circlet_count":0,"master_deck":["Strike_W","Strike_W","Defend_W","Defend_W","Defend_W","Defend_W","Negative_Energy_Arrows","Bone_Wall","conspire:Banana","Negative_Energy_Sphere","Bone_Bullets","Negative_Energy_Javelin","Spectral_Walk","Necrotic_Claws+1","Replay:Bag of Tricks+1","Grasp_Heart+1","Hellfire","Cloudkill+1","Summon_Death_Knight","Slay_Living+1","Footwork","Summon_Vampire_Lady","Violent_Necrosis+1","Delirium"],"relics":["Vampire_Amulet","StoneCalendar","hubris:ToyBattleship","Replay:Mystery Machine","Shuriken","hubris:DisguiseKit","construct:ClawGrip","infinitespire:WardingShard","Lantern","ReplayTheSpireMod:Lightbulb","infinitespire:EvilPickle"],"acts_visited":["Exordium","TheCity","TheBeyond"],"potions_floor_usage":[30,33],"damage_taken":[{"damage":7.0,"enemies":"Small Slimes","floor":1.0,"turns":4.0},{"damage":8.0,"enemies":"Cultist","floor":2.0,"turns":5.0},{"damage":0.0,"enemies":"Jaw Worm","floor":4.0,"turns":4.0},{"damage":4.0,"enemies":"2 Fungi Beasts","floor":5.0,"turns":2.0},{"damage":21.0,"enemies":"3 Sentries","floor":6.0,"turns":8.0},{"damage":1.0,"enemies":"HollowMod:MossKnight","floor":8.0,"turns":7.0},{"damage":6.0,"enemies":"Blue Slaver","floor":11.0,"turns":3.0},{"damage":0.0,"enemies":"Large Slime","floor":14.0,"turns":3.0},{"damage":34.0,"enemies":"The Guardian","floor":16.0,"turns":8.0},{"damage":8.0,"enemies":"Shell Parasite","floor":18.0,"turns":3.0},{"damage":9.0,"enemies":"3 Byrds","floor":19.0,"turns":5.0},{"damage":38.0,"enemies":"Shelled Parasite and Fungi","floor":20.0,"turns":5.0},{"damage":34.0,"enemies":"Book of Stabbing","floor":24.0,"turns":5.0},{"damage":23.0,"enemies":"Gremlin Leader","floor":27.0,"turns":6.0},{"damage":4.0,"enemies":"Sentry and Sphere","floor":29.0,"turns":6.0},{"damage":4,"enemies":"Snecko","floor":30,"turns":4},{"damage":24,"enemies":"3 Cultists","floor":31,"turns":6},{"damage":16,"enemies":"Pondfish","floor":33,"turns":10},{"damage":5,"enemies":"Orb Walker","floor":35,"turns":4},{"damage":0,"enemies":"3 Darklings","floor":38,"turns":1}],"seed_played":"3450122694057461759","potions_obtained":[{"floor":1.0,"key":"PowerPotion"},{"floor":4.0,"key":"Energy Potion"},{"floor":5.0,"key":"sneckomod:MuddlingPotion"},{"floor":16.0,"key":"Venom Potion"},{"floor":19.0,"key":"DuplicationPotion"},{"floor":20.0,"key":"AttackPotion"},{"floor":33,"key":"Slimebound:ThreeZeroPotion"},{"floor":35,"key":"SpeedPotion"}],"is_trial":false,"path_per_floor":["M","M","?","M","M","E","?","E","T","?","M","R","$","M","R","B",null,"M","M","M","$","?","R","E","R","T","E","R","M","M","M","R","B",null,"M","?","?","M"],"character_chosen":"NECROMANCER","items_purchased":["Grasp_Heart","Cloudkill+1"],"campfire_rested":3,"item_purchase_floors":[13,21],"current_hp_per_floor":[71,66,66,69,70,56,18,20,20,20,16,40,40,45,45,14,83,78,76,43,43,43,43,12,38,38,30,30,31,30,13,40,29,92,90,88,88,89,89],"gold":295,"neow_bonus":"RANDOM_COLORLESS","is_daily":false,"chose_seed":false,"campfire_upgraded":3,"win_rate":0.0,"timestamp":1613521151,"path_taken":["M","M","?","M","?","E","?","E","T","?","M","R","?","M","R","BOSS","M","M","M","$","?","R","E","R","T","E","R","?","M","?","R","BOSS","M","?","?","M"],"items_purchased_type":["Card","Card"],"build_version":"2020-12-22","purchased_purges":1,"victory":false,"max_hp_per_floor":[76,77,77,78,79,80,80,81,81,81,81,81,81,82,82,83,83,84,85,86,86,86,86,87,87,87,88,88,89,90,91,91,92,92,93,88,88,89,89],"card_choices":[{"not_picked":["Replay:Bootleg Shield Generator","Enlightenment"],"picked":"conspire:Banana","floor":0.0},{"not_picked":["Strike_from_Beyond","Bone_Armor"],"picked":"Negative_Energy_Sphere","floor":1.0},{"not_picked":["Death_March_Dance","Blood_Is_Power"],"picked":"Bone_Bullets","floor":2.0},{"not_picked":["Finger_Of_Death","Bones_to_Steel"],"picked":"Negative_Energy_Javelin","floor":4.0},{"not_picked":["Blood_Whip","Negative_Energy_Javelin"],"picked":"Spectral_Walk","floor":5.0},{"not_picked":["Bone_Bullets","Pandemic"],"picked":"Necrotic_Claws","floor":6.0},{"not_picked":["Death_Coil","Violent_Necrosis","Necromantic_Selection"],"picked":"SKIP","floor":8.0},{"not_picked":["Negative_Energy_Mist","Toxic_Smoke_Screen","Death_Coil","Dagger Throw"],"picked":"SKIP","floor":11.0},{"not_picked":["Negative_Energy_Bomb","Consume_Illness","Death_March_Dance","Deadly Poison"],"picked":"SKIP","floor":14.0},{"not_picked":["Blood_Magic","Summon_Death_Knight","Burst"],"picked":"Hellfire","floor":16.0},{"not_picked":["Death_March_Dance","Death_Knell","Negative_Energy_Mist","Toxin Wave"],"picked":"SKIP","floor":18.0},{"not_picked":["Consume_Illness","Blood_for_Blood+1","Finger_Of_Death","Underhanded Strike"],"picked":"SKIP","floor":19.0},{"not_picked":["Scare+1","Negative_Energy_Mist","Necrotic_Claws","Dagger Throw"],"picked":"SKIP","floor":20.0},{"not_picked":["Stop_Heart","Negative_Energy_Sphere","Bane"],"picked":"Summon_Death_Knight","floor":24.0},{"not_picked":["Negative_Energy_Shield","Death_March_Dance+1","Heel Hook"],"picked":"Slay_Living","floor":27.0},{"not_picked":["Corrupt+1","Whirlwind_of_Bones","Bones_to_Steel"],"picked":"Footwork","floor":29.0},{"not_picked":["Blood_Curse","Bone_Shift","Negative_Energy_Sphere+1","Cloak And Dagger"],"picked":"SKIP","floor":30},{"not_picked":["Negative_Energy_Javelin","Flesh_Made_Foul","Blood_Is_Power","Doppelganger"],"picked":"SKIP","floor":31},{"not_picked":["Blood_Wake","Skeleton_Dragon","Tools of the Trade"],"picked":"Summon_Vampire_Lady","floor":33},{"not_picked":["Death_Coil+1","Scare+1","Underhanded Strike"],"picked":"Violent_Necrosis+1","floor":35}],"player_experience":355667,"relics_obtained":[{"floor":6.0,"key":"StoneCalendar"},{"floor":8.0,"key":"Replay:Mystery Machine"},{"floor":9.0,"key":"Shuriken"},{"floor":24.0,"key":"infinitespire:WardingShard"},{"floor":26.0,"key":"Lantern"},{"floor":27.0,"key":"ReplayTheSpireMod:Lightbulb"}],"event_choices":[{"cards_removed":["Strike_W"],"damage_healed":0.0,"max_hp_gain":0.0,"max_hp_loss":0.0,"gold_gain":0.0,"event_name":"Purifier","player_choice":"Purged","floor":3.0,"gold_loss":0.0,"damage_taken":0.0},{"cards_removed":["Strike_W"],"damage_healed":0.0,"max_hp_gain":0.0,"max_hp_loss":0.0,"gold_gain":0.0,"event_name":"Purifier","player_choice":"Purged","floor":22.0,"gold_loss":0.0,"damage_taken":0.0},{"damage_healed":0,"gold_gain":0,"player_choice":"Max HP","damage_taken":0,"max_hp_gain":0,"max_hp_loss":5,"event_name":"Winding Halls","floor":36,"gold_loss":0}],"is_beta":false,"boss_relics":[{"not_picked":["hubris:ScarierMask","Replay:Wanted Poster"],"picked":"construct:ClawGrip"},{"not_picked":["hubris:GrandSneckoEye","Snecko Eye","aspiration:RitualDagger"]}],"items_purged_floors":[21],"is_endless":false,"potions_floor_spawned":[1,4,5,16,19,20,24,29,33,35],"killed_by":"3 Darklings","ascension_level":4}}