{"host":"mn5kbj4x7gv3jr0o","time":1613543185,"event":{"mods":["2.2 Compatiblity","A Magickal Journey","AchievementEnabler","Ascension Reborn","Aspiration","BaseMod","Bestiary","Better Altar","Better Note","Better Sensory Stone","Better Silent Start","Better Skull","Better Third Choice","Better Vampires","Better-Laid Plans","BetterRewards","Block Reminder","CCEM2","Colored Powertips","Colorless Booster Pack","Conspire","Curses Come First","Dota2Spire","Downfall","Emptier Cage","Energized Spire","Fox Events","GifTheSpireLib","Halation","HololiveMod","Hubris","Infinite Spire","Ironclad Rager","Jess\u0027s Bottle","Keyboard Shortcuts","Minty Spire (QoL Compilation)","Mirrors Mod","Poem Panic","Potion Indicator Mod","Potionbrewer","Puzzle Mod","Quarter Circle Forward PUNCH!","Quick Restart","Random Character Button","RatMod","Relic Sorter","Reliquary","Retaliation","Reworked Bosses","SCP261 Mod","SacredBarkPlus","Shop Mod","Small Relic Pack","Spicy Shops","Spikes Relics","StS++","StSLib","Stuff the Spire","The Blue Laboratory","Thieving Mod","Trackpad","Uncapped","UnlockEverythingMod","Useless Jewels Mod","Virulent Crown","Weighted Paths","Wide Potions"],"gold_per_floor":[80,80,93,93,93,93,129,144,144,144,144,191,25,48,48,129,129,159,159,178,178,190,231,267,267,267,302,103,141,91,123,123,216,216,243,32,68,90,8,53,53,84,109,124,74,113,132,148,148,237,326,326,329,329,329,325,325,325,338,338,338,336,336,339,345,344,344,390,467,464,464,257,257,257,257,307,304,462,480,155,149,149,150,150,200,277,267,267,267,45,36,37,37,37,137,137,137,137,137,128,128,205,282,277,20,20,14,14,14,35,35,112,123,373,369,368,490,490,572,649,654,648,642,579,579,579,591,74,151,175,175,99,86,102,102,179,256,275,271,267,267,289,283,35,35,136,156,156,34,34,66,66,332,409,409,65,97,168],"floor_reached":159,"language":"ENG","playtime":12024,"items_purged":["Hololive_Strike"],"score":4736,"play_id":"7b8fc91f-3d41-4e76-9426-14366cc05c97","local_time":"20210217012625","is_ascension_mode":true,"campfire_choices":[{"data":"Hololive_CallSpadeEcho","floor":6.0,"key":"SMITH"},{"floor":11.0,"key":"REST"},{"floor":15.0,"key":"REST"},{"data":"Hololive_CallUsadaPekora","floor":25.0,"key":"SMITH"},{"data":"Hololive_CallAkaiHaato","floor":32.0,"key":"SMITH"},{"data":"Sadistic Nature","floor":60.0,"key":"SMITH"},{"data":"Hololive_DDD","floor":67.0,"key":"SMITH"},{"data":"Hololive_StrengthChampion+1","floor":75.0,"key":"SMITH"},{"floor":84.0,"key":"REST"},{"data":"Hololive_HuntDinosaur","floor":93,"key":"SMITH"},{"data":"Hololive_StrengthChampion+3","floor":98,"key":"SMITH"},{"data":"Hololive_StrengthChampion+4","floor":101,"key":"SMITH"},{"data":"Mayhem","floor":109,"key":"SMITH"},{"data":"Hololive_StrengthChampion+5","floor":118,"key":"SMITH"},{"data":"Hololive_DurableLive","floor":126,"key":"SMITH"},{"data":"Hololive_StrengthChampion+6","floor":131,"key":"SMITH"},{"data":"Hololive_StrengthChampion+7","floor":135,"key":"SMITH"}],"circlet_count":0,"master_deck":["AscendersBane","Hololive_CallNatsuiroMatsuri","Hololive_CallAkaiHaato+1","Hololive_CallNekomataOkayu","Hololive_CallSpadeEcho+1","Hololive_CallYogiri+1","Hololive_FlyingPonyTail","Hololive_Strike","Hololive_Defend","Hololive_Defend","Hololive_CallYuzukiChoco+1","Hololive_CallShiranuiFlare","Hololive_CallUsadaPekora+1","Hololive_Breathe","Hololive_CandyCastle+1","Hololive_FlareMind+1","Hololive_CallRosalyn","Hololive_LuckPotion","Hololive_LuckPotion+1","Hololive_FlyingPonyTail+1","Hololive_HuntDinosaur","Hololive_HuntDinosaur","Hololive_FlyingPonyTail","Hololive_FlyingPonyTail","Hololive_DDD+1","Hololive_CallShiranuiFlare","Sadistic Nature+1","Hololive_AWSL","Hololive_StarCraft","Hololive_Thief","Hololive_AWSL","Hololive_HuntDinosaur","infinitespire:DeathsTouch","PanicButton","Impatience","Hololive_HuntDinosaur","Hololive_IdolExercise","Hololive_HuntDinosaur","Hololive_BeCareful","Hololive_StrengthChampion+8","Hololive_AWSL","Hololive_HuntDinosaur+1","Hololive_HuntDinosaur","Hololive_HuntDinosaur","Hololive_HuntDinosaur+1","Hololive_HuntDinosaur","Sadistic Nature+1","infinitespire:Gouge","Hololive_HuntDinosaur+1","Hololive_CallOmaruPolka+1","Mayhem+1","Hololive_CallRosalyn","Hololive_DurableLive+1","Hololive_CallUsadaPekora","Hololive_Thief","Sadistic Nature","Hololive_AWSL"],"relics":["Hololive_TheStar","rat:SoulRing","halation:YellowSoulGem","aspiration:DSix","aspiration:Lifesprig","LugNut","hubris:Towel","qcfpunch:Wrestler\u0027s_Cloak","Regal Pillow","energizedSpire:SpiderWeb","foxEvents:ScarlettsFace","aspiration:StickyExplosives_weak","trackpad:WritersBlock","Strawberry","halation:PeacePiece","MiniBlackHole","infinitespire:ShieldingShard","Sandwich","SnailShell","halation:PromiseList","halation:Komachan","aspiration:ArtOfWarUpgrade","StuffTheSpire:Mouthbags","Happy Flower","hubris:Icosahedron","trackpad:PetRock","CCEMRelics:FiftyFTOfRope","reliquary:Sideboard","foxEvents:LuckyCharm","qcfpunch:Red_Headband","halation:EternalFortune","relicPack:DSword","hubris:MobiusCoin","Smiling Mask","OrangePellets","hubris:TenFootPole","Dota2Spire:LinkenSphere","SlaversCollar","CCEMRelics:ChainBlade","DollysMirror","reliquary:TuningFork","War Paint","halation:PapillonHeart","CCEMRelics:DarkMatter","relicPack:OneForAll","CCEMRelics:FakeTeeth","SuspiciousGoo","Dota2Spire:UrnOfShadows","CCEMRelics:Pendulum","Black Star","Dota2Spire:HandOfMidas","Dota2Spire:AghanimScepter","ClockworkSouvenir","infinitespire:Midas Blood","halation:LostSnail","trackpad:FieryHotPepper","CCEMRelics:OrganicArmor","aspiration:ArtOfWarUpgrade","trackpad:ByrdBGone","Anchor","conspire:Dentures","Pear","RollingBoulder","halation:Prosthetics","qcfpunch:Combat_Fatigues","infinitespire:CheckeredPen","Mango","StuffTheSpire:Gunfinga"],"acts_visited":["Exordium","TheCity","TheBeyond","Exordium","TheCity","TheBeyond","Exordium","TheCity","TheBeyond","TheEnding"],"potions_floor_usage":[143,157],"damage_taken":[{"damage":0.0,"enemies":"Jaw Worm","floor":1.0,"turns":6.0},{"damage":0.0,"enemies":"Small Slimes","floor":3.0,"turns":4.0},{"damage":25.0,"enemies":"Gremlin Nob","floor":7.0,"turns":6.0},{"damage":0.0,"enemies":"2 Louse","floor":8.0,"turns":3.0},{"damage":0.0,"enemies":"Lagavulin","floor":12.0,"turns":5.0},{"damage":0.0,"enemies":"Lots of Slimes","floor":14.0,"turns":3.0},{"damage":4.0,"enemies":"The Guardian","floor":16.0,"turns":9.0},{"damage":0.0,"enemies":"Spheric Guardian","floor":18.0,"turns":3.0},{"damage":0.0,"enemies":"Chosen","floor":20.0,"turns":3.0},{"damage":0.0,"enemies":"Snecko","floor":22.0,"turns":4.0},{"damage":0.0,"enemies":"Book of Stabbing","floor":23.0,"turns":3.0},{"damage":0.0,"enemies":"Centurion and Healer","floor":24.0,"turns":6.0},{"damage":0.0,"enemies":"Nightmare","floor":27.0,"turns":4.0},{"damage":0.0,"enemies":"conspire:HollyBat","floor":29.0,"turns":5.0},{"damage":0.0,"enemies":"Book of Stabbing","floor":31.0,"turns":4.0},{"damage":0.0,"enemies":"Automaton","floor":33.0,"turns":7.0},{"damage":0.0,"enemies":"Orb Walker","floor":35.0,"turns":4.0},{"damage":0.0,"enemies":"3 Darklings","floor":37.0,"turns":3.0},{"damage":0.0,"enemies":"Transient","floor":38.0,"turns":5.0},{"damage":0.0,"enemies":"Reptomancer","floor":40.0,"turns":2.0},{"damage":0.0,"enemies":"Giant Head","floor":42.0,"turns":4.0},{"damage":0.0,"enemies":"Spire Growth","floor":44.0,"turns":3.0},{"damage":7.0,"enemies":"Reptomancer","floor":46.0,"turns":4.0},{"damage":0.0,"enemies":"Sphere and 2 Shapes","floor":47.0,"turns":2.0},{"damage":0.0,"enemies":"Jaw Worm Horde","floor":48.0,"turns":3.0},{"damage":0.0,"enemies":"MirrorBossEncounter","floor":50.0,"turns":8.0},{"damage":0.0,"enemies":"bossMod:newAwakened","floor":51.0,"turns":7.0},{"damage":0.0,"enemies":"Jaw Worm","floor":53.0,"turns":2.0},{"damage":0.0,"enemies":"Small Slimes","floor":56.0,"turns":2.0},{"damage":0.0,"enemies":"3 Sentries","floor":59.0,"turns":2.0},{"damage":0.0,"enemies":"Cultist","floor":62.0,"turns":2.0},{"damage":0.0,"enemies":"Colosseum Slavers","floor":64.0,"turns":2.0},{"damage":0.0,"enemies":"Nightmare","floor":65.0,"turns":4.0},{"damage":0.0,"enemies":"2 Fungi Beasts","floor":66.0,"turns":2.0},{"damage":0.0,"enemies":"Hexaghost","floor":68.0,"turns":3.0},{"damage":0.0,"enemies":"Shell Parasite","floor":70.0,"turns":2.0},{"damage":0.0,"enemies":"Spheric Guardian","floor":77.0,"turns":1.0},{"damage":0.0,"enemies":"Slavers","floor":79.0,"turns":1.0},{"damage":0.0,"enemies":"Snecko","floor":81.0,"turns":2.0},{"damage":9.0,"enemies":"Snake Plant","floor":82.0,"turns":2.0},{"damage":0.0,"enemies":"Gremlin Leader","floor":83.0,"turns":3.0},{"damage":0.0,"enemies":"bossMod:newChamp","floor":85.0,"turns":3.0},{"damage":25,"enemies":"3 Darklings","floor":87,"turns":3},{"damage":0,"enemies":"3 Shapes","floor":91,"turns":2},{"damage":0,"enemies":"Nightmare","floor":92,"turns":3},{"damage":0,"enemies":"Giant Head","floor":96,"turns":3},{"damage":0,"enemies":"Writhing Mass","floor":100,"turns":2},{"damage":0,"enemies":"bossMod:newShapes","floor":102,"turns":2},{"damage":0,"enemies":"conspire:RoseBush","floor":104,"turns":2},{"damage":0,"enemies":"Small Slimes","floor":107,"turns":2},{"damage":0,"enemies":"conspire:MimicChest","floor":110,"turns":2},{"damage":0,"enemies":"Lagavulin","floor":113,"turns":2},{"damage":0,"enemies":"2 Louse","floor":115,"turns":3},{"damage":0,"enemies":"2 Fungi Beasts","floor":116,"turns":2},{"damage":0,"enemies":"Slime Boss","floor":119,"turns":2},{"damage":0,"enemies":"Spheric Guardian","floor":121,"turns":2},{"damage":0,"enemies":"2 Thieves","floor":122,"turns":2},{"damage":0,"enemies":"Snake Plant","floor":123,"turns":2},{"damage":0,"enemies":"conspire:HollyBat","floor":124,"turns":8},{"damage":0,"enemies":"Nightmare","floor":127,"turns":3},{"damage":0,"enemies":"Chosen and Byrds","floor":130,"turns":3},{"damage":0,"enemies":"Centurion and Healer","floor":133,"turns":2},{"damage":0,"enemies":"Cultist and Chosen","floor":134,"turns":2},{"damage":0,"enemies":"bossMod:newChamp","floor":136,"turns":3},{"damage":0,"enemies":"3 Shapes","floor":138,"turns":2},{"damage":0,"enemies":"3 Darklings","floor":139,"turns":2},{"damage":0,"enemies":"Sphere and 2 Shapes","floor":140,"turns":2},{"damage":0,"enemies":"4 Shapes","floor":142,"turns":3},{"damage":1,"enemies":"Reptomancer","floor":143,"turns":3},{"damage":0,"enemies":"Writhing Mass","floor":147,"turns":2},{"damage":0,"enemies":"Spire Growth","floor":148,"turns":2},{"damage":0,"enemies":"Giant Head","floor":151,"turns":4},{"damage":0,"enemies":"bossMod:newShapes","floor":153,"turns":4},{"damage":0,"enemies":"Shield and Spear","floor":157,"turns":2},{"damage":0,"enemies":"The Heart","floor":158,"turns":6}],"seed_played":"-2012334678169123342","potions_obtained":[{"floor":1.0,"key":"blueLaboratory:BubblePotion"},{"floor":12.0,"key":"BlessingOfTheForge"},{"floor":14.0,"key":"potionbrewer:InfectionPotion"},{"floor":18.0,"key":"StSpp:ScatteredPotion"},{"floor":19.0,"key":"DuplicationPotion"},{"floor":147,"key":"Fire Potion"},{"floor":153,"key":"blueLaboratory:LouseDecoction"},{"floor":158,"key":"blueLaboratory:ExaltedPotion"}],"is_trial":false,"path_per_floor":["M","?","M","?","T","R","E","M","T","?","R","E","$","M","R","B",null,"M","?","M","?","M","E","M","R","T","NM","$","M","$","E","R","B",null,"M","$","M","M","$","E","AVR","E","T","M","?","E","M","M","R","B","B",null,"M","?","?","M","?","R","E","R","T","M","AVR","?","NM","M","R","B",null,"M","?","$","?","?","R","?","M","T","E","$","M","M","E","R","B",null,"M","?","?","$","M","NM","R","$","T","E","?","R","?","M","R","B",null,"M","$","?","M","?","R","?","?","T","E","?","M","M","T","R","B",null,"M","M","M","M","?","R","NM","$","T","M","R","$","M","M","R","B",null,"M","M","M","AVR","M","E","$","?","T","M","M","$","?","E","R","B",null,"R","$","E","B",null],"character_chosen":"Hololive_HololiveCharacter","items_purchased":["Regal Pillow","halation:PeacePiece","MiniBlackHole","Hololive_FlyingPonyTail","Sadistic Nature","SnailShell","Hololive_HuntDinosaur","Hololive_BeCareful","OrangePellets","hubris:TenFootPole","CCEMRelics:ChainBlade","DollysMirror","Mayhem","Sadistic Nature","ClockworkSouvenir","halation:LostSnail","trackpad:ByrdBGone","conspire:Dentures","qcfpunch:Combat_Fatigues","infinitespire:CheckeredPen","rat:SoulRing"],"campfire_rested":3,"item_purchase_floors":[13,28,28,30,36,39,72,72,80,80,90,90,105,128,128,132,144,149,156,156,156],"current_hp_per_floor":[27,27,27,27,27,27,2,2,2,2,11,11,11,11,30,26,29,29,29,29,29,29,29,29,29,29,36,36,36,36,36,36,36,37,37,37,37,37,37,37,37,38,38,39,39,33,34,35,35,36,37,42,44,34,34,36,36,36,38,38,38,40,40,42,44,46,46,48,57,59,62,62,27,27,27,27,29,29,31,31,36,29,31,69,71,80,58,58,58,58,61,64,64,64,64,67,67,67,67,73,73,76,96,99,99,99,105,105,105,108,97,97,100,100,103,106,106,106,109,120,123,126,129,135,135,135,138,138,138,141,141,141,147,150,150,153,153,157,161,165,165,172,175,175,175,175,179,183,183,183,197,197,201,167,167,167,185,189],"gold":168,"neow_bonus":"DSIX","is_daily":false,"chose_seed":false,"campfire_upgraded":14,"win_rate":0.0,"timestamp":1613543185,"path_taken":["M","?","M","?","?","R","E","M","T","?","R","E","$","M","R","BOSS","M","?","M","?","?","E","M","R","T","NM","$","M","$","E","R","BOSS","M","?","M","?","$","E","AVR","E","T","M","?","E","?","M","R","BOSS","BOSS","M","?","?","M","?","R","E","R","T","M","AVR","?","NM","M","R","BOSS","M","?","$","?","?","R","?","M","T","E","$","M","M","E","R","BOSS","M","?","?","$","M","NM","R","$","T","E","?","R","?","M","R","BOSS","M","$","?","M","?","R","?","?","T","E","?","M","?","?","R","BOSS","M","?","M","M","?","R","NM","$","T","M","R","?","M","?","R","BOSS","M","M","?","AVR","M","E","?","?","T","M","M","$","?","E","R","BOSS","R","$","E","BOSS"],"items_purchased_type":["Relic","Relic","Relic","Card","Card","Relic","Card","Card","Relic","Relic","Relic","Relic","Card","Card","Relic","Relic","Relic","Relic","Relic","Relic","Relic"],"build_version":"2020-12-22","purchased_purges":1,"victory":true,"max_hp_per_floor":[30,30,30,30,30,30,30,30,30,30,30,30,30,30,30,30,30,30,30,30,30,30,30,30,30,30,37,37,37,37,37,37,37,37,37,37,37,37,37,37,37,38,38,39,39,40,41,42,42,43,44,44,46,46,46,48,48,48,50,50,50,52,52,54,56,58,58,60,60,62,65,65,65,65,65,65,67,67,69,69,74,76,78,78,80,80,83,83,83,83,86,89,89,89,89,92,92,92,87,93,93,96,96,99,99,99,105,105,105,108,108,108,111,111,114,117,117,117,120,120,123,126,129,135,135,135,138,138,138,141,141,141,147,150,150,153,153,157,161,165,165,172,176,176,176,176,180,184,184,184,198,198,202,167,167,167,185,189],"card_choices":[{"not_picked":["Hololive_CallOmaruPolka","Hololive_RevenueBasedLive","Hololive_BringToTrial"],"picked":"Hololive_CallYuzukiChoco","floor":1.0},{"not_picked":["Hololive_RevenueBasedLive","Hololive_Breathe","Hololive_Rebound"],"picked":"Hololive_CallShiranuiFlare","floor":3.0},{"not_picked":["Hololive_IdolExercise","Hololive_StrengthChampion","Hololive_Sequa"],"picked":"Hololive_CallUsadaPekora","floor":7.0},{"not_picked":["Hololive_Drill","Hololive_CallFriendA","Hololive_CallSakuraMiko","Hololive_Rebound"],"picked":"SKIP","floor":8.0},{"not_picked":["Hololive_OvertimeWork","Hololive_RevenueBasedLive","Hololive_Spy"],"picked":"Hololive_Breathe","floor":12.0},{"not_picked":["Hololive_Sequa","Hololive_StrengthChampion","Hololive_CallMinatoAqua"],"picked":"Hololive_CandyCastle","floor":14.0},{"not_picked":["Hololive_IdolExercise","Hololive_ASMR","Hololive_HighAtkLowDef"],"picked":"Hololive_FlareMind","floor":16.0},{"not_picked":["Hololive_Sequa","Hololive_Psychosis","Hololive_CallAiraniIofifteen"],"picked":"Hololive_CallRosalyn","floor":18.0},{"not_picked":["Hololive_CallMoonaHoshinova","Hololive_RevenueBasedLive+1","Hololive_CallMomosuzuNene"],"picked":"Hololive_LuckPotion","floor":20.0},{"not_picked":["Hololive_CallOkamiMio","Hololive_CallShiranuiFlare","Hololive_FlyingPonyTail"],"picked":"Hololive_LuckPotion+1","floor":22.0},{"not_picked":["Hololive_ScarfAndHalo","Hololive_CallMinatoAqua","Hololive_CallTokinoSora"],"picked":"Hololive_FlyingPonyTail","floor":23.0},{"not_picked":["Hololive_CallAyundaRisu","Hololive_RevenueBasedLive","Hololive_Rebound","Hololive_CallYogiri"],"picked":"SKIP","floor":24.0},{"not_picked":["Hololive_SoulCatcher","Hololive_Rebound","Hololive_CallShiroganeNoel"],"picked":"Hololive_HuntDinosaur","floor":27.0},{"not_picked":["Hololive_CallOkamiMio+1","Hololive_CallShiroganeNoel","Hololive_CallArtia"],"picked":"Hololive_HuntDinosaur","floor":29.0},{"not_picked":["Hololive_RevenueBasedLive","Hololive_Psychosis","Hololive_CallSakuraMiko"],"picked":"Hololive_FlyingPonyTail","floor":31.0},{"not_picked":["Hololive_Recruit","Hololive_OpenUp","Hololive_WolfAndLamb"],"picked":"Hololive_DDD","floor":33.0},{"not_picked":["Hololive_CocoNews","Hololive_Trident","Hololive_RevenueBasedLive"],"picked":"Hololive_CallShiranuiFlare","floor":35.0},{"not_picked":["Hololive_DevilCharm","Hololive_FlyingPonyTail+1","Hololive_CallShiroganeNoel"],"picked":"Hololive_StrengthChampion+1","floor":37.0},{"not_picked":["Hololive_FlyingPonyTail+1","Hololive_CallYogiri","Hololive_CallUruhaRushia","Hololive_BringToTrial"],"picked":"SKIP","floor":38.0},{"not_picked":["Hololive_RevenueBasedLive+1","Hololive_CallRosalyn+1","Hololive_Psychosis"],"picked":"Hololive_AWSL","floor":40.0},{"not_picked":["Hololive_CallAZKi","Hololive_CallOkamiMio","Hololive_Rebound"],"picked":"Hololive_StarCraft","floor":42.0},{"not_picked":["Hololive_FlyingPonyTail","Hololive_StrengthChampion","Hololive_CallShirakamiFubuki","Hololive_LuckPotion"],"picked":"SKIP","floor":44.0},{"not_picked":["Hololive_Breathe","Hololive_RevenueBasedLive+1","Hololive_StrengthChampion","Hololive_MaximGun"],"picked":"SKIP","floor":46.0},{"not_picked":["Hololive_FlyingPonyTail","Hololive_CallAiraniIofifteen","Hololive_CallMomosuzuNene+1","Hololive_LuckPotion"],"picked":"SKIP","floor":47.0},{"not_picked":["Hololive_Rebound+1","Hololive_CallYukihanaLamy","Hololive_CocoNews","Hololive_CallMomosuzuNene"],"picked":"SKIP","floor":48.0},{"not_picked":["Hololive_WolfAndLamb","Hololive_OpenUp","Hololive_ASMR"],"picked":"Hololive_Thief","floor":50.0},{"not_picked":["Hololive_DurableLive","Hololive_Recruit","Hololive_Thief"],"picked":"Hololive_AWSL","floor":51.0},{"not_picked":["Hololive_CallKiryuuCoco","Hololive_Drill","Hololive_Sequa"],"picked":"Hololive_HuntDinosaur","floor":53.0},{"not_picked":["infinitespire:TheBestDefense","infinitespire:UltimateForm"],"picked":"infinitespire:DeathsTouch","floor":54.0},{"not_picked":["Thinking Ahead","hubris:Ssssneak","CBP: PlotConvenience"],"picked":"PanicButton","floor":55.0},{"not_picked":["Finesse","Violence","Sharp Hide"],"picked":"Impatience","floor":55.0},{"not_picked":["Hololive_Psychosis","Hololive_Rebound","Hololive_CocoNews","Hololive_FlyingPonyTail"],"picked":"SKIP","floor":56.0},{"not_picked":["Hololive_CandyCastle","Hololive_CallYogiri","Hololive_CallMoonaHoshinova","Hololive_Sequa"],"picked":"SKIP","floor":59.0},{"not_picked":["Hololive_Drill","Hololive_Sequa","Hololive_StarCraft"],"picked":"Hololive_HuntDinosaur","floor":62.0},{"not_picked":["Hololive_RevenueBasedLive","Hololive_FlyingPonyTail","Hololive_Psychosis","Hololive_CallYuzukiChoco"],"picked":"SKIP","floor":65.0},{"not_picked":["Hololive_RevenueBasedLive","Hololive_FlyingPonyTail","Hololive_Psychosis","Hololive_CallYuzukiChoco"],"picked":"SKIP","floor":65.0},{"not_picked":["Hololive_LuckPotion","Hololive_BringToTrial","Hololive_RevenueBasedLive","Hololive_CallShiranuiFlare"],"picked":"SKIP","floor":66.0},{"not_picked":["Hololive_Rebirth","Hololive_ScarfAndHalo","Hololive_HighAtkLowDef"],"picked":"Hololive_IdolExercise","floor":68.0},{"not_picked":["Hololive_CocoNews","Hololive_BringToTrial","Hololive_CallTokinoSora","Hololive_CallMoonaHoshinova"],"picked":"SKIP","floor":70.0},{"not_picked":["Hololive_Drill","Hololive_CallAiraniIofifteen","Hololive_CallHoushouMarine","Hololive_Trident"],"picked":"SKIP","floor":77.0},{"not_picked":["hubris:Rewind","infinitespire:Execution"],"picked":"infinitespire:SealOfDarkness+","floor":78.0},{"not_picked":["Hololive_SoulCatcher","Hololive_CallInugamiKorone+1","Hololive_Psychosis","Hololive_CallHimemoriLuna"],"picked":"SKIP","floor":79.0},{"not_picked":["Hololive_RevenueBasedLive","Hololive_ILoveYou","Hololive_Trident","Hololive_StrengthChampion"],"picked":"SKIP","floor":81.0},{"not_picked":["Hololive_CallYukihanaLamy","Hololive_StrengthChampion","Hololive_Breathe","Hololive_CallAZKi"],"picked":"SKIP","floor":82.0},{"not_picked":["Hololive_CocoNews","Hololive_CallUruhaRushia","Hololive_FlyingPonyTail","Hololive_CallSpadeEcho"],"picked":"SKIP","floor":83.0},{"not_picked":["Hololive_Nanodesu","Hololive_MaximGun","Hololive_DurableLive"],"picked":"Hololive_AWSL","floor":85.0},{"not_picked":["Hololive_Sequa","Hololive_RevenueBasedLive+1","Hololive_Trident"],"picked":"Hololive_CallOmaruPolka+1","floor":87},{"not_picked":["Hololive_CallSakuraMiko+1","Hololive_OvertimeWork+1","Hololive_Trident"],"picked":"Hololive_HuntDinosaur+1","floor":91},{"not_picked":["infinitespire:DeathsTouch","infinitespire:FinalStrike"],"picked":"infinitespire:Gouge","floor":92},{"not_picked":["Hololive_ScarfAndHalo","Hololive_Breathe+1","Hololive_Rebound+1","Hololive_CallYukihanaLamy"],"picked":"SKIP","floor":92},{"not_picked":["Hololive_CallOkamiMio","Hololive_StrengthChampion","Hololive_CallTokinoSora","Hololive_CallSpadeEcho"],"picked":"SKIP","floor":96},{"not_picked":["Hololive_Rebound","Hololive_OvertimeWork","Hololive_CallRoboco","Hololive_Psychosis"],"picked":"SKIP","floor":100},{"not_picked":["Hololive_Drill","Hololive_CallShiranuiFlare","Hololive_Sequa"],"picked":"Hololive_CallRosalyn","floor":104},{"not_picked":["Hololive_FlyingPonyTail","Hololive_OvertimeWork","Hololive_Breathe","Hololive_CallNekomataOkayu"],"picked":"SKIP","floor":107},{"not_picked":["Hololive_Psychosis","Hololive_CallYuzukiChoco","Hololive_CallTokoyamiTowa","Hololive_CallMoonaHoshinova"],"picked":"SKIP","floor":113},{"not_picked":["Hololive_HuntDinosaur","Hololive_CocoNews","Hololive_LuckPotion","Hololive_FlyingPonyTail"],"picked":"SKIP","floor":115},{"not_picked":["Hololive_CallYogiri","Hololive_RevenueBasedLive","Hololive_Sequa","Hololive_StrengthChampion"],"picked":"SKIP","floor":116},{"not_picked":["Hololive_MaximGun","Hololive_Recruit","Hololive_ASMR"],"picked":"Hololive_DurableLive","floor":119},{"not_picked":["Hololive_CallDoris","Hololive_RevenueBasedLive","Hololive_Psychosis","Hololive_CallAZKi+1"],"picked":"SKIP","floor":121},{"not_picked":["Hololive_CallDoris","Hololive_RevenueBasedLive+1","Hololive_FlyingPonyTail","Hololive_Drill"],"picked":"SKIP","floor":122},{"not_picked":["Hololive_CallAZKi","Hololive_Trident","Hololive_Sequa"],"picked":"Hololive_CallUsadaPekora","floor":123},{"not_picked":["Hololive_ManjiGathering","Hololive_CallUruhaRushia","Hololive_Trident","Hololive_CallAkaiHaato"],"picked":"SKIP","floor":124},{"not_picked":["Hololive_OvertimeWork","Hololive_RevenueBasedLive","Hololive_CallSakuraMiko","Hololive_HuntDinosaur"],"picked":"SKIP","floor":127},{"not_picked":["Hololive_OvertimeWork","Hololive_RevenueBasedLive","Hololive_CallSakuraMiko","Hololive_HuntDinosaur"],"picked":"SKIP","floor":127},{"not_picked":["Hololive_FlyingPonyTail+1","Hololive_LuckPotion+1","Hololive_CallYogiri","Hololive_HuntDinosaur"],"picked":"SKIP","floor":130},{"not_picked":["Hololive_OvertimeWork","Hololive_RevenueBasedLive+1","Hololive_Sequa","Hololive_Drill"],"picked":"SKIP","floor":133},{"not_picked":["Hololive_StrengthChampion","Hololive_Sequa","Hololive_CocoNews","Hololive_ILoveYou"],"picked":"SKIP","floor":134},{"not_picked":["Hololive_HighAtkLowDef","Hololive_Thief","Hololive_Recruit"],"picked":"Hololive_AWSL","floor":136},{"not_picked":["Hololive_FlyingPonyTail","Hololive_CallAZKi","Hololive_Rebound","Hololive_Trident"],"picked":"SKIP","floor":138},{"not_picked":["Hololive_Rebound","Hololive_CallOzoraSubaru+1","Hololive_Trident+1","Hololive_RevenueBasedLive+1"],"picked":"SKIP","floor":139},{"not_picked":["Hololive_LuckPotion","Hololive_Breathe","Hololive_StrengthChampion+1"],"picked":"Hololive_CallOmaruPolka+1","floor":140},{"not_picked":["Hololive_CallTsunomakiWatame+1","Hololive_FlyingPonyTail+1","Hololive_CallManoAloe+1"],"picked":"Hololive_CallRosalyn","floor":142},{"not_picked":["Hololive_CallShishiroBotan","Hololive_CocoNews","Hololive_Drill+1","Hololive_CallTokoyamiTowa+1"],"picked":"SKIP","floor":143},{"not_picked":["Hololive_Teleport+1","Hololive_CallOmaruPolka+1","Hololive_CallUruhaRushia","Hololive_ManjiGathering"],"picked":"SKIP","floor":147},{"not_picked":["Hololive_HuntDinosaur+1","Hololive_CallShiroganeNoel+1","Hololive_Trident"],"picked":"Hololive_BeCareful","floor":148},{"not_picked":["Hololive_HuntDinosaur","Hololive_Sequa","Hololive_Psychosis","Hololive_LuckPotion"],"picked":"SKIP","floor":151},{"not_picked":["Hololive_DDD","Hololive_DurableLive","Hololive_ASMR"],"picked":"Hololive_AWSL","floor":153},{"not_picked":["Hololive_CallUsadaPekora+1","Hololive_LuckPotion","Hololive_StrengthChampion+1","Hololive_CallAkaiHaato+1"],"picked":"SKIP","floor":157},{"not_picked":["Hololive_Thief","Hololive_MaximGun","Hololive_Recruit"],"picked":"Hololive_BeCareful","floor":158}],"player_experience":195171,"relics_obtained":[{"floor":7.0,"key":"aspiration:Lifesprig"},{"floor":9.0,"key":"LugNut"},{"floor":12.0,"key":"qcfpunch:Wrestler\u0027s_Cloak"},{"floor":23.0,"key":"aspiration:StickyExplosives_weak"},{"floor":26.0,"key":"trackpad:WritersBlock"},{"floor":27.0,"key":"Strawberry"},{"floor":31.0,"key":"infinitespire:ShieldingShard"},{"floor":40.0,"key":"halation:PromiseList"},{"floor":42.0,"key":"Art of War"},{"floor":43.0,"key":"StuffTheSpire:Mouthbags"},{"floor":46.0,"key":"Happy Flower"},{"floor":59.0,"key":"trackpad:PetRock"},{"floor":61.0,"key":"CCEMRelics:FiftyFTOfRope"},{"floor":64.0,"key":"foxEvents:LuckyCharm"},{"floor":65.0,"key":"qcfpunch:Red_Headband"},{"floor":78.0,"key":"hubris:MobiusCoin"},{"floor":79.0,"key":"Smiling Mask"},{"floor":81.0,"key":"halation:EternalFortune"},{"floor":83.0,"key":"Dota2Spire:LinkenSphere"},{"floor":95,"key":"reliquary:TuningFork"},{"floor":96,"key":"War Paint"},{"floor":100,"key":"halation:EternalFortune"},{"floor":107,"key":"halation:EternalFortune"},{"floor":110,"key":"CCEMRelics:FakeTeeth"},{"floor":112,"key":"SuspiciousGoo"},{"floor":113,"key":"Dota2Spire:UrnOfShadows"},{"floor":117,"key":"CCEMRelics:Pendulum"},{"floor":124,"key":"halation:EternalFortune"},{"floor":127,"key":"Dota2Spire:HandOfMidas"},{"floor":127,"key":"Dota2Spire:AghanimScepter"},{"floor":129,"key":"infinitespire:Midas Blood"},{"floor":133,"key":"halation:EternalFortune"},{"floor":142,"key":"halation:EternalFortune"},{"floor":143,"key":"CCEMRelics:OrganicArmor"},{"floor":143,"key":"Art of War"},{"floor":146,"key":"Anchor"},{"floor":151,"key":"Pear"},{"floor":151,"key":"RollingBoulder"},{"floor":157,"key":"Mango"},{"floor":157,"key":"StuffTheSpire:Gunfinga"}],"event_choices":[{"damage_healed":0.0,"max_hp_gain":0.0,"max_hp_loss":0.0,"gold_gain":0.0,"event_name":"Lab","player_choice":"Got Potions","floor":19.0,"gold_loss":0.0,"damage_taken":0.0},{"damage_healed":0.0,"max_hp_gain":0.0,"max_hp_loss":0.0,"gold_gain":0.0,"event_name":"FaceTrader","player_choice":"Trade","floor":21.0,"gold_loss":0.0,"damage_taken":0.0,"relics_obtained":["foxEvents:ScarlettsFace"]},{"damage_healed":0.0,"max_hp_gain":0.0,"max_hp_loss":0.0,"gold_gain":0.0,"event_name":"Designer","player_choice":"Upgraded Two","floor":45.0,"gold_loss":50.0,"damage_taken":0.0,"cards_upgraded":["Hololive_CallYuzukiChoco","Hololive_CallYogiri"]},{"damage_healed":0.0,"max_hp_gain":0.0,"max_hp_loss":0.0,"gold_gain":4.0,"event_name":"betterStone:BetterStone","player_choice":"1","floor":55.0,"gold_loss":0.0,"damage_taken":0.0},{"damage_healed":0.0,"max_hp_gain":0.0,"max_hp_loss":0.0,"gold_gain":100.0,"event_name":"The Joust","player_choice":"Bet on Murderer","floor":76.0,"gold_loss":50.0,"damage_taken":0.0},{"damage_healed":0,"gold_gain":0,"player_choice":"Ignored","damage_taken":20,"max_hp_gain":0,"max_hp_loss":0,"event_name":"betterThird:BetterSerpent","floor":106,"gold_loss":0},{"damage_healed":108,"gold_gain":0,"player_choice":"Upgrade","damage_taken":22,"max_hp_gain":0,"max_hp_loss":108,"event_name":"betterThird:BetterShining","floor":111,"gold_loss":0,"cards_upgraded":["Hololive_HuntDinosaur","Hololive_CandyCastle"]},{"damage_healed":0,"gold_gain":0,"player_choice":"Searched \u00270\u0027 times","damage_taken":0,"max_hp_gain":0,"max_hp_loss":0,"event_name":"Dead Adventurer","floor":114,"gold_loss":0},{"damage_healed":0,"gold_gain":0,"player_choice":"Read","damage_taken":0,"max_hp_gain":0,"max_hp_loss":0,"event_name":"The Library","floor":125,"gold_loss":0,"cards_obtained":["Hololive_Thief"]},{"damage_healed":0,"gold_gain":0,"player_choice":"Ignored","damage_taken":0,"max_hp_gain":0,"max_hp_loss":0,"event_name":"Mysterious Sphere","floor":150,"gold_loss":0}],"is_beta":false,"boss_relics":[{"not_picked":["energizedSpire:RedRose","StuffTheSpire:Kangaroo"],"picked":"energizedSpire:SpiderWeb"},{"not_picked":["conspire:SlowCooker","relicPack:KazumaCape"],"picked":"Sandwich"},{"not_picked":["Astrolabe","conspire:SeveredTorchhead","hubris:VirtuousBlindfold"]},{"not_picked":["CCEMRelics:ExpiredCReal","relicPack:ShieldShield","halation:SmartPhone"]},{"not_picked":["StSpp:FireArrow","jessBottle:WaterBottleRelic"],"picked":"SlaversCollar"},{"not_picked":["Cursed Key","trackpad:Coffee"],"picked":"CCEMRelics:DarkMatter"},{"not_picked":["hubris:HollowSoul","CCEMRelics:TransientCore"],"picked":"Black Star"},{"not_picked":["reliquary:ThirdArm","CCEMRelics:GreenEgg","CCEMRelics:ExpiredCReal"]},{"not_picked":["StSpp:Magatama","Runic Pyramid"],"picked":"halation:Prosthetics"}],"items_purged_floors":[41],"is_endless":true,"potions_floor_spawned":[1,12,14,18,22,27,29,31,33,35,44,46,48,50,64,65,68,77,79,82,83,87,92,102,104,107,122,124,134,138,147,148,151,153,158],"ascension_level":0}}