{"host":"5vt7i1s0igmi3yzq","time":1613598628,"event":{"mods":["AchievementEnabler","Act Like it!","Aspiration","BaseMod","Better Altar","Better Match","Better Note","Better Sensory Stone","Better Skull","Better Third Choice","Better Vampires","BetterRewards","Colored Powertips","Fox Events","GifTheSpireLib","Hermit","Highlight Path","Minty Spire (QoL Compilation)","Morshu Shopkeeper","Pale of the Ancients","Permanent Neow","Rare Cards Sparkle","Replay The Spire","Reworked Bosses","Shop Mod","StSLib","Stuff the Spire","Unceasing Turn Reminder","Wandering Minibosses","everything is the same but u backflip on backflip"],"gold_per_floor":[115,127,147,167,177,207,207,232,282,282,357,370,502,515,515,610,610,630,641,303,317,317,425,425,537,561,579,711,727,25,41,41,139,189,203,252,267,267,287,387,434,450,450,233,361,375,518,32,32,32,65,90,108,159,159,172,172,48,48,55],"floor_reached":61,"language":"ENG","playtime":6677,"items_purged":["Shame"],"score":1769,"play_id":"40b422f8-e94d-4ad5-9658-0125931a8286","local_time":"20210217155028","is_ascension_mode":true,"campfire_choices":[{"data":"Scrawl","floor":7.0,"key":"SMITH"},{"data":"Eruption","floor":10.0,"key":"SMITH"},{"floor":15.0,"key":"REST"},{"data":"DeusExMachina","floor":24.0,"key":"SMITH"},{"floor":32.0,"key":"REST"},{"floor":49.0,"key":"REST"},{"data":"Metamorphosis","floor":55,"key":"SMITH"},{"data":"StuffTheSpire:PlasmaPunch","floor":57,"key":"SMITH"}],"circlet_count":1,"master_deck":["Strike_P+1","Strike_P+1","Strike_P","Strike_P","Defend_P+1","Defend_P","Defend_P","Defend_P","Eruption+1","Vigilance","EmptyFist","FlurryOfBlows","FollowUp+1","Scrawl+1","FlurryOfBlows","CutThroughFate+1","Omniscience","Replay:Hum","Wireheading","Replay:ManipulateFuture","DeusExMachina+1","Replay:BluntJabs","Replay:BluntJabs+1","Purity","Replay:AtTheReady+1","ConjureBlade","EmptyBody+1","Sanctity","EmptyBody+1","ReachHeaven+1","Metamorphosis+1","StuffTheSpire:PlasmaPunch+1","Wish+1","ConjureBlade+1","ClearTheMind+1","Crescendo+1","LessonLearned","EmptyFist","Hallucinations","Alpha+1","Consecrate","Replay:ManipulateFuture+1","TalkToTheHand+1","ReplayTheSpireMod:Brewmster+1","StuffTheSpire:FreeRealEstate+1","Collect+1","JustLucky","Crescendo+1","EmptyMind+1","Master of Strategy+1","EmptyFist+1","ClearTheMind+1","FollowUp","Pot Of Greed+1","Pot Of Greed+1","Pot Of Greed+1","Pot Of Greed+1","Pot Of Greed+1","Discovery+1","Discovery+1","InnerPeace+1","Wireheading+1"],"relics":["PureWater","StuffTheSpire:NeowsTribute","Orichalcum","StuffTheSpire:TintedRock","StuffTheSpire:Nightcore","Honey Jar","Lantern","MerchantsRug","Circlet","Calipers","Potion Belt","ReplayTheSpireMod:CursedCoin","Blue Doll","Toxic Egg 2","ReplayTheSpireMod:Ring of Challenge","ReplayTheSpireMod:Ring of Addiction","SacredBark","Toy Ornithopter","Gremlin Horn","Gremlin Food","Onion Ring","Bag of Preparation","paleoftheancients:Timepiece","paleoftheancients:KeyRelic","Ice Cream","Letter Opener","paleoftheancients:SoulOfTheShapes","paleoftheancients:SoulOfTheThorton","Grinning Jar"],"acts_visited":["Exordium","TheCity","TheBeyond","TheBeyond"],"potions_floor_usage":[52,56,56,56,56,56,60,60,60,60,60,60],"damage_taken":[{"damage":0.0,"enemies":"Small Slimes","floor":1.0,"turns":2.0},{"damage":0.0,"enemies":"Cultist","floor":2.0,"turns":2.0},{"damage":0.0,"enemies":"Jaw Worm","floor":3.0,"turns":1.0},{"damage":0.0,"enemies":"Gremlin Gang","floor":4.0,"turns":4.0},{"damage":13.0,"enemies":"Large Slime","floor":5.0,"turns":3.0},{"damage":1.0,"enemies":"3 Sentries","floor":6.0,"turns":4.0},{"damage":0.0,"enemies":"Gremlin Nob","floor":8.0,"turns":2.0},{"damage":0.0,"enemies":"Exordium Wildlife","floor":12.0,"turns":1.0},{"damage":21.0,"enemies":"3 Sentries","floor":13.0,"turns":9.0},{"damage":0.0,"enemies":"Looter","floor":14.0,"turns":1.0},{"damage":7.0,"enemies":"Hexaghost","floor":16.0,"turns":9.0},{"damage":4.0,"enemies":"3 Byrds","floor":18.0,"turns":4.0},{"damage":0.0,"enemies":"Chosen","floor":19.0,"turns":3.0},{"damage":13.0,"enemies":"Snake Plant","floor":21.0,"turns":4.0},{"damage":0.0,"enemies":"Replay:Snechameleon","floor":23.0,"turns":2.0},{"damage":32.0,"enemies":"Book of Stabbing","floor":25.0,"turns":6.0},{"damage":0.0,"enemies":"3 Cultists","floor":27.0,"turns":4.0},{"damage":9.0,"enemies":"Slavers","floor":28.0,"turns":3.0},{"damage":6.0,"enemies":"Centurion and Healer","floor":29.0,"turns":5.0},{"damage":5.0,"enemies":"Snake Plant","floor":31.0,"turns":4.0},{"damage":21.0,"enemies":"bossMod:newCollector","floor":33.0,"turns":5.0},{"damage":12.0,"enemies":"3 Darklings","floor":35.0,"turns":5.0},{"damage":8.0,"enemies":"3 Shapes","floor":36.0,"turns":3.0},{"damage":0.0,"enemies":"Spire Growth","floor":37.0,"turns":2.0},{"damage":11.0,"enemies":"Transient","floor":39.0,"turns":5.0},{"damage":23.0,"enemies":"Reptomancer","floor":40.0,"turns":6.0},{"damage":15.0,"enemies":"Sphere and 2 Shapes","floor":41.0,"turns":10.0},{"damage":9.0,"enemies":"Maw","floor":42.0,"turns":7.0},{"damage":32.0,"enemies":"Nemesis","floor":45.0,"turns":5.0},{"damage":12.0,"enemies":"Jaw Worm Horde","floor":46.0,"turns":4.0},{"damage":0.0,"enemies":"Reptomancer","floor":47.0,"turns":4.0},{"damage":59.0,"enemies":"Time Eater","floor":50.0,"turns":9.0},{"damage":31.0,"enemies":"Time Eater","floor":51.0,"turns":7.0},{"damage":18,"enemies":"","floor":52,"turns":8},{"damage":0,"enemies":"paleoftheancients:Thorton1","floor":53,"turns":2},{"damage":80,"enemies":"paleoftheancients:Thorton1","floor":56,"turns":7},{"damage":22,"enemies":"paleoftheancients:N","floor":60,"turns":4}],"seed_played":"-5308905193722170899","potions_obtained":[{"floor":2.0,"key":"SteroidPotion"},{"floor":4.0,"key":"Milkshake"},{"floor":12.0,"key":"Weak Potion"},{"floor":13.0,"key":"SkillPotion"},{"floor":14.0,"key":"Flashbang"},{"floor":21.0,"key":"Fire Potion"},{"floor":22.0,"key":"Flashbang"},{"floor":22.0,"key":"PowerPotion"},{"floor":22.0,"key":"SpeedPotion"},{"floor":25.0,"key":"AttackPotion"},{"floor":27.0,"key":"FearPotion"},{"floor":31.0,"key":"PowerPotion"},{"floor":34.0,"key":"Milkshake"},{"floor":35.0,"key":"Milkshake"},{"floor":38.0,"key":"Elixir"},{"floor":38.0,"key":"LiquidMemories"},{"floor":38.0,"key":"Ancient Potion"},{"floor":39.0,"key":"DuplicationPotion"},{"floor":41.0,"key":"Weak Potion"},{"floor":46.0,"key":"SkillPotion"}],"is_trial":false,"path_per_floor":["M","M","M","M","M","E","R","E","T","R","?","M","E","M","R","B",null,"M","M","$","M","?","E","R","E","T","M","E","M","$","M","R","B",null,"M","M","M","?","M","E","M","M","T","$","E","M","E","$","R","B","M","M","M","T","R","M","R","$","?","B",null],"character_chosen":"WATCHER","items_purchased":["Lantern","Purity","MerchantsRug","ReplayTheSpireMod:CursedCoin","Ambrosia","Metamorphosis","StuffTheSpire:PlasmaPunch","Blue Doll","Toxic Egg 2","ReplayTheSpireMod:Brewmster+1","StuffTheSpire:FreeRealEstate+1","Onion Ring","Bag of Preparation","EmptyMind+1","Master of Strategy+1","Discovery+1","InnerPeace+1","Wireheading+1"],"campfire_rested":3,"item_purchase_floors":[20,20,20,30,30,30,30,30,30,44,44,48,48,48,48,58,58,58],"current_hp_per_floor":[51,51,51,51,38,37,37,37,37,37,26,26,5,5,26,19,72,68,68,68,55,55,55,55,38,38,38,29,23,23,18,39,32,77,65,57,57,57,51,28,13,14,14,29,7,10,15,30,53,77,64,51,51,51,51,75,75,75,75,71],"gold":55,"neow_bonus":"ONE_RARE_RELIC","is_daily":false,"chose_seed":false,"campfire_upgraded":5,"win_rate":0.0,"timestamp":1613598628,"path_taken":["M","M","M","M","M","E","R","E","T","R","?","M","E","M","R","BOSS","M","M","$","M","?","E","R","E","T","M","E","M","$","M","R","BOSS","M","M","?","?","M","E","M","M","T","?","E","?","E","$","R","BOSS","M","M","?","T","R","M","R","$","?","BOSS"],"items_purchased_type":["Relic","Card","Relic","Relic","Potion","Card","Card","Relic","Relic","Card","Card","Relic","Relic","Card","Card","Card","Card","Card"],"build_version":"2020-12-22","purchased_purges":1,"victory":true,"max_hp_per_floor":[72,72,72,72,72,72,72,72,72,72,72,72,72,72,72,72,72,72,72,72,72,72,72,72,72,72,72,72,72,72,72,72,72,77,77,77,77,77,77,77,77,77,77,77,77,77,77,77,77,77,77,77,77,77,77,75,75,75,75,73],"card_choices":[{"not_picked":["ThirdEye","EmptyBody"],"picked":"EmptyFist","floor":1.0},{"not_picked":["Replay:Vibes","FlyingSleeves"],"picked":"FlurryOfBlows","floor":2.0},{"not_picked":["Meditate","Replay:ManipulateFuture"],"picked":"FollowUp","floor":3.0},{"not_picked":["Evaluate","Replay:ManipulateFuture"],"picked":"Scrawl","floor":4.0},{"not_picked":["CrushJoints","Halt"],"picked":"FlurryOfBlows","floor":5.0},{"not_picked":["Replay:ManipulateFuture","Replay:Vibes"],"picked":"CutThroughFate","floor":6.0},{"not_picked":["ThirdEye","Replay:ManipulateFuture"],"picked":"Omniscience","floor":8.0},{"not_picked":["WindmillStrike","FlurryOfBlows"],"picked":"Replay:Hum","floor":12.0},{"not_picked":["Adaptation","Crescendo"],"picked":"Wireheading","floor":13.0},{"not_picked":["Swivel","Halt"],"picked":"Replay:ManipulateFuture","floor":14.0},{"not_picked":["Replay:AllIn","Replay:LoomingThreat"],"picked":"DeusExMachina","floor":16.0},{"not_picked":["WindmillStrike","BowlingBash","FlurryOfBlows"],"picked":"Replay:BluntJabs","floor":18.0},{"not_picked":["WaveOfTheHand","Consecrate","DeceiveReality"],"picked":"Replay:BluntJabs+1","floor":19.0},{"not_picked":["CrushJoints","Halt+1","Crescendo"],"picked":"Replay:AtTheReady+1","floor":21.0},{"not_picked":["EmptyMind","SashWhip","FlurryOfBlows"],"picked":"ConjureBlade","floor":23.0},{"not_picked":["Wallop","WaveOfTheHand+1","Replay:Anticipation"],"picked":"EmptyBody+1","floor":25.0},{"not_picked":["BowlingBash+1","WaveOfTheHand","Perseverance"],"picked":"Sanctity","floor":27.0},{"not_picked":["Nirvana","TalkToTheHand","WheelKick"],"picked":"EmptyBody+1","floor":28.0},{"not_picked":["EmptyBody+1","SashWhip","Replay:ManipulateFuture"],"picked":"ReachHeaven","floor":29.0},{"not_picked":["Replay:Cycle+1","Halt+1","EmptyBody+1"],"picked":"Wish+1","floor":31.0},{"not_picked":["Scrawl+1","Ragnarok","Omniscience+1"],"picked":"ConjureBlade+1","floor":33.0},{"not_picked":["Nirvana","BattleHymn+1","Prostrate+1"],"picked":"ClearTheMind+1","floor":34.0},{"not_picked":["Replay:Hum+1","ThirdEye+1","Vengeance+1"],"picked":"Crescendo+1","floor":35.0},{"not_picked":["Swivel+1","BowlingBash","Nirvana"],"picked":"LessonLearned","floor":36.0},{"not_picked":["Replay:AtTheReady+1","FollowUp","Consecrate"],"picked":"EmptyFist","floor":37.0},{"not_picked":["EmptyBody+1","Consecrate","CrushJoints"],"picked":"Alpha+1","floor":39.0},{"not_picked":["FlurryOfBlows+1","SashWhip","Evaluate+1"],"picked":"Consecrate","floor":40.0},{"not_picked":["CrushJoints","Conclude+1","FlurryOfBlows+1"],"picked":"Replay:ManipulateFuture+1","floor":41.0},{"not_picked":["ReachHeaven+1","Evaluate+1","FlurryOfBlows+1"],"picked":"TalkToTheHand+1","floor":42.0},{"not_picked":["PathToVictory+1","EmptyFist","Replay:AtTheReady+1","CrushJoints+1"],"picked":"Collect+1","floor":45.0},{"not_picked":["Consecrate","Nirvana","Replay:BluntJabs+1","Alpha+1"],"picked":"JustLucky","floor":46.0},{"not_picked":["Replay:Vibes+1","Perseverance+1","Consecrate+1","FlurryOfBlows"],"picked":"Crescendo+1","floor":47.0},{"not_picked":["WaveOfTheHand+1","Replay:AtTheReady+1","SashWhip+1"],"picked":"EmptyFist+1","floor":51.0},{"not_picked":["BattleHymn","Protect+1","WreathOfFlame+1"],"picked":"ClearTheMind+1","floor":52},{"not_picked":["InnerPeace+1","EmptyFist","Prostrate+1"],"picked":"FollowUp","floor":53}],"player_experience":405196,"relics_obtained":[{"floor":6.0,"key":"Orichalcum"},{"floor":8.0,"key":"aspiration:HiddenCompartment"},{"floor":9.0,"key":"StuffTheSpire:TintedRock"},{"floor":13.0,"key":"StuffTheSpire:Nightcore"},{"floor":23.0,"key":"Dead Branch"},{"floor":25.0,"key":"Calipers"},{"floor":28.0,"key":"Potion Belt"},{"floor":38.0,"key":"ReplayTheSpireMod:Ring of Challenge"},{"floor":38.0,"key":"ReplayTheSpireMod:Ring of Addiction"},{"floor":38.0,"key":"SacredBark"},{"floor":38.0,"key":"Toy Ornithopter"},{"floor":40.0,"key":"MealTicket"},{"floor":43.0,"key":"Question Card"},{"floor":45.0,"key":"Gremlin Horn"},{"floor":47.0,"key":"Gremlin Food"},{"floor":51.0,"key":"paleoftheancients:SoulOfTheShapes"},{"floor":52,"key":"paleoftheancients:SoulOfTheWatcher"},{"floor":53,"key":"paleoftheancients:SoulOfTheThorton"},{"floor":54,"key":"Grinning Jar"}],"event_choices":[{"damage_healed":0.0,"max_hp_gain":0.0,"max_hp_loss":0.0,"gold_gain":75.0,"event_name":"betterThird:BetterGoop","player_choice":"Gold","floor":11.0,"gold_loss":0.0,"damage_taken":11.0},{"damage_healed":0.0,"max_hp_gain":0.0,"max_hp_loss":0.0,"gold_gain":0.0,"event_name":"Lab","player_choice":"Got Potions","floor":22.0,"gold_loss":0.0,"damage_taken":0.0}],"is_beta":false,"boss_relics":[{"not_picked":["Philosopher\u0027s Stone","aspiration:SilentSkillbook"],"picked":"Honey Jar"},{"not_picked":["Pandora\u0027s Box","StuffTheSpire:ModemDavis"],"picked":"Tiny House"}],"items_purged_floors":[30],"is_endless":false,"potions_floor_spawned":[2,4,12,13,14,21,25,27,31,35,39,41,46,53,56],"ascension_level":2}}