{"host":"lehbxtjrpalkmwwj","time":1613576337,"event":{"mods":["ATMod(°¢èªMod)","Aspiration","BaseMod","Challenge The Spire","Colored Map","Colored Powertips","Conspire","Dota2Spire","Energized Spire","Hunter ÁÔÈË","Minty Spire (QoL Compilation)","Quick Restart","Relic Stats","Reliquary","Replay The Spire","Spicy Shops","StSLib","TestMod","The Cursed","The IronCluck","The Poker Player","Waifu the Spire","Wide Potions","[IsaacMod]ÒÔÈö¼âËþ","¡¾ÒÅÎï¿¨ÅÆ¡¿REMEMod","É³µñ²ÄÖÊ°ümod","óô»ðÖ¸ÄÏ"],"gold_per_floor":[118,171,182,199,212,242,255,287,341,352,352,387,407,422,422,522,522,539,553,14,32,131,162,180,209,209,236,254,254,281,295,295,396,396,415,434,448,458,476,476,487,550,603,603,681,48,190,252,552,677,677,677,36,138,163,163],"floor_reached":55,"language":"ZHS","playtime":2378,"items_purged":[],"score":1548,"play_id":"b33f8ae1-967f-43ae-a3d3-5c519a73507e","local_time":"20210217233857","is_ascension_mode":true,"campfire_choices":[{"floor":15.0,"key":"RECALL"},{"floor":32,"key":"DIG"},{"data":"Meteor Strike","floor":40,"key":"SMITH"},{"floor":44,"key":"DIG"}],"circlet_count":0,"master_deck":["conspire:GhostlyStrike+1","conspire:GhostlyStrike","conspire:GhostlyStrike","conspire:GhostlyStrike","conspire:GhostlyDefend","conspire:GhostlyDefend","conspire:GhostlyDefend","conspire:GhostlyDefend","Zap","Dualcast","EpicFetus","REME_CRH","AT_FamilyPortrait","Chill","REME_Whirling+1","Capacitor","Loop","Reinforced Body","Streamline+1","Multi-Cast","Steam","BasicCrystalCard","Meteor Strike+1","ReplayGash","Defragment+1","aspiration:Polymerization+1","Streamline+1","Time Bomb","Mirror Shield","Sweeping Beam","Redo","REME_ForAll","Coolheaded+1","Machine Learning","Steam+1","Sunder","Melter+1","Turbo+1","Hello World","Redo","Biased Cognition","AT_HeatAcrobatics+1","Storm+1","Aggregate+1","Scrape+1","FTL+1","Loop","Loop","All For One+1","Double Energy+1"],"relics":["Cracked Core","HushsDoor","AT_ATBox","testmod-TestBox","REME_ComplimentaryCards","testmod-ArcanaOfDestiny","GuppysHead","NeowsBlessing","ReplayTheSpireMod:TigerMarble","Replay:Kaleidoscope","BelialBook","Toy Ornithopter","Omamori","Replay:Bronze Core","Damocles","Succubus","GuppysHairball","reliquary:FerryPass","ReplayTheSpireMod:Shallot","AT_RedNoBalance","Pondfish Scales","aspiration:HummingbirdHeart","ForgetMeNow","MoneyPower","Replay:Multitool","reliquary:Aerogel","Dota2Spire:PowerTreads","Dota2Spire:Mjollnir","Replay:Accelerometer","DoctorsRemote","Dota2Spire:ArcaneBoots","Replay:Ringing Soul","testmod-OneHitWonder","Whetstone","energizedSpire:OgreHead","Gremlin Horn","Bag of Preparation","Du-Vu Doll","AT_RedTearstoneRing","Replay:Bottled Snecko","AT_MibuBalloonWealth","AT_GuinsooRageblade","TheBean","CaptainsWheel","Prayer Wheel","testmod-TurbochargingSystem","Molten Egg 2","Potion Belt","ClockworkSouvenir","Dota2Spire:BattleFury","BFFS","Counterbalance","reliquary:HotPoker","SteamSale","ReplayFunnel","reliquary:LoveEmittingDiode","Mummified Hand","Onion Ring","Oddly Smooth Stone"],"acts_visited":["Exordium","TheCity","TheBeyond","TheEnding"],"potions_floor_usage":[39,45,54,55,55,55,55],"damage_taken":[{"damage":0.0,"enemies":"Cultist","floor":1.0,"turns":1.0},{"damage":0.0,"enemies":"2 Louse","floor":3.0,"turns":1.0},{"damage":0.0,"enemies":"Small Slimes","floor":4.0,"turns":2.0},{"damage":6.0,"enemies":"Exordium Thugs","floor":5.0,"turns":3.0},{"damage":2.0,"enemies":"Lagavulin","floor":6.0,"turns":5.0},{"damage":11.0,"enemies":"Exordium Wildlife","floor":7.0,"turns":2.0},{"damage":34.0,"enemies":"Gremlin Nob","floor":8.0,"turns":4.0},{"damage":9.0,"enemies":"Red Slaver","floor":10.0,"turns":3.0},{"damage":3.0,"enemies":"Lagavulin","floor":12.0,"turns":4.0},{"damage":10.0,"enemies":"Exordium Thugs","floor":13.0,"turns":5.0},{"damage":0.0,"enemies":"Looter","floor":14.0,"turns":1.0},{"damage":0.0,"enemies":"Slime Boss","floor":16.0,"turns":4.0},{"damage":0.0,"enemies":"2 Thieves","floor":18.0,"turns":2.0},{"damage":0.0,"enemies":"Chosen","floor":19.0,"turns":3.0},{"damage":0.0,"enemies":"Snecko","floor":21.0,"turns":2.0},{"damage":0.0,"enemies":"Slavers","floor":23.0,"turns":3.0},{"damage":0.0,"enemies":"Centurion and Healer","floor":24.0,"turns":5.0},{"damage":16.0,"enemies":"REME_1_Revenger","floor":25.0,"turns":3.0},{"damage":0.0,"enemies":"conspire:Head Lice","floor":27.0,"turns":4.0},{"damage":0.0,"enemies":"Cultist and Chosen","floor":28.0,"turns":4.0},{"damage":0.0,"enemies":"Slavers","floor":30.0,"turns":1.0},{"damage":0.0,"enemies":"Shelled Parasite and Fungi","floor":31.0,"turns":4.0},{"damage":12,"enemies":"Automaton","floor":33,"turns":8},{"damage":0,"enemies":"3 Shapes","floor":35,"turns":3},{"damage":0,"enemies":"Orb Walker","floor":36,"turns":2},{"damage":0,"enemies":"Jaw Worm Horde","floor":37,"turns":2},{"damage":0,"enemies":"Transient","floor":38,"turns":5},{"damage":0,"enemies":"Maw","floor":39,"turns":3},{"damage":0,"enemies":"Jaw Worm Horde","floor":41,"turns":2},{"damage":0,"enemies":"Transient","floor":42,"turns":5},{"damage":0,"enemies":"conspire:MimicChest","floor":45,"turns":1},{"damage":0,"enemies":"4 Shapes","floor":47,"turns":1},{"damage":0,"enemies":"Writhing Mass","floor":48,"turns":1},{"damage":0,"enemies":"Awakened One","floor":50,"turns":2},{"damage":0,"enemies":"Shield and Spear","floor":54,"turns":1},{"damage":2,"enemies":"The Heart","floor":55,"turns":2}],"seed_played":"5247797553141503243","potions_obtained":[{"floor":4.0,"key":"Adrenaline Potion"},{"floor":5.0,"key":"REME_GoldPotion"},{"floor":7.0,"key":"SneckoOil"},{"floor":10.0,"key":"testmod-TimePotion"},{"floor":13.0,"key":"DistilledChaos"},{"floor":14.0,"key":"DistilledChaos"},{"floor":16.0,"key":"Languid Potion"},{"floor":23.0,"key":"Strength Potion"},{"floor":24.0,"key":"ColorlessPotion"},{"floor":25.0,"key":"Elixir"},{"floor":33,"key":"Dexterity Potion"},{"floor":38,"key":"LiquidBronze"},{"floor":39,"key":"BlessingOfTheForge"},{"floor":41,"key":"LifebloodPotion"},{"floor":47,"key":"testmod-EscapePotion"},{"floor":52,"key":"Dota2Spire:Clarity"},{"floor":52,"key":"Adrenaline Potion"},{"floor":54,"key":"testmod-SpacePotion"}],"is_trial":false,"path_per_floor":["M","T","M","M","M","E","M","E","T","M","?","E","M","M","R","B",null,"M","M","$","M","?","E","M","E","T","E","M","R","E","M","R","B",null,"M","M","M","M","M","R","M","M","T","R","?","$","M","M","R","B",null,"R","$","E","B"],"character_chosen":"DEFECT","items_purchased":["Damocles","Succubus","GuppysHairball","AT_SilverBalance","Pondfish Scales","Potion Belt","ClockworkSouvenir","Dota2Spire:BattleFury","BFFS","SteamSale","ReplayFunnel","reliquary:LoveEmittingDiode","Mummified Hand","DistilledChaos","Loop","ColorlessPotion","All For One+1"],"campfire_rested":0,"item_purchase_floors":[17,17,17,20,20,46,46,46,46,53,53,53,53,53,53,53,53],"current_hp_per_floor":[68,68,68,68,62,60,49,15,15,6,6,13,3,16,16,16,36,41,43,43,21,21,26,21,10,10,26,21,33,29,26,26,17,43,46,49,56,59,67,67,70,73,73,73,76,76,79,82,82,82,82,82,85,88,0,0],"gold":163,"neow_bonus":"THREE_ENEMY_KILL","is_daily":false,"chose_seed":false,"campfire_upgraded":1,"win_rate":0.0,"timestamp":1613576337,"path_taken":["M","?","M","M","?","E","M","E","T","M","?","E","M","M","R","BOSS","M","M","$","M","?","E","M","E","T","E","M","R","E","M","R","BOSS","M","M","M","M","M","R","M","M","T","R","?","?","M","M","R","BOSS","R","$","E","BOSS"],"items_purchased_type":["Relic","Relic","Relic","Relic","Relic","Relic","Relic","Relic","Relic","Relic","Relic","Relic","Relic","Potion","Card","Potion","Card"],"build_version":"2020-12-22","purchased_purges":0,"victory":false,"max_hp_per_floor":[75,75,75,75,75,75,75,75,75,75,75,75,75,78,78,78,43,43,43,43,43,43,43,43,43,43,43,43,43,46,49,49,52,52,55,58,61,64,67,67,70,73,73,73,76,76,79,82,82,82,82,82,85,88,88,88],"relic_stats":{"Gremlin Horn":[17,22],"counters":[36,104],"Mummified Hand":[7],"Prayer Wheel":2,"Bag of Preparation":[22],"Whetstone":["Streamline","conspire:GhostlyStrike"],"obtain_stats":[{"Damocles":17,"Replay:Accelerometer":27,"Dota2Spire:PowerTreads":25,"AT_ATBox":0,"Gremlin Horn":35,"AT_MibuBalloonWealth":41,"Whetstone":32,"BFFS":46,"reliquary:FerryPass":18,"Replay:Ringing Soul":30,"TheBean":43,"Replay:Bronze Core":17,"Prayer Wheel":45,"Succubus":17,"Dota2Spire:Mjollnir":27,"AT_RedNoBalance":31,"AT_GuinsooRageblade":42,"KeepersGift":0,"AT_RedTearstoneRing":38,"testmod-TestBox":0,"Counterbalance":47,"BelialBook":8,"Oddly Smooth Stone":54,"AT_SilverBalance":20,"MoneyPower":23,"energizedSpire:OgreHead":34,"Replay:Kaleidoscope":6,"SteamSale":53,"Du-Vu Doll":37,"ReplayTheSpireMod:Shallot":19,"ForgetMeNow":23,"Molten Egg 2":45,"Onion Ring":54,"ReplayTheSpireMod:TigerMarble":2,"HushsDoor":0,"testmod-OneHitWonder":31,"ReplayFunnel":53,"reliquary:Aerogel":25,"Replay:Multitool":24,"Bag of Preparation":36,"ClockworkSouvenir":46,"reliquary:HotPoker":48,"Mummified Hand":53,"Dota2Spire:ArcaneBoots":30,"Replay:Bottled Snecko":39,"Cracked Core":0,"testmod-ArcanaOfDestiny":0,"Potion Belt":46,"DoctorsRemote":28,"reliquary:LoveEmittingDiode":53,"NeowsBlessing":0,"Dota2Spire:BattleFury":46,"Omamori":12,"aspiration:HummingbirdHeart":21,"testmod-TurbochargingSystem":45,"Pondfish Scales":20,"CaptainsWheel":44,"GuppysHead":0,"GuppysHairball":17,"Toy Ornithopter":9,"REME_ComplimentaryCards":0},{"Damocles":12,"Replay:Accelerometer":19,"Dota2Spire:PowerTreads":18,"AT_ATBox":0,"Gremlin Horn":24,"AT_MibuBalloonWealth":29,"Whetstone":22,"BFFS":31,"reliquary:FerryPass":13,"Replay:Ringing Soul":21,"TheBean":30,"Replay:Bronze Core":12,"Prayer Wheel":31,"Succubus":12,"Dota2Spire:Mjollnir":19,"AT_RedNoBalance":22,"AT_GuinsooRageblade":30,"KeepersGift":0,"AT_RedTearstoneRing":27,"testmod-TestBox":0,"Counterbalance":32,"BelialBook":7,"Oddly Smooth Stone":35,"AT_SilverBalance":14,"MoneyPower":16,"energizedSpire:OgreHead":23,"Replay:Kaleidoscope":5,"SteamSale":34,"Du-Vu Doll":26,"ReplayTheSpireMod:Shallot":14,"ForgetMeNow":16,"Molten Egg 2":31,"Onion Ring":35,"ReplayTheSpireMod:TigerMarble":1,"HushsDoor":0,"testmod-OneHitWonder":22,"ReplayFunnel":34,"reliquary:Aerogel":18,"Replay:Multitool":17,"Bag of Preparation":25,"ClockworkSouvenir":31,"reliquary:HotPoker":33,"Mummified Hand":34,"Dota2Spire:ArcaneBoots":21,"Replay:Bottled Snecko":28,"Cracked Core":0,"testmod-ArcanaOfDestiny":0,"Potion Belt":31,"DoctorsRemote":20,"reliquary:LoveEmittingDiode":34,"NeowsBlessing":0,"Dota2Spire:BattleFury":31,"Omamori":9,"aspiration:HummingbirdHeart":15,"testmod-TurbochargingSystem":31,"Pondfish Scales":14,"CaptainsWheel":30,"GuppysHead":0,"GuppysHairball":12,"Toy Ornithopter":7,"REME_ComplimentaryCards":0},{"Damocles":35,"Replay:Accelerometer":57,"Dota2Spire:PowerTreads":53,"AT_ATBox":0,"Gremlin Horn":77,"AT_MibuBalloonWealth":91,"Whetstone":66,"BFFS":97,"reliquary:FerryPass":37,"Replay:Ringing Soul":62,"TheBean":96,"Replay:Bronze Core":35,"Prayer Wheel":97,"Succubus":35,"Dota2Spire:Mjollnir":57,"AT_RedNoBalance":62,"AT_GuinsooRageblade":96,"KeepersGift":0,"AT_RedTearstoneRing":86,"testmod-TestBox":0,"Counterbalance":98,"BelialBook":18,"Oddly Smooth Stone":102,"AT_SilverBalance":40,"MoneyPower":45,"energizedSpire:OgreHead":74,"Replay:Kaleidoscope":12,"SteamSale":101,"Du-Vu Doll":81,"ReplayTheSpireMod:Shallot":40,"ForgetMeNow":45,"Molten Egg 2":97,"Onion Ring":102,"ReplayTheSpireMod:TigerMarble":1,"HushsDoor":0,"testmod-OneHitWonder":66,"ReplayFunnel":101,"reliquary:Aerogel":53,"Replay:Multitool":50,"Bag of Preparation":79,"ClockworkSouvenir":97,"reliquary:HotPoker":99,"Mummified Hand":101,"Dota2Spire:ArcaneBoots":62,"Replay:Bottled Snecko":89,"Cracked Core":0,"testmod-ArcanaOfDestiny":0,"Potion Belt":97,"DoctorsRemote":61,"reliquary:LoveEmittingDiode":101,"NeowsBlessing":0,"Dota2Spire:BattleFury":97,"Omamori":25,"aspiration:HummingbirdHeart":42,"testmod-TurbochargingSystem":97,"Pondfish Scales":40,"CaptainsWheel":96,"GuppysHead":0,"GuppysHairball":35,"Toy Ornithopter":18,"REME_ComplimentaryCards":0}],"Toy Ornithopter":0},"card_choices":[{"not_picked":[],"picked":"EpicFetus","floor":0.0},{"not_picked":["Stack","Redo"],"picked":"Chill","floor":1.0},{"not_picked":["Chaos","Scrape"],"picked":"REME_Whirling","floor":3.0},{"not_picked":["Leap","Stack"],"picked":"Bomb","floor":4.0},{"not_picked":["AT_RobotInSpace","Go for the Eyes"],"picked":"Capacitor","floor":5.0},{"not_picked":["Panic Button","ReplaySort"],"picked":"Loop","floor":6.0},{"not_picked":["Reprogram","Redo","Compile Driver"],"picked":"SKIP","floor":7.0},{"not_picked":["Beam Cell","Reprogram"],"picked":"Reinforced Body","floor":8.0},{"not_picked":["Sweeping Beam","Gash"],"picked":"Streamline","floor":10.0},{"not_picked":["Loop","AT_ThunderBolt"],"picked":"Multi-Cast","floor":12.0},{"not_picked":["Beam Cell","Redo"],"picked":"Steam","floor":13.0},{"not_picked":["AT_EMC2","Aggregate"],"picked":"BasicCrystalCard","floor":14.0},{"not_picked":["Seek","All For One"],"picked":"Meteor Strike","floor":16.0},{"not_picked":["Streamline","BasicCrystalCard"],"picked":"ReplayGash","floor":18.0},{"not_picked":["Go for the Eyes","REME_Whirling"],"picked":"Defragment+1","floor":19.0},{"not_picked":["Hello World","BasicCrystalCard+1"],"picked":"aspiration:Polymerization+1","floor":21.0},{"not_picked":["Stack","Coolheaded"],"picked":"Streamline+1","floor":23.0},{"not_picked":["Beam Cell","Reprogram"],"picked":"Time Bomb","floor":24.0},{"not_picked":["Ball Lightning+1","Barrage"],"picked":"Mirror Shield","floor":25.0},{"not_picked":["Blizzard","Steam Power"],"picked":"Sweeping Beam","floor":27.0},{"not_picked":["Leap","Barrage"],"picked":"Redo","floor":28.0},{"not_picked":["Defragment","Cold Snap"],"picked":"REME_ForAll","floor":30.0},{"not_picked":["AT_ThreeBodyProblem","AT_RobotInSpace"],"picked":"Coolheaded+1","floor":31.0},{"not_picked":["Reboot","ReplayRNGCard"],"picked":"Machine Learning","floor":33},{"not_picked":["Distribution","Stack"],"picked":"Steam+1","floor":35},{"not_picked":["Turbo","Stack+1"],"picked":"Sunder","floor":36},{"not_picked":["Compile Driver+1","Rebound+1"],"picked":"Melter+1","floor":37},{"not_picked":["Cold Snap","Beam Cell"],"picked":"Turbo+1","floor":38},{"not_picked":["Turbo","BootSequence"],"picked":"Hello World","floor":39},{"not_picked":["BasicCrystalCard","Genetic Algorithm"],"picked":"Redo","floor":41},{"not_picked":["Static Discharge","Stack+1"],"picked":"Biased Cognition","floor":42},{"not_picked":["Gash+1","Panic Button"],"picked":"AT_HeatAcrobatics+1","floor":45},{"not_picked":["Compile Driver+1","Go for the Eyes+1"],"picked":"Storm+1","floor":47},{"not_picked":["BasicCrystalCard","Leap"],"picked":"Aggregate+1","floor":47},{"not_picked":["Panic Button","Stack+1"],"picked":"Scrape+1","floor":48},{"not_picked":["Sweeping Beam+1","Streamline+1"],"picked":"FTL+1","floor":48},{"not_picked":["Lockon+1","Beam Cell+1"],"picked":"Double Energy+1","floor":54}],"player_experience":200003,"relics_obtained":[{"floor":2.0,"key":"ReplayTheSpireMod:TigerMarble"},{"floor":6.0,"key":"Replay:Kaleidoscope"},{"floor":8.0,"key":"BelialBook"},{"floor":9.0,"key":"Toy Ornithopter"},{"floor":12.0,"key":"Omamori"},{"floor":18.0,"key":"reliquary:FerryPass"},{"floor":19.0,"key":"ReplayTheSpireMod:Shallot"},{"floor":21.0,"key":"aspiration:HummingbirdHeart"},{"floor":23.0,"key":"ForgetMeNow"},{"floor":23.0,"key":"MoneyPower"},{"floor":24.0,"key":"Replay:Multitool"},{"floor":25.0,"key":"reliquary:Aerogel"},{"floor":25.0,"key":"Dota2Spire:PowerTreads"},{"floor":27.0,"key":"Dota2Spire:Mjollnir"},{"floor":27.0,"key":"Replay:Accelerometer"},{"floor":28.0,"key":"DoctorsRemote"},{"floor":30.0,"key":"Dota2Spire:ArcaneBoots"},{"floor":30.0,"key":"Replay:Ringing Soul"},{"floor":31.0,"key":"testmod-OneHitWonder"},{"floor":32,"key":"Whetstone"},{"floor":35,"key":"Gremlin Horn"},{"floor":36,"key":"Bag of Preparation"},{"floor":37,"key":"Du-Vu Doll"},{"floor":38,"key":"AT_RedTearstoneRing"},{"floor":39,"key":"Replay:Bottled Snecko"},{"floor":41,"key":"AT_MibuBalloonWealth"},{"floor":42,"key":"AT_GuinsooRageblade"},{"floor":43,"key":"TheBean"},{"floor":44,"key":"CaptainsWheel"},{"floor":45,"key":"testmod-TurbochargingSystem"},{"floor":45,"key":"Molten Egg 2"},{"floor":47,"key":"Counterbalance"},{"floor":48,"key":"reliquary:HotPoker"},{"floor":54,"key":"Onion Ring"},{"floor":54,"key":"Oddly Smooth Stone"}],"event_choices":[{"damage_healed":0.0,"max_hp_gain":0.0,"max_hp_loss":0.0,"gold_gain":0.0,"event_name":"conspire:LoneGhost","player_choice":"Agree","floor":11.0,"gold_loss":0.0,"damage_taken":0.0},{"damage_healed":0.0,"max_hp_gain":0.0,"max_hp_loss":0.0,"gold_gain":99.0,"event_name":"Nest","player_choice":"Stole From Cult","floor":22.0,"gold_loss":0.0,"damage_taken":0.0}],"is_beta":false,"boss_relics":[{"not_picked":["Snecko Eye","Kintsugi"],"picked":"Replay:Bronze Core"},{"not_picked":[]},{"not_picked":["Inserter","Astrolabe"],"picked":"energizedSpire:OgreHead"},{"not_picked":[]}],"items_purged_floors":[],"is_endless":false,"potions_floor_spawned":[4,5,7,10,13,14,16,23,24,25,33,38,39,41,42,47,54],"killed_by":"The Heart","ascension_level":8}}