{"host":"clf2hd4adhiiw0zf","time":1613601603,"event":{"mods":["AchievementEnabler","BaseMod","Beaked The Cultist","Bestiary","Dark Map","Downfall","Gremlin Mod","Hermit","Jorbs\u0027s Wanderer Trilogy","Marisa????????","Minty Spire (QoL Compilation)","Quick Restart","Shop Mod","Spire Arcade","StSLib","The Construct","The Cursed","Wide Potions"],"gold_per_floor":[99,99,199,263,263,363,363,374,174,209,109,134,134,134,156,267,339,339,350,366,381,10,19,19,19,19,19,19,19],"floor_reached":27,"language":"ENG","playtime":996,"items_purged":[],"score":284,"play_id":"54110a6f-82d0-41df-a8f0-9c6b95572a12","local_time":"20210217154003","is_ascension_mode":true,"campfire_choices":[{"floor":1,"key":"RECALL"},{"data":"Guardian:ChargeUp","floor":9,"key":"SMITH"},{"data":"Guardian:WalkerClaw","floor":11,"key":"SMITH"},{"data":"Guardian:FloatingOrbs","floor":13,"key":"SMITH"},{"data":"Guardian:ChargeUp","floor":18,"key":"SMITH"},{"data":"Guardian:FloatingOrbs","floor":25,"key":"SMITH"}],"circlet_count":0,"master_deck":["Guardian:CurlUp","Guardian:TwinSlam","Guardian:FloatingOrbs+1","Guardian:ChargeUp+1","Guardian:WalkerClaw+1","Guardian:FloatingOrbs+1","Guardian:ShieldCharger","Guardian:Emergency","Guardian:ExploitGems","Guardian:RefractedBeam","Guardian:BaubleBeam","Guardian:FierceBash","Guardian:SphericShield","Guardian:Repulse","Guardian:ChargeUp+1","Guardian:TimeBomb","Guardian:Harden","Guardian:Orbwalk","Pride"],"relics":["Guardian:ModeShifter","downfall:HeartsMalice","Mango","downfall:GremlinWheel","The Courier","downfall:HeartBlessingRed","downfall:HeartBlessingBlue","CeramicFish","downfall:HeartBlessingGreen","Pandora\u0027s Box","ClockworkSouvenir","Juzu Bracelet","Pen Nib","Ginger","bronze:DecasWashers","Letter Opener"],"acts_visited":["Exordium","TheCity"],"potions_floor_usage":[10,16,19],"damage_taken":[{"damage":0,"enemies":"Small Slimes","floor":2,"turns":1},{"damage":0,"enemies":"Lagavulin Event","floor":4,"turns":1},{"damage":0,"enemies":"2 Louse","floor":5,"turns":1},{"damage":30,"enemies":"2 Louse","floor":6,"turns":6},{"damage":0,"enemies":"Cultist","floor":8,"turns":3},{"damage":16,"enemies":"Gremlin Nob","floor":10,"turns":4},{"damage":4,"enemies":"3 Louse","floor":12,"turns":4},{"damage":13,"enemies":"Blue Slaver","floor":15,"turns":3},{"damage":4,"enemies":"SI_SHIV_ARCHETYPE","floor":16,"turns":5},{"damage":5,"enemies":"3 Byrds","floor":19,"turns":5},{"damage":27,"enemies":"Spheric Guardian","floor":20,"turns":5},{"damage":31,"enemies":"Centurion and Healer","floor":21,"turns":6},{"damage":0,"enemies":"downfall:FleeingMerchant","floor":22,"turns":4},{"damage":24,"enemies":"Slavers","floor":27,"turns":1}],"seed_played":"-7005510132567281773","potions_obtained":[{"floor":8,"key":"LiquidBronze"},{"floor":12,"key":"Block Potion"},{"floor":15,"key":"Guardian:StasisDiscoveryPotion"},{"floor":19,"key":"Guardian:BlockOnCardUsePotion"}],"is_trial":false,"path_per_floor":["R","M","?","?","M","?","T","M","R","E","R","M","R","?","M","B",null,"R","M","M","M","$","?","T","R","T","E"],"character_chosen":"GUARDIAN","items_purchased":["ClockworkSouvenir","Juzu Bracelet","Pen Nib"],"campfire_rested":0,"item_purchase_floors":[22,22,22],"current_hp_per_floor":[80,80,80,94,94,64,64,64,74,58,58,54,54,54,41,37,87,87,82,55,24,24,24,24,24,24,0,0,0],"gold":19,"neow_bonus":"THREE_ENEMY_KILL","is_daily":false,"chose_seed":false,"campfire_upgraded":5,"win_rate":0.0,"timestamp":1613601603,"path_taken":["R","M","?","?","M","?","T","M","R","E","R","?","R","?","M","BOSS","R","M","M","M","$","?","T","R","?","E"],"items_purchased_type":["Relic","Relic","Relic"],"build_version":"2020-12-22","purchased_purges":0,"victory":false,"max_hp_per_floor":[80,80,80,94,94,94,94,94,104,104,104,104,104,104,104,104,104,104,104,104,104,104,104,104,104,104,104,104,104],"card_choices":[{"not_picked":["Guardian:Harden","Guardian:SpikerProtocol"],"picked":"Guardian:FloatingOrbs","floor":2},{"not_picked":["Guardian:GuardianWhirl","Guardian:ChargeCore"],"picked":"Guardian:ChargeUp","floor":5},{"not_picked":["Guardian:SpikerProtocol","Guardian:FloatingOrbs"],"picked":"Guardian:WalkerClaw","floor":8},{"not_picked":["Guardian:GemFinder","Guardian:PrimingBeam"],"picked":"Guardian:FloatingOrbs","floor":10},{"not_picked":["Guardian:Emergency","Guardian:FloatingOrbs"],"picked":"Guardian:ShieldCharger","floor":12},{"not_picked":["Guardian:PiercingHide","Guardian:ShieldCharger"],"picked":"Guardian:Emergency","floor":15},{"not_picked":["Guardian:FastForward","Guardian:BaubleBeam"],"picked":"Guardian:ExploitGems","floor":16},{"not_picked":["Guardian:RollAttack+1","Guardian:FuturePlans+1","Guardian:TimeCapacitor+1"],"picked":"SKIP","floor":19},{"not_picked":["Guardian:Preprogram","Guardian:Gem_Red","Guardian:Gem_Lightblue"],"picked":"SKIP","floor":20},{"not_picked":["Guardian:Planning","Guardian:Gem_Green","Guardian:CrystalBeam"],"picked":"SKIP","floor":21},{"not_picked":["Guardian:ChargeCore","Guardian:CrystalBeam"],"picked":"Guardian:Orbwalk","floor":22}],"player_experience":350604,"relics_obtained":[{"floor":4,"key":"Mango"},{"floor":6,"key":"downfall:GremlinWheel"},{"floor":9,"key":"The Courier"},{"floor":10,"key":"CeramicFish"},{"floor":24,"key":"bronze:DecasWashers"},{"floor":26,"key":"Letter Opener"}],"event_choices":[{"damage_healed":0,"gold_gain":0,"player_choice":"Relic","damage_taken":0,"max_hp_gain":0,"max_hp_loss":0,"event_name":"Wheel of Change","floor":9,"gold_loss":0},{"damage_healed":0,"gold_gain":0,"player_choice":"Stole Relic","damage_taken":0,"relics_obtained":["Ginger"],"max_hp_gain":0,"max_hp_loss":0,"event_name":"Addict","floor":23,"gold_loss":0,"cards_obtained":["Pride"]}],"is_beta":false,"boss_relics":[{"not_picked":["Runic Dome","Runic Pyramid"],"picked":"Pandora\u0027s Box"}],"items_purged_floors":[],"is_endless":false,"potions_floor_spawned":[8,12,15,19],"killed_by":"Slavers","ascension_level":5}}