{"host":"g1wmg2w41xhsnw8g","time":1613520941,"event":{"mods":["2.2 Compatiblity","Act Like it!","Aspiration","Bard","BaseMod","Better Altar","Better Match","Better Note","Better Sensory Stone","Better Skull","Better Third Choice","BetterRewards","Booster Modes","CapriCore","Colored Map","Colored Powertips","Defuse TimeMaze Blight","Displayed Cursed Tome","Evolution","Extra Virgin Snecko Oil","Fox Events","Friendly Minions","GifTheSpireLib","Good Game Mod","Googly Eyes","Hubris","Infinite Spire","Jedi Mod","Minty Spire (QoL Compilation)","Red Circlet Mod","Relic Filter Mod","Relic Sorter","Reliquary","Ruina","SCP261 Mod","Shapeshifter Mod","Shop Mod","Small Relic Pack","Smile Girya","Spicy Shops","Spikes Relics","StSLib","Strawberry Spire","The Hayseed","The Runesmith","The Sage","Trackpad","Transform Curses","Wandering Minibosses","????"],"gold_per_floor":[113,126,126,136,0,25,25,60,60,60,117,57,57,71,71,71,71],"floor_reached":16,"language":"ENG","playtime":1364,"items_purged":[],"score":163,"play_id":"33615527-6b27-463d-8e78-30e23a7715c4","local_time":"20210216191541","daily_mods":["SealedDeck","Specialized","Heirloom","Elite Swarm"],"is_ascension_mode":true,"campfire_choices":[{"data":"Enlightenment","floor":7,"key":"SMITH"},{"data":"StSShapeShifter:Forgiveness","floor":10,"key":"SMITH"},{"data":"StSShapeShifter:SquirrelForm","floor":15,"key":"SMITH"}],"circlet_count":0,"master_deck":["StSShapeShifter:Rest","StSShapeShifter:Rest","StSShapeShifter:Rest","StSShapeShifter:Rest","StSShapeShifter:Rest","StSShapeShifter:BurstingSpore","StSShapeShifter:RockSlide","StSShapeShifter:Roar","StSShapeShifter:BloomingSlash","StSShapeShifter:PantherForm","StSShapeShifter:ClimbTree","StSShapeShifter:Wildfire2","StSShapeShifter:Ensconce","StSShapeShifter:Flourish","StSShapeShifter:RitualOfTheElders","StSShapeShifter:SquirrelForm+1","Enlightenment+1","StSShapeShifter:Summer","StSShapeShifter:RestoreBalance","StSShapeShifter:Forgiveness+1","StSShapeShifter:ShiftingStrike"],"relics":["StSShapeShifter:AnimalHeart","StSShapeShifter:TheShapeShiftersMagnolia","EVO:Axolotl","REME:ComplimentaryCards","infinitespire:Magic Flask","aspiration:Lifesprig","reliquary:SilkGlove","Bronze Scales"],"acts_visited":["Exordium"],"potions_floor_usage":[6,11,12],"damage_taken":[{"damage":9,"enemies":"Cultist","floor":1,"turns":5},{"damage":0,"enemies":"Jaw Worm","floor":2,"turns":3},{"damage":0,"enemies":"Small Slimes","floor":4,"turns":3},{"damage":29,"enemies":"Lagavulin","floor":6,"turns":7},{"damage":35,"enemies":"strawberrySpire:EnergyPylons","floor":8,"turns":8},{"damage":0,"enemies":"Gremlin Nob","floor":11,"turns":5},{"damage":17,"enemies":"Looter","floor":12,"turns":6},{"damage":0,"enemies":"Blue Slaver","floor":14,"turns":3},{"damage":46,"enemies":"The Guardian","floor":16,"turns":7}],"seed_played":"9064996460396848248","potions_obtained":[{"floor":1,"key":"Dexterity Potion"},{"floor":8,"key":"Energy Potion"},{"floor":11,"key":"SCP261:BarrettColaPotion"}],"is_trial":true,"path_per_floor":["M","M","?","M","?","E","R","E","T","R","?","M","$","M","R","B"],"character_chosen":"SHAPESHIFTER","items_purchased":[],"campfire_rested":0,"item_purchase_floors":[],"current_hp_per_floor":[71,73,73,75,81,54,54,21,21,21,29,25,25,33,33,0,0],"gold":71,"neow_bonus":"","is_daily":false,"chose_seed":false,"campfire_upgraded":3,"win_rate":0.0,"timestamp":1613520941,"path_taken":["M","M","?","M","?","E","R","E","T","R","?","M","?","M","R","BOSS"],"items_purchased_type":[],"build_version":"2020-12-22","purchased_purges":0,"victory":false,"max_hp_per_floor":[80,82,82,84,90,92,92,94,94,94,96,98,98,100,100,102,102],"card_choices":[{"not_picked":["StSShapeShifter:RatForm","StSShapeShifter:Mystical_Branch"],"picked":"StSShapeShifter:SquirrelForm","floor":1},{"not_picked":["StSShapeShifter:BurstingSpore","StSShapeShifter:DeerForm","StSShapeShifter:ForestFire"],"picked":"SKIP","floor":2},{"not_picked":["StSShapeShifter:FesteringBite","StSShapeShifter:BloomingSlash","StSShapeShifter:BladeOfGrass"],"picked":"SKIP","floor":4},{"not_picked":["StSShapeShifter:Summon_Mountains","StSShapeShifter:MammothForm"],"picked":"StSShapeShifter:RestoreBalance","floor":6},{"not_picked":["StSShapeShifter:MooseForm","StSShapeShifter:PhoenixForm"],"picked":"StSShapeShifter:Forgiveness","floor":8},{"not_picked":["StSShapeShifter:Rest","StSShapeShifter:SunflowerShuriken"],"picked":"StSShapeShifter:ShiftingStrike","floor":12},{"not_picked":["StSShapeShifter:FlowerShield","StSShapeShifter:BladeOfGrass","StSShapeShifter:MonkeyForm"],"picked":"SKIP","floor":14}],"player_experience":1483489,"relics_obtained":[{"floor":6,"key":"aspiration:Lifesprig"},{"floor":8,"key":"reliquary:SilkGlove"},{"floor":9,"key":"relicPack:DarknessArmor"},{"floor":11,"key":"Bronze Scales"}],"event_choices":[{"damage_healed":0,"gold_gain":0,"player_choice":"Leave","damage_taken":0,"max_hp_gain":0,"max_hp_loss":0,"event_name":"The Cleric","floor":3,"gold_loss":0},{"damage_healed":0,"gold_gain":0,"player_choice":"RENOUNCE","damage_taken":136,"max_hp_gain":0,"max_hp_loss":0,"event_name":"betterThird:BetterSerpent","floor":5,"gold_loss":136,"cards_obtained":["Enlightenment"]},{"damage_healed":0,"gold_gain":0,"player_choice":"Searched \u00271\u0027 times","damage_taken":0,"max_hp_gain":0,"max_hp_loss":0,"event_name":"Dead Adventurer","floor":11,"gold_loss":0}],"is_beta":false,"boss_relics":[],"items_purged_floors":[],"is_endless":false,"potions_floor_spawned":[1,8,11],"killed_by":"The Guardian","ascension_level":1}}