{"host":"p0hktren06injwdf","time":1613538447,"event":{"mods":["AchievementEnabler","BaseMod","Colored Map","DeckTracker","Minty Spire (QoL Compilation)","Permanent Neow","StSLib","SuperFastMode"],"gold_per_floor":[119,129,141,158,215,248,248,268,268,268,214,246,246,266,266,369,369,383,65,164,164,181,181,213,230,276,276,287,287,305,305,305,405,705,719,719,719,738,738,738,756,791,803,815,852,864,892,917,929,941,953,965,507,533,533],"floor_reached":56,"language":"KOR","playtime":1555,"items_purged":["Strike_B","Strike_B"],"score":1312,"play_id":"2f73c56e-6e7a-4d3b-998d-78dfc96f18fd","local_time":"20210217140727","is_ascension_mode":false,"campfire_choices":[{"data":"Zap","floor":7.0,"key":"SMITH"},{"data":"Streamline","floor":10.0,"key":"SMITH"},{"data":"Buffer","floor":13.0,"key":"SMITH"},{"data":"Beam Cell","floor":15.0,"key":"SMITH"},{"data":"Blizzard","floor":23,"key":"SMITH"},{"data":"Seek","floor":29,"key":"SMITH"},{"data":"Defragment","floor":32,"key":"SMITH"},{"data":"Madness","floor":40,"key":"SMITH"},{"floor":44,"key":"RECALL"},{"data":"White Noise","floor":49,"key":"SMITH"},{"data":"White Noise","floor":52,"key":"SMITH"}],"circlet_count":0,"master_deck":["Defend_B","Defend_B+1","Defend_B","Zap+1","Dualcast","Coolheaded+1","FTL","Streamline+1","Ball Lightning","Beam Cell+1","Chill","Glacier","Compile Driver","Buffer+1","Gash","Seek+1","Glacier","White Noise+1","Dark Shackles","Blizzard+1","Hologram+1","Conserve Battery+1","Defragment+1","White Noise+1","Compile Driver","Core Surge","CurseOfTheBell","Blizzard+1","Madness+1","Madness+1","Hologram+1","Defragment+1","Force Field+1","Coolheaded+1","Capacitor+1","Master of Strategy","Hologram"],"relics":["Cracked Core","War Paint","Bag of Marbles","Lantern","Sozu","HornCleat","Centennial Puzzle","Calling Bell","Omamori","Blue Candle","Old Coin","MawBank","Bottled Tornado","Membership Card","Bronze Scales","Art of War","Ice Cream"],"acts_visited":["Exordium","TheCity","TheBeyond","TheEnding"],"potions_floor_usage":[55],"damage_taken":[{"damage":3.0,"enemies":"2 Louse","floor":1.0,"turns":2.0},{"damage":0.0,"enemies":"Small Slimes","floor":2.0,"turns":2.0},{"damage":0.0,"enemies":"Cultist","floor":3.0,"turns":2.0},{"damage":3.0,"enemies":"Looter","floor":4.0,"turns":2.0},{"damage":26.0,"enemies":"Lagavulin","floor":6.0,"turns":5.0},{"damage":0.0,"enemies":"Blue Slaver","floor":8.0,"turns":2.0},{"damage":8.0,"enemies":"Gremlin Nob","floor":12.0,"turns":3.0},{"damage":0.0,"enemies":"Large Slime","floor":14.0,"turns":4.0},{"damage":13.0,"enemies":"Hexaghost","floor":16.0,"turns":6.0},{"damage":0.0,"enemies":"2 Thieves","floor":18.0,"turns":3.0},{"damage":0,"enemies":"Chosen","floor":22,"turns":3},{"damage":6,"enemies":"Book of Stabbing","floor":24,"turns":5},{"damage":0,"enemies":"Centurion and Healer","floor":25,"turns":5},{"damage":4,"enemies":"Snake Plant","floor":28,"turns":4},{"damage":0,"enemies":"Snecko","floor":30,"turns":5},{"damage":2,"enemies":"Collector","floor":33,"turns":11},{"damage":0,"enemies":"3 Shapes","floor":35,"turns":5},{"damage":0,"enemies":"Orb Walker","floor":38,"turns":4},{"damage":0,"enemies":"3 Darklings","floor":41,"turns":5},{"damage":0,"enemies":"Nemesis","floor":42,"turns":8},{"damage":20,"enemies":"Reptomancer","floor":45,"turns":9},{"damage":15,"enemies":"Writhing Mass","floor":47,"turns":9},{"damage":0,"enemies":"Sphere and 2 Shapes","floor":48,"turns":9},{"damage":7,"enemies":"Awakened One","floor":50,"turns":14},{"damage":2,"enemies":"Shield and Spear","floor":54,"turns":4},{"damage":1,"enemies":"The Heart","floor":55,"turns":10}],"seed_played":"-3739498899405509773","potions_obtained":[{"floor":1.0,"key":"Strength Potion"},{"floor":6.0,"key":"ColorlessPotion"},{"floor":14.0,"key":"PowerPotion"},{"floor":16.0,"key":"Fire Potion"}],"is_trial":false,"path_per_floor":["M","M","M","M","?","E","R","M","T","R","$","E","R","M","R","B",null,"M","$","?","?","M","R","E","M","T","?","M","R","M","?","R","B",null,"M","?","?","M","?","R","M","E","T","R","E","?","M","M","R","B",null,"R","$","E","B",null],"character_chosen":"DEFECT","items_purchased":["Compile Driver","Glacier","White Noise","Dark Shackles","Membership Card","Master of Strategy","Bronze Scales","Hologram","Art of War"],"campfire_rested":0,"item_purchase_floors":[11,19,19,19,53,53,53,53,53],"current_hp_per_floor":[72,72,72,69,69,43,43,43,43,43,43,35,35,35,35,22,75,75,75,75,75,75,75,69,69,69,69,65,65,65,65,65,63,75,75,66,66,66,66,66,66,66,66,66,46,46,31,31,31,24,75,75,75,73,72],"gold":533,"neow_bonus":"THREE_CARDS","is_daily":false,"chose_seed":false,"campfire_upgraded":10,"win_rate":0.0,"timestamp":1613538447,"path_taken":["M","M","M","M","?","E","R","M","T","R","$","E","R","M","R","BOSS","M","$","?","?","M","R","E","M","T","?","M","R","M","?","R","BOSS","M","?","?","?","?","R","M","E","T","R","E","?","M","M","R","BOSS","R","$","E","BOSS"],"items_purchased_type":["Card","Card","Card","Card","Relic","Card","Relic","Card","Relic"],"build_version":"2020-12-22","purchased_purges":2,"victory":true,"max_hp_per_floor":[75,75,75,75,75,75,75,75,75,75,75,75,75,75,75,75,75,75,75,75,75,75,75,75,75,75,75,75,75,75,75,75,75,75,75,75,75,75,75,75,75,75,75,75,75,75,75,75,75,75,75,75,75,75,75],"card_choices":[{"not_picked":["Redo","Hello World"],"picked":"Coolheaded","floor":0.0},{"not_picked":["Barrage","Sweeping Beam"],"picked":"FTL","floor":1.0},{"not_picked":["Coolheaded","Lockon"],"picked":"Streamline","floor":2.0},{"not_picked":["Cold Snap","Rebound"],"picked":"Ball Lightning","floor":3.0},{"not_picked":["Auto Shields","Hologram"],"picked":"Beam Cell","floor":4.0},{"not_picked":["Hologram","Auto Shields"],"picked":"Chill","floor":6.0},{"not_picked":["Consume","Gash"],"picked":"Glacier","floor":8.0},{"not_picked":["Reinforced Body","Coolheaded"],"picked":"Buffer","floor":12.0},{"not_picked":["BootSequence","Compile Driver"],"picked":"Gash","floor":14.0},{"not_picked":["Echo Form","Thunder Strike"],"picked":"Seek","floor":16.0},{"not_picked":["Sweeping Beam","Steam","Double Energy+1"],"picked":"SKIP","floor":18.0},{"not_picked":["Beam Cell","Double Energy"],"picked":"Hologram+1","floor":22},{"not_picked":["Static Discharge","Steam","Steam Power"],"picked":"SKIP","floor":24},{"not_picked":["Barrage","Ball Lightning+1"],"picked":"Conserve Battery+1","floor":25},{"not_picked":["Sweeping Beam","Conserve Battery","Auto Shields"],"picked":"SKIP","floor":28},{"not_picked":["Steam","Go for the Eyes"],"picked":"Defragment","floor":30},{"not_picked":["Fission","Multi-Cast"],"picked":"Core Surge","floor":33},{"not_picked":["Aggregate+1","Hello World"],"picked":"Blizzard+1","floor":35},{"not_picked":["Redo","Gash"],"picked":"Hologram+1","floor":38},{"not_picked":["Compile Driver+1","Loop+1"],"picked":"Defragment+1","floor":41},{"not_picked":["Conserve Battery+1","Sweeping Beam+1","Ball Lightning"],"picked":"SKIP","floor":42},{"not_picked":["Steam","Meteor Strike"],"picked":"Force Field+1","floor":45},{"not_picked":["Barrage+1","Gash"],"picked":"Coolheaded+1","floor":47},{"not_picked":["Gash+1","Aggregate+1"],"picked":"Capacitor+1","floor":48},{"not_picked":["Go for the Eyes","Compile Driver","Auto Shields"],"picked":"SKIP","floor":54}],"player_experience":1076210,"relics_obtained":[{"floor":6.0,"key":"War Paint"},{"floor":9.0,"key":"Bag of Marbles"},{"floor":12.0,"key":"Lantern"},{"floor":24,"key":"HornCleat"},{"floor":26,"key":"Centennial Puzzle"},{"floor":34,"key":"Omamori"},{"floor":34,"key":"Blue Candle"},{"floor":34,"key":"Old Coin"},{"floor":42,"key":"MawBank"},{"floor":45,"key":"Bottled Tornado"},{"floor":54,"key":"Ice Cream"}],"event_choices":[{"damage_healed":0.0,"max_hp_gain":0.0,"max_hp_loss":0.0,"gold_gain":57.0,"event_name":"Golden Wing","player_choice":"Gained Gold","floor":5.0,"gold_loss":0.0,"damage_taken":0.0},{"damage_healed":0.0,"max_hp_gain":0.0,"max_hp_loss":0.0,"gold_gain":99.0,"event_name":"Nest","player_choice":"Stole From Cult","floor":20.0,"gold_loss":0.0,"damage_taken":0.0},{"damage_healed":0,"gold_gain":0,"player_choice":"Read","damage_taken":0,"max_hp_gain":0,"max_hp_loss":0,"event_name":"The Library","floor":21,"gold_loss":0,"cards_obtained":["Blizzard"]},{"damage_healed":0,"gold_gain":0,"player_choice":"Ignored","damage_taken":0,"max_hp_gain":0,"max_hp_loss":0,"event_name":"Vampires","floor":27,"gold_loss":0},{"damage_healed":0,"gold_gain":0,"cards_transformed":["Strike_B","Strike_B"],"player_choice":"Became Test Subject","damage_taken":0,"max_hp_gain":0,"max_hp_loss":0,"event_name":"Drug Dealer","floor":31,"gold_loss":0,"cards_obtained":["White Noise","Compile Driver"]},{"damage_healed":0,"gold_gain":0,"player_choice":"Embrace Madness","damage_taken":9,"max_hp_gain":0,"max_hp_loss":0,"event_name":"Winding Halls","floor":36,"gold_loss":0,"cards_obtained":["Madness","Madness"]},{"damage_healed":0,"gold_gain":0,"player_choice":"Upgraded","damage_taken":0,"max_hp_gain":0,"max_hp_loss":0,"event_name":"Upgrade Shrine","floor":37,"gold_loss":0,"cards_upgraded":["Madness"]},{"cards_removed":["Defend_B"],"damage_healed":0,"gold_gain":0,"player_choice":"Removed Skill","damage_taken":0,"max_hp_gain":0,"max_hp_loss":0,"event_name":"Falling","floor":39,"gold_loss":0},{"damage_healed":0,"gold_gain":0,"player_choice":"Ignored","damage_taken":0,"max_hp_gain":0,"max_hp_loss":0,"event_name":"Tomb of Lord Red Mask","floor":46,"gold_loss":0}],"is_beta":false,"boss_relics":[{"not_picked":["Fusion Hammer","Busted Crown"],"picked":"Sozu"},{"not_picked":["Snecko Eye","Velvet Choker"],"picked":"Calling Bell"}],"items_purged_floors":[19,53],"is_endless":false,"potions_floor_spawned":[1,6,14,16,22,24,25,28,38,41,42,47,48,54],"ascension_level":0}}