{"host":"8eqe2o2g03nh9rfw","time":1613534128,"event":{"mods":["AchievementEnabler","AlwaysNeverKeys","BaseMod","Better Third Choice","Block Reminder","Colored Map","Colored Powertips","GifTheSpireLib","Minty Spire (QoL Compilation)","Permanent Neow","Quick Restart","StSLib","Weighted Paths"],"gold_per_floor":[20,20,20,20,39,39,55,55,55,69,87,106,76,26,26,145,145,159,133,149,149,149],"floor_reached":21,"language":"ENG","playtime":983,"items_purged":[],"score":173,"play_id":"dc7209c4-482f-4e6e-9603-471c19ff2997","local_time":"20210216225528","is_ascension_mode":false,"campfire_choices":[{"floor":6,"key":"RECALL"},{"floor":15,"key":"REST"}],"circlet_count":0,"master_deck":["Strike_P","Strike_P","Strike_P","Strike_P","Defend_P","Defend_P","Defend_P","Eruption","Vigilance","SignatureMove","Protect","InnerPeace","Transmutation","JustLucky","EmptyBody","Prostrate","FlurryOfBlows","Devotion","SandsOfTime","Consecrate"],"relics":["PureWater","Bird Faced Urn","Golden Idol","Busted Crown"],"acts_visited":["Exordium","TheCity"],"potions_floor_usage":[12,16,18,21],"damage_taken":[{"damage":0,"enemies":"2 Louse","floor":1,"turns":2},{"damage":13,"enemies":"Jaw Worm","floor":5,"turns":3},{"damage":0,"enemies":"Cultist","floor":7,"turns":3},{"damage":20,"enemies":"3 Louse","floor":10,"turns":4},{"damage":15,"enemies":"Exordium Wildlife","floor":11,"turns":4},{"damage":3,"enemies":"Large Slime","floor":12,"turns":7},{"damage":22,"enemies":"Slime Boss","floor":16,"turns":12},{"damage":0,"enemies":"Spheric Guardian","floor":18,"turns":3},{"damage":26,"enemies":"2 Thieves","floor":19,"turns":5},{"damage":19,"enemies":"Centurion and Healer","floor":20,"turns":5},{"damage":38,"enemies":"Chosen and Byrds","floor":21,"turns":6}],"seed_played":"-24759489998856542","potions_obtained":[{"floor":1,"key":"Swift Potion"},{"floor":12,"key":"Swift Potion"},{"floor":16,"key":"Explosive Potion"},{"floor":18,"key":"StancePotion"}],"is_trial":false,"path_per_floor":["M","?","$","?","M","R","M","?","T","M","M","M","?","$","R","B",null,"M","M","M","M"],"character_chosen":"WATCHER","items_purchased":["FlurryOfBlows"],"campfire_rested":1,"item_purchase_floors":[14],"current_hp_per_floor":[72,54,54,59,46,46,46,46,46,26,11,8,8,8,31,11,77,77,53,36,0,0],"gold":149,"neow_bonus":"ONE_RARE_RELIC","is_daily":false,"chose_seed":false,"campfire_upgraded":0,"win_rate":0.0,"timestamp":1613534128,"path_taken":["M","?","$","?","M","R","M","?","T","M","M","?","?","?","R","BOSS","M","M","M","M"],"items_purchased_type":["Card"],"build_version":"2020-12-22","purchased_purges":0,"victory":false,"max_hp_per_floor":[72,72,72,77,77,77,77,77,77,77,77,77,77,77,77,77,77,77,77,77,77,77],"card_choices":[{"not_picked":["Collect","Protect"],"picked":"SignatureMove","floor":1},{"not_picked":["FlyingSleeves","Conclude"],"picked":"Protect","floor":5},{"not_picked":["ThirdEye","Evaluate"],"picked":"InnerPeace","floor":7},{"not_picked":["Study","PathToVictory"],"picked":"JustLucky","floor":10},{"not_picked":["Consecrate","CutThroughFate"],"picked":"EmptyBody","floor":11},{"not_picked":["Consecrate","EmptyFist"],"picked":"Prostrate","floor":12},{"not_picked":["Scrawl","MasterReality"],"picked":"Devotion","floor":16},{"not_picked":[],"picked":"SandsOfTime","floor":18},{"not_picked":[],"picked":"Consecrate","floor":19},{"not_picked":["BowlingBash"],"picked":"SKIP","floor":20}],"player_experience":138900,"relics_obtained":[],"event_choices":[{"damage_healed":0,"gold_gain":0,"player_choice":"Take Damage","damage_taken":18,"relics_obtained":["Golden Idol"],"max_hp_gain":0,"max_hp_loss":0,"event_name":"Golden Idol","floor":2,"gold_loss":0},{"damage_healed":0,"gold_gain":0,"player_choice":"Donut","damage_taken":0,"max_hp_gain":5,"max_hp_loss":0,"event_name":"Big Fish","floor":4,"gold_loss":0},{"cards_removed":["Defend_P"],"damage_healed":0,"gold_gain":0,"player_choice":"Took Card","damage_taken":0,"max_hp_gain":0,"max_hp_loss":0,"event_name":"NoteForYourself","floor":8,"gold_loss":0,"cards_obtained":["Transmutation"]},{"damage_healed":0,"gold_gain":0,"player_choice":"Left","damage_taken":0,"max_hp_gain":0,"max_hp_loss":0,"event_name":"betterThird:BetterGoop","floor":13,"gold_loss":30}],"is_beta":false,"boss_relics":[{"not_picked":["Runic Pyramid","Empty Cage"],"picked":"Busted Crown"}],"items_purged_floors":[],"is_endless":false,"potions_floor_spawned":[1,12,16,18],"killed_by":"Chosen and Byrds","ascension_level":0}}