{"host":"Doisman","time":1613540344,"event":{"mods":["AchievementEnabler","BaseMod","Better Note","Curses Come First","Minty Spire (QoL Compilation)","Permanent Neow","Quick Restart","Relic Stats","Replay The Spire","StSLib","slay the spire mod where everything is the same but ironclad has a cowboy hat"],"gold_per_floor":[109,109,121,137,151,151,168,197,268,268,321,654,671,727,727,824,824,834,608,589,599,677,706,706,722,722,734,754,788,788,798,798,798],"floor_reached":32,"language":"ENG","playtime":1250,"items_purged":["Strike_R"],"score":311,"play_id":"1e1dd4a9-ae24-46dc-949b-cd007021c186","local_time":"20210216233904","is_ascension_mode":true,"campfire_choices":[{"data":"Disarm","floor":6,"key":"SMITH"},{"data":"Bash","floor":10,"key":"SMITH"},{"floor":15,"key":"REST"}],"circlet_count":0,"master_deck":["Strike_R","Strike_R","Defend_R","Defend_R","Defend_R","Defend_R","Bash+1","Flame Barrier","Disarm+1","Evolve","Reckless Charge","Power Through","True Grit","Intimidate","Exhume","Armaments","Pommel Strike","Uppercut","Anger+1","Battle Trance","Clothesline+1","Shrug It Off","Immolate","Shrug It Off"],"relics":["Painkiller Herb","NlothsMask","Another Sword","Juzu Bracelet","Old Coin","Sozu","Blood Vial","HornCleat","Ginger","Quantum Egg","White Beast Statue"],"acts_visited":["Exordium","TheCity"],"potions_floor_usage":[8,16,16],"damage_taken":[{"damage":1,"enemies":"Jaw Worm","floor":1,"turns":3},{"damage":0,"enemies":"Cultist","floor":3,"turns":3},{"damage":2,"enemies":"2 Louse","floor":4,"turns":3},{"damage":10,"enemies":"Red Slaver","floor":5,"turns":4},{"damage":0,"enemies":"2 Fungi Beasts","floor":7,"turns":4},{"damage":9,"enemies":"Lagavulin","floor":8,"turns":6},{"damage":19,"enemies":"Gremlin Nob","floor":12,"turns":4},{"damage":0,"enemies":"Blue Slaver","floor":13,"turns":4},{"damage":12,"enemies":"Hexaghost","floor":16,"turns":9},{"damage":0,"enemies":"3 Byrds","floor":18,"turns":6},{"damage":2,"enemies":"2 Thieves","floor":20,"turns":4},{"damage":9,"enemies":"Centurion and Healer","floor":21,"turns":6},{"damage":10,"enemies":"Book of Stabbing","floor":23,"turns":5},{"damage":21,"enemies":"Sentry and Sphere","floor":25,"turns":6},{"damage":0,"enemies":"Snake Plant","floor":27,"turns":5},{"damage":6,"enemies":"Chosen and Byrds","floor":28,"turns":7},{"damage":32,"enemies":"Gremlin Leader","floor":29,"turns":10},{"damage":0,"enemies":"Centurion and Healer","floor":31,"turns":7}],"seed_played":"-3275123119388257921","potions_obtained":[{"floor":1,"key":"AttackPotion"},{"floor":7,"key":"SneckoOil"},{"floor":8,"key":"Strength Potion"},{"floor":12,"key":"SteroidPotion"},{"floor":13,"key":"Reflective Coating"},{"floor":14,"key":"AttackPotion"},{"floor":14,"key":"LiquidBronze"}],"is_trial":false,"path_per_floor":["?","?","?","?","?","T","?","E","T","T","T","E","?","?","T","B",null,"?","T","?","?","T","E","?","?","T","?","?","E","?","?","T"],"character_chosen":"IRONCLAD","items_purchased":["Blood Vial"],"campfire_rested":1,"item_purchase_floors":[19],"current_hp_per_floor":[79,79,79,77,67,67,67,58,58,58,58,39,39,7,31,19,80,80,80,78,71,71,63,63,44,44,46,42,12,12,14,14,14],"gold":798,"neow_bonus":"BOSS_RELIC","is_daily":false,"chose_seed":false,"campfire_upgraded":2,"win_rate":0.0,"timestamp":1613540344,"path_taken":["?","?","?","?","?","T","?","E","T","T","?","E","?","?","T","BOSS","?","T","?","?","?","E","?","?","T","?","?","E","?","?","T"],"items_purchased_type":["Relic"],"build_version":"2020-12-18","purchased_purges":1,"victory":false,"max_hp_per_floor":[80,80,80,80,80,80,80,80,80,80,80,80,80,80,80,80,80,80,80,80,80,80,80,80,80,80,80,80,80,80,80,80,80],"relic_stats":{"Sozu":3,"Blood Vial":14,"counters":[18,96],"Juzu Bracelet":1,"Ginger":[11],"obtain_stats":[{"Sozu":17,"Blood Vial":19,"HornCleat":22,"Quantum Egg":26,"Painkiller Herb":0,"Another Sword":8,"Juzu Bracelet":11,"Ginger":23,"Burning Blood":0,"White Beast Statue":29,"NlothsMask":2,"Old Coin":12},{"Sozu":9,"Blood Vial":10,"HornCleat":12,"Quantum Egg":14,"Painkiller Herb":0,"Another Sword":6,"Juzu Bracelet":6,"Ginger":13,"Burning Blood":0,"White Beast Statue":17,"NlothsMask":1,"Old Coin":7},{"Sozu":40,"Blood Vial":46,"HornCleat":56,"Quantum Egg":67,"Painkiller Herb":0,"Another Sword":23,"Juzu Bracelet":23,"Ginger":61,"Burning Blood":0,"White Beast Statue":89,"NlothsMask":3,"Old Coin":27}]},"card_choices":[{"not_picked":["Massacre","Flex","Twin Strike"],"picked":"SKIP","floor":1},{"not_picked":["ReplayTheSpireMod:Strike From Hell","Twin Strike"],"picked":"Flame Barrier","floor":3},{"not_picked":["Clothesline","Pummel"],"picked":"Disarm","floor":4},{"not_picked":["Rampage","Sentinel"],"picked":"Evolve","floor":5},{"not_picked":["Warcry","Havoc","Body Slam"],"picked":"SKIP","floor":7},{"not_picked":["Pummel","Blood for Blood"],"picked":"Reckless Charge","floor":8},{"not_picked":["Replay:Undeath\u0027s Touch","Headbutt"],"picked":"Power Through","floor":12},{"not_picked":["Havoc","Hemokinesis"],"picked":"True Grit","floor":13},{"not_picked":["Iron Wave","Twin Strike"],"picked":"Intimidate","floor":14},{"not_picked":["Demonic Infusion","Bludgeon"],"picked":"Exhume","floor":16},{"not_picked":["Clash","ReplayTheSpireMod:Strike From Hell"],"picked":"Armaments","floor":18},{"not_picked":["True Grit","Body Slam+1"],"picked":"Pommel Strike","floor":20},{"not_picked":["Wild Strike","ReplayReversal"],"picked":"Uppercut","floor":21},{"not_picked":["Fire Breathing","ReplayTheSpireMod:Strike From Hell"],"picked":"Anger+1","floor":23},{"not_picked":["Sword Boomerang","Twin Strike"],"picked":"Battle Trance","floor":25},{"not_picked":["Combust","Cleave+1"],"picked":"Clothesline+1","floor":27},{"not_picked":["Second Wind","ReplayTheSpireMod:Strike From Hell+1","Infernal Blade"],"picked":"SKIP","floor":28},{"not_picked":["Hemogenesis","Anger"],"picked":"Shrug It Off","floor":29},{"not_picked":["Thunderclap","Clothesline"],"picked":"Shrug It Off","floor":31}],"player_experience":742136,"relics_obtained":[{"floor":8,"key":"Another Sword"},{"floor":11,"key":"Juzu Bracelet"},{"floor":12,"key":"Old Coin"},{"floor":22,"key":"HornCleat"},{"floor":23,"key":"Ginger"},{"floor":26,"key":"Quantum Egg"},{"floor":29,"key":"White Beast Statue"}],"event_choices":[{"damage_healed":0,"gold_gain":0,"player_choice":"Trade","damage_taken":0,"relics_obtained":["NlothsMask"],"max_hp_gain":0,"max_hp_loss":0,"event_name":"FaceTrader","floor":2,"gold_loss":0},{"cards_removed":["Strike_R"],"damage_healed":0,"gold_gain":0,"player_choice":"Purged","damage_taken":0,"max_hp_gain":0,"max_hp_loss":0,"event_name":"Purifier","floor":24,"gold_loss":0},{"damage_healed":0,"gold_gain":0,"cards_transformed":["Strike_R"],"player_choice":"Transformed","damage_taken":0,"max_hp_gain":0,"max_hp_loss":0,"event_name":"Transmorgrifier","floor":30,"gold_loss":0,"cards_obtained":["Immolate"]}],"is_beta":true,"boss_relics":[{"not_picked":["Tiny House","Pandora\u0027s Box"],"picked":"Sozu"}],"items_purged_floors":[19],"is_endless":false,"potions_floor_spawned":[1,7,8,12,13,21,28,31],"ascension_level":1}}