{"host":"m6rwrrl4vtok99e8","time":1613532196,"event":{"mods":["Act Like it!","Arknights","Aspiration","BaseMod","Colored Powertips","Downfall","KomeijiMod","LagranYue(???·?)","Lobotomy","Marisa????????","Minty Spire (QoL Compilation)","Quick Restart","Reliquary","Remilia??????","Replay The Spire","StSLib","The Bug Knight","The Hierophant","The Servant 0.9.4","Waifu the Spire","WarShipGirlsR/????R mod","Youmu??????","Yuri Mod"],"gold_per_floor":[99,110,110,95,113,124,150,206,206,206,206,46,46,61,77,77,77],"floor_reached":16,"language":"ZHS","playtime":616,"items_purged":[],"score":90,"play_id":"1ff3150e-a1aa-4fe0-9b67-b82b1a48db51","local_time":"20210217112316","is_ascension_mode":false,"campfire_choices":[{"data":"ats:Emotion Absorption","floor":1,"key":"SMITH"},{"data":"SandsOfTime","floor":10,"key":"SMITH"},{"floor":13,"key":"REST"}],"circlet_count":0,"master_deck":["ats:Strike C","ats:Strike G","ats:Strike S","ats:Strike V","ats:Armor Crushing Shot","ats:Defend","ats:Defend","ats:Defend","ats:Defend","ats:Emotion Absorption+1","Judgement","SandsOfTime+1","Brilliance","ats:Healing Drone","ats:Part Time Job"],"relics":["LagranYue:RandomDrawCardRelic","aspiration:WatcherSkillbook","aspiration:Lifesprig","ats:Berate"],"acts_visited":["Exordium"],"potions_floor_usage":[],"damage_taken":[{"damage":15,"enemies":"Jaw Worm","floor":2,"turns":5},{"damage":5,"enemies":"downfall:FleeingMerchant","floor":4,"turns":4},{"damage":0,"enemies":"Cultist","floor":5,"turns":2},{"damage":0,"enemies":"2 Louse","floor":6,"turns":2},{"damage":5,"enemies":"downfall:FleeingMerchant","floor":12,"turns":4},{"damage":0,"enemies":"Looter","floor":14,"turns":2},{"damage":2,"enemies":"3 Louse","floor":15,"turns":3},{"damage":99,"enemies":"IC_STATUS_ARCHETYPE","floor":16,"turns":10}],"seed_played":"-4350579552868620415","potions_obtained":[{"floor":6,"key":"Dexterity Potion"},{"floor":8,"key":"SmokeBomb"},{"floor":8,"key":"Toxic Potion"}],"is_trial":false,"path_per_floor":["R","M","?","$","M","M","T","?","?","R","?","$","R","M","M","B"],"character_chosen":"DOCTOR_CLASS","items_purchased":["ats:Berate"],"campfire_rested":1,"item_purchase_floors":[12],"current_hp_per_floor":[72,57,72,67,67,67,67,49,49,49,49,44,65,65,69,0,0],"gold":77,"neow_bonus":"BOSS_RELIC","is_daily":false,"chose_seed":false,"campfire_upgraded":2,"win_rate":0.0,"timestamp":1613532196,"path_taken":["R","M","?","?","M","M","T","?","?","R","?","$","R","M","M","BOSS"],"items_purchased_type":["Relic"],"build_version":"2020-12-22","purchased_purges":0,"victory":false,"max_hp_per_floor":[72,72,72,72,72,72,72,72,72,72,72,72,72,72,72,72,72],"card_choices":[{"not_picked":["ats:Ignite","Indignation","FlyingSleeves"],"picked":"ats:Overload","floor":2},{"not_picked":["FollowUp","EmptyFist","ats:Revitalization"],"picked":"Judgement","floor":4},{"not_picked":["Worship","WheelKick","ats:LN2 Cannon"],"picked":"SandsOfTime","floor":5},{"not_picked":["ats:Very Hot Blade","Adaptation","ats:Composite Medical Shells","ats:Ignite"],"picked":"SKIP","floor":6},{"not_picked":["ats:Sashimi Platter","ats:Spore Proliferation","ats:Assault Order"],"picked":"Brilliance","floor":8},{"not_picked":["ats:Hammer On","EmptyBody","ats:Flexible Camouflage","Replay:BluntJabs"],"picked":"SKIP","floor":12},{"not_picked":["ats:Curse Doll","ats:Guard Mode","ats:Hammer On"],"picked":"ats:Healing Drone","floor":14},{"not_picked":["Protect","Swivel","BattleHymn"],"picked":"ats:Part Time Job","floor":15}],"player_experience":29063,"relics_obtained":[{"floor":7,"key":"aspiration:Lifesprig"}],"event_choices":[{"cards_removed":["ats:Overload"],"damage_healed":15,"gold_gain":0,"player_choice":"Offered Uncommon","damage_taken":0,"max_hp_gain":0,"max_hp_loss":0,"event_name":"Bonfire Elementals","floor":3,"gold_loss":0}],"is_beta":false,"boss_relics":[],"items_purged_floors":[],"is_endless":false,"potions_floor_spawned":[6,14],"killed_by":"IC_STATUS_ARCHETYPE","ascension_level":0}}