{"host":"js2su9tbbk4rmjfl","time":1613569593,"event":{"mods":["AchievementEnabler","BaseMod","Block Reminder","Colored Map","Colored Powertips","Highlight Path","Minty Spire (QoL Compilation)","Relic Stats"],"gold_per_floor":[112,131,87,12,31,31,61,61,138,35,135,135,145,145,145,145,145],"floor_reached":16,"language":"ENG","playtime":653,"items_purged":[],"score":186,"play_id":"7326b969-feff-4ee7-b100-c1269c2cdfb7","local_time":"20210217144633","is_ascension_mode":true,"campfire_choices":[{"data":"Whirlwind","floor":6,"key":"SMITH"},{"data":"Havoc","floor":8,"key":"SMITH"},{"floor":15,"key":"REST"}],"circlet_count":0,"master_deck":["AscendersBane","Strike_R","Strike_R","Strike_R","Strike_R","Strike_R","Defend_R","Defend_R","Defend_R","Defend_R","Bash","Offering","Pummel","Whirlwind+1","Sword Boomerang","Havoc+1","Dramatic Entrance+1","Disarm"],"relics":["Burning Blood","Juzu Bracelet","Pear"],"acts_visited":["Exordium"],"potions_floor_usage":[7,7,13],"damage_taken":[{"damage":15,"enemies":"Small Slimes","floor":1,"turns":4},{"damage":7,"enemies":"Cultist","floor":2,"turns":4},{"damage":9,"enemies":"2 Louse","floor":5,"turns":3},{"damage":46,"enemies":"Lagavulin","floor":7,"turns":3},{"damage":19,"enemies":"Exordium Wildlife","floor":13,"turns":3},{"damage":37,"enemies":"Slime Boss","floor":16,"turns":5}],"seed_played":"-9046491682054686642","potions_obtained":[{"floor":1,"key":"LiquidBronze"},{"floor":5,"key":"DuplicationPotion"},{"floor":7,"key":"Energy Potion"}],"is_trial":false,"path_per_floor":["M","M","$","?","M","R","E","R","T","$","?","?","M","?","R","B"],"character_chosen":"IRONCLAD","items_purchased":["Whirlwind","Dramatic Entrance"],"campfire_rested":1,"item_purchase_floors":[3,10],"current_hp_per_floor":[59,58,58,58,55,55,15,15,25,25,25,25,12,12,37,0,0],"gold":145,"neow_bonus":"ONE_RANDOM_RARE_CARD","is_daily":false,"chose_seed":false,"campfire_upgraded":2,"win_rate":0.0,"timestamp":1613569593,"path_taken":["M","M","$","?","M","R","E","R","T","$","?","?","M","?","R","BOSS"],"items_purchased_type":["Card","Card"],"build_version":"2020-12-22","purchased_purges":0,"victory":false,"max_hp_per_floor":[75,75,75,75,75,75,75,75,85,85,85,85,85,85,85,85,85],"relic_stats":{"counters":[6,22],"Juzu Bracelet":1,"obtain_stats":[{"Pear":9,"Juzu Bracelet":7,"Burning Blood":0},{"Pear":4,"Juzu Bracelet":4,"Burning Blood":0},{"Pear":14,"Juzu Bracelet":14,"Burning Blood":0}],"Burning Blood":30},"card_choices":[{"not_picked":["Sever Soul","Cleave"],"picked":"Pummel","floor":1},{"not_picked":["Sentinel","Warcry","Headbutt"],"picked":"SKIP","floor":2},{"not_picked":["Clothesline","Heavy Blade"],"picked":"Sword Boomerang","floor":5},{"not_picked":["Infernal Blade","Corruption"],"picked":"Havoc","floor":7},{"not_picked":["Shrug It Off","Twin Strike"],"picked":"Disarm","floor":13}],"player_experience":808788,"relics_obtained":[{"floor":7,"key":"Juzu Bracelet"},{"floor":9,"key":"Pear"}],"event_choices":[{"damage_healed":0,"gold_gain":0,"player_choice":"Left Gold","damage_taken":0,"max_hp_gain":0,"max_hp_loss":0,"event_name":"World of Goop","floor":4,"gold_loss":75},{"damage_healed":0,"gold_gain":100,"player_choice":"Gold","damage_taken":0,"max_hp_gain":0,"max_hp_loss":0,"event_name":"Wheel of Change","floor":11,"gold_loss":0},{"damage_healed":0,"gold_gain":0,"player_choice":"Ignored","damage_taken":0,"max_hp_gain":0,"max_hp_loss":0,"event_name":"Golden Wing","floor":12,"gold_loss":0},{"damage_healed":0,"gold_gain":0,"player_choice":"Upgraded","damage_taken":0,"max_hp_gain":0,"max_hp_loss":0,"event_name":"Upgrade Shrine","floor":14,"gold_loss":0,"cards_upgraded":["Dramatic Entrance"]}],"is_beta":false,"boss_relics":[],"items_purged_floors":[],"is_endless":false,"potions_floor_spawned":[1,5,7],"killed_by":"Slime Boss","ascension_level":18}}