{"host":"pm6tps78s2qrawcb","time":1613591831,"event":{"mods":["BaseMod","BetterRewards","Colored Map","Downfall","Hubris","Infinite Spire","Mimic Mod","Minty Spire (QoL Compilation)","Reliquary","Replay The Spire","Shop Mod","StSLib"],"gold_per_floor":[113,132,132,63,73,106,106,137,137,168,168,168,187,217,217,317,317],"floor_reached":16,"language":"ENG","playtime":667,"items_purged":[],"score":176,"play_id":"82842e57-9e07-41a7-b0b3-889c3c4d3f9d","local_time":"20210217195711","is_ascension_mode":true,"campfire_choices":[{"data":"Loop","floor":7,"key":"SMITH"},{"data":"Crystallizer","floor":12,"key":"SMITH"},{"data":"BasicCrystalCard","floor":15,"key":"SMITH"}],"circlet_count":0,"master_deck":["Strike_B","Strike_B","Strike_B","Strike_B","Defend_B","Defend_B","Defend_B","Defend_B","Zap","Dualcast","Auto Shields","Heatsinks","FIFO Queue","Lockon","Storm","Defragment","Loop+1","White Noise","Crystallizer+1","White Noise","BasicCrystalCard+1"],"relics":["Cracked Core","Geode","Orrery","reliquary:BallBearing","infinitespire:ShieldingShard","reliquary:HotPoker","ReplayFunnel","hubris:Icosahedron","hubris:TenFootPole"],"acts_visited":["Exordium"],"potions_floor_usage":[6,8,8,16],"damage_taken":[{"damage":3,"enemies":"2 Louse","floor":1,"turns":3},{"damage":0,"enemies":"Cultist","floor":2,"turns":3},{"damage":6,"enemies":"Jaw Worm","floor":5,"turns":3},{"damage":1,"enemies":"3 Sentries","floor":6,"turns":6},{"damage":22,"enemies":"Gremlin Nob","floor":8,"turns":4},{"damage":15,"enemies":"Lagavulin","floor":10,"turns":4},{"damage":7,"enemies":"Looter","floor":13,"turns":2},{"damage":34,"enemies":"Slime Boss","floor":16,"turns":6}],"seed_played":"1096350975773667413","potions_obtained":[{"floor":1,"key":"LifebloodPotion"},{"floor":5,"key":"Weak Potion"},{"floor":6,"key":"hexamod:SoulburnPotion"},{"floor":13,"key":"Toxic Potion"}],"is_trial":false,"path_per_floor":["M","M","?","$","M","E","R","E","T","E","?","R","M","?","R","B"],"character_chosen":"DEFECT","items_purchased":["Geode","Orrery","FIFO Queue","Defragment"],"campfire_rested":0,"item_purchase_floors":[0,0,0,4],"current_hp_per_floor":[59,59,85,85,79,78,78,56,56,41,41,41,34,34,34,0,0],"gold":317,"neow_bonus":"","is_daily":false,"chose_seed":false,"campfire_upgraded":3,"win_rate":0.0,"timestamp":1613591831,"path_taken":["M","M","?","$","?","E","R","E","T","E","?","R","M","?","R","BOSS"],"items_purchased_type":["Relic","Relic","Card","Card"],"build_version":"2020-12-22","purchased_purges":0,"victory":false,"max_hp_per_floor":[75,75,85,85,85,85,85,85,85,85,85,85,85,85,85,85,85],"card_choices":[{"not_picked":["ReplaySolidLightProjector","Skim"],"picked":"Auto Shields","floor":0},{"not_picked":["Panic Button","Turbo"],"picked":"Machine Learning","floor":0},{"not_picked":["Streamline","Blizzard"],"picked":"Heatsinks","floor":0},{"not_picked":["Heatsinks","BootSequence"],"picked":"Lockon","floor":1},{"not_picked":["Darkness","Panic Button"],"picked":"Storm","floor":2},{"not_picked":["ReplayTheSpireMod:GoodbyeWorld","ReplayTheSpireMod:System Scan"],"picked":"Loop","floor":5},{"not_picked":["Sunder","Ball Lightning"],"picked":"White Noise","floor":6},{"not_picked":["Conserve Battery","Thunder Strike"],"picked":"Crystallizer","floor":8},{"not_picked":["ReplayTheSpireMod:GoodbyeWorld","Compile Driver"],"picked":"White Noise","floor":10},{"not_picked":["Sweeping Beam","Hologram"],"picked":"BasicCrystalCard","floor":13}],"player_experience":303762,"relics_obtained":[{"floor":6,"key":"reliquary:BallBearing"},{"floor":8,"key":"infinitespire:ShieldingShard"},{"floor":9,"key":"reliquary:HotPoker"},{"floor":10,"key":"ReplayFunnel"}],"event_choices":[{"cards_removed":["Machine Learning"],"damage_healed":16,"gold_gain":0,"player_choice":"Offered Rare","damage_taken":0,"max_hp_gain":10,"max_hp_loss":0,"event_name":"Bonfire Elementals","floor":3,"gold_loss":0},{"damage_healed":0,"gold_gain":30,"player_choice":"Searched \u00272\u0027 times","damage_taken":0,"relics_obtained":["hubris:TenFootPole"],"max_hp_gain":0,"max_hp_loss":0,"event_name":"Dead Adventurer","floor":14,"gold_loss":0}],"is_beta":false,"boss_relics":[],"items_purged_floors":[],"is_endless":false,"potions_floor_spawned":[1,5,6,13],"killed_by":"Slime Boss","ascension_level":1}}