{"host":"w5thk1acqacem6ba","time":1613546292,"event":{"mods":["AchievementEnabler","BaseMod","Colored Map","KOR Keyword Fix","Minty Spire (QoL Compilation)","SuperFastMode"],"gold_per_floor":[117,135,105,116,41,75,23,49,49,66,66,86,86,104,104,206,206,224,211,230,230,230,230,230,230],"floor_reached":24,"language":"KOR","playtime":766,"items_purged":["Strike_P"],"score":260,"play_id":"511dfee9-6fe5-44a3-83c7-4bc928dfe37f","local_time":"20210217161812","is_ascension_mode":true,"campfire_choices":[{"data":"Eruption","floor":11,"key":"SMITH"},{"data":"EmptyBody","floor":13,"key":"SMITH"},{"floor":15,"key":"REST"},{"floor":23,"key":"REST"}],"circlet_count":0,"master_deck":["Strike_P","Strike_P","Strike_P","Defend_P","Defend_P","Defend_P","Defend_P","Eruption+1","Vigilance","EmptyFist","FearNoEvil","FlurryOfBlows","EmptyBody+1","FlurryOfBlows","Consecrate","Alpha","Decay"],"relics":["PureWater","NeowsBlessing","Lantern","Bottled Lightning","Happy Flower","Fusion Hammer"],"acts_visited":["Exordium","TheCity"],"potions_floor_usage":[6,8,16],"damage_taken":[{"damage":0,"enemies":"Cultist","floor":1,"turns":1},{"damage":0,"enemies":"Jaw Worm","floor":2,"turns":1},{"damage":0,"enemies":"Small Slimes","floor":4,"turns":1},{"damage":25,"enemies":"3 Sentries","floor":6,"turns":5},{"damage":12,"enemies":"Lagavulin","floor":8,"turns":3},{"damage":1,"enemies":"3 Louse","floor":10,"turns":4},{"damage":0,"enemies":"2 Fungi Beasts","floor":12,"turns":2},{"damage":0,"enemies":"Large Slime","floor":14,"turns":3},{"damage":44,"enemies":"Hexaghost","floor":16,"turns":9},{"damage":13,"enemies":"Shell Parasite","floor":18,"turns":4},{"damage":5,"enemies":"2 Thieves","floor":19,"turns":4},{"damage":28,"enemies":"Snake Plant","floor":20,"turns":4},{"damage":61,"enemies":"Slavers","floor":24,"turns":4}],"seed_played":"-345614191228608951","potions_obtained":[{"floor":1,"key":"AttackPotion"},{"floor":3,"key":"AttackPotion"},{"floor":3,"key":"FairyPotion"},{"floor":10,"key":"Energy Potion"},{"floor":16,"key":"SkillPotion"},{"floor":18,"key":"Energy Potion"}],"is_trial":false,"path_per_floor":["M","M","?","M","$","E","$","E","T","M","R","M","R","M","R","B",null,"M","M","M","?","?","R","E"],"character_chosen":"WATCHER","items_purchased":["Dexterity Potion"],"campfire_rested":2,"item_purchase_floors":[7],"current_hp_per_floor":[72,72,72,72,72,47,47,35,35,34,34,34,34,34,55,11,57,44,39,11,11,11,32,0,0],"gold":230,"neow_bonus":"THREE_ENEMY_KILL","is_daily":false,"chose_seed":false,"campfire_upgraded":2,"win_rate":0.0,"timestamp":1613546292,"path_taken":["M","?","?","M","$","E","$","E","T","M","R","M","R","M","R","BOSS","M","M","?","?","?","R","E"],"items_purchased_type":["Potion"],"build_version":"2020-12-22","purchased_purges":1,"victory":false,"max_hp_per_floor":[72,72,72,72,72,72,72,72,72,72,72,72,72,72,72,72,72,72,72,72,72,72,72,72,72],"card_choices":[{"not_picked":["Conclude","WindmillStrike"],"picked":"EmptyFist","floor":1},{"not_picked":["ThirdEye","WheelKick"],"picked":"FearNoEvil","floor":2},{"not_picked":["Nirvana","BowlingBash"],"picked":"FlurryOfBlows","floor":4},{"not_picked":["PathToVictory","ReachHeaven"],"picked":"EmptyBody","floor":6},{"not_picked":["SashWhip","PathToVictory"],"picked":"FlurryOfBlows","floor":8},{"not_picked":["BowlingBash","EmptyFist","Evaluate"],"picked":"SKIP","floor":10},{"not_picked":["EmptyBody","BattleHymn"],"picked":"Consecrate","floor":12},{"not_picked":["Study","Vengeance","BattleHymn"],"picked":"SKIP","floor":14},{"not_picked":["DevaForm","Ragnarok"],"picked":"Alpha","floor":16},{"not_picked":["Indignation","Collect","JustLucky"],"picked":"SKIP","floor":18},{"not_picked":["Indignation","FollowUp","WreathOfFlame"],"picked":"SKIP","floor":19},{"not_picked":["SashWhip+1","Crescendo","BattleHymn+1"],"picked":"SKIP","floor":20}],"player_experience":408770,"relics_obtained":[{"floor":6,"key":"Lantern"},{"floor":8,"key":"Bottled Lightning"},{"floor":9,"key":"Happy Flower"}],"event_choices":[{"damage_healed":0,"gold_gain":0,"player_choice":"Bought 2 Potions","damage_taken":0,"max_hp_gain":0,"max_hp_loss":0,"event_name":"The Woman in Blue","floor":3,"gold_loss":0},{"damage_healed":0,"gold_gain":0,"player_choice":"Ignored","damage_taken":0,"max_hp_gain":0,"max_hp_loss":0,"event_name":"Ghosts","floor":21,"gold_loss":0},{"damage_healed":0,"gold_gain":0,"player_choice":"Smashed Altar","damage_taken":0,"max_hp_gain":0,"max_hp_loss":0,"event_name":"Forgotten Altar","floor":22,"gold_loss":0,"cards_obtained":["Decay"]}],"is_beta":false,"boss_relics":[{"not_picked":["Empty Cage","Coffee Dripper"],"picked":"Fusion Hammer"}],"items_purged_floors":[5],"is_endless":false,"potions_floor_spawned":[1,10,14,16,18],"killed_by":"Slavers","ascension_level":5}}