{"host":"vk2xyavtylxbvrfq","time":1613576865,"event":{"mods":["Bard","BaseMod","Bestiary","Better Altar","Better Match","Better Note","Better Sensory Stone","Better Skull","Better Vampires","Block Reminder","Bossed Relics","Colored Map","Curses Come First","Displayed Cursed Tome","Downfall","Fox Events","Hermit","Ironclad Rager","Marked Mod","Minty Spire (QoL Compilation)","Quick Restart","Rare Cards Sparkle","Relic Sorter","Reliquary","Robot Space Explorer","StSLib","The Hayseed","The Runesmith","TheSurvivalist","Unceasing Turn Reminder"],"gold_per_floor":[110,135,60,60,72,72,107,184,261,273,307,307,320,330,330,426,503,519,532,532,548,548,548,563,563,689,739,751,770,770,770],"floor_reached":30,"language":"ENG","playtime":980,"items_purged":[],"score":315,"play_id":"fc212794-7a5c-4899-8601-83daa7e90c37","local_time":"20210217104745","is_ascension_mode":true,"campfire_choices":[{"data":"hermit:Maintenance","floor":6,"key":"SMITH"},{"floor":12,"key":"REST"},{"floor":15,"key":"REST"},{"floor":23,"key":"REST"},{"floor":25,"key":"REST"}],"circlet_count":0,"master_deck":["hermit:Strike_Hermit","hermit:Strike_Hermit","hermit:Strike_Hermit+1","hermit:Strike_Hermit","hermit:Defend_Hermit","hermit:Defend_Hermit","hermit:Defend_Hermit","hermit:Defend_Hermit","hermit:Snapshot+1","hermit:Covet","hermit:HighNoon+1","hermit:Maintenance+1","hermit:GoldenBullet","hermit:Determination","hermit:RoundhouseKick","hermit:HighCaliber","hermit:Quickdraw","hermit:RoundhouseKick+1","hermit:Coalescence+1","hermit:BigShot","hermit:Showdown","hermit:LuckOfTheDraw","hermit:Coalescence+1","hermit:WideOpen"],"relics":["hermit:Momento","foxEvents:LuckyCharm","reliquary:RosewoodLute","hermit:Horseshoe","reliquary:Aerogel","Kunai","reliquary:ThirdArm","reliquary:QuartzCube","Whetstone"],"acts_visited":["Exordium","TheCity"],"potions_floor_usage":[7,11,11,11],"damage_taken":[{"damage":0,"enemies":"2 Louse","floor":1,"turns":2},{"damage":14,"enemies":"Colosseum Slavers","floor":2,"turns":5},{"damage":7,"enemies":"Jaw Worm","floor":5,"turns":2},{"damage":14,"enemies":"Gremlin Nob","floor":7,"turns":4},{"damage":9,"enemies":"Cultist","floor":10,"turns":5},{"damage":23,"enemies":"Lagavulin","floor":11,"turns":5},{"damage":16,"enemies":"Blue Slaver","floor":13,"turns":4},{"damage":1,"enemies":"2 Fungi Beasts","floor":14,"turns":3},{"damage":20,"enemies":"Slime Boss","floor":16,"turns":9},{"damage":13,"enemies":"Spheric Guardian","floor":18,"turns":4},{"damage":14,"enemies":"3 Byrds","floor":19,"turns":5},{"damage":3,"enemies":"Cultist and Chosen","floor":21,"turns":5},{"damage":14,"enemies":"Centurion and Healer","floor":24,"turns":6},{"damage":24,"enemies":"3 Cultists","floor":28,"turns":6},{"damage":21,"enemies":"Snake Plant","floor":29,"turns":4},{"damage":20,"enemies":"Shelled Parasite and Fungi","floor":30,"turns":3}],"seed_played":"4183990464384362298","potions_obtained":[{"floor":2,"key":"Guardian:BlockOnCardUsePotion"},{"floor":5,"key":"hermit:Eclipse"},{"floor":7,"key":"AttackPotion"},{"floor":10,"key":"bronze:BurnAndBuffPotion"},{"floor":16,"key":"Ancient Potion"},{"floor":18,"key":"Ancient Potion"},{"floor":21,"key":"Dexterity Potion"}],"is_trial":false,"path_per_floor":["M","?","?","$","M","R","E","T","T","M","E","R","M","M","R","B",null,"M","M","?","M","?","R","M","R","T","?","M","M","M"],"character_chosen":"HERMIT","items_purchased":[],"campfire_rested":4,"item_purchase_floors":[],"current_hp_per_floor":[68,54,54,54,47,47,33,33,33,24,1,23,7,6,28,8,58,45,31,31,28,28,50,36,58,58,58,34,13,0,0],"gold":770,"neow_bonus":"UPGRADE_CARD","is_daily":false,"chose_seed":false,"campfire_upgraded":1,"win_rate":0.0,"timestamp":1613576865,"path_taken":["M","?","?","$","M","R","E","?","T","M","E","R","M","M","R","BOSS","M","M","?","?","?","R","M","R","T","?","M","M","M"],"items_purchased_type":[],"build_version":"2020-12-22","purchased_purges":0,"victory":false,"max_hp_per_floor":[75,75,75,75,75,75,75,75,75,75,75,75,75,75,75,75,75,75,75,75,75,75,75,75,75,75,75,75,75,75,75],"card_choices":[{"not_picked":["hermit:BodyArmor","hermit:HighCaliber"],"picked":"hermit:Headshot","floor":1},{"not_picked":["hermit:Purgatory+1","hermit:FinalCanter+1"],"picked":"hermit:HighNoon+1","floor":3},{"not_picked":["hermit:Grudge","hermit:ItchyTrigger"],"picked":"hermit:Maintenance","floor":5},{"not_picked":["hermit:Manifest","hermit:BigShot"],"picked":"hermit:GoldenBullet","floor":7},{"not_picked":["hermit:Headshot","hermit:Cheat"],"picked":"hermit:Determination","floor":10},{"not_picked":["hermit:TrackingShot","hermit:TakeAim"],"picked":"hermit:RoundhouseKick","floor":11},{"not_picked":["hermit:Feint","hermit:ItchyTrigger"],"picked":"hermit:HighCaliber","floor":13},{"not_picked":["hermit:Glare","hermit:Coalescence"],"picked":"hermit:Quickdraw","floor":14},{"not_picked":["hermit:BlackWind","hermit:HighNoon"],"picked":"hermit:RoundhouseKick","floor":16},{"not_picked":["hermit:Glare","hermit:WideOpen"],"picked":"hermit:Coalescence+1","floor":18},{"not_picked":["hermit:Dive","hermit:HighNoon"],"picked":"hermit:BigShot","floor":19},{"not_picked":["hermit:BigShot","hermit:HoleUp"],"picked":"hermit:Showdown","floor":21},{"not_picked":["hermit:Combo","hermit:HoleUp"],"picked":"hermit:LuckOfTheDraw","floor":24},{"not_picked":["hermit:HoleUp","hermit:Snipe"],"picked":"hermit:Coalescence+1","floor":28},{"not_picked":["hermit:Headshot+1","hermit:Desperado"],"picked":"hermit:WideOpen","floor":29}],"player_experience":1404106,"relics_obtained":[{"floor":2,"key":"foxEvents:LuckyCharm"},{"floor":7,"key":"reliquary:RosewoodLute"},{"floor":8,"key":"hermit:Horseshoe"},{"floor":9,"key":"reliquary:Aerogel"},{"floor":11,"key":"Kunai"},{"floor":26,"key":"Whetstone"}],"event_choices":[{"damage_healed":0,"gold_gain":0,"player_choice":"2","damage_taken":0,"max_hp_gain":0,"max_hp_loss":0,"event_name":"betterMatch:BetterMatch","floor":3,"gold_loss":0,"cards_obtained":["betterMatch:RareCard"]},{"damage_healed":0,"gold_gain":0,"player_choice":"Gave Potion","damage_taken":0,"relics_obtained":["reliquary:QuartzCube"],"max_hp_gain":0,"max_hp_loss":0,"event_name":"WeMeetAgain","floor":20,"gold_loss":0},{"cards_removed":["hermit:Headshot"],"damage_healed":0,"gold_gain":0,"player_choice":"Purged","damage_taken":0,"max_hp_gain":0,"max_hp_loss":0,"event_name":"Purifier","floor":22,"gold_loss":0},{"damage_healed":0,"gold_gain":100,"player_choice":"Bet on Murderer","damage_taken":0,"max_hp_gain":0,"max_hp_loss":0,"event_name":"The Joust","floor":27,"gold_loss":50}],"is_beta":false,"boss_relics":[{"not_picked":["Empty Cage","Snecko Eye"],"picked":"reliquary:ThirdArm"}],"items_purged_floors":[],"is_endless":false,"potions_floor_spawned":[2,5,7,10,16,18,21],"killed_by":"Shelled Parasite and Fungi","ascension_level":6}}