{"host":"uv5ws9rdk87e8i5k","time":1613602636,"event":{"mods":["AchievementEnabler","BaseMod","Colored Map","Minty Spire (QoL Compilation)","Permanent Neow","Quick Restart","StSLib","SuperFastMode","The Necromancer"],"gold_per_floor":[359,46,65,65,75,110,123,156,233,258,278,278,321,337,337,457,457,482,482,186,186,186,222,222,222,222],"floor_reached":25,"language":"ENG","playtime":566,"items_purged":["Strike_B"],"score":370,"play_id":"5832f32c-88d8-4e63-8d12-b69ba32eaead","local_time":"20210217165716","is_ascension_mode":true,"campfire_choices":[{"data":"Buffer","floor":15.0,"key":"SMITH"},{"data":"Creative AI","floor":24,"key":"SMITH"}],"circlet_count":0,"master_deck":["Strike_B","Strike_B","Strike_B","Defend_B","Defend_B","Defend_B","Defend_B","Zap","Dualcast","Turbo+1","Conserve Battery","Ball Lightning","Ball Lightning","Coolheaded","Buffer+1","Coolheaded","White Noise","Hologram","Ball Lightning","Turbo","White Noise","Electrodynamics","White Noise","Skim","Creative AI+1","Auto Shields+1"],"relics":["Cracked Core","Cables","Lizard Tail","Prayer Wheel","Blue Candle","Bag of Preparation","Golden Idol","Mango","Inserter","Anchor","Molten Egg 2","Bottled Tornado"],"acts_visited":["Exordium","TheCity"],"potions_floor_usage":[23,23],"damage_taken":[{"damage":7.0,"enemies":"Small Slimes","floor":1.0,"turns":3.0},{"damage":1.0,"enemies":"Cultist","floor":3.0,"turns":3.0},{"damage":0.0,"enemies":"2 Louse","floor":5.0,"turns":2.0},{"damage":16.0,"enemies":"Gremlin Nob","floor":6.0,"turns":3.0},{"damage":28.0,"enemies":"Exordium Thugs","floor":7.0,"turns":4.0},{"damage":0.0,"enemies":"3 Sentries","floor":8.0,"turns":3.0},{"damage":22.0,"enemies":"Gremlin Nob","floor":10.0,"turns":5.0},{"damage":1.0,"enemies":"Blue Slaver","floor":11.0,"turns":3.0},{"damage":6.0,"enemies":"3 Sentries","floor":13.0,"turns":2.0},{"damage":9.0,"enemies":"Gremlin Gang","floor":14.0,"turns":4.0},{"damage":20.0,"enemies":"Hexaghost","floor":16.0,"turns":5.0},{"damage":0.0,"enemies":"3 Byrds","floor":18.0,"turns":2.0},{"damage":5,"enemies":"Slavers","floor":23,"turns":2},{"damage":59,"enemies":"Book of Stabbing","floor":25,"turns":5}],"seed_played":"5512499431047054591","potions_obtained":[{"floor":5.0,"key":"EntropicBrew"},{"floor":6.0,"key":"PotionOfCapacity"},{"floor":7.0,"key":"BlessingOfTheForge"},{"floor":10.0,"key":"EssenceOfSteel"},{"floor":11.0,"key":"PotionOfCapacity"},{"floor":13.0,"key":"Block Potion"},{"floor":16.0,"key":"DuplicationPotion"}],"is_trial":false,"path_per_floor":["M","$","M","?","M","E","M","E","T","E","M","?","E","M","R","B",null,"M","?","$","?","?","E","R","E"],"character_chosen":"DEFECT","items_purchased":["Cables","Conserve Battery","Ball Lightning","Anchor","Skim"],"campfire_rested":0,"item_purchase_floors":[2,2,2,20,20],"current_hp_per_floor":[61,61,60,60,60,44,16,16,16,34,33,33,41,32,32,12,61,61,61,61,61,61,56,56,0,0],"gold":222,"neow_bonus":"TWO_FIFTY_GOLD","is_daily":false,"chose_seed":false,"campfire_upgraded":2,"win_rate":0.0,"timestamp":1613602636,"path_taken":["M","$","M","?","M","E","M","E","T","E","?","?","E","M","R","BOSS","M","?","$","?","?","E","R","E"],"items_purchased_type":["Relic","Card","Card","Relic","Card"],"build_version":"2020-12-22","purchased_purges":1,"victory":false,"max_hp_per_floor":[68,68,68,68,68,68,68,68,68,68,68,63,77,77,77,77,77,77,77,77,77,77,77,77,77,77],"card_choices":[{"not_picked":["Beam Cell","Streamline"],"picked":"Turbo","floor":1.0},{"not_picked":["Recycle","FTL"],"picked":"Ball Lightning","floor":3.0},{"not_picked":["Sunder","Steam"],"picked":"Coolheaded","floor":5.0},{"not_picked":["Coolheaded","Leap"],"picked":"Buffer","floor":6.0},{"not_picked":["Beam Cell","Aggregate"],"picked":"Coolheaded","floor":7.0},{"not_picked":["Loop","BootSequence"],"picked":"White Noise","floor":8.0},{"not_picked":["Aggregate","Turbo"],"picked":"Hologram","floor":10.0},{"not_picked":["Redo","Rebound"],"picked":"Ball Lightning","floor":11.0},{"not_picked":["Hologram","Cold Snap"],"picked":"Turbo","floor":11.0},{"not_picked":["Rainbow","Ball Lightning"],"picked":"White Noise","floor":13.0},{"not_picked":["Compile Driver","Beam Cell","Force Field"],"picked":"SKIP","floor":14.0},{"not_picked":["Stack","Streamline","Melter"],"picked":"SKIP","floor":14.0},{"not_picked":["Multi-Cast","Amplify"],"picked":"Electrodynamics","floor":16.0},{"not_picked":["Gash","Rip and Tear"],"picked":"White Noise","floor":18.0},{"not_picked":["Turbo","Steam","Cold Snap"],"picked":"SKIP","floor":18.0},{"not_picked":["Thunder Strike+1","Steam"],"picked":"Auto Shields+1","floor":23}],"player_experience":220646,"relics_obtained":[{"floor":6.0,"key":"Lizard Tail"},{"floor":8.0,"key":"Prayer Wheel"},{"floor":9.0,"key":"Blue Candle"},{"floor":10.0,"key":"Bag of Preparation"},{"floor":13.0,"key":"Mango"},{"floor":23,"key":"Bottled Tornado"}],"event_choices":[{"damage_healed":0.0,"max_hp_gain":0.0,"max_hp_loss":0.0,"gold_gain":0.0,"event_name":"Upgrade Shrine","player_choice":"Upgraded","floor":4.0,"gold_loss":0.0,"damage_taken":0.0,"cards_upgraded":["Turbo"]},{"damage_healed":0.0,"max_hp_gain":0.0,"max_hp_loss":5.0,"gold_gain":0.0,"event_name":"Golden Idol","player_choice":"Lose Max HP","floor":12.0,"gold_loss":0.0,"damage_taken":0.0,"relics_obtained":["Golden Idol"]},{"damage_healed":0.0,"max_hp_gain":0.0,"max_hp_loss":0.0,"gold_gain":0.0,"event_name":"Ghosts","player_choice":"Ignored","floor":19.0,"gold_loss":0.0,"damage_taken":0.0},{"damage_healed":0.0,"max_hp_gain":0.0,"max_hp_loss":0.0,"gold_gain":0.0,"event_name":"The Mausoleum","player_choice":"Opened","floor":21.0,"gold_loss":0.0,"damage_taken":0.0,"relics_obtained":["Molten Egg 2"]},{"damage_healed":0,"gold_gain":0,"player_choice":"1 cards matched","damage_taken":0,"max_hp_gain":0,"max_hp_loss":0,"event_name":"Match and Keep!","floor":22,"gold_loss":0,"cards_obtained":["Creative AI"]}],"is_beta":false,"boss_relics":[{"not_picked":["Black Star","Busted Crown"],"picked":"Inserter"}],"items_purged_floors":[20],"is_endless":false,"potions_floor_spawned":[5,6,7,10,11,13,16],"killed_by":"Book of Stabbing","ascension_level":7}}