{"host":"wppa8gky53tnknhf","time":1613565688,"event":{"mods":["AchievementEnabler","Act Like it!","BaseMod","Better Third Choice","BetterRewards","Card Forge","Colored Powertips","Hubris","Infinite Spire","Marked Mod","Minty Spire (QoL Compilation)","Permanent Neow","Quick Restart","Rare Cards Sparkle","Relic Stats","Reliquary","Remove Card Discount Mod","Replay The Spire","Spikes Relics","Spire Birthday Party","StSLib","Wandering Minibosses"],"gold_per_floor":[17,33,49,49,68,95,110,143,188,219,238,263,276,276,276,378,378,388,519,539,539,399,433,446,386,386,419,419,665,690,790,790,894,894,912,831,844,591,609,640,640,674,674,703,811,831,850,866,866,866,866,866,576,610,610],"floor_reached":56,"language":"ENG","playtime":2260,"items_purged":[],"score":1529,"play_id":"6b8fd9f5-d7ab-47c7-a919-4f02f949975a","local_time":"20210217124128","is_ascension_mode":true,"campfire_choices":[{"floor":15,"key":"DIG"},{"floor":28,"key":"REST"},{"floor":32,"key":"REST"},{"floor":41,"key":"RECALL"},{"floor":49,"key":"DIG"},{"floor":52,"key":"DIG"}],"circlet_count":0,"master_deck":["Strike_R+1","Strike_R+1","Strike_R+1","Strike_R+1","Strike_R+1","Defend_R+1","Defend_R+1","Defend_R+1","Defend_R+1","Bash+1","Rampage+1","Metallicize+1","Cleave+1","Spot Weakness+1","Rampage+1","Shockwave+1","Thunderclap+1","Barricade+1","Perfected Strike+1","Cleave+1","Twin Strike+1","Spot Weakness+1","Metallicize+1","Flame Barrier+1","Spot Weakness+1","Sword Boomerang+1","Pummel+1","infinitespire:OneForAll+1","Cleave+1","infinitespire:Starlight+1","hubris:Fate+1","Metallicize+1","Shrug It Off+1","Iron Wave+1","Shrug It Off+1","Disarm+1","Shrug It Off+1","Sword Boomerang+1","Body Slam+1"],"relics":["Burning Blood","Hammer of Thor","Seething Fire","Anvil of the Gods","Shovel","Centennial Puzzle","reliquary:Knoch","reliquary:SharkskinSheath","ChewingGum","Regal Pillow","Matryoshka","Nunchaku","CherryCoatedStake","Replay:Wanted Poster","reliquary:Stiletto","Mark of Pain","Bottled Flame","Art of War","infinitespire:CheckeredPen","Bottled Tornado","infinitespire:Broken Mirror","MealTicket","wanderingMiniBosses:LockLocket","Replay:WaspNest","BargainBundle","ZombieTooth"],"acts_visited":["Exordium","TheCity","TheBeyond","TheEnding"],"potions_floor_usage":[7,12,16,16,23,29,33,33,39,40,42,45,54,54,55,55],"damage_taken":[{"damage":10,"enemies":"Cultist","floor":1,"turns":4},{"damage":0,"enemies":"2 Louse","floor":2,"turns":2},{"damage":3,"enemies":"Jaw Worm","floor":3,"turns":3},{"damage":11,"enemies":"Large Slime","floor":5,"turns":7},{"damage":14,"enemies":"Gremlin Nob","floor":6,"turns":3},{"damage":0,"enemies":"2 Fungi Beasts","floor":7,"turns":2},{"damage":19,"enemies":"3 Sentries","floor":8,"turns":6},{"damage":28,"enemies":"Lagavulin","floor":10,"turns":4},{"damage":3,"enemies":"Lots of Slimes","floor":11,"turns":3},{"damage":0,"enemies":"Large Slime","floor":12,"turns":4},{"damage":10,"enemies":"Looter","floor":13,"turns":2},{"damage":27,"enemies":"Fading Forest","floor":16,"turns":11},{"damage":10,"enemies":"Spheric Guardian","floor":18,"turns":4},{"damage":20,"enemies":"Shell Parasite","floor":19,"turns":5},{"damage":8,"enemies":"3 Cultists","floor":20,"turns":4},{"damage":26,"enemies":"Slavers","floor":23,"turns":6},{"damage":3,"enemies":"Cultist and Chosen","floor":24,"turns":3},{"damage":38,"enemies":"Gremlin Leader","floor":27,"turns":8},{"damage":10,"enemies":"Shelled Parasite and Fungi","floor":29,"turns":6},{"damage":30,"enemies":"Slavers","floor":30,"turns":6},{"damage":0,"enemies":"Collector","floor":33,"turns":6},{"damage":7,"enemies":"Orb Walker","floor":35,"turns":2},{"damage":5,"enemies":"3 Darklings","floor":37,"turns":3},{"damage":0,"enemies":"Transient","floor":39,"turns":5},{"damage":21,"enemies":"R_Hoarder","floor":40,"turns":6},{"damage":10,"enemies":"Reptomancer","floor":42,"turns":6},{"damage":0,"enemies":"Giant Head","floor":44,"turns":6},{"damage":0,"enemies":"Sphere and 2 Shapes","floor":45,"turns":4},{"damage":16,"enemies":"Spire Growth","floor":46,"turns":3},{"damage":0,"enemies":"3 Darklings","floor":47,"turns":2},{"damage":18,"enemies":"Jaw Worm Horde","floor":48,"turns":2},{"damage":37,"enemies":"infinitespire:MassOfShapes","floor":50,"turns":14},{"damage":7,"enemies":"Shield and Spear","floor":54,"turns":6},{"damage":21,"enemies":"The Heart","floor":55,"turns":9}],"seed_played":"3424085165380493271","potions_obtained":[{"floor":1,"key":"BloodPotion"},{"floor":6,"key":"SteroidPotion"},{"floor":10,"key":"Explosive Potion"},{"floor":12,"key":"SpeedPotion"},{"floor":13,"key":"SteroidPotion"},{"floor":20,"key":"ColorlessPotion"},{"floor":24,"key":"Venom Potion"},{"floor":27,"key":"AttackPotion"},{"floor":30,"key":"Regen Potion"},{"floor":33,"key":"Adrenaline Potion"},{"floor":35,"key":"Swift Potion"},{"floor":40,"key":"SkillPotion"},{"floor":44,"key":"Adrenaline Potion"},{"floor":46,"key":"PowerPotion"},{"floor":48,"key":"Weak Potion"},{"floor":54,"key":"Elixir"}],"is_trial":false,"path_per_floor":["M","M","M","?","M","E","M","E","T","E","M","M","M","?","R","B",null,"M","M","M","?","$","E","M","?","T","E","R","M","E","AVR","R","B",null,"M","$","M","$","M","E","R","E","T","E","M","M","M","M","R","B",null,"R","$","E","B",null],"character_chosen":"IRONCLAD","items_purchased":["Metallicize","Flame Barrier","Metallicize","Bottled Flame","Flashbang","BargainBundle","Sword Boomerang"],"campfire_rested":2,"item_purchase_floors":[22,22,36,38,53,53,53],"current_hp_per_floor":[76,80,80,80,75,67,73,60,60,38,41,47,43,43,43,48,80,76,62,60,60,60,40,43,43,43,11,50,46,22,22,61,80,80,79,79,80,80,80,80,80,80,80,80,80,70,78,66,66,80,80,80,80,80,80],"gold":610,"neow_bonus":"ONE_RARE_RELIC","is_daily":false,"chose_seed":false,"campfire_upgraded":0,"win_rate":0.0,"timestamp":1613565688,"path_taken":["M","M","?","?","M","E","M","E","T","E","M","?","M","?","R","BOSS","M","M","M","?","$","E","?","?","T","E","R","M","E","AVR","R","BOSS","M","$","M","$","M","E","R","E","T","E","M","M","M","M","R","BOSS","R","$","E","BOSS"],"items_purchased_type":["Card","Card","Card","Relic","Potion","Relic","Card"],"build_version":"2020-12-22","purchased_purges":0,"victory":true,"max_hp_per_floor":[80,80,80,80,80,80,80,80,80,80,80,80,80,80,80,80,80,80,80,80,80,80,80,80,80,80,80,80,80,80,80,80,80,80,80,80,80,80,80,80,80,80,80,80,80,80,80,80,80,80,80,80,80,80,80],"relic_stats":{"Centennial Puzzle":[63],"Regal Pillow":30,"Nunchaku":[18],"Shovel":3,"counters":[34,167],"MealTicket":0,"Art of War":[3],"obtain_stats":[{"Regal Pillow":23,"Hammer of Thor":0,"Bottled Tornado":43,"Burning Blood":0,"reliquary:FerryPass":49,"Replay:Wanted Poster":31,"Centennial Puzzle":8,"Nunchaku":27,"ZombieTooth":54,"Shovel":0,"Matryoshka":26,"MealTicket":44,"wanderingMiniBosses:LockLocket":45,"reliquary:SharkskinSheath":15,"BargainBundle":53,"CherryCoatedStake":30,"Replay:WaspNest":52,"Seething Fire":0,"infinitespire:CheckeredPen":42,"Bottled Flame":38,"Anvil of the Gods":0,"infinitespire:Broken Mirror":43,"ChewingGum":17,"reliquary:Stiletto":31,"Mark of Pain":34,"Art of War":40,"reliquary:Knoch":10},{"Regal Pillow":16,"Hammer of Thor":0,"Bottled Tornado":26,"Burning Blood":0,"reliquary:FerryPass":31,"Replay:Wanted Poster":20,"Centennial Puzzle":7,"Nunchaku":18,"ZombieTooth":33,"Shovel":0,"Matryoshka":17,"MealTicket":27,"wanderingMiniBosses:LockLocket":28,"reliquary:SharkskinSheath":11,"BargainBundle":32,"CherryCoatedStake":20,"Replay:WaspNest":32,"Seething Fire":0,"infinitespire:CheckeredPen":26,"Bottled Flame":23,"Anvil of the Gods":0,"infinitespire:Broken Mirror":26,"ChewingGum":12,"reliquary:Stiletto":20,"Mark of Pain":21,"Art of War":25,"reliquary:Knoch":8},{"Regal Pillow":70,"Hammer of Thor":0,"Bottled Tornado":121,"Burning Blood":0,"reliquary:FerryPass":138,"Replay:Wanted Poster":93,"Centennial Puzzle":27,"Nunchaku":81,"ZombieTooth":158,"Shovel":0,"Matryoshka":73,"MealTicket":127,"wanderingMiniBosses:LockLocket":131,"reliquary:SharkskinSheath":40,"BargainBundle":152,"CherryCoatedStake":93,"Replay:WaspNest":152,"Seething Fire":0,"infinitespire:CheckeredPen":121,"Bottled Flame":104,"Anvil of the Gods":0,"infinitespire:Broken Mirror":121,"ChewingGum":51,"reliquary:Stiletto":93,"Mark of Pain":99,"Art of War":115,"reliquary:Knoch":31}],"Burning Blood":153},"card_choices":[{"not_picked":["Replay:Undeath\u0027s Touch","Armaments"],"picked":"Rampage","floor":1},{"not_picked":["Whirlwind","Body Slam"],"picked":"Metallicize","floor":2},{"not_picked":["Searing Blow","Pommel Strike"],"picked":"Cleave","floor":3},{"not_picked":["Armaments","Warcry","Wild Strike"],"picked":"SKIP","floor":5},{"not_picked":["Abandon","ReplayTheSpireMod:Strike From Hell","Dropkick"],"picked":"SKIP","floor":6},{"not_picked":["Flex","Fiend Fire"],"picked":"Spot Weakness","floor":7},{"not_picked":["Sword Boomerang","Twin Strike"],"picked":"Rampage","floor":8},{"not_picked":["Rupture","Flex","Sever Soul"],"picked":"SKIP","floor":10},{"not_picked":["Rupture","Flex","Sever Soul"],"picked":"SKIP","floor":10},{"not_picked":["Iron Wave","Flex"],"picked":"Shockwave","floor":11},{"not_picked":["Burning Pact","Massacre"],"picked":"Thunderclap","floor":12},{"not_picked":["Absolvement","Warcry","Flex"],"picked":"SKIP","floor":13},{"not_picked":["Eclipse","Feed"],"picked":"Barricade","floor":16},{"not_picked":["Absolvement+1","Bloodletting"],"picked":"Perfected Strike+1","floor":18},{"not_picked":["Replay:Undeath\u0027s Touch+1","Pommel Strike+1"],"picked":"Cleave","floor":19},{"not_picked":["ReplayTheSpireMod:Strike From Hell","Clash"],"picked":"Twin Strike","floor":20},{"not_picked":["True Grit","Body Slam"],"picked":"Spot Weakness+1","floor":23},{"not_picked":["ReplayTheSpireMod:Muscle Training+1","Abandon"],"picked":"Sword Boomerang","floor":24},{"not_picked":["Impervious","Bloodletting"],"picked":"Pummel","floor":27},{"not_picked":["ReplayTheSpireMod:LeadingStrike+1","Thunderclap"],"picked":"infinitespire:OneForAll","floor":29},{"not_picked":["hubris:CleavingFinish","Perfected Strike"],"picked":"Cleave","floor":30},{"not_picked":["Headbutt+1","Warcry+1","Reckless Charge+1"],"picked":"SKIP","floor":35},{"not_picked":["Headbutt","Carnage","True Grit"],"picked":"SKIP","floor":37},{"not_picked":["Ghostly Armor+1","infinitespire:OneForAll"],"picked":"Shrug It Off","floor":39},{"not_picked":["Replay:Undeath\u0027s Touch","Uppercut+1"],"picked":"Iron Wave","floor":40},{"not_picked":["Wild Strike","Seeing Red","Replay:Undeath\u0027s Touch+1"],"picked":"SKIP","floor":42},{"not_picked":["ReplayTheSpireMod:Strike From Hell","Life Link+1"],"picked":"Shrug It Off","floor":44},{"not_picked":["Pommel Strike","Warcry+1","Armaments+1"],"picked":"SKIP","floor":45},{"not_picked":["Pommel Strike+1","Havoc+1"],"picked":"Disarm+1","floor":46},{"not_picked":["Combust+1","ReplayTheSpireMod:Limb From Limb","Clothesline"],"picked":"SKIP","floor":47},{"not_picked":["Headbutt","Thunderclap+1"],"picked":"Shrug It Off+1","floor":48},{"not_picked":["Replay:Undeath\u0027s Touch","hubris:SharpeningStone"],"picked":"Body Slam","floor":54}],"player_experience":727591,"relics_obtained":[{"floor":8,"key":"Centennial Puzzle"},{"floor":10,"key":"reliquary:Knoch"},{"floor":15,"key":"reliquary:SharkskinSheath"},{"floor":23,"key":"Regal Pillow"},{"floor":26,"key":"Matryoshka"},{"floor":27,"key":"Nunchaku"},{"floor":30,"key":"CherryCoatedStake"},{"floor":40,"key":"Art of War"},{"floor":42,"key":"infinitespire:CheckeredPen"},{"floor":43,"key":"Bottled Tornado"},{"floor":43,"key":"infinitespire:Broken Mirror"},{"floor":44,"key":"MealTicket"},{"floor":45,"key":"wanderingMiniBosses:LockLocket"},{"floor":49,"key":"reliquary:FerryPass"},{"floor":52,"key":"Replay:WaspNest"},{"floor":54,"key":"ZombieTooth"}],"event_choices":[{"damage_healed":0,"gold_gain":0,"player_choice":"Ignored","damage_taken":0,"max_hp_gain":0,"max_hp_loss":0,"event_name":"Transmorgrifier","floor":4,"gold_loss":0},{"damage_healed":0,"gold_gain":0,"player_choice":"Grow","damage_taken":0,"max_hp_gain":0,"max_hp_loss":0,"event_name":"Living Wall","floor":14,"gold_loss":0,"cards_upgraded":["Thunderclap"]},{"damage_healed":0,"gold_gain":0,"player_choice":"Read","damage_taken":0,"max_hp_gain":0,"max_hp_loss":0,"event_name":"The Library","floor":21,"gold_loss":0,"cards_obtained":["Spot Weakness"]}],"is_beta":false,"boss_relics":[{"not_picked":["CosmicIsotope","Electric Blood"],"picked":"ChewingGum"},{"not_picked":["hubris:GrandSneckoEye","hubris:BlackHole"],"picked":"Mark of Pain"}],"items_purged_floors":[],"is_endless":false,"potions_floor_spawned":[1,6,10,12,13,20,24,27,30,33,35,40,44,46,48,54],"ascension_level":1}}