{"host":"n2sr453jcjz6vvl4","time":1613597344,"event":{"mods":["BaseMod","Colored Map","Minty Spire (QoL Compilation)","Permanent Neow","Relic Stats","StSLib"],"gold_per_floor":[111,76,76,99,123,123,24,24,24],"floor_reached":8,"language":"ENG","playtime":262,"items_purged":["Strike_G"],"score":53,"play_id":"91cf406e-cf1c-40c9-9c83-5fb45897a12a","local_time":"20210217172904","is_ascension_mode":true,"campfire_choices":[{"floor":6,"key":"REST"}],"circlet_count":0,"master_deck":["Strike_G","Strike_G","Strike_G","Strike_G","Defend_G","Defend_G","Defend_G","Defend_G","Defend_G","Survivor","Neutralize","Envenom","Deflect","Injury","Dodge and Roll","Deadly Poison"],"relics":["Ring of the Snake","Golden Idol","Happy Flower"],"acts_visited":["Exordium"],"potions_floor_usage":[],"damage_taken":[{"damage":7,"enemies":"Small Slimes","floor":1,"turns":4},{"damage":4,"enemies":"Jaw Worm","floor":4,"turns":5},{"damage":83,"enemies":"Gremlin Nob","floor":8,"turns":6}],"seed_played":"-7249448418257349229","potions_obtained":[{"floor":4,"key":"FearPotion"}],"is_trial":false,"path_per_floor":["M","?","?","M","T","R","$","E"],"character_chosen":"THE_SILENT","items_purchased":["Deadly Poison"],"campfire_rested":1,"item_purchase_floors":[7],"current_hp_per_floor":[42,59,59,55,55,70,70,0,0],"gold":24,"neow_bonus":"THREE_RARE_CARDS","is_daily":false,"chose_seed":false,"campfire_upgraded":0,"win_rate":0.0,"timestamp":1613597344,"path_taken":["M","?","?","M","?","R","?","E"],"items_purchased_type":["Card"],"build_version":"2020-12-22","purchased_purges":1,"victory":false,"max_hp_per_floor":[70,70,70,70,70,70,70,70,70],"relic_stats":{"Happy Flower":[2],"counters":[3,15],"Golden Idol":5,"obtain_stats":[{"Happy Flower":5,"Golden Idol":3,"Ring of the Snake":0},{"Happy Flower":2,"Golden Idol":1,"Ring of the Snake":0},{"Happy Flower":9,"Golden Idol":4,"Ring of the Snake":0}],"Ring of the Snake":[6]},"card_choices":[{"not_picked":["Unload","Malaise"],"picked":"Envenom","floor":0},{"not_picked":["Outmaneuver","Quick Slash"],"picked":"Deflect","floor":1},{"not_picked":["Flechettes","Dagger Spray"],"picked":"Dodge and Roll","floor":4}],"player_experience":157238,"relics_obtained":[{"floor":5,"key":"Happy Flower"}],"event_choices":[{"damage_healed":17,"gold_gain":0,"player_choice":"Healed","damage_taken":0,"max_hp_gain":0,"max_hp_loss":0,"event_name":"The Cleric","floor":2,"gold_loss":35},{"damage_healed":0,"gold_gain":0,"player_choice":"Take Wound","damage_taken":0,"relics_obtained":["Golden Idol"],"max_hp_gain":0,"max_hp_loss":0,"event_name":"Golden Idol","floor":3,"gold_loss":0,"cards_obtained":["Injury"]}],"is_beta":false,"boss_relics":[],"items_purged_floors":[7],"is_endless":false,"potions_floor_spawned":[4],"killed_by":"Gremlin Nob","ascension_level":4}}