{"host":"tr0r177cvmpvg89h","time":1613574060,"event":{"mods":["BaseMod","Colored Map","DeckTracker","Minty Spire (QoL Compilation)","StSLib","SuperFastMode"],"gold_per_floor":[10,10,26,37,55,55,55,55,55,55,80,80,406,423,423,423,423],"floor_reached":16,"language":"KOR","playtime":1025,"items_purged":[],"score":110,"play_id":"f859c8a6-39ab-4f78-9d89-f61758a96eaf","local_time":"20210218000100","is_ascension_mode":false,"campfire_choices":[{"data":"Neutralize","floor":8,"key":"SMITH"},{"data":"Slice","floor":10,"key":"SMITH"},{"data":"Catalyst","floor":12,"key":"SMITH"},{"data":"Adrenaline","floor":15,"key":"SMITH"}],"circlet_count":0,"master_deck":["Strike_G","Strike_G","Strike_G","Strike_G","Defend_G","Defend_G","Defend_G","Defend_G","Defend_G","Survivor","Neutralize+1","Slice+1","Footwork+1","Catalyst+1","Adrenaline+1","Well Laid Plans"],"relics":["Ring of the Snake","TungstenRod","InkBottle","HornCleat","Bottled Tornado","Old Coin"],"acts_visited":["Exordium"],"potions_floor_usage":[11,13],"damage_taken":[{"damage":0,"enemies":"Small Slimes","floor":1,"turns":3},{"damage":0,"enemies":"Cultist","floor":3,"turns":4},{"damage":0,"enemies":"2 Louse","floor":4,"turns":3},{"damage":0,"enemies":"2 Fungi Beasts","floor":5,"turns":5},{"damage":1,"enemies":"Lagavulin","floor":11,"turns":9},{"damage":12,"enemies":"Gremlin Nob","floor":13,"turns":6},{"damage":0,"enemies":"Looter","floor":14,"turns":3},{"damage":55,"enemies":"Hexaghost","floor":16,"turns":16}],"seed_played":"-4303432609790874289","potions_obtained":[{"floor":3,"key":"Strength Potion"},{"floor":11,"key":"SneckoOil"}],"is_trial":false,"path_per_floor":["M","?","M","M","M","?","?","R","T","R","E","R","E","M","R","B"],"character_chosen":"THE_SILENT","items_purchased":[],"campfire_rested":0,"item_purchase_floors":[],"current_hp_per_floor":[70,70,70,70,70,65,65,65,65,65,64,64,52,52,52,0,0],"gold":423,"neow_bonus":"ONE_RARE_RELIC","is_daily":false,"chose_seed":false,"campfire_upgraded":4,"win_rate":0.0,"timestamp":1613574060,"path_taken":["M","?","M","M","M","?","?","R","T","R","E","R","E","M","R","BOSS"],"items_purchased_type":[],"build_version":"2020-12-22","purchased_purges":0,"victory":false,"max_hp_per_floor":[70,70,70,70,70,70,70,70,70,70,70,70,70,70,70,70,70],"card_choices":[{"not_picked":["Dagger Spray","Endless Agony","Dagger Throw"],"picked":"SKIP","floor":1},{"not_picked":["Prepared","Dodge and Roll"],"picked":"Slice","floor":3},{"not_picked":["Prepared","Tactician","Acrobatics"],"picked":"SKIP","floor":4},{"not_picked":["Predator","Skewer"],"picked":"Footwork","floor":5},{"not_picked":["Predator","Expertise"],"picked":"Catalyst","floor":11},{"not_picked":["Underhanded Strike","Slice"],"picked":"Adrenaline","floor":13},{"not_picked":["Backstab","Finisher"],"picked":"Well Laid Plans","floor":14}],"player_experience":105892,"relics_obtained":[{"floor":9,"key":"HornCleat"},{"floor":11,"key":"Bottled Tornado"},{"floor":13,"key":"Old Coin"}],"event_choices":[{"cards_removed":["Strike_G"],"damage_healed":0,"gold_gain":0,"player_choice":"Forget","damage_taken":0,"max_hp_gain":0,"max_hp_loss":0,"event_name":"Living Wall","floor":2,"gold_loss":0},{"damage_healed":0,"gold_gain":0,"player_choice":"Success","damage_taken":7,"relics_obtained":["InkBottle"],"max_hp_gain":0,"max_hp_loss":0,"event_name":"Scrap Ooze","floor":6,"gold_loss":0},{"damage_healed":0,"gold_gain":0,"player_choice":"Forge","damage_taken":0,"max_hp_gain":0,"max_hp_loss":0,"event_name":"Accursed Blacksmith","floor":7,"gold_loss":0,"cards_upgraded":["Footwork"]}],"is_beta":false,"boss_relics":[],"items_purged_floors":[],"is_endless":false,"potions_floor_spawned":[3,11],"killed_by":"Hexaghost","ascension_level":0}}