{"host":"cd7awanv0x2msn9z","time":1613537803,"event":{"mods":["BaseMod","Downfall","Minty Spire (QoL Compilation)","Replay The Spire","StSLib","SuperFastMode"],"gold_per_floor":[117,117,292,292,309,309,234,268,344,373,373,390,400,400,400,400,400],"floor_reached":16,"language":"ZHS","playtime":1858,"items_purged":["Doubt"],"score":140,"play_id":"3157664e-55c4-41ba-8675-9bebdd927b5d","local_time":"20210217125643","is_ascension_mode":true,"campfire_choices":[{"data":"Accuracy","floor":6.0,"key":"SMITH"},{"data":"Backstab","floor":11.0,"key":"SMITH"},{"data":"Pot Of Greed","floor":15,"key":"SMITH"}],"circlet_count":0,"master_deck":["Strike_G","Strike_G","Strike_G","Strike_G","Defend_G","Defend_G","Defend_G","Defend_G","Survivor+1","Neutralize","Accuracy+1","PiercingWail","Pot Of Greed","Pot Of Greed+1","Backstab+1","ReplayTheSpireMod:Tripwire+1"],"relics":["Ring of the Snake","NeowsBlessing","Snack Pack","Eternal Feather","Grinning Jar"],"acts_visited":["Exordium"],"potions_floor_usage":[13],"damage_taken":[{"damage":0.0,"enemies":"Small Slimes","floor":1.0,"turns":1.0},{"damage":0.0,"enemies":"2 Louse","floor":5.0,"turns":1.0},{"damage":0.0,"enemies":"3 Sentries","floor":8.0,"turns":1.0},{"damage":52.0,"enemies":"Lagavulin","floor":10.0,"turns":17.0},{"damage":0.0,"enemies":"Cultist","floor":12.0,"turns":3.0},{"damage":0,"enemies":"Looter","floor":13,"turns":2},{"damage":30,"enemies":"Slime Boss","floor":16,"turns":8}],"seed_played":"-2260045978688539665","potions_obtained":[{"floor":5.0,"key":"Dexterity Potion"},{"floor":10.0,"key":"bronze:BurnAndBuffPotion"}],"is_trial":false,"path_per_floor":["M","?","?","?","M","R","$","E","T","E","R","M","M","?","R","B"],"character_chosen":"THE_SILENT","items_purchased":[],"campfire_rested":0,"item_purchase_floors":[],"current_hp_per_floor":[70,63,63,63,63,63,63,63,63,25,34,36,40,26,35,7,7],"gold":400,"neow_bonus":"THREE_ENEMY_KILL","is_daily":false,"chose_seed":false,"campfire_upgraded":3,"win_rate":0.0,"timestamp":1613537803,"path_taken":["M","?","?","?","M","R","?","E","T","E","R","M","?","?","R","BOSS"],"items_purchased_type":[],"build_version":"2020-12-22","purchased_purges":1,"victory":false,"max_hp_per_floor":[70,70,70,70,70,70,70,70,70,70,70,70,70,70,70,70,70],"card_choices":[{"not_picked":["Deflect","Deadly Poison"],"picked":"Accuracy","floor":1.0},{"not_picked":["Bane","Backflip","Quick Slash"],"picked":"SKIP","floor":5.0},{"not_picked":["Dagger Throw","Poisoned Stab"],"picked":"PiercingWail","floor":8.0},{"not_picked":["Sneak Up","Slice"],"picked":"Backstab","floor":10.0},{"not_picked":["Doppelganger","Quick Slash","Blur"],"picked":"SKIP","floor":12.0},{"not_picked":["Underhanded Strike","Caltrops"],"picked":"ReplayTheSpireMod:Tripwire","floor":13}],"player_experience":69568,"relics_obtained":[{"floor":8.0,"key":"Snack Pack"},{"floor":9.0,"key":"Eternal Feather"},{"floor":10.0,"key":"Grinning Jar"}],"event_choices":[{"cards_removed":["Strike_G"],"damage_healed":0.0,"max_hp_gain":0.0,"max_hp_loss":0.0,"gold_gain":0.0,"event_name":"Golden Wing","player_choice":"Card Removal","floor":2.0,"gold_loss":0.0,"damage_taken":7.0},{"damage_healed":0.0,"max_hp_gain":0.0,"max_hp_loss":0.0,"gold_gain":175.0,"event_name":"Liars Game","player_choice":"AGREE","floor":3.0,"gold_loss":0.0,"damage_taken":0.0,"cards_obtained":["Doubt"]},{"damage_healed":0,"gold_gain":0,"player_choice":"Entered Light","damage_taken":14,"max_hp_gain":0,"max_hp_loss":0,"event_name":"Shining Light","floor":14,"gold_loss":0,"cards_upgraded":["Survivor","ReplayTheSpireMod:Tripwire"]}],"is_beta":false,"boss_relics":[],"items_purged_floors":[7],"is_endless":false,"potions_floor_spawned":[5,10],"killed_by":"Slime Boss","ascension_level":1}}