{"host":"nz11ypxva4e39b7q","time":1613573599,"event":{"mods":["BaseMod","Better Third Choice","Better Vampires","Colored Map","Minty Spire (QoL Compilation)","Quick Restart","StSLib","The Marked"],"gold_per_floor":[119,119,133,143,31,55,55,55,55,89,89,102,102,102,102,197,197,213,225,252,12,26,26,52,68,95,95,95,122,122,157,157,254,254,268,268,323,334,334,334,361,361,361,377,387,387,412,424,424,424,424,424,35,62,62,62],"floor_reached":55,"language":"ENG","playtime":3528,"items_purged":["theMarked:Strike"],"score":1194,"play_id":"7af6e3f6-b6e2-422c-ab26-8e926d7c4fe1","local_time":"20210217155319","is_ascension_mode":true,"campfire_choices":[{"data":"theMarked:SoldierOfQuellstein","floor":7.0,"key":"SMITH"},{"data":"theMarked:ChannelForce","floor":11.0,"key":"SMITH"},{"data":"theMarked:CreepingChasm","floor":13.0,"key":"SMITH"},{"data":"theMarked:Defend","floor":15.0,"key":"SMITH"},{"data":"theMarked:TurnInvisible","floor":23.0,"key":"SMITH"},{"floor":28.0,"key":"REST"},{"data":"theMarked:Friction","floor":32.0,"key":"SMITH"},{"floor":40.0,"key":"REST"},{"data":"theMarked:WardOff","floor":42.0,"key":"SMITH"},{"floor":46.0,"key":"RECALL"},{"floor":49.0,"key":"REST"},{"data":"theMarked:BindingBlade","floor":52.0,"key":"SMITH"}],"circlet_count":0,"master_deck":["theMarked:Strike+1","theMarked:Strike+1","theMarked:Defend+1","theMarked:Defend+1","theMarked:SoldierOfQuellstein+1","Finesse+1","theMarked:OneWithTheBlade+1","theMarked:CreepingChasm+1","theMarked:ChannelForce+1","theMarked:Friction+1","theMarked:TurnInvisible+1","theMarked:Overcharge+1","theMarked:ElectricStrings+1","theMarked:Levitate+1","theMarked:Generate","theMarked:WardOff+1","theMarked:BindingBlade+1","theMarked:WardOff","Flash of Steel","Flash of Steel","theMarked:Opportunist+1","theMarked:Standoff+1","Madness"],"relics":["theMarked:ArtifactOfAir","The Courier","Frozen Egg 2","Astrolabe","Red Mask","Incense Burner","Ornamental Fan","PreservedInsect","InkBottle","Nunchaku","Busted Crown","Thread and Needle","Pear","Molten Egg 2","Centennial Puzzle","Lee\u0027s Waffle","Bag of Marbles"],"acts_visited":["Exordium","TheCity","TheBeyond","TheEnding"],"potions_floor_usage":[55,55,55],"damage_taken":[{"damage":0.0,"enemies":"Jaw Worm","floor":1.0,"turns":4.0},{"damage":1.0,"enemies":"Cultist","floor":3.0,"turns":3.0},{"damage":0.0,"enemies":"2 Louse","floor":4.0,"turns":1.0},{"damage":16.0,"enemies":"Lagavulin","floor":10.0,"turns":4.0},{"damage":6.0,"enemies":"Looter","floor":12.0,"turns":2.0},{"damage":3.0,"enemies":"Slime Boss","floor":16.0,"turns":7.0},{"damage":3.0,"enemies":"Shell Parasite","floor":18.0,"turns":3.0},{"damage":13.0,"enemies":"Chosen","floor":19.0,"turns":2.0},{"damage":3.0,"enemies":"Masked Bandits","floor":20.0,"turns":2.0},{"damage":0.0,"enemies":"Snake Plant","floor":22.0,"turns":3.0},{"damage":0.0,"enemies":"Gremlin Leader","floor":24.0,"turns":6.0},{"damage":38.0,"enemies":"Snecko","floor":25.0,"turns":8.0},{"damage":1.0,"enemies":"Book of Stabbing","floor":29.0,"turns":4.0},{"damage":2.0,"enemies":"Slavers","floor":31.0,"turns":4.0},{"damage":12.0,"enemies":"Champ","floor":33.0,"turns":8.0},{"damage":0.0,"enemies":"3 Shapes","floor":35.0,"turns":3.0},{"damage":42.0,"enemies":"2 Orb Walkers","floor":37.0,"turns":6.0},{"damage":1.0,"enemies":"Orb Walker","floor":38.0,"turns":4.0},{"damage":0.0,"enemies":"Reptomancer","floor":41.0,"turns":3.0},{"damage":0.0,"enemies":"3 Darklings","floor":44.0,"turns":4.0},{"damage":0.0,"enemies":"Transient","floor":45.0,"turns":5.0},{"damage":0.0,"enemies":"Giant Head","floor":47.0,"turns":4.0},{"damage":0.0,"enemies":"4 Shapes","floor":48.0,"turns":4.0},{"damage":44.0,"enemies":"Time Eater","floor":50.0,"turns":9.0},{"damage":37.0,"enemies":"Shield and Spear","floor":54.0,"turns":8.0},{"damage":52,"enemies":"The Heart","floor":55,"turns":5}],"seed_played":"-5166046552658294161","potions_obtained":[{"floor":3.0,"key":"SpeedPotion"},{"floor":4.0,"key":"ColorlessPotion"},{"floor":10.0,"key":"theMarked:SummonPotion"},{"floor":18.0,"key":"SkillPotion"},{"floor":25.0,"key":"ColorlessPotion"},{"floor":29.0,"key":"LiquidBronze"},{"floor":35.0,"key":"Strength Potion"},{"floor":44.0,"key":"FearPotion"},{"floor":45.0,"key":"ColorlessPotion"},{"floor":54.0,"key":"theMarked:ChargePotion"}],"is_trial":false,"path_per_floor":["M","?","M","M","$","T","R","?","T","E","R","M","R","?","R","B",null,"M","M","?","$","M","R","E","M","T","?","R","E","?","E","R","B",null,"M","?","?","M","?","R","E","R","T","M","M","R","E","M","R","B",null,"R","$","E","B"],"character_chosen":"THE_DEFAULT","items_purchased":["theMarked:ChannelForce","Incense Burner","theMarked:Standoff+1","Lee\u0027s Waffle","DuplicationPotion","Block Potion","PowerPotion","Madness"],"campfire_rested":3,"item_purchase_floors":[5,21,53,53,53,53,53,53],"current_hp_per_floor":[63,63,62,62,62,62,62,62,62,46,46,40,40,40,40,37,62,59,46,43,43,43,43,43,5,5,5,26,25,25,23,23,11,55,55,45,3,2,2,23,33,33,33,33,33,33,33,33,57,13,63,63,87,50,0,0],"gold":62,"neow_bonus":"RANDOM_COLORLESS","is_daily":false,"chose_seed":false,"campfire_upgraded":8,"win_rate":0.0,"timestamp":1613573599,"path_taken":["M","?","M","?","$","?","R","?","T","E","R","M","R","?","R","BOSS","M","M","?","$","M","R","E","M","T","?","R","E","?","E","R","BOSS","M","?","?","M","?","R","E","R","T","M","M","R","E","M","R","BOSS","R","$","E","BOSS"],"items_purchased_type":["Card","Relic","Card","Relic","Potion","Potion","Potion","Card"],"build_version":"2020-12-22","purchased_purges":1,"victory":false,"max_hp_per_floor":[70,70,70,70,70,70,70,70,70,70,70,70,70,70,70,70,70,70,70,70,70,70,70,70,70,70,70,70,70,70,70,70,70,70,70,70,70,70,70,70,80,80,80,80,80,80,80,80,80,80,80,80,87,87,87,87],"card_choices":[{"not_picked":["Discovery","Jack Of All Trades"],"picked":"Finesse","floor":0.0},{"not_picked":["theMarked:RepellingDischarge","theMarked:Frustration"],"picked":"theMarked:OneWithTheBlade","floor":1.0},{"not_picked":["theMarked:HeightenedSenses","theMarked:MuscleMemory","theMarked:Levitate"],"picked":"SKIP","floor":3.0},{"not_picked":["theMarked:ChainLightning","theMarked:BanishingStrike"],"picked":"theMarked:CreepingChasm","floor":4.0},{"not_picked":["theMarked:ComboAttacks+1","theMarked:Opportunist+1","theMarked:WastefulAttack"],"picked":"SKIP","floor":10.0},{"not_picked":["theMarked:Aftermath","theMarked:WastefulAttack"],"picked":"theMarked:Friction","floor":12.0},{"not_picked":["theMarked:SuspiciousRaven","theMarked:Abjuration"],"picked":"theMarked:TurnInvisible","floor":16.0},{"not_picked":["theMarked:ResourceFulStrike+1","theMarked:HeightenedSenses"],"picked":"theMarked:Generate","floor":18.0},{"not_picked":["theMarked:RogueSparks+1","theMarked:Reabsorb+1","theMarked:HeightenedSenses"],"picked":"SKIP","floor":19.0},{"not_picked":["theMarked:ShockingTouch","theMarked:BanishingStrike+1","theMarked:TakeCover"],"picked":"SKIP","floor":22.0},{"not_picked":["theMarked:WastefulAttack","theMarked:BanishingStrike"],"picked":"theMarked:WardOff","floor":24.0},{"not_picked":["theMarked:WastefulAttack+1","theMarked:TwofoldDefense+1"],"picked":"theMarked:BindingBlade","floor":25.0},{"not_picked":["theMarked:TakeCover+1","theMarked:Memento+1"],"picked":"theMarked:WardOff","floor":29.0},{"not_picked":["theMarked:EmpowerWeapon+1","theMarked:Parry","theMarked:Parkour+1"],"picked":"SKIP","floor":31.0},{"not_picked":["theMarked:SelfDefenseTraining"],"picked":"SKIP","floor":35.0},{"not_picked":[],"picked":"Flash of Steel","floor":36.0},{"not_picked":[],"picked":"Flash of Steel","floor":36.0},{"not_picked":["theMarked:BanishingStrike+1"],"picked":"SKIP","floor":38.0},{"not_picked":["theMarked:Parry+1"],"picked":"SKIP","floor":41.0},{"not_picked":["theMarked:TwofoldDefense+1"],"picked":"SKIP","floor":44.0},{"not_picked":["theMarked:Aftermath+1"],"picked":"SKIP","floor":45.0},{"not_picked":["theMarked:Aftermath"],"picked":"SKIP","floor":47.0},{"not_picked":[],"picked":"theMarked:Opportunist+1","floor":48.0},{"not_picked":["theMarked:ChainLightning+1"],"picked":"SKIP","floor":54.0}],"player_experience":1091836,"relics_obtained":[{"floor":9.0,"key":"The Courier"},{"floor":10.0,"key":"Frozen Egg 2"},{"floor":20.0,"key":"Red Mask"},{"floor":24.0,"key":"Ornamental Fan"},{"floor":26.0,"key":"PreservedInsect"},{"floor":29.0,"key":"InkBottle"},{"floor":31.0,"key":"Nunchaku"},{"floor":37.0,"key":"Thread and Needle"},{"floor":41.0,"key":"Pear"},{"floor":43.0,"key":"Molten Egg 2"},{"floor":47.0,"key":"Centennial Puzzle"},{"floor":54.0,"key":"Bag of Marbles"}],"event_choices":[{"damage_healed":0.0,"max_hp_gain":0.0,"max_hp_loss":0.0,"gold_gain":0.0,"event_name":"Upgrade Shrine","player_choice":"Upgraded","floor":2.0,"gold_loss":0.0,"damage_taken":0.0,"cards_upgraded":["theMarked:OneWithTheBlade"]},{"damage_healed":0.0,"max_hp_gain":0.0,"max_hp_loss":0.0,"gold_gain":0.0,"event_name":"Living Wall","player_choice":"Grow","floor":8.0,"gold_loss":0.0,"damage_taken":0.0,"cards_upgraded":["Finesse"]},{"damage_healed":0.0,"max_hp_gain":0.0,"max_hp_loss":0.0,"gold_gain":0.0,"event_name":"betterThird:BetterSerpent","player_choice":"Ignored","floor":14.0,"gold_loss":0.0,"damage_taken":102.0},{"damage_healed":0.0,"max_hp_gain":0.0,"max_hp_loss":0.0,"gold_gain":0.0,"event_name":"Masked Bandits","player_choice":"Fought Bandits","floor":20.0,"gold_loss":0.0,"damage_taken":0.0},{"damage_healed":0.0,"max_hp_gain":0.0,"max_hp_loss":4.0,"gold_gain":0.0,"event_name":"betterThird:BetterWriting","player_choice":"Simplicity","floor":27.0,"gold_loss":0.0,"damage_taken":0.0},{"damage_healed":0.0,"max_hp_gain":0.0,"max_hp_loss":0.0,"gold_gain":0.0,"event_name":"Cursed Tome","player_choice":"Ignored","floor":30.0,"gold_loss":0.0,"damage_taken":0.0},{"damage_healed":0.0,"max_hp_gain":0.0,"max_hp_loss":0.0,"gold_gain":0.0,"event_name":"SensoryStone","player_choice":"Memory 3","floor":36.0,"gold_loss":0.0,"damage_taken":10.0},{"damage_healed":0.0,"max_hp_gain":0.0,"max_hp_loss":0.0,"gold_gain":0.0,"event_name":"Mysterious Sphere","player_choice":"Fight","floor":37.0,"gold_loss":0.0,"damage_taken":0.0},{"cards_removed":["theMarked:Strike"],"damage_healed":0.0,"max_hp_gain":0.0,"max_hp_loss":0.0,"gold_gain":0.0,"event_name":"Falling","player_choice":"Removed Attack","floor":39.0,"gold_loss":0.0,"damage_taken":0.0}],"is_beta":false,"boss_relics":[{"not_picked":["Snecko Eye","Sozu"],"picked":"Astrolabe"},{"not_picked":["Tiny House","Black Star"],"picked":"Busted Crown"}],"items_purged_floors":[5],"is_endless":false,"potions_floor_spawned":[3,4,10,18,25,29,35,44,45,47,54],"killed_by":"The Heart","ascension_level":9}}