{"host":"i9z6y8pcdeu2qxnx","time":1613531255,"event":{"mods":["BaseMod","Colored Map","Googly Eyes","Highlight Path","Minty Spire (QoL Compilation)","Replay The Spire","StSLib"],"gold_per_floor":[109,119,294,294,21,35,35,52,75,90,109,141,155,155,155,255,255,273,273,284,199,199,229,229,254,254,254,254,254,267,39,39,144,144,157,177,189,239,149,179,159,159,159,59,59,0,10,21,43,43],"floor_reached":51,"language":"ENG","playtime":3567,"items_purged":["Doubt","ReplayTheSpireMod:Splinters"],"score":765,"play_id":"30f92ece-c4ea-4b08-97b8-52cae195344d","local_time":"20210216220735","daily_mods":["Specialized","Purple Cards","Binary"],"is_ascension_mode":false,"campfire_choices":[{"data":"Sunder","floor":7,"key":"SMITH"},{"floor":15,"key":"REST"},{"floor":24,"key":"REST"},{"floor":29,"key":"REST"},{"floor":32,"key":"REST"},{"floor":45,"key":"REST"}],"circlet_count":0,"master_deck":["Strike_B+1","Strike_B+1","Strike_B+1","Strike_B+1","Defend_B+1","Defend_B+1","Defend_B+1","Defend_B+1","SandsOfTime","SandsOfTime","SandsOfTime","SandsOfTime","Streamline","BowlingBash","Sunder+1","Beam Cell","ThirdEye","Fusion","Vigilance","Eruption+1","Mirror Shield","ReachHeaven","Rip and Tear","Fusion","Turbo","Aggregate","Wallop+1","Compile Driver","Reboot","Turbo+1","EmptyBody+1","Perseverance+1","ForeignInfluence+1","Self Repair+1","Zap","Genetic Algorithm","Parasite","Compile Driver","ReplayTheSpireMod:Splinters","Conserve Battery+1"],"relics":["Cracked Core","Lantern","Juzu Bracelet","Toy Ornithopter","Philosopher\u0027s Stone","Blue Candle","Ring of Misfortune","Ring of Fury","Bottled Flame","Bag of Marbles","Eternal Feather","Replay:Wax Seal","Runic Capacitor","Cursed Key","Pondfish Scales","StoneCalendar","Shuriken","Red Mask"],"acts_visited":["Exordium","TheCity","TheBeyond"],"potions_floor_usage":[12,20,23,25,30,36,47,50,50,50],"damage_taken":[{"damage":1,"enemies":"2 Louse","floor":1,"turns":2},{"damage":1,"enemies":"Cultist","floor":2,"turns":3},{"damage":1,"enemies":"Jaw Worm","floor":6,"turns":3},{"damage":16,"enemies":"Lots of Slimes","floor":8,"turns":3},{"damage":8,"enemies":"Red Slaver","floor":10,"turns":2},{"damage":4,"enemies":"2 Fungi Beasts","floor":11,"turns":2},{"damage":36,"enemies":"Lagavulin","floor":12,"turns":4},{"damage":1,"enemies":"3 Louse","floor":13,"turns":2},{"damage":8,"enemies":"Slime Boss","floor":16,"turns":5},{"damage":0,"enemies":"Chosen","floor":18,"turns":3},{"damage":35,"enemies":"3 Byrds","floor":20,"turns":5},{"damage":21,"enemies":"Slavers","floor":23,"turns":4},{"damage":37,"enemies":"Gremlin Leader","floor":25,"turns":7},{"damage":15,"enemies":"Sentry and Sphere","floor":30,"turns":4},{"damage":63,"enemies":"Collector","floor":33,"turns":9},{"damage":7,"enemies":"Orb Walker","floor":35,"turns":2},{"damage":13,"enemies":"3 Shapes","floor":36,"turns":4},{"damage":12,"enemies":"Maw","floor":37,"turns":6},{"damage":18,"enemies":"Mind Bloom Boss Battle","floor":38,"turns":6},{"damage":9,"enemies":"R_Hoarder","floor":40,"turns":7},{"damage":8,"enemies":"Writhing Mass","floor":47,"turns":4},{"damage":4,"enemies":"Sphere and 2 Shapes","floor":48,"turns":4},{"damage":81,"enemies":"Time Eater","floor":50,"turns":6}],"seed_played":"1692785332974579698","potions_obtained":[{"floor":1,"key":"Swift Potion"},{"floor":10,"key":"SteroidPotion"},{"floor":11,"key":"Adrenaline Potion"},{"floor":16,"key":"EssenceOfDarkness"},{"floor":20,"key":"LiquidMemories"},{"floor":25,"key":"SkillPotion"},{"floor":30,"key":"Venom Potion"},{"floor":35,"key":"PowerPotion"},{"floor":40,"key":"Dexterity Potion"},{"floor":41,"key":"SpeedPotion"},{"floor":47,"key":"Flashbang"},{"floor":49,"key":"Reflective Coating"}],"is_trial":true,"path_per_floor":["M","M","?","?","$","M","R","M","T","M","M","E","M","?","R","B",null,"M","?","M","?","?","E","R","E","T","?","?","R","M","$","R","B",null,"M","M","M","?","?","E","?","?","T","$","R","?","M","M","R_BF","B",null],"character_chosen":"DEFECT","items_purchased":["Lantern","BowlingBash","Replay:Wax Seal","Runic Capacitor","Compile Driver"],"campfire_rested":5,"item_purchase_floors":[5,5,31,31,31],"current_hp_per_floor":[74,73,73,75,75,74,74,58,58,50,46,10,9,9,31,23,75,75,61,31,31,31,15,39,7,7,7,7,46,36,36,75,12,80,73,65,53,35,35,26,26,26,26,26,71,71,68,64,80,13],"gold":43,"neow_bonus":"","is_daily":false,"chose_seed":false,"campfire_upgraded":1,"win_rate":0.0,"timestamp":1613531255,"path_taken":["M","M","?","?","$","?","R","M","T","M","M","E","M","?","R","BOSS","M","?","M","?","?","E","R","E","T","?","?","R","M","$","R","BOSS","M","M","M","?","?","E","?","?","T","?","R","?","M","M","R_BF","BOSS"],"items_purchased_type":["Relic","Card","Relic","Relic","Card"],"build_version":"2020-12-22","purchased_purges":2,"victory":true,"max_hp_per_floor":[75,75,75,75,75,75,75,75,75,75,75,75,75,75,75,75,75,75,80,80,80,80,80,80,80,80,80,80,80,80,80,80,80,80,80,80,80,80,80,80,80,80,80,80,80,80,80,80,80,80],"card_choices":[{"not_picked":["Weave"],"picked":"Streamline","floor":1},{"not_picked":["Coolheaded","WindmillStrike"],"picked":"SKIP","floor":2},{"not_picked":["Gash"],"picked":"Sunder","floor":6},{"not_picked":["Crystallizer"],"picked":"Beam Cell","floor":8},{"not_picked":["Compile Driver"],"picked":"ThirdEye","floor":10},{"not_picked":["Panic Button","Adaptation"],"picked":"SKIP","floor":11},{"not_picked":["Reprogram"],"picked":"Fusion","floor":12},{"not_picked":["ReplayRNGCard","Chaos"],"picked":"SKIP","floor":13},{"not_picked":["Replay:AllIn"],"picked":"Mirror Shield","floor":16},{"not_picked":["ThirdEye+1"],"picked":"ReachHeaven","floor":18},{"not_picked":["Crescendo"],"picked":"Rip and Tear","floor":20},{"not_picked":["Amplify"],"picked":"Fusion","floor":23},{"not_picked":["Replay:Battleflow"],"picked":"Turbo","floor":25},{"not_picked":["FlyingSleeves"],"picked":"Wallop+1","floor":30},{"not_picked":["MasterReality"],"picked":"Reboot","floor":33},{"not_picked":["Sunder+1"],"picked":"Turbo+1","floor":35},{"not_picked":["BasicCrystalCard+1"],"picked":"EmptyBody+1","floor":36},{"not_picked":["Storm+1"],"picked":"Perseverance+1","floor":37},{"not_picked":["SashWhip+1"],"picked":"ForeignInfluence+1","floor":38},{"not_picked":["ThirdEye"],"picked":"Self Repair+1","floor":40},{"not_picked":["Consume+1","Replay:Hum"],"picked":"SKIP","floor":47},{"not_picked":["Gash+1"],"picked":"Compile Driver","floor":48},{"not_picked":["Tantrum+1"],"picked":"Conserve Battery+1","floor":49}],"player_experience":1027887,"relics_obtained":[{"floor":9,"key":"Juzu Bracelet"},{"floor":12,"key":"Toy Ornithopter"},{"floor":22,"key":"Ring of Misfortune"},{"floor":22,"key":"Ring of Fury"},{"floor":23,"key":"Bottled Flame"},{"floor":25,"key":"Bag of Marbles"},{"floor":26,"key":"Eternal Feather"},{"floor":38,"key":"Pondfish Scales"},{"floor":40,"key":"StoneCalendar"},{"floor":43,"key":"Shuriken"}],"event_choices":[{"damage_healed":0,"gold_gain":175,"player_choice":"AGREE","damage_taken":0,"max_hp_gain":0,"max_hp_loss":0,"event_name":"Liars Game","floor":3,"gold_loss":0,"cards_obtained":["Doubt"]},{"cards_removed":["SandsOfTime"],"damage_healed":2,"gold_gain":0,"player_choice":"Offered Uncommon","damage_taken":0,"max_hp_gain":0,"max_hp_loss":0,"event_name":"Bonfire Elementals","floor":4,"gold_loss":0},{"damage_healed":0,"gold_gain":0,"player_choice":"Shed Blood","damage_taken":19,"max_hp_gain":5,"max_hp_loss":0,"event_name":"Forgotten Altar","floor":19,"gold_loss":0},{"damage_healed":0,"gold_gain":0,"player_choice":"Obtained Relic","damage_taken":0,"relics_obtained":["Blue Candle"],"max_hp_gain":0,"max_hp_loss":0,"event_name":"Addict","floor":21,"gold_loss":85},{"damage_healed":0,"gold_gain":0,"player_choice":"Read","damage_taken":0,"max_hp_gain":0,"max_hp_loss":0,"event_name":"The Library","floor":27,"gold_loss":0,"cards_obtained":["Aggregate"]},{"damage_healed":0,"gold_gain":0,"player_choice":"Simplicity","damage_taken":0,"max_hp_gain":0,"max_hp_loss":0,"event_name":"Back to Basics","floor":28,"gold_loss":0,"cards_upgraded":["Strike_B","Strike_B","Strike_B","Strike_B","Defend_B","Defend_B","Defend_B","Defend_B"]},{"damage_healed":0,"gold_gain":0,"player_choice":"Fight","damage_taken":0,"max_hp_gain":0,"max_hp_loss":0,"event_name":"MindBloom","floor":38,"gold_loss":0},{"cards_removed":["Delirium"],"damage_healed":0,"gold_gain":0,"player_choice":"Upgrade and Remove","damage_taken":0,"max_hp_gain":0,"max_hp_loss":0,"event_name":"Designer","floor":39,"gold_loss":90,"cards_upgraded":["Eruption"]},{"damage_healed":0,"gold_gain":0,"player_choice":"Bought 1 Potion","damage_taken":0,"max_hp_gain":0,"max_hp_loss":0,"event_name":"The Woman in Blue","floor":41,"gold_loss":0},{"damage_healed":0,"gold_gain":0,"player_choice":"2 cards matched","damage_taken":0,"max_hp_gain":0,"max_hp_loss":0,"event_name":"Match and Keep!","floor":42,"gold_loss":0,"cards_obtained":["Zap","Genetic Algorithm"]},{"damage_healed":0,"gold_gain":0,"player_choice":"Paid","damage_taken":0,"relics_obtained":["Red Mask"],"max_hp_gain":0,"max_hp_loss":0,"event_name":"Tomb of Lord Red Mask","floor":46,"gold_loss":59}],"is_beta":false,"boss_relics":[{"not_picked":["Kintsugi","Replay:Bronze Core"],"picked":"Philosopher\u0027s Stone"},{"not_picked":["Runic Dome","SacredBark"],"picked":"Cursed Key"}],"items_purged_floors":[5,44],"is_endless":false,"potions_floor_spawned":[1,10,11,16,20,25,30,35,40,47],"ascension_level":0}}