{"host":"KYO","time":1613539108,"event":{"mods":["Act Like it!","Arknights","BaseMod","BetterRewards","Minty Spire (QoL Compilation)","Permanent Neow","Shop Mod","StSLib","SuperFastMode","TestMod","[IsaacMod]以撒尖塔"],"gold_per_floor":[116,136,154,454,473,473,510,366,366,407,439,486,486,527,527,654,654,673,682,1082,1107,1126,1186,1205,1214,1286,1319,1319,907,947,753,753,847,847,861,893,893,916,829,869,869,916,942,978,1019,881,899,749,749,772,799,799,799,597,650,681],"floor_reached":57,"language":"ZHS","playtime":3102,"items_purged":["Strike_B","Defend_B","Strike_B","Defend_B","Defend_B","Zap","Writhe","Strike_B+1","Strike_B+1","Defend_B+1","Dualcast+1"],"score":4368,"play_id":"6c500670-8e77-44ea-afc9-f37625b9bcd0","local_time":"20210217131828","is_ascension_mode":true,"campfire_choices":[{"data":"Defragment","floor":6.0,"key":"SMITH"},{"data":"Tempest","floor":13.0,"key":"SMITH"},{"data":"Coolheaded","floor":15.0,"key":"SMITH"},{"data":"Recycle","floor":28.0,"key":"SMITH"},{"data":"Coolheaded","floor":32.0,"key":"SMITH"},{"data":"Multi-Cast","floor":41.0,"key":"SMITH"},{"floor":49,"key":"RECALL"},{"data":"Turbo","floor":53,"key":"SMITH"}],"circlet_count":0,"master_deck":["AscendersBane","Defragment+1","Coolheaded+1","Coolheaded+1","Turbo+1","Tempest+1","Doom and Gloom","Gash","Machine Learning","Core Surge","Reinforced Body","Recycle+1","Multi-Cast+1"],"relics":["FrozenCore","testmod-TestBox","testmod-Acrobat","DoctorsRemote","Membership Card","MerchantsRug","Habit","SalivaCoin","NineVolt","Blood Vial","PreservedInsect","Runic Capacitor","Chemical X","Dream Catcher","Mummified Hand","TungstenRod","Anchor","CeramicFish","Cables","Gremlin Horn","Orichalcum","HandDrill","TheBible","Symbiotic Virus","TheAbacus","Busted Crown","Mango","testmod-CrystalShield","Kunai","testmod-LifeArmor","Akabeko","Art of War","testmod-Antiphasic","Strawberry"],"acts_visited":["Exordium","TheCity","TheBeyond","TheEnding"],"potions_floor_usage":[56,56,56,56,56,56,56,56,56,56,56,56,56,56,56,56],"damage_taken":[{"damage":0.0,"enemies":"ats:Genji","floor":1.0,"turns":4.0},{"damage":0.0,"enemies":"Cultist","floor":2.0,"turns":3.0},{"damage":0.0,"enemies":"2 Louse","floor":3.0,"turns":2.0},{"damage":13.0,"enemies":"2 Fungi Beasts","floor":5.0,"turns":3.0},{"damage":0.0,"enemies":"Gremlin Nob","floor":7.0,"turns":2.0},{"damage":0.0,"enemies":"3 Sentries","floor":10.0,"turns":2.0},{"damage":0.0,"enemies":"Lagavulin","floor":11.0,"turns":5.0},{"damage":0.0,"enemies":"3 Sentries","floor":12.0,"turns":4.0},{"damage":0.0,"enemies":"Gremlin Nob","floor":14.0,"turns":2.0},{"damage":28.0,"enemies":"Hexaghost","floor":16.0,"turns":5.0},{"damage":0.0,"enemies":"Chosen","floor":18.0,"turns":2.0},{"damage":0.0,"enemies":"Spheric Guardian","floor":21.0,"turns":4.0},{"damage":0.0,"enemies":"Snake Plant","floor":22.0,"turns":2.0},{"damage":10.0,"enemies":"Gremlin Leader","floor":23.0,"turns":3.0},{"damage":0.0,"enemies":"Snecko","floor":24.0,"turns":3.0},{"damage":0.0,"enemies":"Slavers","floor":27.0,"turns":2.0},{"damage":3.0,"enemies":"Book of Stabbing","floor":30.0,"turns":2.0},{"damage":0.0,"enemies":"Champ","floor":33.0,"turns":7.0},{"damage":0.0,"enemies":"Orb Walker","floor":35.0,"turns":3.0},{"damage":0.0,"enemies":"Mind Bloom Boss Battle","floor":36.0,"turns":4.0},{"damage":0.0,"enemies":"3 Shapes","floor":38.0,"turns":3.0},{"damage":0.0,"enemies":"Nemesis","floor":40.0,"turns":3.0},{"damage":0.0,"enemies":"Reptomancer","floor":42.0,"turns":3.0},{"damage":0.0,"enemies":"Transient","floor":44.0,"turns":6.0},{"damage":0,"enemies":"Nemesis","floor":45,"turns":3},{"damage":0,"enemies":"Sphere and 2 Shapes","floor":47,"turns":3},{"damage":0,"enemies":"Donu and Deca","floor":50,"turns":6},{"damage":19,"enemies":"Time Eater","floor":51,"turns":10},{"damage":9,"enemies":"Shield and Spear","floor":55,"turns":3},{"damage":0,"enemies":"The Heart","floor":56,"turns":9}],"seed_played":"-6025306294079140202","potions_obtained":[{"floor":1.0,"key":"SteroidPotion"},{"floor":11.0,"key":"Dexterity Potion"},{"floor":12.0,"key":"AttackPotion"},{"floor":14.0,"key":"FocusPotion"},{"floor":16.0,"key":"FocusPotion"},{"floor":23.0,"key":"Block Potion"},{"floor":24.0,"key":"testmod-SpacePotion"},{"floor":27.0,"key":"Energy Potion"},{"floor":36.0,"key":"Block Potion"},{"floor":42.0,"key":"DistilledChaos"}],"is_trial":false,"path_per_floor":["M","M","M","?","M","R","E","$","T","E","E","E","R","E","R","B",null,"M","?","?","M","M","E","M","?","T","E","R","$","E","$","R","B",null,"M","?","?","M","?","E","R","E","T","M","E","$","M","$","R","B","B",null,"R","$","E","B",null],"character_chosen":"DEFECT","items_purchased":["Membership Card","MerchantsRug","Habit","testmod-SpacePotion","SalivaCoin","Fruit Juice","NineVolt","Blood Vial","WingedGreaves","PreservedInsect","Whetstone","Runic Capacitor","Defragment","Coolheaded","Chemical X","Coolheaded","Tempest","War Paint","HandDrill","TheBible","TheAbacus","testmod-Antiphasic","EntropicBrew"],"campfire_rested":0,"item_purchase_floors":[0,0,0,0,0,0,0,0,0,0,0,0,0,0,0,0,8,29,29,29,31,46,54],"current_hp_per_floor":[71,73,75,75,63,63,65,65,65,67,69,71,71,73,73,47,69,71,71,71,73,75,66,68,68,68,70,70,70,69,69,69,71,75,76,90,90,90,90,90,90,90,90,90,90,90,90,90,90,90,71,85,85,85,85,97],"gold":681,"neow_bonus":"","is_daily":false,"chose_seed":false,"campfire_upgraded":7,"win_rate":0.0,"timestamp":1613539108,"path_taken":["M","M","M","?","M","R","E","$","T","E","E","E","R","E","R","BOSS","M","?","?","M","M","E","M","?","T","E","R","?","E","$","R","BOSS","M","?","?","M","?","E","R","E","T","M","E","$","M","$","R","BOSS","BOSS","R","$","E","BOSS"],"items_purchased_type":["Relic","Relic","Relic","Potion","Relic","Potion","Relic","Relic","Relic","Relic","Relic","Relic","Card","Card","Relic","Card","Card","Relic","Relic","Relic","Relic","Relic","Potion"],"build_version":"2020-12-18","purchased_purges":11,"victory":true,"max_hp_per_floor":[76,76,76,76,76,76,76,76,76,76,76,76,76,76,76,76,76,76,76,76,76,76,76,76,76,76,76,76,76,76,76,76,76,76,76,90,90,90,90,90,90,90,90,90,90,90,90,90,90,90,90,90,90,90,97,97],"card_choices":[{"not_picked":[],"picked":"Bomb","floor":0.0},{"not_picked":["Aggregate","Distribution","Stack"],"picked":"SKIP","floor":1.0},{"not_picked":["Leap","Stack","Rebound"],"picked":"SKIP","floor":2.0},{"not_picked":["Rip and Tear","Leap"],"picked":"Bomb","floor":3.0},{"not_picked":["Coolheaded","Recycle"],"picked":"Turbo","floor":5.0},{"not_picked":["Reboot","Darkness","FTL"],"picked":"SKIP","floor":7.0},{"not_picked":["Redo","Glacier","Skim"],"picked":"SKIP","floor":10.0},{"not_picked":["Steam","Hologram","Cancel"],"picked":"SKIP","floor":11.0},{"not_picked":["Steam","Hologram","Cancel"],"picked":"SKIP","floor":11.0},{"not_picked":["Fan","Coolheaded"],"picked":"Doom and Gloom","floor":12.0},{"not_picked":["Recycle","Scrape"],"picked":"Gash","floor":14.0},{"not_picked":["Rainbow","Reboot"],"picked":"Machine Learning","floor":16.0},{"not_picked":["Barrage","Cold Snap","Static Discharge"],"picked":"SKIP","floor":18.0},{"not_picked":["Compile Driver","Glacier","Stack"],"picked":"SKIP","floor":21.0},{"not_picked":["Cold Snap","Go for the Eyes","Darkness"],"picked":"SKIP","floor":22.0},{"not_picked":["Chaos","Chill"],"picked":"Core Surge","floor":23.0},{"not_picked":["Melter","Redo"],"picked":"Reinforced Body","floor":24.0},{"not_picked":["Streamline","Redo","Ball Lightning"],"picked":"SKIP","floor":27.0},{"not_picked":["Ball Lightning","Chill","Fan"],"picked":"SKIP","floor":30.0},{"not_picked":["Machine Learning","Buffer"],"picked":"Multi-Cast","floor":33.0},{"not_picked":["Rebound"],"picked":"SKIP","floor":35.0},{"not_picked":["Chaos"],"picked":"SKIP","floor":38.0},{"not_picked":["Recycle"],"picked":"SKIP","floor":40.0},{"not_picked":["Turbo"],"picked":"SKIP","floor":42.0},{"not_picked":["Aggregate"],"picked":"SKIP","floor":44.0},{"not_picked":["Force Field"],"picked":"SKIP","floor":45},{"not_picked":["Chaos"],"picked":"SKIP","floor":47},{"not_picked":["Coolheaded+1"],"picked":"SKIP","floor":55}],"player_experience":796989,"relics_obtained":[{"floor":7.0,"key":"Dream Catcher"},{"floor":9.0,"key":"Mummified Hand"},{"floor":10.0,"key":"TungstenRod"},{"floor":11.0,"key":"Anchor"},{"floor":12.0,"key":"CeramicFish"},{"floor":14.0,"key":"Cables"},{"floor":23.0,"key":"Gremlin Horn"},{"floor":27.0,"key":"Orichalcum"},{"floor":30.0,"key":"Symbiotic Virus"},{"floor":36.0,"key":"Mango"},{"floor":40.0,"key":"Kunai"},{"floor":42.0,"key":"testmod-LifeArmor"},{"floor":43.0,"key":"Akabeko"},{"floor":45,"key":"Art of War"},{"floor":55,"key":"Strawberry"}],"event_choices":[{"damage_healed":0.0,"max_hp_gain":0.0,"max_hp_loss":0.0,"gold_gain":0.0,"event_name":"The Mausoleum","player_choice":"Opened","floor":19.0,"gold_loss":0.0,"damage_taken":0.0,"relics_obtained":["Potion Belt"],"cards_obtained":["Writhe"]},{"damage_healed":0.0,"max_hp_gain":0.0,"max_hp_loss":0.0,"gold_gain":400.0,"event_name":"恩洛斯的盘子","player_choice":"Sell","floor":20.0,"relics_lost":["HushsDoor"],"gold_loss":0.0,"damage_taken":0.0},{"damage_healed":0.0,"max_hp_gain":0.0,"max_hp_loss":0.0,"gold_gain":0.0,"event_name":"The Library","player_choice":"Read","floor":25.0,"gold_loss":0.0,"damage_taken":0.0,"cards_obtained":["Recycle"]},{"damage_healed":0.0,"max_hp_gain":0.0,"max_hp_loss":0.0,"gold_gain":0.0,"event_name":"MindBloom","player_choice":"Fight","floor":36.0,"gold_loss":0.0,"damage_taken":0.0},{"damage_healed":0.0,"max_hp_gain":0.0,"max_hp_loss":0.0,"gold_gain":0.0,"event_name":"Tomb of Lord Red Mask","player_choice":"Ignored","floor":37.0,"gold_loss":0.0,"damage_taken":0.0},{"damage_healed":0.0,"max_hp_gain":0.0,"max_hp_loss":0.0,"gold_gain":0.0,"event_name":"WeMeetAgain","player_choice":"Paid Gold","floor":39.0,"gold_loss":87.0,"damage_taken":0.0,"relics_obtained":["testmod-CrystalShield"]}],"is_beta":true,"boss_relics":[{"not_picked":["testmod-SaigiyounoYou","testmod-StringDisintegrator"],"picked":"FrozenCore"},{"not_picked":[]},{"not_picked":["Snecko Eye","testmod-Nine"],"picked":"Busted Crown"}],"items_purged_floors":[0,0,0,0,0,8,29,31,46,48,54],"is_endless":false,"potions_floor_spawned":[1,11,12,14,16,23,24,27,36,38,42],"ascension_level":20}}