{"host":"27c1zwn2rxlukojz","time":1613560151,"event":{"mods":["BaseMod","Filter the Spire","Minty Spire (QoL Compilation)","Relic Stats","StSLib"],"gold_per_floor":[117,117,134,151,169,169,444,444,444,462,1,1,1],"floor_reached":12,"language":"DEU","playtime":381,"items_purged":[],"score":70,"play_id":"38210367-4f53-4ba8-9cb1-f84166f5dd52","local_time":"20210217120911","is_ascension_mode":false,"campfire_choices":[{"data":"Carnage","floor":6,"key":"SMITH"},{"data":"Shrug It Off","floor":8,"key":"SMITH"}],"circlet_count":0,"master_deck":["Strike_R","Strike_R","Strike_R","Strike_R","Strike_R","Defend_R","Defend_R","Defend_R","Defend_R","Bash+1","Heavy Blade","Shrug It Off+1","Seeing Red","Carnage+1","Regret","Hemokinesis","Enlightenment","Inflame"],"relics":["Cursed Key","Ice Cream"],"acts_visited":["Exordium"],"potions_floor_usage":[5,10],"damage_taken":[{"damage":2,"enemies":"Small Slimes","floor":1,"turns":4},{"damage":0,"enemies":"Cultist","floor":3,"turns":3},{"damage":1,"enemies":"Jaw Worm","floor":4,"turns":3},{"damage":0,"enemies":"Exordium Thugs","floor":5,"turns":5},{"damage":11,"enemies":"Blue Slaver","floor":10,"turns":2},{"damage":14,"enemies":"3 Sentries","floor":12,"turns":6}],"seed_played":"5914198605279295590","potions_obtained":[{"floor":4,"key":"Fire Potion"},{"floor":5,"key":"Weak Potion"}],"is_trial":false,"path_per_floor":["M","?","M","M","M","R","?","R","T","M","$","E"],"character_chosen":"IRONCLAD","items_purchased":["Enlightenment","Ice Cream","Inflame"],"campfire_rested":0,"item_purchase_floors":[11,11,11],"current_hp_per_floor":[78,78,78,77,77,77,77,77,77,66,66,52,52],"gold":1,"neow_bonus":"BOSS_RELIC","is_daily":false,"chose_seed":false,"campfire_upgraded":2,"win_rate":0.0,"timestamp":1613560151,"path_taken":["M","?","?","M","M","R","?","R","T","?","?","E"],"items_purchased_type":["Card","Relic","Card"],"build_version":"2020-12-22","purchased_purges":0,"victory":false,"max_hp_per_floor":[80,80,80,80,80,80,80,80,80,80,80,80,80],"relic_stats":{"counters":[6,23],"Cursed Key":0,"obtain_stats":[{"Ice Cream":11,"Cursed Key":0,"Burning Blood":0},{"Ice Cream":5,"Cursed Key":0,"Burning Blood":0},{"Ice Cream":17,"Cursed Key":0,"Burning Blood":0}]},"card_choices":[{"not_picked":["Iron Wave","Ghostly Armor"],"picked":"Heavy Blade","floor":1},{"not_picked":["Perfected Strike","Intimidate"],"picked":"Shrug It Off","floor":3},{"not_picked":["Bloodletting","Warcry"],"picked":"Seeing Red","floor":4},{"not_picked":["Rampage","Armaments"],"picked":"Carnage","floor":5},{"not_picked":["Immolate","Infernal Blade"],"picked":"Hemokinesis","floor":10}],"player_experience":3997673,"relics_obtained":[],"event_choices":[{"damage_healed":0,"gold_gain":0,"player_choice":"Upgraded","damage_taken":0,"max_hp_gain":0,"max_hp_loss":0,"event_name":"Upgrade Shrine","floor":2,"gold_loss":0,"cards_upgraded":["Bash"]},{"damage_healed":0,"gold_gain":275,"player_choice":"Desecrate","damage_taken":0,"max_hp_gain":0,"max_hp_loss":0,"event_name":"Golden Shrine","floor":7,"gold_loss":0,"cards_obtained":["Regret"]}],"is_beta":false,"boss_relics":[],"items_purged_floors":[],"is_endless":false,"potions_floor_spawned":[4,5],"killed_by":"3 Sentries","ascension_level":0}}