{"host":"dkr0dog13pegamnp","time":1613576038,"event":{"mods":["AchievementEnabler","BaseMod","Minty Spire (QoL Compilation)","Rare Cards Sparkle","StSLib","SuperFastMode","everything is the same but u backflip on backflip"],"gold_per_floor":[117,129,229,249,31,59,59,33,33,33,47,60,60,75,75,75,75],"floor_reached":16,"language":"KOR","playtime":427,"items_purged":["Strike_G"],"score":143,"play_id":"b6ea3450-448b-4d7a-bb5e-0aa562cacbde","local_time":"20210218003358","is_ascension_mode":true,"campfire_choices":[{"data":"Cloak And Dagger","floor":7.0,"key":"SMITH"},{"data":"Dagger Spray","floor":10.0,"key":"SMITH"},{"data":"Blade Dance","floor":13.0,"key":"SMITH"},{"floor":15,"key":"REST"}],"circlet_count":0,"master_deck":["Strike_G","Strike_G","Strike_G","Defend_G","Defend_G","Defend_G","Defend_G","Defend_G","Survivor","Neutralize","Blade Dance","Cloak And Dagger+1","After Image","Dagger Spray+1","Blade Dance+1"],"relics":["Ring of the Snake","Membership Card","Darkstone Periapt","Matryoshka"],"acts_visited":["Exordium"],"potions_floor_usage":[],"damage_taken":[{"damage":1.0,"enemies":"Small Slimes","floor":1.0,"turns":4.0},{"damage":0.0,"enemies":"Cultist","floor":2.0,"turns":4.0},{"damage":2.0,"enemies":"2 Louse","floor":4.0,"turns":5.0},{"damage":45.0,"enemies":"3 Sentries","floor":6.0,"turns":15.0},{"damage":5.0,"enemies":"Large Slime","floor":11.0,"turns":6.0},{"damage":0.0,"enemies":"2 Fungi Beasts","floor":12.0,"turns":3.0},{"damage":0,"enemies":"3 Louse","floor":14,"turns":1},{"damage":0,"enemies":"Slime Boss","floor":16,"turns":3}],"seed_played":"-2688194058100693871","potions_obtained":[{"floor":4.0,"key":"Ancient Potion"},{"floor":6.0,"key":"Weak Potion"},{"floor":11.0,"key":"GamblersBrew"},{"floor":12.0,"key":"Ancient Potion"}],"is_trial":false,"path_per_floor":["M","M","?","M","$","E","R","$","T","R","M","M","R","M","R","B"],"character_chosen":"THE_SILENT","items_purchased":["Membership Card","Cloak And Dagger","Dagger Spray"],"campfire_rested":1,"item_purchase_floors":[5,5,8],"current_hp_per_floor":[62,62,62,60,60,15,15,15,15,15,10,10,10,10,31,31,31],"gold":75,"neow_bonus":"REMOVE_CARD","is_daily":false,"chose_seed":false,"campfire_upgraded":3,"win_rate":0.0,"timestamp":1613576038,"path_taken":["M","M","?","M","?","E","R","$","T","R","M","M","R","M","R","BOSS"],"items_purchased_type":["Relic","Card","Card"],"build_version":"2020-12-22","purchased_purges":1,"victory":false,"max_hp_per_floor":[70,70,70,70,70,70,70,70,70,70,70,70,70,70,70,70,70],"card_choices":[{"not_picked":["Dodge and Roll","Quick Slash"],"picked":"Blade Dance","floor":1.0},{"not_picked":["Outmaneuver","Masterful Stab","Slice"],"picked":"SKIP","floor":2.0},{"not_picked":["Deadly Poison","Dodge and Roll","Riddle With Holes"],"picked":"SKIP","floor":4.0},{"not_picked":["Dodge and Roll","Dash"],"picked":"After Image","floor":6.0},{"not_picked":["Concentrate","Dagger Spray","Sucker Punch"],"picked":"SKIP","floor":11.0},{"not_picked":["Quick Slash","Backflip"],"picked":"Blade Dance","floor":12.0},{"not_picked":["Choke","Prepared","Infinite Blades"],"picked":"SKIP","floor":14}],"player_experience":58376,"relics_obtained":[{"floor":6.0,"key":"Darkstone Periapt"},{"floor":9.0,"key":"Matryoshka"}],"event_choices":[{"damage_healed":0.0,"max_hp_gain":0.0,"max_hp_loss":0.0,"gold_gain":100.0,"event_name":"Golden Shrine","player_choice":"Pray","floor":3.0,"gold_loss":0.0,"damage_taken":0.0}],"is_beta":false,"boss_relics":[],"items_purged_floors":[5],"is_endless":false,"potions_floor_spawned":[4,6,11,12],"killed_by":"Slime Boss","ascension_level":8}}