{"host":"4tf6m7aukoo0nksr","time":1613576959,"event":{"mods":["AchievementEnabler","BaseMod","Better Vampires","Colored Map","Colored Powertips","Minty Spire (QoL Compilation)","Permanent Neow","StSLib","SuperFastMode","The Marked","Waifu the Spire"],"gold_per_floor":[110,122,47,47,66,95,114,114,114],"floor_reached":8,"language":"ZHS","playtime":178,"items_purged":["Shame"],"score":64,"play_id":"79cfd15a-ee40-4943-9f71-8833b474b133","local_time":"20210217234919","is_ascension_mode":true,"campfire_choices":[],"circlet_count":0,"master_deck":["Strike_P","Strike_P","Strike_P","Strike_P","Defend_P","Defend_P","Defend_P","Defend_P","Eruption","Vigilance","Crescendo","Consecrate"],"relics":["PureWater","WingedGreaves","Sundial"],"acts_visited":["Exordium"],"potions_floor_usage":[],"damage_taken":[{"damage":10,"enemies":"Jaw Worm","floor":1,"turns":4},{"damage":2,"enemies":"2 Louse","floor":2,"turns":3},{"damage":0,"enemies":"Small Slimes","floor":5,"turns":3},{"damage":12,"enemies":"Gremlin Nob","floor":6,"turns":3},{"damage":22,"enemies":"Looter","floor":7,"turns":2},{"damage":27,"enemies":"3 Sentries","floor":8,"turns":3}],"seed_played":"-8047721772197069072","potions_obtained":[{"floor":5,"key":"Strength Potion"}],"is_trial":false,"path_per_floor":["M","M","$","?","M","E","M","E"],"character_chosen":"WATCHER","items_purchased":[],"campfire_rested":0,"item_purchase_floors":[],"current_hp_per_floor":[62,60,60,60,60,48,26,0,0],"gold":114,"neow_bonus":"ONE_RARE_RELIC","is_daily":false,"chose_seed":false,"campfire_upgraded":0,"win_rate":0.0,"timestamp":1613576959,"path_taken":["M","M","$","?","M","E","M","E"],"items_purchased_type":[],"build_version":"2020-12-22","purchased_purges":1,"victory":false,"max_hp_per_floor":[72,72,72,72,72,72,72,72,72],"card_choices":[{"not_picked":["BowlingBash","PathToVictory","FollowUp"],"picked":"SKIP","floor":1},{"not_picked":["LikeWater","ClearTheMind","EmptyMind"],"picked":"SKIP","floor":2},{"not_picked":["Sanctity","EmptyBody"],"picked":"Crescendo","floor":5},{"not_picked":["CutThroughFate","Devotion"],"picked":"Consecrate","floor":6},{"not_picked":["ReachHeaven","ThirdEye","CutThroughFate"],"picked":"SKIP","floor":7}],"player_experience":110927,"relics_obtained":[{"floor":6,"key":"Sundial"}],"event_choices":[{"damage_healed":0,"gold_gain":0,"player_choice":"Ignored","damage_taken":0,"max_hp_gain":0,"max_hp_loss":0,"event_name":"Liars Game","floor":4,"gold_loss":0}],"is_beta":false,"boss_relics":[],"items_purged_floors":[3],"is_endless":false,"potions_floor_spawned":[5],"killed_by":"3 Sentries","ascension_level":2}}