{"host":"89iuq2p5kwriuwfq","time":1613574571,"event":{"mods":["BaseMod","Curses Come First","Minty Spire (QoL Compilation)","Permanent Neow","StSLib"],"gold_per_floor":[118,136,211,223,241,241,273,288,288,314,314,345,445,461,461,536,536,552,273,287,297,15,43,89,89,114,114,154,167,167,82,82,186,186,201,216,260,78,96,96,157,157,157,198,215,249,269,283,283,283,283,283,201,235,235,235],"floor_reached":55,"language":"ENG","playtime":4261,"items_purged":["SignatureMove"],"score":1263,"play_id":"81038a8a-9e0a-4783-9ae8-c27b46f7ffd3","local_time":"20210217150931","is_ascension_mode":true,"campfire_choices":[{"data":"Eruption","floor":6.0,"key":"SMITH"},{"data":"Vigilance","floor":15.0,"key":"SMITH"},{"floor":25,"key":"REST"},{"data":"Worship","floor":27,"key":"SMITH"},{"floor":32,"key":"REST"},{"data":"WindmillStrike","floor":40,"key":"SMITH"},{"floor":49,"key":"RECALL"},{"data":"Pray","floor":52,"key":"SMITH"}],"circlet_count":0,"master_deck":["AscendersBane","Eruption+1","Vigilance+1","InnerPeace+1","Consecrate+1","Wallop+1","Devotion+1","Wallop+1","ConjureBlade+1","Wish+1","CutThroughFate","DeusExMachina+1","Pray+1","EmptyBody+1","MentalFortress+1","WindmillStrike+1","Worship+1","FlurryOfBlows+1","FlurryOfBlows+1","Brilliance","EmptyMind+1","Protect","TalkToTheHand+1","Worship","Study+1"],"relics":["PureWater","Frozen Egg 2","Juzu Bracelet","Blood Vial","Eternal Feather","Pandora\u0027s Box","Vajra","HornCleat","Ice Cream","Oddly Smooth Stone","Bronze Scales","Busted Crown","Toolbox","Dream Catcher","Shuriken","StrikeDummy"],"acts_visited":["Exordium","TheCity","TheBeyond","TheEnding"],"potions_floor_usage":[39,55,55],"damage_taken":[{"damage":0.0,"enemies":"Jaw Worm","floor":1.0,"turns":4.0},{"damage":4.0,"enemies":"Small Slimes","floor":2.0,"turns":4.0},{"damage":0.0,"enemies":"Cultist","floor":4.0,"turns":3.0},{"damage":0.0,"enemies":"2 Fungi Beasts","floor":5.0,"turns":3.0},{"damage":4.0,"enemies":"3 Sentries","floor":7.0,"turns":5.0},{"damage":3.0,"enemies":"Large Slime","floor":8.0,"turns":4.0},{"damage":19.0,"enemies":"Gremlin Nob","floor":10.0,"turns":4.0},{"damage":0.0,"enemies":"3 Sentries","floor":12.0,"turns":4.0},{"damage":11.0,"enemies":"Exordium Thugs","floor":14.0,"turns":6.0},{"damage":28.0,"enemies":"The Guardian","floor":16.0,"turns":12.0},{"damage":28.0,"enemies":"Shell Parasite","floor":18.0,"turns":6.0},{"damage":12.0,"enemies":"Chosen","floor":20.0,"turns":4.0},{"damage":7.0,"enemies":"Centurion and Healer","floor":21.0,"turns":5.0},{"damage":15.0,"enemies":"Slavers","floor":23.0,"turns":4.0},{"damage":0,"enemies":"Snecko","floor":24,"turns":5},{"damage":3,"enemies":"Snake Plant","floor":28,"turns":4},{"damage":22,"enemies":"Cultist and Chosen","floor":29,"turns":5},{"damage":22,"enemies":"Collector","floor":33,"turns":7},{"damage":5,"enemies":"Orb Walker","floor":35,"turns":2},{"damage":0,"enemies":"3 Darklings","floor":36,"turns":4},{"damage":0,"enemies":"Maw","floor":37,"turns":6},{"damage":16,"enemies":"Jaw Worm Horde","floor":39,"turns":2},{"damage":20,"enemies":"Nemesis","floor":41,"turns":7},{"damage":0,"enemies":"Writhing Mass","floor":44,"turns":4},{"damage":4,"enemies":"4 Shapes","floor":45,"turns":6},{"damage":35,"enemies":"Reptomancer","floor":46,"turns":4},{"damage":0,"enemies":"Transient","floor":47,"turns":5},{"damage":14,"enemies":"Jaw Worm Horde","floor":48,"turns":3},{"damage":17,"enemies":"Time Eater","floor":50,"turns":8},{"damage":73,"enemies":"Shield and Spear","floor":54,"turns":5},{"damage":12,"enemies":"The Heart","floor":55,"turns":2}],"seed_played":"-4303252278741422656","potions_obtained":[{"floor":1.0,"key":"SkillPotion"},{"floor":7.0,"key":"Explosive Potion"},{"floor":8.0,"key":"DistilledChaos"},{"floor":10.0,"key":"StancePotion"},{"floor":14.0,"key":"Regen Potion"},{"floor":18.0,"key":"Strength Potion"},{"floor":21.0,"key":"EssenceOfSteel"},{"floor":29,"key":"FearPotion"},{"floor":33,"key":"StancePotion"},{"floor":41,"key":"EssenceOfSteel"},{"floor":46,"key":"EssenceOfSteel"}],"is_trial":false,"path_per_floor":["M","M","?","M","M","R","E","M","T","E","?","E","?","M","R","B",null,"M","$","M","M","$","E","M","R","T","R","M","M","?","?","R","B",null,"M","M","M","$","M","R","E","?","T","M","M","E","M","M","R","B",null,"R","$","E","B"],"character_chosen":"WATCHER","items_purchased":["Vajra","EmptyBody","WindmillStrike","HornCleat","Protect","Toolbox","Study+1"],"campfire_rested":2,"item_purchase_floors":[19,19,22,22,38,38,53],"current_hp_per_floor":[47,43,32,32,32,32,28,25,25,6,30,32,32,23,29,18,59,33,33,23,18,18,5,7,37,37,46,45,25,25,25,58,38,64,61,63,65,65,51,63,45,82,82,82,78,45,47,35,47,32,70,82,82,9,0,0],"gold":235,"neow_bonus":"REMOVE_TWO","is_daily":false,"chose_seed":false,"campfire_upgraded":5,"win_rate":0.0,"timestamp":1613574571,"path_taken":["M","M","?","M","M","R","E","M","T","E","?","E","?","M","R","BOSS","M","$","M","M","$","E","M","R","T","R","M","M","?","?","R","BOSS","M","M","M","$","M","R","E","?","T","M","M","E","M","M","R","BOSS","R","$","E","BOSS"],"items_purchased_type":["Relic","Card","Card","Relic","Card","Relic","Card"],"build_version":"2020-12-22","purchased_purges":1,"victory":false,"max_hp_per_floor":[72,72,72,72,72,72,72,72,72,72,72,72,72,72,72,72,72,72,72,72,72,72,72,72,72,72,72,72,72,72,72,72,72,72,72,72,72,72,72,72,72,82,82,82,82,82,82,82,82,82,82,82,82,82,82,82],"card_choices":[{"not_picked":["ClearTheMind","Crescendo"],"picked":"InnerPeace","floor":1.0},{"not_picked":["Evaluate","PathToVictory"],"picked":"Consecrate","floor":2.0},{"not_picked":["ClearTheMind","WaveOfTheHand"],"picked":"Wallop","floor":4.0},{"not_picked":["FlyingSleeves","TalkToTheHand","CutThroughFate"],"picked":"SKIP","floor":5.0},{"not_picked":["Pray","Conclude"],"picked":"Devotion+1","floor":7.0},{"not_picked":["BattleHymn+1","FollowUp"],"picked":"Wallop","floor":8.0},{"not_picked":["ThirdEye","FearNoEvil","BowlingBash"],"picked":"SKIP","floor":10.0},{"not_picked":["Fasting2+1","EmptyMind","Crescendo"],"picked":"SKIP","floor":12.0},{"not_picked":["Swivel","Wallop","Perseverance"],"picked":"SKIP","floor":14.0},{"not_picked":["MasterReality+1","Establishment+1"],"picked":"ConjureBlade","floor":16.0},{"not_picked":["Perseverance","Weave","CrushJoints"],"picked":"SKIP","floor":18.0},{"not_picked":["SashWhip","Collect","InnerPeace+1"],"picked":"SKIP","floor":20.0},{"not_picked":["Evaluate","LikeWater+1"],"picked":"MentalFortress+1","floor":21.0},{"not_picked":["CrushJoints","EmptyMind"],"picked":"Worship","floor":23.0},{"not_picked":["FlyingSleeves","Tantrum","JustLucky"],"picked":"SKIP","floor":24},{"not_picked":["JustLucky","Meditate"],"picked":"FlurryOfBlows","floor":28},{"not_picked":["EmptyFist","SashWhip"],"picked":"FlurryOfBlows","floor":29},{"not_picked":["Vault","Scrawl"],"picked":"Brilliance","floor":33},{"not_picked":[],"picked":"EmptyMind","floor":35},{"not_picked":["FlurryOfBlows+1"],"picked":"SKIP","floor":36},{"not_picked":["CarveReality"],"picked":"SKIP","floor":37},{"not_picked":["CrushJoints+1"],"picked":"SKIP","floor":39},{"not_picked":[],"picked":"TalkToTheHand+1","floor":41},{"not_picked":["BowlingBash"],"picked":"SKIP","floor":44},{"not_picked":["Indignation+1"],"picked":"SKIP","floor":45},{"not_picked":["CutThroughFate"],"picked":"SKIP","floor":46},{"not_picked":["PathToVictory"],"picked":"SKIP","floor":47},{"not_picked":[],"picked":"Worship","floor":48},{"not_picked":["FollowUp+1"],"picked":"SKIP","floor":54}],"player_experience":708426,"relics_obtained":[{"floor":7.0,"key":"Frozen Egg 2"},{"floor":9.0,"key":"Juzu Bracelet"},{"floor":10.0,"key":"Blood Vial"},{"floor":12.0,"key":"Eternal Feather"},{"floor":23.0,"key":"Ice Cream"},{"floor":26,"key":"Oddly Smooth Stone"},{"floor":41,"key":"Dream Catcher"},{"floor":46,"key":"Shuriken"},{"floor":54,"key":"StrikeDummy"}],"event_choices":[{"damage_healed":0.0,"max_hp_gain":0.0,"max_hp_loss":0.0,"gold_gain":75.0,"event_name":"World of Goop","player_choice":"Gather Gold","floor":3.0,"gold_loss":0.0,"damage_taken":11.0},{"damage_healed":24.0,"max_hp_gain":0.0,"max_hp_loss":0.0,"gold_gain":0.0,"event_name":"Big Fish","player_choice":"Banana","floor":11.0,"gold_loss":0.0,"damage_taken":0.0},{"damage_healed":0.0,"max_hp_gain":0.0,"max_hp_loss":0.0,"gold_gain":100.0,"event_name":"Golden Shrine","player_choice":"Pray","floor":13.0,"gold_loss":0.0,"damage_taken":0.0},{"damage_healed":0,"gold_gain":0,"player_choice":"Ignored","damage_taken":0,"max_hp_gain":0,"max_hp_loss":0,"event_name":"Vampires","floor":30,"gold_loss":0},{"damage_healed":0,"gold_gain":0,"player_choice":"Obtained Relic","damage_taken":0,"relics_obtained":["Bronze Scales"],"max_hp_gain":0,"max_hp_loss":0,"event_name":"Addict","floor":31,"gold_loss":85},{"cards_removed":["LessonLearned"],"damage_healed":27,"gold_gain":0,"player_choice":"Offered Rare","damage_taken":0,"max_hp_gain":10,"max_hp_loss":0,"event_name":"Bonfire Elementals","floor":42,"gold_loss":0}],"is_beta":false,"boss_relics":[{"not_picked":["SlaversCollar","Snecko Eye"],"picked":"Pandora\u0027s Box"},{"not_picked":["Runic Dome","Runic Pyramid"],"picked":"Busted Crown"}],"items_purged_floors":[19],"is_endless":false,"potions_floor_spawned":[1,7,8,10,14,18,21,29,33,35,41,46,48,54],"killed_by":"The Heart","ascension_level":13}}