{"host":"iml8x8es9od4zowg","time":1613564677,"event":{"mods":["2.2 Compatiblity","BaseMod","Minty Spire (QoL Compilation)","StSLib","The Jungle","¡¼?Úª?ø«¡½REMEMod"],"gold_per_floor":[119,69,69,69,69,98,130,155,155,181,181,197,226,237,237,340,340,355,7,7,7,7,7,32,32,55,55,55,55,66,97,97,201,201,213,213,240,254,204,204,304,333,378,408,438,438,472,484,484,484,484,484,21,47,206],"floor_reached":56,"language":"KOR","playtime":3261,"items_purged":["Regret","Shame","Ball Lightning"],"score":1665,"play_id":"77f8156c-f499-4166-a928-c909e1a25a6f","local_time":"20210217212437","daily_mods":["Draft","Colorless Cards","Heirloom","DeadlyEvents","Elite Swarm"],"is_ascension_mode":true,"campfire_choices":[{"data":"Loop","floor":11,"key":"SMITH"},{"floor":15,"key":"RECALL"},{"data":"Thunder Strike","floor":23,"key":"SMITH"},{"data":"Electrodynamics","floor":25,"key":"SMITH"},{"data":"REME_MawOfCthun","floor":27,"key":"SMITH"},{"data":"Seek","floor":29,"key":"SMITH"},{"data":"White Noise","floor":32,"key":"SMITH"},{"data":"Redo","floor":40,"key":"SMITH"},{"data":"Apotheosis","floor":46,"key":"SMITH"},{"data":"Malaise","floor":49,"key":"SMITH"},{"data":"Hologram","floor":52,"key":"SMITH"}],"circlet_count":0,"master_deck":["Ball Lightning","Purity","Loop+1","Conserve Battery","Swift Strike","Conserve Battery","Turbo","Ball Lightning","Hologram+1","Streamline","Steam","Hologram","Good Instincts","Malaise+1","Redo+1","Seek+1","REME_MawOfCthun+1","Thunder Strike+1","Electrodynamics+1","Turbo","REME_HeartOfCthun+1","Master of Strategy","White Noise+1","After Image+1","Devotion+1","Apotheosis+1","Creative AI+1","BootSequence","Creative AI+1","Electrodynamics+1"],"relics":["Cracked Core","REME_ComplimentaryCards","Gambling Chip","Meat on the Bone","DataDisk","Smiling Mask","Letter Opener","Mango","Molten Egg 2","Prayer Wheel","Thread and Needle","SacredBark","Tiny Chest","PrismaticShard","theJungle:SneckoAutograph","White Beast Statue","Lantern","Bronze Scales","Frozen Egg 2","Anchor","REME_LowDesire","Vajra","Bag of Preparation","Orichalcum","Toy Ornithopter","Lizard Tail","Singing Bowl","Mummified Hand","DollysMirror","REME_ArchaeologicalTools"],"acts_visited":["Exordium","Exordium","TheBeyond","TheEnding"],"potions_floor_usage":[7,24,31,31,33,33,42,44,45,50,55,55,55,55,55,55,55],"damage_taken":[{"damage":0,"enemies":"2 Louse","floor":1,"turns":2},{"damage":7,"enemies":"Gremlin Nob","floor":6,"turns":3},{"damage":7,"enemies":"3 Sentries","floor":7,"turns":4},{"damage":5,"enemies":"Lagavulin","floor":8,"turns":7},{"damage":10,"enemies":"3 Sentries","floor":10,"turns":4},{"damage":5,"enemies":"Jaw Worm","floor":12,"turns":2},{"damage":0,"enemies":"Gremlin Nob","floor":13,"turns":2},{"damage":0,"enemies":"Small Slimes","floor":14,"turns":1},{"damage":0,"enemies":"Hexaghost","floor":16,"turns":7},{"damage":0,"enemies":"theJungle:MUSHROOMGANG","floor":18,"turns":2},{"damage":2,"enemies":"theJungle:Cassacara","floor":24,"turns":4},{"damage":11,"enemies":"theJungle:Flameango_and_Byrd","floor":30,"turns":2},{"damage":0,"enemies":"theJungle:MamaSnecko","floor":31,"turns":3},{"damage":0,"enemies":"theJungle:TotemBoss","floor":33,"turns":4},{"damage":0,"enemies":"Orb Walker","floor":35,"turns":2},{"damage":0,"enemies":"3 Shapes","floor":38,"turns":1},{"damage":18,"enemies":"Giant Head","floor":42,"turns":7},{"damage":0,"enemies":"Nemesis","floor":44,"turns":5},{"damage":9,"enemies":"Giant Head","floor":45,"turns":6},{"damage":10,"enemies":"Nemesis","floor":47,"turns":7},{"damage":0,"enemies":"Jaw Worm Horde","floor":48,"turns":1},{"damage":1,"enemies":"Donu and Deca","floor":50,"turns":4},{"damage":9,"enemies":"Shield and Spear","floor":54,"turns":4},{"damage":25,"enemies":"The Heart","floor":55,"turns":5}],"seed_played":"-9201457724127863626","potions_obtained":[{"floor":6,"key":"ColorlessPotion"},{"floor":10,"key":"Dexterity Potion"},{"floor":12,"key":"Weak Potion"},{"floor":13,"key":"EntropicBrew"},{"floor":24,"key":"EntropicBrew"},{"floor":31,"key":"Fruit Juice"},{"floor":33,"key":"PowerPotion"},{"floor":35,"key":"DistilledChaos"},{"floor":38,"key":"DuplicationPotion"},{"floor":42,"key":"LiquidBronze"},{"floor":44,"key":"BlessingOfTheForge"},{"floor":45,"key":"FocusPotion"},{"floor":47,"key":"PotionOfCapacity"},{"floor":48,"key":"EntropicBrew"}],"is_trial":true,"path_per_floor":["M","?","?","$","?","E","E","E","T","E","R","M","E","M","R","B",null,"M","$","?","?","$","R","E","R","T","R","T","R","M","E","R","B",null,"M","?","T","M","$","R","?","E","T","E","E","R","E","M","R","B",null,"R","$","E","B",null],"character_chosen":"DEFECT","items_purchased":["Tiny Chest","PrismaticShard","Mummified Hand","DollysMirror"],"campfire_rested":0,"item_purchase_floors":[19,19,53,53],"current_hp_per_floor":[75,75,75,75,68,61,54,63,63,53,53,48,48,48,48,48,89,89,89,89,89,89,89,87,87,87,87,87,87,76,86,86,86,99,99,99,99,99,99,99,99,81,81,86,84,84,76,78,78,82,105,105,105,96,80],"gold":206,"neow_bonus":"","is_daily":false,"chose_seed":false,"campfire_upgraded":10,"win_rate":0.0,"timestamp":1613564677,"path_taken":["M","?","?","$","?","E","?","E","T","E","R","M","E","?","R","BOSS","M","$","?","?","$","R","?","R","T","R","?","R","?","?","R","BOSS","M","?","?","M","$","R","?","E","T","E","?","R","E","?","R","BOSS","R","$","E","BOSS"],"items_purchased_type":["Relic","Relic","Relic","Relic"],"build_version":"2020-12-22","purchased_purges":3,"victory":true,"max_hp_per_floor":[75,75,75,75,75,75,75,89,89,89,89,89,89,89,89,89,89,89,89,89,89,89,89,89,89,89,89,89,89,89,99,99,99,99,99,99,99,99,99,99,99,99,99,99,101,101,103,105,105,105,105,105,105,105,105],"card_choices":[{"not_picked":["Turbo","Beam Cell"],"picked":"Ball Lightning","floor":0},{"not_picked":["Rebound","Cold Snap"],"picked":"Purity","floor":0},{"not_picked":["Hello World","Barrage"],"picked":"Loop","floor":0},{"not_picked":["Compile Driver","Go for the Eyes"],"picked":"Conserve Battery","floor":0},{"not_picked":["Undo","REME_Compress"],"picked":"Swift Strike","floor":0},{"not_picked":["Coolheaded","Beam Cell"],"picked":"Conserve Battery","floor":0},{"not_picked":["Go for the Eyes","Hello World"],"picked":"Turbo","floor":0},{"not_picked":["REME_DataAnalysis","Gash"],"picked":"Ball Lightning","floor":0},{"not_picked":["Coolheaded","Steam Power"],"picked":"Reinforced Body","floor":0},{"not_picked":["Barrage","Dramatic Entrance"],"picked":"Hologram","floor":0},{"not_picked":["Compile Driver","Blizzard"],"picked":"Streamline","floor":0},{"not_picked":["Beam Cell","Trip"],"picked":"Steam","floor":0},{"not_picked":["Compile Driver","Reinforced Body"],"picked":"Ball Lightning","floor":0},{"not_picked":["Barrage","Rebound"],"picked":"Hologram","floor":0},{"not_picked":["Chill","Deep Breath"],"picked":"Good Instincts","floor":0},{"not_picked":["Chill","REME_TwoStrings"],"picked":"Redo","floor":1},{"not_picked":["REME_Shoggoth","REME_PuzzleBox"],"picked":"Seek","floor":6},{"not_picked":["REME_ForAll","Violence"],"picked":"REME_MawOfCthun","floor":7},{"not_picked":["All For One","Creative AI"],"picked":"Thunder Strike","floor":8},{"not_picked":["REME_BuildACard","Buffer"],"picked":"Electrodynamics","floor":10},{"not_picked":["FTL+1","PanicButton"],"picked":"Turbo","floor":12},{"not_picked":["Sunder+1","Barrage+1","Gash+1"],"picked":"SKIP","floor":12},{"not_picked":["The Bomb","Biased Cognition"],"picked":"REME_HeartOfCthun+1","floor":13},{"not_picked":["Conserve Battery","Beam Cell+1","Cold Snap+1"],"picked":"SKIP","floor":14},{"not_picked":["Compile Driver+1","Cold Snap+1","Impatience"],"picked":"SKIP","floor":14},{"not_picked":["HandOfGreed+1","Buffer"],"picked":"Master of Strategy","floor":16},{"not_picked":["Streamline+1","Steam"],"picked":"White Noise","floor":18},{"not_picked":["FTL+1","Go for the Eyes+1","REME_DataAnalysis+1"],"picked":"SKIP","floor":18},{"not_picked":["REME_WorshipGod","Malaise","REME_ProfessionalPlagiarism","REME_TheLastStrike+1"],"picked":"SKIP","floor":24},{"not_picked":["Heavy Blade+1","Shrug It Off","Blind"],"picked":"SKIP","floor":30},{"not_picked":["Sword Boomerang+1","Choke+1","Sweeping Beam+1"],"picked":"SKIP","floor":30},{"not_picked":["REME_ShadowForm+1","REME_TheLastStrike+1","Bludgeon+1"],"picked":"SKIP","floor":31},{"not_picked":["REME_WheelOfFate","Omniscience"],"picked":"After Image+1","floor":33},{"not_picked":["Backflip","Mind Blast+1","Warcry","REME_ProfessionalPlagiarism"],"picked":"SKIP","floor":35},{"not_picked":["Thunderclap+1","Headbutt+1","Flex+1","Secret Technique"],"picked":"SKIP","floor":35},{"not_picked":["FollowUp+1","Sucker Punch+1","PanicButton"],"picked":"Devotion+1","floor":38},{"not_picked":["Rebound+1","Hologram+1","Thunderclap+1","REME_MawOfCthun"],"picked":"SKIP","floor":38},{"not_picked":["Berserk+1","REME_ShadowForm+1","Thinking Ahead"],"picked":"Apotheosis","floor":42},{"not_picked":["Metamorphosis","REME_ShadowForm+1","Master of Strategy"],"picked":"Creative AI+1","floor":44},{"not_picked":["Limit Break","REME_ForAll+1","REME_BuildACard","Dark Shackles+1"],"picked":"Singing Bowl","floor":45},{"not_picked":["Phantasmal Killer","Secret Weapon","Biased Cognition+1","REME_TwoStrings"],"picked":"Singing Bowl","floor":47},{"not_picked":["Crescendo","Finisher+1","Steam","Enlightenment"],"picked":"Singing Bowl","floor":48},{"not_picked":["Clash+1","Wallop+1","REME_MawOfCthun"],"picked":"BootSequence","floor":48},{"not_picked":["REME_CopyPotion","Corpse Explosion","Forethought+1"],"picked":"Electrodynamics+1","floor":54}],"player_experience":542537,"relics_obtained":[{"floor":6,"key":"Smiling Mask"},{"floor":7,"key":"Letter Opener"},{"floor":8,"key":"Mango"},{"floor":9,"key":"Molten Egg 2"},{"floor":10,"key":"Prayer Wheel"},{"floor":13,"key":"Thread and Needle"},{"floor":24,"key":"Lantern"},{"floor":26,"key":"Bronze Scales"},{"floor":28,"key":"Frozen Egg 2"},{"floor":31,"key":"Anchor"},{"floor":34,"key":"Vajra"},{"floor":34,"key":"Bag of Preparation"},{"floor":42,"key":"Orichalcum"},{"floor":43,"key":"Toy Ornithopter"},{"floor":44,"key":"Lizard Tail"},{"floor":45,"key":"Singing Bowl"},{"floor":54,"key":"REME_ArchaeologicalTools"}],"event_choices":[{"cards_removed":["Reinforced Body"],"damage_healed":0,"gold_gain":0,"player_choice":"Card Removal","damage_taken":0,"max_hp_gain":0,"max_hp_loss":0,"event_name":"The Cleric","floor":2,"gold_loss":50},{"damage_healed":0,"gold_gain":0,"player_choice":"Box","damage_taken":0,"relics_obtained":["Meat on the Bone"],"max_hp_gain":0,"max_hp_loss":0,"event_name":"Big Fish","floor":3,"gold_loss":0,"cards_obtained":["Regret"]},{"damage_healed":0,"gold_gain":0,"player_choice":"Success","damage_taken":7,"relics_obtained":["DataDisk"],"max_hp_gain":0,"max_hp_loss":0,"event_name":"Scrap Ooze","floor":5,"gold_loss":0},{"damage_healed":0,"gold_gain":0,"player_choice":"Ignored","damage_taken":0,"max_hp_gain":0,"max_hp_loss":0,"event_name":"Tomb of Lord Red Mask","floor":36,"gold_loss":0},{"damage_healed":0,"gold_gain":100,"player_choice":"Pray","damage_taken":0,"max_hp_gain":0,"max_hp_loss":0,"event_name":"Golden Shrine","floor":41,"gold_loss":0}],"is_beta":false,"boss_relics":[{"not_picked":["Sozu","REME_DuelDisc"],"picked":"SacredBark"},{"not_picked":["Nuclear Battery","Busted Crown"],"picked":"REME_LowDesire"}],"items_purged_floors":[19,39,53],"is_endless":false,"potions_floor_spawned":[6,10,12,13,24,30,31,33,35,38,42,44,45,47,48,54],"ascension_level":1}}