{"host":"c83fcgyuu74iknko","time":1613538357,"event":{"mods":["BaseMod","BetterRewards","Colored Map","Colored Powertips","Minty Spire (QoL Compilation)","Quick Restart","StSLib","The Animator","The Senshi"],"gold_per_floor":[122,297,203,226,242,271,14,14,40,52,96,120,167,242,254,373,385,417,155,174,191,211,223,248,248,299,299,299,299],"floor_reached":28,"language":"ENG","playtime":2433,"items_purged":["animator:Strike","Doubt","animator:Defend_MadokaMagica"],"score":356,"play_id":"7ea574ed-660c-4695-bf2e-0bb6f6e97e48","local_time":"20210216210557","is_ascension_mode":false,"campfire_choices":[{"floor":8,"key":"REST"},{"floor":10,"key":"REST"},{"floor":15,"key":"REST"},{"floor":23,"key":"REST"},{"floor":25,"key":"REST"},{"data":"animator:Pride","floor":27,"key":"SMITH"}],"circlet_count":0,"master_deck":["animator:Strike_FullmetalAlchemist","animator:Defend_FullmetalAlchemist","animator:ElricEdward","animator:ElricAlphonse","animator:MaesHughes","animator:WinryRockbell","animator:Scar","animator:Strike_Konosuba","animator:Strike_OwariNoSeraph","animator:Defend_FullmetalAlchemist","animator:Defend_Fate","animator:Nanami","animator:WinryRockbell","animator:Shiro","animator:ElricAlphonse","animator:Nanami","animator:FeridBathory","animator:Pride+1","animator:Elesis","animator:MaesHughes","animator:Sloth","animator:Gluttony","animator:Eve","Regret"],"relics":["animator:LivingPicture","animator:TheMissingPiece","Champion Belt","Dream Catcher","MawBank","theSenshi:SailorFukuRelic","Blood Vial","Cursed Key","Art of War","Boot"],"acts_visited":["Exordium","TheCity"],"potions_floor_usage":[6,13,13,16,21],"damage_taken":[{"damage":8,"enemies":"2 Louse","floor":1,"turns":3},{"damage":16,"enemies":"Jaw Worm","floor":4,"turns":4},{"damage":10,"enemies":"Cultist","floor":5,"turns":5},{"damage":18,"enemies":"Gremlin Nob","floor":6,"turns":6},{"damage":16,"enemies":"3 Sentries","floor":11,"turns":9},{"damage":12,"enemies":"Large Slime","floor":12,"turns":5},{"damage":15,"enemies":"Gremlin Nob","floor":13,"turns":4},{"damage":18,"enemies":"Hexaghost","floor":16,"turns":16},{"damage":14,"enemies":"Shell Parasite","floor":18,"turns":7},{"damage":0,"enemies":"Chosen","floor":20,"turns":8},{"damage":14,"enemies":"Snake Plant","floor":21,"turns":6},{"damage":3,"enemies":"Chosen and Byrds","floor":22,"turns":8},{"damage":17,"enemies":"animator:HornedBat","floor":24,"turns":11},{"damage":95,"enemies":"Cultist and Chosen","floor":28,"turns":8}],"seed_played":"-228579887118007577","potions_obtained":[{"floor":4,"key":"PowerPotion"},{"floor":5,"key":"Weak Potion"},{"floor":11,"key":"SkillPotion"},{"floor":12,"key":"BlessingOfTheForge"},{"floor":16,"key":"Block Potion"},{"floor":20,"key":"FearPotion"},{"floor":24,"key":"FairyPotion"}],"is_trial":false,"path_per_floor":["M","?","?","M","M","E","$","R","T","R","E","M","E","?","R","B",null,"M","$","M","M","M","R","E","R","T","R","M"],"character_chosen":"THE_ANIMATOR","items_purchased":["animator:MaesHughes","animator:WinryRockbell","Dream Catcher","animator:Elesis"],"campfire_rested":5,"item_purchase_floors":[0,0,7,19],"current_hp_per_floor":[50,50,50,34,24,6,6,25,25,44,28,16,1,1,20,4,66,53,53,55,43,42,62,48,68,68,68,0,0],"gold":299,"neow_bonus":"","is_daily":false,"chose_seed":false,"campfire_upgraded":1,"win_rate":0.0,"timestamp":1613538357,"path_taken":["M","?","?","M","M","E","$","R","T","R","E","M","E","?","R","BOSS","M","$","M","M","M","R","E","R","T","R","M"],"items_purchased_type":["Card","Card","Relic","Card"],"build_version":"2020-12-22","purchased_purges":3,"victory":false,"max_hp_per_floor":[66,66,66,66,66,66,66,66,66,66,66,66,66,66,66,66,66,67,67,67,67,67,67,68,68,68,68,68,68],"card_choices":[{"not_picked":["animator:Chung","animator:Arpeggio"],"picked":"animator:Scar","floor":1},{"not_picked":["animator:LeleiLaLalena","animator:Emonzaemon"],"picked":"animator:Nanami","floor":4},{"not_picked":["animator:Hitei","animator:TukaLunaMarceau","animator:Raven"],"picked":"SKIP","floor":5},{"not_picked":["animator:MaesHughes","animator:ElricAlphonse"],"picked":"animator:WinryRockbell","floor":6},{"not_picked":["animator:Arpeggio","animator:Hitei"],"picked":"animator:Shiro","floor":8},{"not_picked":["animator:DolaSchwi","animator:Emonzaemon"],"picked":"animator:ElricAlphonse","floor":11},{"not_picked":["animator:ZankiKiguchi","animator:Jibril","animator:YaoHaDucy"],"picked":"SKIP","floor":12},{"not_picked":["animator:NagisaMomoe","animator:IzunaHatsuse","animator:Shinoa"],"picked":"SKIP","floor":13},{"not_picked":["animator:Rena","animator:DolaCouronne"],"picked":"animator:Nanami","floor":15},{"not_picked":["animator:Kyubey","animator:ItamiYouji"],"picked":"animator:FeridBathory","floor":16},{"not_picked":["animator:ElricEdward","animator:ElricAlphonse"],"picked":"animator:Pride","floor":18},{"not_picked":["animator:Togame+1","animator:Mikaela","animator:Guren"],"picked":"SKIP","floor":20},{"not_picked":["animator:SuzuneAmano","animator:Add"],"picked":"animator:MaesHughes","floor":21},{"not_picked":["animator:Emonzaemon","animator:Arpeggio","animator:Elsword+1"],"picked":"SKIP","floor":22},{"not_picked":["animator:DolaCouronne+1","animator:Chung"],"picked":"animator:Sloth","floor":23},{"not_picked":["animator:Pride","animator:ElricEdward"],"picked":"animator:Gluttony","floor":24},{"not_picked":["animator:Tyuule","animator:Togame"],"picked":"animator:Eve","floor":25}],"player_experience":248476,"relics_obtained":[{"floor":6,"key":"Champion Belt"},{"floor":9,"key":"MawBank"},{"floor":11,"key":"theSenshi:SailorFukuRelic"},{"floor":13,"key":"Blood Vial"},{"floor":24,"key":"Art of War"},{"floor":26,"key":"Boot"}],"event_choices":[{"damage_healed":0,"gold_gain":175,"player_choice":"AGREE","damage_taken":0,"max_hp_gain":0,"max_hp_loss":0,"event_name":"Liars Game","floor":2,"gold_loss":0,"cards_obtained":["Doubt"]},{"damage_healed":0,"gold_gain":63,"player_choice":"Gained Gold","damage_taken":0,"max_hp_gain":0,"max_hp_loss":0,"event_name":"Golden Wing","floor":14,"gold_loss":0}],"is_beta":false,"boss_relics":[{"not_picked":["Philosopher\u0027s Stone","Coffee Dripper"],"picked":"Cursed Key"}],"items_purged_floors":[0,7,19],"is_endless":false,"potions_floor_spawned":[4,5,11,12,16,20,24],"killed_by":"Cultist and Chosen","ascension_level":0}}