{"host":"8p5c6x4qt9411139","time":1613599728,"event":{"mods":["Aspiration","BaseMod","BetterRewards","Conspire","Friendly Minions","Hubris","Infinite Spire","Minty Spire (QoL Compilation)","Quick Restart","Relic Stats","Replay The Spire","Shop Mod","Spire Arcade","StSLib","The Jungle"],"gold_per_floor":[116,16,0,10,10,10,41,41,115,150,150,150,170,184,184,285,285,304,108,124,124,153,253,253,307,326,596,596,622,622,726,726,737,747,747,777,600,627,627,646,646,646,745,745,745],"floor_reached":51,"language":"ENG","playtime":1495,"items_purged":["Bludgeon+1","Strike_G","Defend_G","Strike_G","Defend_G","Strike_G","Defend_G","Strike_G","Defend_G","Defend_G"],"score":1088,"play_id":"6d8029d3-0799-460f-8703-6e80c148bd79","local_time":"20210217140847","is_ascension_mode":true,"campfire_choices":[{"data":"Accuracy","floor":6.0,"key":"SMITH"},{"data":"Leg Sweep","floor":8.0,"key":"SMITH"},{"data":"Neutralize","floor":12.0,"key":"SMITH"},{"data":"Hidden Blade","floor":15.0,"key":"SMITH"},{"data":"Burst","floor":25,"key":"SMITH"},{"data":"Strike_G","floor":29,"key":"SMITH"},{"data":"Ghostly","floor":32,"key":"SMITH"},{"data":"Toxin Wave","floor":49,"key":"SMITH"}],"circlet_count":0,"master_deck":["Strike_G+1","Survivor","Neutralize+1","Blade Dance+1","Accuracy+1","Cloak And Dagger+1","Accuracy+1","Blade Dance+1","Envenom+1","Leg Sweep+1","Acrobatics","Ghostly+1","Hidden Blade+1","Burst+1","Toxin Wave+1"],"relics":["Ring of the Snake","Replay:Baseball","hubris:Teleporter","Membership Card","Akabeko","hubris:TenFootPole","StoneCalendar","Blue Doll","hubris:BundleOfHerbs","Basket Of Snakes","Sling","aspiration:DSix","Du-Vu Doll","infinitespire:Lychee Nut","conspire:GiftBox","Replay:Wax Seal","FossilizedHelix","hubris:FunFungus","conspire:Boomerang","Guide Book","aspiration:HummingbirdHeart","hubris:GlazedTorus","Byrd Skull","Gremlin Horn","Kunai","aspiration:TomeofQuesting","aspiration:FutureDiary","HandDrill","Garlic","Lantern","Smiling Mask","Molten Egg 2","Runic Dome","hubris:Icosahedron","Happy Flower","HornCleat","ReplayTheSpireMod:TigerMarble","Toolbox"],"acts_visited":["Exordium","TheCity","TheBeyond"],"potions_floor_usage":[],"damage_taken":[{"damage":0.0,"enemies":"Jaw Worm","floor":1.0,"turns":1.0},{"damage":0.0,"enemies":"Small Slimes","floor":4.0,"turns":4.0},{"damage":0.0,"enemies":"3 Sentries","floor":7.0,"turns":2.0},{"damage":0.0,"enemies":"Gremlin Nob","floor":10.0,"turns":2.0},{"damage":0.0,"enemies":"Cultist","floor":13.0,"turns":2.0},{"damage":0.0,"enemies":"Large Slime","floor":14.0,"turns":2.0},{"damage":0.0,"enemies":"Hexaghost","floor":16.0,"turns":4.0},{"damage":4.0,"enemies":"3 Byrds","floor":18.0,"turns":3.0},{"damage":0.0,"enemies":"conspire:FuzzyDice","floor":21.0,"turns":2.0},{"damage":1,"enemies":"Book of Stabbing","floor":23,"turns":2},{"damage":4,"enemies":"Snake Plant","floor":27,"turns":2},{"damage":0,"enemies":"Nightmare","floor":30,"turns":2},{"damage":0,"enemies":"Pondfish","floor":33,"turns":3},{"damage":0,"enemies":"Orb Walker","floor":35,"turns":2},{"damage":0,"enemies":"3 Shapes","floor":37,"turns":2},{"damage":10,"enemies":"R_Hoarder","floor":40,"turns":6},{"damage":0,"enemies":"3 Darklings","floor":46,"turns":1},{"damage":0,"enemies":"Donu and Deca","floor":50,"turns":5}],"seed_played":"-3328376283583656823","potions_obtained":[{"floor":7.0,"key":"Poison Potion"},{"floor":10.0,"key":"Reflective Coating"},{"floor":13.0,"key":"SkillPotion"},{"floor":23,"key":"infinitespire:BlackPotion"}],"is_trial":false,"path_per_floor":["M","?","?","M","?","R","E","R","T","E","?","R","M","M","R","B",null,"M","$","M","?","E","?","R","T","M","?","R","NM","R","B",null,"M","M","?","E","$","T","?","M","AVR","R","B",null],"character_chosen":"THE_SILENT","items_purchased":["All Out Attack+1","Replay:Baseball","Membership Card","Akabeko","hubris:TenFootPole","Blue Doll","Blade Dance+1","Accuracy","Cloak And Dagger+1","Accuracy","Blade Dance+1","Sling","Replay:Wax Seal","Leg Sweep","Guide Book","aspiration:HummingbirdHeart","HandDrill","Garlic","HornCleat"],"campfire_rested":0,"item_purchase_floors":[0,0,0,0,0,0,0,0,0,0,0,0,0,0,0,0,20,20,41],"current_hp_per_floor":[28,28,28,52,52,52,52,52,52,52,52,52,52,52,52,52,52,50,50,52,52,52,52,52,52,48,35,35,39,39,45,52,52,52,52,44,44,44,44,47,47,47,52,52,52],"gold":745,"neow_bonus":"","is_daily":false,"chose_seed":false,"campfire_upgraded":8,"win_rate":0.0,"timestamp":1613599727,"path_taken":["M","?","?","M","?","R","E","R","T","E","?","R","M","?","R","BOSS","BOSS","M","$","M","?","E","?","R","T","?","?","R","NM","R","BOSS","M","?","?","E","$","T","?","M","AVR","R","BOSS"],"items_purchased_type":["Card","Relic","Relic","Relic","Relic","Relic","Card","Card","Card","Card","Card","Relic","Relic","Card","Relic","Relic","Relic","Relic","Relic"],"build_version":"2020-12-22","purchased_purges":10,"victory":false,"max_hp_per_floor":[52,52,52,52,52,52,52,52,52,52,52,52,52,52,52,52,52,52,52,52,52,52,52,52,52,52,52,52,52,52,52,52,52,52,52,52,52,52,52,52,52,52,52,52,52],"relic_stats":{"Gremlin Horn":[23,22],"Happy Flower":[31],"counters":[87,181],"StoneCalendar":[0],"HandDrill":[20],"Kunai":[61],"Smiling Mask":100,"obtain_stats":[{"Golden Egg":98,"Replay:Accelerometer":141,"Whetstone":48,"hubris:MysteriousPyramids":99,"Boot":98,"Sling":0,"aspiration:RitualStick":22,"Blood Vial":13,"hubris:HerbalPaste":99,"infinitespire:ShieldingShard":131,"MealTicket":98,"hubris:DeckOfHolding":131,"Replay:Bottled Flurry":145,"HandDrill":20,"Kunai":66,"Replay:Wax Seal":36,"aspiration:DSix":99,"hubris:TinFlute":138,"MerchantsRug":20,"hubris:MobiusCoin":146,"Pear":99,"Blue Candle":130,"hubris:SphereOfDissonance":131,"Eternal Feather":49,"Tingsha":99,"Pen Nib":99,"infinitespire:Magic Flask":37,"Akabeko":98,"infinitespire:EvilPickle":35,"Runic Dome":34,"infinitespire:Broken Mirror":98,"infinitespire:Lychee Nut":98,"hubris:TenFootPole":65,"StrikeDummy":82,"Abe\u0027s Treasure":18,"infinitespire:PuzzleCube":98,"Unceasing Top":131,"aspiration:Lifesprig":7,"Lantern":98,"Torii":35,"Singing Bowl":98,"Painkiller Herb":52,"Blue Doll":131,"StoneCalendar":0,"Bag of Preparation":96,"hubris:EmptyBottle":156,"Ancient Tea Set":98,"Smiling Mask":26,"Pet Ghost":99,"Replay:Rubber Ducky":131,"hubris:BlackHole":69,"hubris:Backtick":76,"Matryoshka":150,"Shovel":157,"infinitespire:Bottled Soul":149,"aspiration:AnachronicSnailShell":64,"Toolbox":47,"hubris:CuriousFeather":157,"hubris:FunFungus":0,"infinitespire:Eraser":131,"Replay:Bottled Eggs":131,"aspiration:FutureDiary":17,"InkBottle":151,"Ring of the Snake":0,"hubris:GlazedTorus":0,"aspiration:VileToxins":43,"Potion Belt":94,"The Specimen":76,"Basket Of Snakes":0,"PreservedInsect":44,"The Courier":80,"Omamori":99,"infinitespire:Lucky Rock":3,"hubris:Towel":4,"Frozen Egg 2":99,"MawBank":78,"hubris:Spice":98,"Turnip":93,"Garlic":9,"Art of War":12,"ReplayTheSpireMod:Lightbulb":99,"Toy Ornithopter":98,"hubris:BottledRain":83,"hubris:CrystalStatue":56,"Calipers":124,"Gremlin Horn":91,"CeramicFish":55,"Vajra":79,"HoveringKite":120,"hubris:VirtuousBlindfold":137,"hubris:TerracottaHorce":26,"Lizard Tail":0,"Centennial Puzzle":129,"HornCleat":145,"Strawberry":27,"Prayer Wheel":99,"aspiration:ArtOfWarUpgrade":116,"Iron Hammer":32,"Toxic Egg 2":98,"Byrd Skull":0,"hubris:Teleporter":0,"hubris:DuctTape":31,"Happy Flower":35,"aspiration:Nostalgia":104,"Dead Branch":98,"Ring of Chaos":0,"infinitespire:Beetle Shell":53,"conspire:Boomerang":0,"Replay:Kaleidoscope":89,"aspiration:SeaSaltIceCream":104,"Letter Opener":140,"War Paint":57,"Question Card":98,"aspiration:HiddenCompartment":131,"hubris:Zylophone":99,"Du-Vu Doll":0,"Replay:Baseball":5,"Bottled Flame":131,"conspire:GiftBox":0,"Bronze Scales":111,"Onion Ring":35,"Molten Egg 2":77,"hubris:PeanutButter":131,"hubris:ToyBattleship":6,"ReplayTheSpireMod:TigerMarble":10,"infinitespire:EmpoweringShard":70,"Black Star":154,"Grinning Jar":98,"aspiration:HatOfInfinitePower":74,"Mirror":108,"Meat on the Bone":98,"ReplayFunnel":98,"Darkstone Periapt":131,"Replay:PocketPolymizer":105,"SacredBark":103,"aspiration:TomeofQuesting":38,"Mango":95,"Snake Skull":99,"Juzu Bracelet":21,"hubris:SlimyHat":72,"Replay:Mystery Machine":71,"aspiration:StickyExplosives_weak":145,"Dream Catcher":98,"Nunchaku":99,"Replay:Bandana":128,"hubris:Icosahedron":123,"Chameleon Ring":133,"Mummified Hand":134,"hubris:Stopwatch":86,"Pantograph":121,"Gambling Chip":131,"Tiny Chest":98,"Cracked Core":104,"hubris:DisguiseKit":61,"BargainBundle":26,"ReplayTheSpireMod:Ninjato":148,"Replay:Towering Pillar of Hats":115,"aspiration:FetidBarrel":60,"Guide Book":145,"infinitespire:FocusingShard":20,"Replay:WaspNest":99,"aspiration:HummingbirdHeart":63,"Orichalcum":1,"Mercury Hourglass":99,"Calling Bell":35,"Anchor":48,"CaptainsWheel":131,"infinitespire:WardingShard":131,"infinitespire:Satchel":19,"hubris:BundleOfHerbs":46,"Bag of Marbles":15,"Membership Card":48,"FossilizedHelix":97,"hubris:OldNail":114,"TungstenRod":117,"ReplayTheSpireMod:ShopPack":11},{"Golden Egg":46,"Replay:Accelerometer":63,"Whetstone":18,"hubris:MysteriousPyramids":46,"Boot":46,"Sling":69,"aspiration:RitualStick":11,"Blood Vial":7,"hubris:HerbalPaste":46,"infinitespire:ShieldingShard":57,"MealTicket":46,"hubris:DeckOfHolding":57,"Replay:Bottled Flurry":63,"HandDrill":77,"Kunai":26,"Replay:Wax Seal":15,"aspiration:DSix":46,"hubris:TinFlute":61,"MerchantsRug":10,"hubris:MobiusCoin":63,"Pear":46,"Blue Candle":57,"hubris:SphereOfDissonance":57,"Eternal Feather":19,"Tingsha":46,"Pen Nib":46,"infinitespire:Magic Flask":16,"Akabeko":46,"infinitespire:EvilPickle":14,"Runic Dome":82,"infinitespire:Broken Mirror":46,"infinitespire:Lychee Nut":46,"hubris:TenFootPole":25,"StrikeDummy":35,"Abe\u0027s Treasure":9,"infinitespire:PuzzleCube":46,"Unceasing Top":57,"aspiration:Lifesprig":5,"Lantern":46,"Torii":14,"Singing Bowl":46,"Painkiller Herb":20,"Blue Doll":57,"StoneCalendar":69,"Bag of Preparation":45,"hubris:EmptyBottle":67,"Ancient Tea Set":46,"Smiling Mask":79,"Pet Ghost":46,"Replay:Rubber Ducky":57,"hubris:BlackHole":27,"hubris:Backtick":31,"Matryoshka":65,"Shovel":68,"infinitespire:Bottled Soul":65,"aspiration:AnachronicSnailShell":25,"Toolbox":86,"hubris:CuriousFeather":68,"hubris:FunFungus":69,"infinitespire:Eraser":57,"Replay:Bottled Eggs":57,"aspiration:FutureDiary":76,"InkBottle":66,"Ring of the Snake":0,"hubris:GlazedTorus":69,"aspiration:VileToxins":17,"Potion Belt":44,"The Specimen":31,"Basket Of Snakes":69,"PreservedInsect":17,"The Courier":34,"Omamori":46,"infinitespire:Lucky Rock":2,"hubris:Towel":2,"Frozen Egg 2":46,"MawBank":32,"hubris:Spice":46,"Turnip":43,"Garlic":5,"Art of War":6,"ReplayTheSpireMod:Lightbulb":46,"Toy Ornithopter":46,"hubris:BottledRain":36,"hubris:CrystalStatue":22,"Calipers":55,"Gremlin Horn":42,"CeramicFish":21,"Vajra":33,"HoveringKite":54,"hubris:VirtuousBlindfold":60,"hubris:TerracottaHorce":11,"Lizard Tail":0,"Centennial Puzzle":56,"HornCleat":63,"Strawberry":11,"Prayer Wheel":46,"aspiration:ArtOfWarUpgrade":52,"Iron Hammer":13,"Toxic Egg 2":46,"Byrd Skull":69,"hubris:Teleporter":69,"hubris:DuctTape":12,"Happy Flower":14,"aspiration:Nostalgia":48,"Dead Branch":46,"Ring of Chaos":0,"infinitespire:Beetle Shell":21,"conspire:Boomerang":69,"Replay:Kaleidoscope":40,"aspiration:SeaSaltIceCream":48,"Letter Opener":62,"War Paint":23,"Question Card":46,"aspiration:HiddenCompartment":57,"hubris:Zylophone":46,"Du-Vu Doll":69,"Replay:Baseball":3,"Bottled Flame":57,"conspire:GiftBox":69,"Bronze Scales":49,"Onion Ring":14,"Molten Egg 2":32,"hubris:PeanutButter":57,"hubris:ToyBattleship":4,"ReplayTheSpireMod:TigerMarble":5,"infinitespire:EmpoweringShard":28,"Black Star":67,"Grinning Jar":46,"aspiration:HatOfInfinitePower":31,"Mirror":48,"Meat on the Bone":46,"ReplayFunnel":46,"Darkstone Periapt":57,"Replay:PocketPolymizer":48,"SacredBark":47,"aspiration:TomeofQuesting":16,"Mango":44,"Snake Skull":46,"Juzu Bracelet":11,"hubris:SlimyHat":30,"Replay:Mystery Machine":29,"aspiration:StickyExplosives_weak":63,"Dream Catcher":46,"Nunchaku":46,"Replay:Bandana":56,"hubris:Icosahedron":55,"Chameleon Ring":58,"Mummified Hand":59,"hubris:Stopwatch":37,"Pantograph":55,"Gambling Chip":57,"Tiny Chest":46,"Cracked Core":48,"hubris:DisguiseKit":24,"BargainBundle":11,"ReplayTheSpireMod:Ninjato":64,"Replay:Towering Pillar of Hats":52,"aspiration:FetidBarrel":24,"Guide Book":63,"infinitespire:FocusingShard":10,"Replay:WaspNest":46,"aspiration:HummingbirdHeart":25,"Orichalcum":1,"Mercury Hourglass":46,"Calling Bell":14,"Anchor":18,"CaptainsWheel":57,"infinitespire:WardingShard":57,"infinitespire:Satchel":10,"hubris:BundleOfHerbs":18,"Bag of Marbles":8,"Membership Card":18,"FossilizedHelix":46,"hubris:OldNail":51,"TungstenRod":53,"ReplayTheSpireMod:ShopPack":5},{"Golden Egg":100,"Replay:Accelerometer":125,"Whetstone":55,"hubris:MysteriousPyramids":100,"Boot":100,"Sling":134,"aspiration:RitualStick":41,"Blood Vial":23,"hubris:HerbalPaste":100,"infinitespire:ShieldingShard":118,"MealTicket":100,"hubris:DeckOfHolding":118,"Replay:Bottled Flurry":125,"HandDrill":154,"Kunai":67,"Replay:Wax Seal":48,"aspiration:DSix":100,"hubris:TinFlute":123,"MerchantsRug":38,"hubris:MobiusCoin":125,"Pear":100,"Blue Candle":118,"hubris:SphereOfDissonance":118,"Eternal Feather":58,"Tingsha":100,"Pen Nib":100,"infinitespire:Magic Flask":50,"Akabeko":100,"infinitespire:EvilPickle":47,"Runic Dome":165,"infinitespire:Broken Mirror":100,"infinitespire:Lychee Nut":100,"hubris:TenFootPole":66,"StrikeDummy":79,"Abe\u0027s Treasure":36,"infinitespire:PuzzleCube":100,"Unceasing Top":118,"aspiration:Lifesprig":18,"Lantern":100,"Torii":47,"Singing Bowl":100,"Painkiller Herb":60,"Blue Doll":118,"StoneCalendar":134,"Bag of Preparation":98,"hubris:EmptyBottle":129,"Ancient Tea Set":100,"Smiling Mask":158,"Pet Ghost":100,"Replay:Rubber Ducky":118,"hubris:BlackHole":68,"hubris:Backtick":74,"Matryoshka":127,"Shovel":130,"infinitespire:Bottled Soul":127,"aspiration:AnachronicSnailShell":66,"Toolbox":176,"hubris:CuriousFeather":130,"hubris:FunFungus":134,"infinitespire:Eraser":118,"Replay:Bottled Eggs":118,"aspiration:FutureDiary":151,"InkBottle":128,"Ring of the Snake":0,"hubris:GlazedTorus":134,"aspiration:VileToxins":53,"Potion Belt":96,"The Specimen":74,"Basket Of Snakes":134,"PreservedInsect":53,"The Courier":78,"Omamori":100,"infinitespire:Lucky Rock":6,"hubris:Towel":6,"Frozen Egg 2":100,"MawBank":75,"hubris:Spice":100,"Turnip":94,"Garlic":18,"Art of War":21,"ReplayTheSpireMod:Lightbulb":100,"Toy Ornithopter":100,"hubris:BottledRain":80,"hubris:CrystalStatue":62,"Calipers":116,"Gremlin Horn":91,"CeramicFish":61,"Vajra":77,"HoveringKite":113,"hubris:VirtuousBlindfold":122,"hubris:TerracottaHorce":41,"Lizard Tail":0,"Centennial Puzzle":117,"HornCleat":125,"Strawberry":41,"Prayer Wheel":100,"aspiration:ArtOfWarUpgrade":111,"Iron Hammer":43,"Toxic Egg 2":100,"Byrd Skull":134,"hubris:Teleporter":134,"hubris:DuctTape":42,"Happy Flower":47,"aspiration:Nostalgia":104,"Dead Branch":100,"Ring of Chaos":0,"infinitespire:Beetle Shell":61,"conspire:Boomerang":134,"Replay:Kaleidoscope":86,"aspiration:SeaSaltIceCream":104,"Letter Opener":124,"War Paint":63,"Question Card":100,"aspiration:HiddenCompartment":118,"hubris:Zylophone":100,"Du-Vu Doll":134,"Replay:Baseball":8,"Bottled Flame":118,"conspire:GiftBox":134,"Bronze Scales":107,"Onion Ring":47,"Molten Egg 2":75,"hubris:PeanutButter":118,"hubris:ToyBattleship":14,"ReplayTheSpireMod:TigerMarble":18,"infinitespire:EmpoweringShard":70,"Black Star":129,"Grinning Jar":100,"aspiration:HatOfInfinitePower":74,"Mirror":104,"Meat on the Bone":100,"ReplayFunnel":100,"Darkstone Periapt":118,"Replay:PocketPolymizer":104,"SacredBark":102,"aspiration:TomeofQuesting":50,"Mango":96,"Snake Skull":100,"Juzu Bracelet":41,"hubris:SlimyHat":72,"Replay:Mystery Machine":71,"aspiration:StickyExplosives_weak":125,"Dream Catcher":100,"Nunchaku":100,"Replay:Bandana":117,"hubris:Icosahedron":116,"Chameleon Ring":120,"Mummified Hand":121,"hubris:Stopwatch":81,"Pantograph":116,"Gambling Chip":118,"Tiny Chest":100,"Cracked Core":104,"hubris:DisguiseKit":65,"BargainBundle":41,"ReplayTheSpireMod:Ninjato":126,"Replay:Towering Pillar of Hats":111,"aspiration:FetidBarrel":65,"Guide Book":125,"infinitespire:FocusingShard":38,"Replay:WaspNest":100,"aspiration:HummingbirdHeart":66,"Orichalcum":3,"Mercury Hourglass":100,"Calling Bell":47,"Anchor":55,"CaptainsWheel":118,"infinitespire:WardingShard":118,"infinitespire:Satchel":38,"hubris:BundleOfHerbs":55,"Bag of Marbles":25,"Membership Card":55,"FossilizedHelix":100,"hubris:OldNail":110,"TungstenRod":112,"ReplayTheSpireMod:ShopPack":18}],"Ring of the Snake":[179]},"card_choices":[{"not_picked":["Poison Darts","ReplayTheSpireMod:Necrosis"],"picked":"Envenom","floor":0.0},{"not_picked":["Outmaneuver","Underhanded Strike"],"picked":"Acrobatics","floor":1.0},{"not_picked":["Outmaneuver","Dagger Throw","Underhanded Strike"],"picked":"SKIP","floor":4.0},{"not_picked":["hubris:SlightOfHand","PiercingWail"],"picked":"Hidden Blade","floor":7.0},{"not_picked":["Expertise","Sucker Punch","hubris:Counter"],"picked":"SKIP","floor":10.0},{"not_picked":["Hidden Blade","Sucker Punch","Deflect"],"picked":"SKIP","floor":13.0},{"not_picked":["Quick Slash","Bane","Dagger Spray"],"picked":"SKIP","floor":14.0},{"not_picked":["Phantasmal Killer","Poison Darts"],"picked":"Burst","floor":16.0},{"not_picked":["ReplayTheSpireMod:The Works","Prepared","Quick Slash"],"picked":"SKIP","floor":18.0},{"not_picked":["PiercingWail+1","Crippling Poison","Riddle With Holes+1"],"picked":"SKIP","floor":21},{"not_picked":["hubris:Counter+1","Sucker Punch","Escape Plan"],"picked":"SKIP","floor":23},{"not_picked":["Backflip","hubris:SlightOfHand","Slice"],"picked":"SKIP","floor":27},{"not_picked":["Toxin Wave+1","Replay:Poison Smokescreen","Storm of Steel"],"picked":"SKIP","floor":30},{"not_picked":["Bane+1","PiercingWail+1","Leg Sweep"],"picked":"SKIP","floor":35},{"not_picked":["Riddle With Holes+1","Acrobatics+1","hubris:SlightOfHand+1"],"picked":"SKIP","floor":37},{"not_picked":["Sucker Punch+1","Prepared","ReplayTheSpireMod:Shiv Toss+1"],"picked":"SKIP","floor":40},{"not_picked":["Dodge and Roll","Dagger Throw+1","Flechettes+1"],"picked":"SKIP","floor":46}],"player_experience":436644,"relics_obtained":[{"floor":7.0,"key":"Gremlin Horn"},{"floor":9.0,"key":"Kunai"},{"floor":10.0,"key":"aspiration:TomeofQuesting"},{"floor":23,"key":"Lantern"},{"floor":26,"key":"Smiling Mask"},{"floor":30,"key":"Molten Egg 2"},{"floor":40,"key":"Happy Flower"},{"floor":43,"key":"ReplayTheSpireMod:TigerMarble"}],"event_choices":[{"damage_healed":0.0,"max_hp_gain":0.0,"max_hp_loss":0.0,"gold_gain":0.0,"event_name":"conspire:LoneGhost","player_choice":"Argue","floor":2.0,"gold_loss":0.0,"damage_taken":0.0},{"damage_healed":0.0,"max_hp_gain":0.0,"max_hp_loss":0.0,"gold_gain":0.0,"event_name":"World of Goop","player_choice":"Left Gold","floor":3.0,"gold_loss":16.0,"damage_taken":0.0},{"damage_healed":0.0,"max_hp_gain":0.0,"max_hp_loss":0.0,"gold_gain":0.0,"event_name":"Liars Game","player_choice":"Ignored","floor":11.0,"gold_loss":0.0,"damage_taken":0.0},{"damage_healed":0,"gold_gain":100,"player_choice":"Pray","damage_taken":0,"max_hp_gain":0,"max_hp_loss":0,"event_name":"Golden Shrine","floor":24,"gold_loss":0},{"damage_healed":0,"gold_gain":270,"player_choice":"GOLD GOLD GOLD ","damage_taken":27,"max_hp_gain":0,"max_hp_loss":0,"event_name":"Knowing Skull","floor":28,"potions_obtained":[],"gold_loss":0,"cards_obtained":[]},{"damage_healed":0,"gold_gain":0,"cards_transformed":["All Out Attack"],"player_choice":"Transformed","damage_taken":0,"max_hp_gain":0,"max_hp_loss":0,"event_name":"Transmorgrifier","floor":44,"gold_loss":0,"cards_obtained":["Toxin Wave"]}],"is_beta":false,"boss_relics":[{"not_picked":["HoveringKite","ChewingGum"],"picked":"aspiration:FutureDiary"},{"not_picked":["Kintsugi","aspiration:IroncladSkillbook"],"picked":"Runic Dome"}],"items_purged_floors":[0,0,0,0,0,0,0,0,0,41],"is_endless":true,"potions_floor_spawned":[7,10,13,16,18,23,30,37],"ascension_level":1}}