{"host":"07a2fkusd33ogvuu","time":1613521469,"event":{"mods":["BaseMod","Bestiary","Colored Powertips","Highlight Path","Minty Spire (QoL Compilation)","Relic Stats"],"gold_per_floor":[114,114,114,114,12,41,41,66,66,66,78,88,49,67,67,144,144,156,156,173,98,0,0,27,27,51,51,51,51,79,93,93,169,169,184,195,214,230,230,265,265,275,275,290,290,318,331,360,360,360,360,360,360,26,60,60,60],"floor_reached":56,"language":"ENG","playtime":10909,"items_purged":["Strike_B"],"score":2141,"play_id":"840f514e-e622-44c2-8b40-481618f16afd","local_time":"20210217002429","is_ascension_mode":true,"campfire_choices":[{"data":"Dualcast","floor":7.0,"key":"SMITH"},{"data":"Consume","floor":10.0,"key":"SMITH"},{"data":"Streamline","floor":15.0,"key":"SMITH"},{"data":"Hyperbeam","floor":23.0,"key":"SMITH"},{"floor":25.0,"key":"REST"},{"data":"Double Energy","floor":29.0,"key":"SMITH"},{"floor":32.0,"key":"REST"},{"floor":41.0,"key":"RECALL"},{"data":"Buffer","floor":45.0,"key":"SMITH"},{"data":"Loop","floor":49.0,"key":"SMITH"},{"data":"Hologram","floor":53.0,"key":"SMITH"}],"circlet_count":0,"master_deck":["AscendersBane","Strike_B","Strike_B","Defend_B","Defend_B","Defend_B","Defend_B","Zap","Dualcast+1","Ball Lightning","Capacitor","Cold Snap","Echo Form","Consume+1","Streamline+1","Double Energy+1","Auto Shields","Genetic Algorithm","Hyperbeam+1","Cold Snap","Capacitor","Chill","Hologram+1","Tempest+1","Buffer+1","Self Repair","Loop+1","Compile Driver","Force Field+1","Meteor Strike","Rebound+1","Hello World+1","Conserve Battery+1","Blind","Steam Power","All For One"],"relics":["Cracked Core","NeowsBlessing","HornCleat","Dead Branch","Pantograph","Pen Nib","Nuclear Battery","Boot","Bag of Preparation","Bird Faced Urn","Snecko Eye","Art of War","Bottled Lightning","Dream Catcher","Toy Ornithopter","DataDisk"],"acts_visited":["Exordium","TheCity","TheBeyond","TheEnding"],"potions_floor_usage":[56,56],"damage_taken":[{"damage":0.0,"enemies":"Cultist","floor":1.0,"turns":1.0},{"damage":0.0,"enemies":"Gremlin Nob","floor":6.0,"turns":1.0},{"damage":0.0,"enemies":"Lagavulin","floor":8.0,"turns":1.0},{"damage":9.0,"enemies":"2 Louse","floor":11.0,"turns":2.0},{"damage":0.0,"enemies":"Jaw Worm","floor":12.0,"turns":3.0},{"damage":2.0,"enemies":"Red Slaver","floor":14.0,"turns":3.0},{"damage":9.0,"enemies":"The Guardian","floor":16.0,"turns":8.0},{"damage":30.0,"enemies":"3 Byrds","floor":18.0,"turns":4.0},{"damage":9.0,"enemies":"Spheric Guardian","floor":20.0,"turns":4.0},{"damage":19.0,"enemies":"Gremlin Leader","floor":24.0,"turns":4.0},{"damage":21.0,"enemies":"Slavers","floor":30.0,"turns":4.0},{"damage":19.0,"enemies":"Snake Plant","floor":31.0,"turns":2.0},{"damage":6.0,"enemies":"Automaton","floor":33.0,"turns":11.0},{"damage":0.0,"enemies":"3 Shapes","floor":35.0,"turns":5.0},{"damage":0.0,"enemies":"Orb Walker","floor":36.0,"turns":3.0},{"damage":12.0,"enemies":"Maw","floor":37.0,"turns":7.0},{"damage":2.0,"enemies":"Sphere and 2 Shapes","floor":38.0,"turns":4.0},{"damage":21.0,"enemies":"Nemesis","floor":40.0,"turns":11.0},{"damage":16.0,"enemies":"Transient","floor":42.0,"turns":6.0},{"damage":0.0,"enemies":"Maw","floor":44.0,"turns":6.0},{"damage":34.0,"enemies":"Giant Head","floor":46.0,"turns":8.0},{"damage":2.0,"enemies":"Spire Growth","floor":47.0,"turns":5.0},{"damage":0.0,"enemies":"Nemesis","floor":48.0,"turns":9.0},{"damage":38.0,"enemies":"Donu and Deca","floor":50.0,"turns":11.0},{"damage":66.0,"enemies":"Awakened One","floor":51.0,"turns":10.0},{"damage":48.0,"enemies":"Shield and Spear","floor":55.0,"turns":7.0},{"damage":105,"enemies":"The Heart","floor":56,"turns":9}],"seed_played":"8670866718420365424","potions_obtained":[{"floor":1.0,"key":"Energy Potion"},{"floor":8.0,"key":"Block Potion"},{"floor":14.0,"key":"Dexterity Potion"},{"floor":20.0,"key":"BlessingOfTheForge"},{"floor":30.0,"key":"AttackPotion"},{"floor":33.0,"key":"SkillPotion"},{"floor":36.0,"key":"SpeedPotion"},{"floor":38.0,"key":"GamblersBrew"},{"floor":40.0,"key":"SpeedPotion"},{"floor":44.0,"key":"Fire Potion"},{"floor":55.0,"key":"SneckoOil"}],"is_trial":false,"path_per_floor":["M","$","?","T","$","E","R","E","T","R","M","M","$","M","R","B",null,"M","?","M","?","?","R","E","R","T","?","$","R","E","M","R","B",null,"M","M","M","M","?","E","R","M","T","M","R","E","M","E","R","B","B",null,"R","$","E","B"],"character_chosen":"DEFECT","items_purchased":["Capacitor","Cold Snap","Auto Shields","Blind","LiquidBronze","Steam Power"],"campfire_rested":2,"item_purchase_floors":[5,5,13,54,54,54],"current_hp_per_floor":[64,64,46,46,46,46,46,46,46,46,37,37,37,35,35,51,66,36,50,41,41,41,41,22,43,43,43,43,43,22,5,26,55,67,69,71,66,69,67,67,67,67,67,67,67,44,52,67,67,48,36,59,59,59,35,0,0],"gold":60,"neow_bonus":"THREE_ENEMY_KILL","is_daily":false,"chose_seed":false,"campfire_upgraded":8,"win_rate":0.0,"timestamp":1613521469,"path_taken":["M","?","?","?","$","E","R","E","T","R","?","M","$","M","R","BOSS","M","?","M","?","?","R","E","R","T","?","$","R","E","M","R","BOSS","M","M","M","M","?","E","R","M","T","M","R","E","M","E","R","BOSS","BOSS","R","$","E","BOSS"],"items_purchased_type":["Card","Card","Card","Card","Potion","Card"],"build_version":"2020-12-22","purchased_purges":1,"victory":false,"max_hp_per_floor":[71,71,71,71,71,71,71,71,71,71,71,71,71,71,71,71,71,71,71,71,71,71,71,71,71,71,71,71,71,71,71,71,71,71,71,71,71,71,67,67,67,67,67,67,67,67,67,67,67,67,67,67,67,67,67,67,67],"relic_stats":{"Dream Catcher":0,"counters":[27,149],"Dead Branch":[128],"Pantograph":94,"Bird Faced Urn":[160],"Snecko Eye":[179,190,182,205],"Pen Nib":[26],"Bag of Preparation":[34],"Art of War":[15],"Boot":[74],"obtain_stats":[{"NeowsBlessing":0,"Dead Branch":4,"Pen Nib":8,"Bag of Preparation":26,"Boot":24,"Nuclear Battery":17,"Dream Catcher":46,"DataDisk":55,"HornCleat":3,"Pantograph":6,"Bird Faced Urn":30,"Snecko Eye":34,"Art of War":40,"Bottled Lightning":43,"Cracked Core":0,"Toy Ornithopter":48},{"NeowsBlessing":0,"Dead Branch":1,"Pen Nib":3,"Bag of Preparation":10,"Boot":10,"Nuclear Battery":7,"Dream Catcher":21,"DataDisk":26,"HornCleat":1,"Pantograph":2,"Bird Faced Urn":11,"Snecko Eye":13,"Art of War":18,"Bottled Lightning":19,"Cracked Core":0,"Toy Ornithopter":23},{"NeowsBlessing":0,"Dead Branch":1,"Pen Nib":3,"Bag of Preparation":31,"Boot":31,"Nuclear Battery":19,"Dream Catcher":98,"DataDisk":140,"HornCleat":1,"Pantograph":2,"Bird Faced Urn":35,"Snecko Eye":48,"Art of War":78,"Bottled Lightning":84,"Cracked Core":0,"Toy Ornithopter":112}],"Toy Ornithopter":13},"card_choices":[{"not_picked":["Chaos","Rebound"],"picked":"Ball Lightning","floor":1.0},{"not_picked":["Compile Driver","Machine Learning"],"picked":"Echo Form","floor":6.0},{"not_picked":["Cold Snap","Reprogram"],"picked":"Consume","floor":8.0},{"not_picked":["Rebound","Turbo"],"picked":"Streamline","floor":11.0},{"not_picked":["Turbo","Heatsinks"],"picked":"Double Energy","floor":12.0},{"not_picked":["Redo","Chaos"],"picked":"Genetic Algorithm","floor":14.0},{"not_picked":["Meteor Strike","Buffer"],"picked":"Hyperbeam","floor":16.0},{"not_picked":["Lockon","Barrage"],"picked":"Cold Snap","floor":18.0},{"not_picked":["BootSequence","Chaos"],"picked":"Capacitor","floor":20.0},{"not_picked":["Go for the Eyes","Hyperbeam"],"picked":"Chill","floor":24.0},{"not_picked":["Cold Snap","Go for the Eyes"],"picked":"Hologram","floor":30.0},{"not_picked":["Storm","Aggregate"],"picked":"Tempest+1","floor":31.0},{"not_picked":["Meteor Strike","Hyperbeam"],"picked":"Buffer","floor":33.0},{"not_picked":["Reinforced Body","Turbo+1"],"picked":"Self Repair","floor":35.0},{"not_picked":["Sweeping Beam","Go for the Eyes"],"picked":"Loop","floor":36.0},{"not_picked":["Gash","Ball Lightning","Doom and Gloom"],"picked":"SKIP","floor":37.0},{"not_picked":["Sweeping Beam+1","Aggregate"],"picked":"Compile Driver","floor":38.0},{"not_picked":["FTL","Darkness"],"picked":"Force Field+1","floor":40.0},{"not_picked":["Redo+1","Turbo+1"],"picked":"Meteor Strike","floor":42.0},{"not_picked":["Sweeping Beam","Conserve Battery"],"picked":"Rebound+1","floor":44.0},{"not_picked":["Lockon","Loop"],"picked":"Hello World+1","floor":46.0},{"not_picked":["Auto Shields","Cold Snap","Reprogram"],"picked":"SKIP","floor":47.0},{"not_picked":["Coolheaded","Heatsinks+1"],"picked":"Conserve Battery+1","floor":48.0},{"not_picked":["Double Energy+1","Steam"],"picked":"All For One","floor":55.0}],"player_experience":1244117,"relics_obtained":[{"floor":4.0,"key":"Dead Branch"},{"floor":6.0,"key":"Pantograph"},{"floor":8.0,"key":"Pen Nib"},{"floor":24.0,"key":"Boot"},{"floor":26.0,"key":"Bag of Preparation"},{"floor":30.0,"key":"Bird Faced Urn"},{"floor":40.0,"key":"Art of War"},{"floor":43.0,"key":"Bottled Lightning"},{"floor":46.0,"key":"Dream Catcher"},{"floor":48.0,"key":"Toy Ornithopter"},{"floor":55.0,"key":"DataDisk"}],"event_choices":[{"damage_healed":0.0,"max_hp_gain":0.0,"max_hp_loss":0.0,"gold_gain":0.0,"event_name":"Scrap Ooze","player_choice":"Success","floor":3.0,"gold_loss":0.0,"damage_taken":18.0,"relics_obtained":["HornCleat"]},{"damage_healed":14.0,"max_hp_gain":0.0,"max_hp_loss":0.0,"gold_gain":0.0,"event_name":"The Library","player_choice":"Heal","floor":19.0,"gold_loss":0.0,"damage_taken":0.0},{"cards_removed":["Strike_B"],"damage_healed":0.0,"max_hp_gain":0.0,"max_hp_loss":0.0,"gold_gain":0.0,"event_name":"Beggar","player_choice":"Gave Gold","floor":21.0,"gold_loss":75.0,"damage_taken":0.0},{"damage_healed":0.0,"max_hp_gain":0.0,"max_hp_loss":0.0,"gold_gain":0.0,"event_name":"Masked Bandits","player_choice":"Paid Fearfully","floor":22.0,"gold_loss":98.0,"damage_taken":0.0},{"damage_healed":0.0,"max_hp_gain":0.0,"max_hp_loss":0.0,"gold_gain":0.0,"event_name":"Vampires","player_choice":"Ignored","floor":27.0,"gold_loss":0.0,"damage_taken":0.0},{"damage_healed":0.0,"max_hp_gain":0.0,"max_hp_loss":4.0,"gold_gain":0.0,"event_name":"Winding Halls","player_choice":"Max HP","floor":39.0,"gold_loss":0.0,"damage_taken":0.0}],"is_beta":false,"boss_relics":[{"not_picked":["Calling Bell","Philosopher\u0027s Stone"],"picked":"Nuclear Battery"},{"not_picked":["Empty Cage","SacredBark"],"picked":"Snecko Eye"}],"items_purged_floors":[54],"is_endless":false,"potions_floor_spawned":[1,8,14,20,30,33,36,38,40,44,55],"killed_by":"The Heart","ascension_level":20}}