{"host":"johnydays","time":1613595723,"event":{"mods":["BaseMod","Bestiary","Block Reminder","Colored Map","Colored Powertips","Curses Come First","DeckTracker","Highlight Path","Minty Spire (QoL Compilation)","Relic Sorter","Relic Stats","StSLib","SuperFastMode","Weighted Paths"],"gold_per_floor":[119,69,69,69,79,109,120,148,148,148,148,148],"floor_reached":11,"language":"ENG","playtime":523,"items_purged":[],"score":97,"play_id":"b5cf7f6f-5139-4613-b896-f1892c12dd78","local_time":"20210217210203","is_ascension_mode":true,"campfire_choices":[],"circlet_count":0,"master_deck":["Strike_P","Strike_P","Strike_P","Defend_P","Defend_P","Defend_P","Eruption","Vigilance","EmptyBody","Crescendo","SashWhip","FlurryOfBlows","EmptyBody"],"relics":["Fusion Hammer","CloakClasp","Unceasing Top","Dead Branch"],"acts_visited":["Exordium"],"potions_floor_usage":[6,6],"damage_taken":[{"damage":0,"enemies":"Jaw Worm","floor":1,"turns":3},{"damage":0,"enemies":"Small Slimes","floor":5,"turns":4},{"damage":30,"enemies":"Gremlin Nob","floor":6,"turns":5},{"damage":0,"enemies":"Cultist","floor":7,"turns":3},{"damage":10,"enemies":"3 Sentries","floor":8,"turns":10},{"damage":32,"enemies":"Gremlin Nob","floor":11,"turns":4}],"seed_played":"6096628864057493398","potions_obtained":[{"floor":4,"key":"AttackPotion"},{"floor":4,"key":"SteroidPotion"},{"floor":4,"key":"GamblersBrew"},{"floor":8,"key":"Dexterity Potion"}],"is_trial":false,"path_per_floor":["M","?","?","?","M","E","M","E","T","?","E"],"character_chosen":"WATCHER","items_purchased":[],"campfire_rested":0,"item_purchase_floors":[],"current_hp_per_floor":[72,72,77,77,77,47,47,37,37,30,0,0],"gold":148,"neow_bonus":"BOSS_RELIC","is_daily":false,"chose_seed":false,"campfire_upgraded":0,"win_rate":0.0,"timestamp":1613595723,"path_taken":["M","?","?","?","?","E","M","E","T","?","E"],"items_purchased_type":[],"build_version":"2020-12-18","purchased_purges":0,"victory":false,"max_hp_per_floor":[72,72,77,77,77,77,77,77,77,77,77,77],"relic_stats":{"counters":[6,29],"Dead Branch":[0],"CloakClasp":[37],"obtain_stats":[{"Dead Branch":9,"Fusion Hammer":0,"CloakClasp":6,"PureWater":0,"Unceasing Top":8},{"Dead Branch":5,"Fusion Hammer":0,"CloakClasp":3,"PureWater":0,"Unceasing Top":5},{"Dead Branch":25,"Fusion Hammer":0,"CloakClasp":12,"PureWater":0,"Unceasing Top":25}],"Unceasing Top":[0]},"card_choices":[{"not_picked":["Crescendo","Pray"],"picked":"EmptyBody","floor":1},{"not_picked":["FollowUp","ReachHeaven"],"picked":"Crescendo","floor":5},{"not_picked":["Swivel","LikeWater"],"picked":"SashWhip","floor":6},{"not_picked":["SignatureMove","Protect"],"picked":"FlurryOfBlows","floor":7},{"not_picked":["CarveReality","JustLucky"],"picked":"EmptyBody","floor":8}],"player_experience":532619,"relics_obtained":[{"floor":6,"key":"CloakClasp"},{"floor":8,"key":"Unceasing Top"},{"floor":9,"key":"Dead Branch"}],"event_choices":[{"cards_removed":["Strike_P"],"damage_healed":0,"gold_gain":0,"player_choice":"Card Removal","damage_taken":0,"max_hp_gain":0,"max_hp_loss":0,"event_name":"The Cleric","floor":2,"gold_loss":50},{"damage_healed":0,"gold_gain":0,"player_choice":"Donut","damage_taken":0,"max_hp_gain":5,"max_hp_loss":0,"event_name":"Big Fish","floor":3,"gold_loss":0},{"damage_healed":0,"gold_gain":0,"player_choice":"Got Potions","damage_taken":0,"max_hp_gain":0,"max_hp_loss":0,"event_name":"Lab","floor":4,"gold_loss":0},{"cards_removed":["Defend_P"],"damage_healed":0,"gold_gain":0,"player_choice":"Card Removal","damage_taken":7,"max_hp_gain":0,"max_hp_loss":0,"event_name":"Golden Wing","floor":10,"gold_loss":0}],"is_beta":true,"boss_relics":[],"items_purged_floors":[],"is_endless":false,"potions_floor_spawned":[5,8],"killed_by":"Gremlin Nob","ascension_level":4}}