{"host":"qp7xs8nuzfsyommi","time":1613568828,"event":{"mods":["2.2 Compatiblity","BaseMod","Colored Powertips","DeckTracker","Highlight Path","Minty Spire (QoL Compilation)","Permanent Neow","Quick Restart","StSLib"],"gold_per_floor":[112,132,149,424,434,465,482,63,90,1,34,34,34,45,45,118,118,135,148,148,148,148],"floor_reached":21,"language":"ENG","playtime":1114,"items_purged":["Regret"],"score":382,"play_id":"99cb2cef-211d-4d4c-84e0-e411e66d3012","local_time":"20210217083348","is_ascension_mode":true,"campfire_choices":[{"floor":13.0,"key":"REST"},{"floor":15.0,"key":"RECALL"}],"circlet_count":0,"master_deck":["AscendersBane","Strike_B","Strike_B","Strike_B","Defend_B","Defend_B","Defend_B","Defend_B","Zap","Dualcast+1","CurseOfTheBell","Cold Snap","Compile Driver","Gash","Sunder","Chill+1","Doom and Gloom","Self Repair","Turbo","Go for the Eyes","Self Repair","Stack","Double Energy","Biased Cognition","Self Repair","Conserve Battery"],"relics":["Calling Bell","Bag of Marbles","Blue Candle","Lizard Tail","Strawberry","War Paint","Tiny Chest","MealTicket","WarpedTongs","Empty Cage","Meat on the Bone"],"acts_visited":["Exordium","TheCity"],"potions_floor_usage":[16,19,21],"damage_taken":[{"damage":2.0,"enemies":"Cultist","floor":1.0,"turns":4.0},{"damage":6.0,"enemies":"Small Slimes","floor":2.0,"turns":4.0},{"damage":3.0,"enemies":"Jaw Worm","floor":3.0,"turns":5.0},{"damage":13.0,"enemies":"2 Fungi Beasts","floor":5.0,"turns":4.0},{"damage":31.0,"enemies":"Gremlin Nob","floor":6.0,"turns":4.0},{"damage":8.0,"enemies":"Exordium Thugs","floor":7.0,"turns":4.0},{"damage":7.0,"enemies":"3 Sentries","floor":11.0,"turns":6.0},{"damage":0.0,"enemies":"3 Louse","floor":14.0,"turns":1.0},{"damage":72,"enemies":"Slime Boss","floor":16,"turns":10},{"damage":0,"enemies":"2 Thieves","floor":18,"turns":3},{"damage":26,"enemies":"Shell Parasite","floor":19,"turns":5},{"damage":67,"enemies":"Cultist and Chosen","floor":21,"turns":5}],"seed_played":"-871529226194138810","potions_obtained":[{"floor":2.0,"key":"BlessingOfTheForge"},{"floor":5.0,"key":"Strength Potion"},{"floor":11.0,"key":"PowerPotion"},{"floor":16,"key":"DistilledChaos"},{"floor":19,"key":"SkillPotion"}],"is_trial":false,"path_per_floor":["M","M","M","?","M","E","M","$","T","$","E","?","R","M","R","B",null,"M","M","T","M"],"character_chosen":"DEFECT","items_purchased":["Self Repair","War Paint","Turbo","Go for the Eyes","Self Repair"],"campfire_rested":1,"item_purchase_floors":[8,8,8,8,10],"current_hp_per_floor":[62,56,53,53,40,16,8,8,8,8,15,15,38,38,38,30,66,73,64,64,0,0],"gold":148,"neow_bonus":"BOSS_RELIC","is_daily":false,"chose_seed":false,"campfire_upgraded":0,"win_rate":0.0,"timestamp":1613568828,"path_taken":["M","M","M","?","M","E","M","$","T","?","E","?","R","M","R","BOSS","M","?","?","M"],"items_purchased_type":["Card","Relic","Card","Card","Card"],"build_version":"2020-12-22","purchased_purges":1,"victory":false,"max_hp_per_floor":[71,71,71,71,71,78,78,78,78,78,78,78,78,78,78,78,78,78,78,78,78,78],"card_choices":[{"not_picked":["Conserve Battery","Go for the Eyes"],"picked":"Cold Snap","floor":1.0},{"not_picked":["Redo","Steam"],"picked":"Compile Driver","floor":2.0},{"not_picked":["Redo","Reprogram"],"picked":"Gash","floor":3.0},{"not_picked":["Leap","Scrape"],"picked":"Sunder","floor":5.0},{"not_picked":["Conserve Battery","Rebound"],"picked":"Chill","floor":6.0},{"not_picked":["Tempest","Conserve Battery"],"picked":"Doom and Gloom","floor":7.0},{"not_picked":["Defragment","Barrage"],"picked":"Stack","floor":11.0},{"not_picked":["Barrage","Hello World"],"picked":"Double Energy","floor":14.0},{"not_picked":["Electrodynamics","Creative AI"],"picked":"Biased Cognition","floor":16},{"not_picked":["Streamline","Force Field"],"picked":"Self Repair","floor":18},{"not_picked":["Sweeping Beam","Storm"],"picked":"Conserve Battery","floor":19}],"player_experience":1443345,"relics_obtained":[{"floor":0.0,"key":"Bag of Marbles"},{"floor":0.0,"key":"Blue Candle"},{"floor":0.0,"key":"Lizard Tail"},{"floor":6.0,"key":"Strawberry"},{"floor":9.0,"key":"Tiny Chest"},{"floor":11.0,"key":"MealTicket"},{"floor":20,"key":"Meat on the Bone"}],"event_choices":[{"damage_healed":0.0,"max_hp_gain":0.0,"max_hp_loss":0.0,"gold_gain":275.0,"event_name":"Golden Shrine","player_choice":"Desecrate","floor":4.0,"gold_loss":0.0,"damage_taken":0.0,"cards_obtained":["Regret"]},{"damage_healed":0.0,"max_hp_gain":0.0,"max_hp_loss":0.0,"gold_gain":0.0,"event_name":"Accursed Blacksmith","player_choice":"Rummage","floor":12.0,"gold_loss":0.0,"damage_taken":0.0,"relics_obtained":["WarpedTongs"],"cards_obtained":["Pain"]}],"is_beta":false,"boss_relics":[{"not_picked":["Fusion Hammer","Tiny House"],"picked":"Empty Cage"}],"items_purged_floors":[8],"is_endless":false,"potions_floor_spawned":[2,5,11,16,19],"killed_by":"Cultist and Chosen","ascension_level":20}}