{"host":"5agrj1fd4s00r127","time":1613584429,"event":{"mods":["BaseMod","Minty Spire (QoL Compilation)","StSLib"],"gold_per_floor":[119,394,407,419,436,436,469,469,469,493,511,686,686,686],"floor_reached":13,"language":"RUS","playtime":344,"items_purged":[],"score":85,"play_id":"7b082d49-1197-488e-8f28-6e4fc2854039","local_time":"20210217195349","is_ascension_mode":false,"campfire_choices":[{"data":"FTL","floor":6,"key":"SMITH"},{"data":"Machine Learning","floor":8,"key":"SMITH"}],"circlet_count":0,"master_deck":["Strike_B","Strike_B","Strike_B","Strike_B","Defend_B","Defend_B","Defend_B","Defend_B","Zap+1","Dualcast","Streamline","Regret","Gash","FTL+1","Steam","Machine Learning+1","Turbo","Go for the Eyes","Doubt"],"relics":["Cracked Core","Happy Flower","Blood Vial","Odd Mushroom"],"acts_visited":["Exordium"],"potions_floor_usage":[7,10],"damage_taken":[{"damage":3,"enemies":"2 Louse","floor":1,"turns":2},{"damage":3,"enemies":"Cultist","floor":3,"turns":3},{"damage":3,"enemies":"Jaw Worm","floor":4,"turns":3},{"damage":12,"enemies":"Looter","floor":5,"turns":3},{"damage":21,"enemies":"3 Sentries","floor":7,"turns":6},{"damage":20,"enemies":"The Mushroom Lair","floor":10,"turns":4},{"damage":12,"enemies":"Exordium Thugs","floor":11,"turns":4},{"damage":17,"enemies":"Gremlin Nob","floor":13,"turns":2}],"seed_played":"-645767687981839067","potions_obtained":[{"floor":5,"key":"Strength Potion"},{"floor":7,"key":"Energy Potion"}],"is_trial":false,"path_per_floor":["M","?","M","M","M","R","E","R","T","?","M","?","E"],"character_chosen":"DEFECT","items_purchased":[],"campfire_rested":0,"item_purchase_floors":[],"current_hp_per_floor":[72,72,69,66,54,54,33,33,33,15,5,5,0,0],"gold":686,"neow_bonus":"UPGRADE_CARD","is_daily":false,"chose_seed":false,"campfire_upgraded":2,"win_rate":0.0,"timestamp":1613584429,"path_taken":["M","?","?","M","M","R","E","R","T","?","M","?","E"],"items_purchased_type":[],"build_version":"2020-12-22","purchased_purges":0,"victory":false,"max_hp_per_floor":[75,75,75,75,75,75,75,75,75,75,75,75,75,75],"card_choices":[{"not_picked":["Hologram","Conserve Battery"],"picked":"Streamline","floor":1},{"not_picked":["Glacier","Chaos"],"picked":"Gash","floor":3},{"not_picked":["Capacitor","Coolheaded"],"picked":"FTL","floor":4},{"not_picked":["Cold Snap","Barrage"],"picked":"Steam","floor":5},{"not_picked":["Redo","Rip and Tear"],"picked":"Machine Learning","floor":7},{"not_picked":["Ball Lightning","Cold Snap"],"picked":"Turbo","floor":10},{"not_picked":["White Noise","Stack"],"picked":"Go for the Eyes","floor":11}],"player_experience":32740,"relics_obtained":[{"floor":7,"key":"Happy Flower"},{"floor":9,"key":"Blood Vial"},{"floor":10,"key":"Odd Mushroom"}],"event_choices":[{"damage_healed":0,"gold_gain":275,"player_choice":"Desecrate","damage_taken":0,"max_hp_gain":0,"max_hp_loss":0,"event_name":"Golden Shrine","floor":2,"gold_loss":0,"cards_obtained":["Regret"]},{"damage_healed":0,"gold_gain":0,"player_choice":"Fought Mushrooms","damage_taken":0,"max_hp_gain":0,"max_hp_loss":0,"event_name":"Mushrooms","floor":10,"gold_loss":0},{"damage_healed":0,"gold_gain":175,"player_choice":"AGREE","damage_taken":0,"max_hp_gain":0,"max_hp_loss":0,"event_name":"Liars Game","floor":12,"gold_loss":0,"cards_obtained":["Doubt"]}],"is_beta":false,"boss_relics":[],"items_purged_floors":[],"is_endless":false,"potions_floor_spawned":[5,7],"killed_by":"Gremlin Nob","ascension_level":0}}