{"host":"fxrgx7wt2cpkbhka","time":1613557115,"event":{"mods":["AchievementEnabler","BaseMod","Colored Powertips","Dark Map","Minty Spire (QoL Compilation)","Permanent Neow","Quick Restart","Slay-I","StSLib","Waifu the Spire"],"gold_per_floor":[111,111,126,143,293,293,305,305,305,85,95,95,106,126,126,205,205,223,223,175,100,100,131,131,131,131],"floor_reached":25,"language":"ENG","playtime":512,"items_purged":["Doubt"],"score":369,"play_id":"4e9ea2fb-cb29-4064-99c9-56e56476f66f","local_time":"20210217021835","is_ascension_mode":true,"campfire_choices":[{"data":"Flex","floor":6,"key":"SMITH"},{"data":"Disarm","floor":8,"key":"SMITH"},{"data":"Bash","floor":12,"key":"SMITH"},{"data":"Uppercut","floor":15,"key":"SMITH"},{"data":"Reaper","floor":24,"key":"SMITH"}],"circlet_count":0,"master_deck":["AscendersBane","Strike_R","Strike_R","Strike_R","Strike_R","Defend_R","Defend_R","Defend_R","Defend_R","Bash+1","Flex+1","Disarm+1","Uppercut+1","Reaper+1","Clash"],"relics":["Burning Blood","NeowsBlessing","Akabeko","Busted Crown","Sundial"],"acts_visited":["Exordium","TheCity"],"potions_floor_usage":[7,16,16],"damage_taken":[{"damage":0,"enemies":"Cultist","floor":1,"turns":1},{"damage":0,"enemies":"2 Louse","floor":3,"turns":1},{"damage":0,"enemies":"Jaw Worm","floor":4,"turns":1},{"damage":4,"enemies":"Large Slime","floor":7,"turns":4},{"damage":28,"enemies":"Exordium Thugs","floor":11,"turns":5},{"damage":18,"enemies":"Exordium Wildlife","floor":13,"turns":4},{"damage":0,"enemies":"2 Fungi Beasts","floor":14,"turns":3},{"damage":13,"enemies":"Slime Boss","floor":16,"turns":5},{"damage":18,"enemies":"Shell Parasite","floor":18,"turns":6},{"damage":49,"enemies":"Slavers","floor":23,"turns":9},{"damage":61,"enemies":"Gremlin Leader","floor":25,"turns":7}],"seed_played":"1406586897859526289","potions_obtained":[{"floor":4,"key":"Explosive Potion"},{"floor":11,"key":"SkillPotion"},{"floor":13,"key":"AttackPotion"},{"floor":23,"key":"LiquidMemories"}],"is_trial":false,"path_per_floor":["M","$","M","M","?","R","M","R","T","$","M","R","M","M","R","B",null,"M","?","$","?","$","E","R","E"],"character_chosen":"IRONCLAD","items_purchased":["Akabeko","Clash"],"campfire_rested":0,"item_purchase_floors":[10,20],"current_hp_per_floor":[74,74,75,75,75,75,75,75,75,75,53,53,41,47,47,40,66,60,60,60,60,60,45,45,0,0],"gold":131,"neow_bonus":"THREE_ENEMY_KILL","is_daily":false,"chose_seed":false,"campfire_upgraded":5,"win_rate":0.0,"timestamp":1613557115,"path_taken":["M","$","?","M","?","R","M","R","T","$","M","R","M","M","R","BOSS","M","?","$","?","$","E","R","E"],"items_purchased_type":["Relic","Card"],"build_version":"2020-12-22","purchased_purges":1,"victory":false,"max_hp_per_floor":[75,75,75,75,75,75,75,75,75,75,75,75,75,75,75,75,75,75,75,75,75,75,75,75,75,75],"card_choices":[{"not_picked":["Clash","True Grit"],"picked":"Flex","floor":1},{"not_picked":["Pommel Strike","Perfected Strike","Carnage"],"picked":"SKIP","floor":3},{"not_picked":["Rage","Hemokinesis","Carnage"],"picked":"SKIP","floor":4},{"not_picked":["Anger","Power Through"],"picked":"Disarm","floor":7},{"not_picked":["Ghostly Armor","Pummel","Armaments"],"picked":"SKIP","floor":11},{"not_picked":["Evolve","Twin Strike"],"picked":"Uppercut","floor":13},{"not_picked":["Iron Wave","Hemokinesis","Clothesline"],"picked":"SKIP","floor":14},{"not_picked":["Offering","Berserk"],"picked":"Reaper","floor":16},{"not_picked":["Fire Breathing"],"picked":"SKIP","floor":18},{"not_picked":["Entrench+1"],"picked":"SKIP","floor":23}],"player_experience":786659,"relics_obtained":[{"floor":23,"key":"Sundial"}],"event_choices":[{"damage_healed":0,"gold_gain":150,"player_choice":"AGREE","damage_taken":0,"max_hp_gain":0,"max_hp_loss":0,"event_name":"Liars Game","floor":5,"gold_loss":0,"cards_obtained":["Doubt"]},{"damage_healed":0,"gold_gain":0,"player_choice":"Ignored","damage_taken":0,"max_hp_gain":0,"max_hp_loss":0,"event_name":"Ghosts","floor":19,"gold_loss":0},{"cards_removed":["Strike_R"],"damage_healed":0,"gold_gain":0,"player_choice":"Gave Gold","damage_taken":0,"max_hp_gain":0,"max_hp_loss":0,"event_name":"Beggar","floor":21,"gold_loss":75}],"is_beta":false,"boss_relics":[{"not_picked":["SlaversCollar","Ectoplasm"],"picked":"Busted Crown"}],"items_purged_floors":[10],"is_endless":false,"potions_floor_spawned":[4,11,13,23],"killed_by":"Gremlin Leader","ascension_level":15}}