{"host":"c4445pi3lkcwywew","time":1613595252,"event":{"mods":["AchievementEnabler","BaseMod","Bestiary","Block Reminder","Colored Map","Downfall","Hubris","Minty Spire (QoL Compilation)","Replay The Spire","Shop Mod","StSLib"],"gold_per_floor":[118,118,135,135,672,672,682,695,749,812,829,436,436,446,446,543,543,560,573,398,418,431,466,485,485,508,508,523,533,383,401,401,500,500,516,101,101,113,164,189,207,207,207,207,217,247,247,267,267,267,267],"floor_reached":50,"language":"ENG","playtime":11757,"items_purged":["Strike_R","Defend_R","Shockwave","Sword Boomerang","Strike_R"],"score":568,"play_id":"b9128145-fbbe-475b-9d66-65d81d442fbb","local_time":"20210217145412","is_ascension_mode":false,"campfire_choices":[{"data":"Battle Trance","floor":6.0,"key":"SMITH"},{"data":"Bloodletting","floor":13,"key":"SMITH"},{"data":"Clash","floor":15,"key":"SMITH"},{"data":"Rampage","floor":25,"key":"SMITH"},{"data":"Iron Wave","floor":32,"key":"SMITH"},{"floor":44,"key":"REST"},{"floor":49,"key":"RECALL"}],"circlet_count":0,"master_deck":["Strike_R","Strike_R","Strike_R","Defend_R","Defend_R","Bash","Bloodletting+1","Pommel Strike+1","Battle Trance+1","Clash+1","Headbutt","Immolate","Iron Wave+1","Rampage+1","Clash","Headbutt+1","Clash+1","Pommel Strike","Combust","Panache"],"relics":["Black Blood","MealTicket","Garlic","hubris:MysteriousPyramids","hubris:ChampionShield","Replay:Kaleidoscope","hubris:Potato","Letter Opener","Tiny Chest","Matryoshka","Pocketwatch","hubris:Metronome","Bronze Scales","hubris:ToyBattleship","Magic Flower","The Courier"],"acts_visited":["Exordium","TheCity","TheBeyond"],"potions_floor_usage":[10,24,38,39,40,46,50],"damage_taken":[{"damage":0.0,"enemies":"Small Slimes","floor":1.0,"turns":3.0},{"damage":10.0,"enemies":"Jaw Worm","floor":3.0,"turns":4.0},{"damage":3.0,"enemies":"Cultist","floor":7.0,"turns":2.0},{"damage":7.0,"enemies":"Lots of Slimes","floor":8.0,"turns":3.0},{"damage":9,"enemies":"Gremlin Nob","floor":10,"turns":3},{"damage":4,"enemies":"Blue Slaver","floor":11,"turns":2},{"damage":0,"enemies":"Exordium Thugs","floor":14,"turns":2},{"damage":0,"enemies":"Slime Boss","floor":16,"turns":4},{"damage":5,"enemies":"Shell Parasite","floor":18,"turns":3},{"damage":0,"enemies":"3 Byrds","floor":19,"turns":4},{"damage":12,"enemies":"Snake Plant","floor":21,"turns":4},{"damage":0,"enemies":"Snecko","floor":22,"turns":2},{"damage":6,"enemies":"Replay:Snechameleon","floor":23,"turns":3},{"damage":8,"enemies":"Sentry and Sphere","floor":24,"turns":3},{"damage":15,"enemies":"Centurion and Healer","floor":28,"turns":3},{"damage":13,"enemies":"Snecko","floor":29,"turns":3},{"damage":0,"enemies":"3 Cultists","floor":31,"turns":2},{"damage":33,"enemies":"hubris:MusketHawk","floor":33,"turns":5},{"damage":0,"enemies":"Orb Walker","floor":35,"turns":2},{"damage":0,"enemies":"3 Shapes","floor":38,"turns":3},{"damage":46,"enemies":"2 Orb Walkers","floor":39,"turns":4},{"damage":52,"enemies":"R_Hoarder","floor":40,"turns":7},{"damage":18,"enemies":"Writhing Mass","floor":41,"turns":4},{"damage":1,"enemies":"Jaw Worm Horde","floor":45,"turns":2},{"damage":11,"enemies":"Giant Head","floor":46,"turns":5},{"damage":9,"enemies":"Spire Growth","floor":48,"turns":2},{"damage":73,"enemies":"Replay:Hell Engine","floor":50,"turns":10}],"seed_played":"1476248400819206783","potions_obtained":[{"floor":1.0,"key":"AttackPotion"},{"floor":3.0,"key":"Elixir"},{"floor":10,"key":"Weak Potion"},{"floor":16,"key":"Fire Potion"},{"floor":18,"key":"BloodPotion"},{"floor":21,"key":"Adrenaline Potion"},{"floor":28,"key":"champ:CounterPotion"},{"floor":33,"key":"CultistPotion"},{"floor":41,"key":"DistilledChaos"},{"floor":45,"key":"LiquidBronze"},{"floor":48,"key":"Explosive Potion"}],"is_trial":false,"path_per_floor":["M","?","M","T","$","R","M","M","T","?","M","$","R","M","R","B",null,"M","M","$","M","M","E","M","R","T","?","M","M","$","M","R","B",null,"M","$","?","M","?","E","M","T","T","R","M","E","?","M","R","B"],"character_chosen":"IRONCLAD","items_purchased":["Battle Trance","hubris:MysteriousPyramids","hubris:Potato","Clash","Matryoshka"],"campfire_rested":1,"item_purchase_floors":[5,5,12,20,36],"current_hp_per_floor":[80,80,76,76,80,80,80,79,79,76,78,80,80,80,80,80,80,80,80,80,74,80,80,78,78,78,78,69,62,77,80,80,53,80,80,80,80,80,62,22,16,16,16,40,57,64,64,73,73,0,0],"gold":267,"neow_bonus":"RANDOM_COMMON_RELIC","is_daily":false,"chose_seed":false,"campfire_upgraded":5,"win_rate":0.0,"timestamp":1613595252,"path_taken":["M","?","M","?","?","R","?","M","T","?","M","$","R","M","R","BOSS","M","M","$","M","M","E","M","R","T","?","M","M","$","M","R","BOSS","M","$","?","M","?","E","M","?","T","R","M","E","?","M","R","BOSS"],"items_purchased_type":["Card","Relic","Relic","Card","Relic"],"build_version":"2020-12-22","purchased_purges":5,"victory":false,"max_hp_per_floor":[80,80,80,80,80,80,80,80,80,80,80,80,80,80,80,80,80,80,80,80,80,80,80,80,80,80,80,80,80,80,80,80,80,80,80,80,80,80,80,80,80,80,80,80,80,80,80,80,80,80,80],"card_choices":[{"not_picked":["ReplayTheSpireMod:Strike From Hell","ReplayTheSpireMod:Corrosion Curse"],"picked":"Bloodletting","floor":1.0},{"not_picked":["Armaments","Wild Strike"],"picked":"Pommel Strike","floor":3.0},{"not_picked":["Iron Wave","ReplayTheSpireMod:Stacked"],"picked":"Shockwave","floor":7.0},{"not_picked":["Heavy Blade","Reckless Charge","True Grit"],"picked":"SKIP","floor":8.0},{"not_picked":["Hemogenesis","ReplayTheSpireMod:Muscle Training"],"picked":"Sword Boomerang","floor":10},{"not_picked":["Sword Boomerang","hubris:ReadiedAction"],"picked":"Clash","floor":11},{"not_picked":["Pommel Strike","Twin Strike"],"picked":"Headbutt","floor":14},{"not_picked":["Juggernaut","Reaper"],"picked":"Immolate","floor":16},{"not_picked":["Massacre","Clothesline"],"picked":"Iron Wave","floor":18},{"not_picked":["Heavy Blade","Clothesline"],"picked":"Rampage","floor":19},{"not_picked":["Havoc","Armaments","Battle Trance"],"picked":"SKIP","floor":21},{"not_picked":["Wild Strike+1","Perfected Strike+1","Whirlwind"],"picked":"SKIP","floor":22},{"not_picked":["Wild Strike+1","Perfected Strike+1","Whirlwind"],"picked":"SKIP","floor":22},{"not_picked":["Sever Soul","Barricade","Spot Weakness"],"picked":"SKIP","floor":23},{"not_picked":["Replay:Undeath\u0027s Touch","Abandon"],"picked":"Headbutt+1","floor":24},{"not_picked":["Intimidate","Sword Boomerang","Pommel Strike+1"],"picked":"SKIP","floor":28},{"not_picked":["Carnage+1","Run Through"],"picked":"Clash+1","floor":29},{"not_picked":["Flex","Limit Break","Dark Embrace"],"picked":"SKIP","floor":31},{"not_picked":["Havoc+1","Thunderclap+1"],"picked":"Pommel Strike","floor":35},{"not_picked":["Pommel Strike+1","Havoc+1","hubris:ReadiedAction+1"],"picked":"SKIP","floor":38},{"not_picked":["Cleave+1","Havoc+1"],"picked":"Combust","floor":40},{"not_picked":["hubris:ReadiedAction","Heavy Blade+1","Run Through"],"picked":"SKIP","floor":41},{"not_picked":["Inflame","Wild Strike+1","Replay:Undeath\u0027s Touch"],"picked":"SKIP","floor":45},{"not_picked":["Defy Death+1","Heavy Blade+1","Clothesline"],"picked":"SKIP","floor":46},{"not_picked":["Replay:Parry","hubris:Ssssneak"],"picked":"Panache","floor":47},{"not_picked":["Wild Strike","Cleave+1","ReplayTheSpireMod:Stacked+1"],"picked":"SKIP","floor":48}],"player_experience":167375,"relics_obtained":[{"floor":4.0,"key":"Garlic"},{"floor":9.0,"key":"hubris:ChampionShield"},{"floor":10,"key":"Replay:Kaleidoscope"},{"floor":23,"key":"Letter Opener"},{"floor":26,"key":"Tiny Chest"},{"floor":39,"key":"Pocketwatch"},{"floor":40,"key":"hubris:Metronome"},{"floor":42,"key":"Bronze Scales"},{"floor":43,"key":"hubris:ToyBattleship"},{"floor":43,"key":"Magic Flower"},{"floor":46,"key":"The Courier"}],"event_choices":[{"cards_removed":["Defend_R"],"damage_healed":0.0,"max_hp_gain":0.0,"max_hp_loss":0.0,"gold_gain":0.0,"event_name":"Living Wall","player_choice":"Forget","floor":2.0,"gold_loss":0.0,"damage_taken":0.0},{"damage_healed":0,"gold_gain":0,"player_choice":"Searched \u00271\u0027 times","damage_taken":0,"max_hp_gain":0,"max_hp_loss":0,"event_name":"Dead Adventurer","floor":10,"gold_loss":0},{"damage_healed":0,"gold_gain":0,"player_choice":"Fight","damage_taken":0,"max_hp_gain":0,"max_hp_loss":0,"event_name":"Mysterious Sphere","floor":39,"gold_loss":0},{"damage_healed":0,"gold_gain":0,"player_choice":"Memory 1","damage_taken":0,"max_hp_gain":0,"max_hp_loss":0,"event_name":"SensoryStone","floor":47,"gold_loss":0}],"is_beta":false,"boss_relics":[{"not_picked":["hubris:TerracottaHorce","Honey Jar","Velvet Choker"]},{"not_picked":["hubris:VirtuousBlindfold","Astrolabe"],"picked":"Black Blood"}],"items_purged_floors":[5,12,20,30,36],"is_endless":false,"potions_floor_spawned":[1,3,10,16,18,21,28,33,41,45,48],"killed_by":"Replay:Hell Engine","ascension_level":0}}