{"host":"hf83sijwe64ts2lm","time":1613527560,"event":{"mods":["2.2 Compatiblity","BaseMod","Better Altar","Better Match","Better Note","Better Sensory Stone","Better Skull","Better Third Choice","Colored Map","Colored Powertips","Highlight Path","Hubris","Infinite Spire","Minty Spire (QoL Compilation)","Quick Restart","Rare Cards Sparkle","Relic Stats","Reliquary","Replay The Spire","Shop Mod","Spicy Shops","Spire Arcade","StSLib","Thieving Mod"],"gold_per_floor":[117,28,43,43,57,85,85,110,190,190,190,190,218,234,234,330,330,312,312,312,332,332,360,360,360],"floor_reached":24,"language":"ENG","playtime":520,"items_purged":[],"score":267,"play_id":"4661a221-3c84-4103-abcd-0addaf1be71e","local_time":"20210216210600","is_ascension_mode":true,"campfire_choices":[{"floor":7,"key":"REST"},{"floor":10,"key":"REST"},{"data":"Masterful Stab","floor":12,"key":"SMITH"},{"floor":15,"key":"REST"}],"circlet_count":0,"master_deck":["Strike_G","Strike_G","Strike_G","Strike_G","Strike_G","Defend_G","Defend_G","Defend_G","Defend_G","Defend_G","Survivor","Neutralize+1","Blade Dance","Bane","Leg Sweep","Outmaneuver","Bane","Corpse Explosion+1","Masterful Stab+1","Flying Knee","Sucker Punch","Terror+1","Flying Knee","Corpse Explosion","Slice","Blade Dance","Fluid Movement"],"relics":["Ring of the Snake","Onion Ring","Dream Catcher","PreservedInsect","Ring of Chaos","Sundial"],"acts_visited":["Exordium","TheCity"],"potions_floor_usage":[5,6,16],"damage_taken":[{"damage":2,"enemies":"Jaw Worm","floor":1,"turns":5},{"damage":6,"enemies":"2 Louse","floor":3,"turns":2},{"damage":0,"enemies":"Cultist","floor":5,"turns":3},{"damage":44,"enemies":"Lagavulin","floor":6,"turns":12},{"damage":12,"enemies":"3 Sentries","floor":8,"turns":4},{"damage":13,"enemies":"Gremlin Nob","floor":13,"turns":3},{"damage":0,"enemies":"2 Fungi Beasts","floor":14,"turns":2},{"damage":40,"enemies":"The Guardian","floor":16,"turns":10},{"damage":20,"enemies":"2 Thieves","floor":18,"turns":4},{"damage":24,"enemies":"Shell Parasite","floor":21,"turns":5},{"damage":41,"enemies":"Replay:Snechameleon","floor":23,"turns":5},{"damage":19,"enemies":"Snake Plant","floor":24,"turns":3}],"seed_played":"6833549930295993960","potions_obtained":[{"floor":1,"key":"Weak Potion"},{"floor":3,"key":"LiquidMemories"},{"floor":14,"key":"CunningPotion"},{"floor":16,"key":"FairyPotion"},{"floor":23,"key":"Ancient Potion"}],"is_trial":false,"path_per_floor":["M","$","M","?","M","E","R","E","T","R","?","R","E","M","R","B",null,"M","?","?","M","?","E","M"],"character_chosen":"THE_SILENT","items_purchased":["Bane","Leg Sweep"],"campfire_rested":3,"item_purchase_floors":[2,2],"current_hp_per_floor":[75,75,69,69,69,25,48,36,36,59,59,59,46,46,69,29,77,57,57,57,33,33,17,0,0],"gold":360,"neow_bonus":"TEN_PERCENT_HP_BONUS","is_daily":false,"chose_seed":false,"campfire_upgraded":1,"win_rate":0.0,"timestamp":1613527560,"path_taken":["M","$","M","?","M","E","R","E","T","R","?","R","E","M","R","BOSS","M","?","?","?","?","E","M"],"items_purchased_type":["Card","Card"],"build_version":"2020-12-22","purchased_purges":0,"victory":false,"max_hp_per_floor":[77,77,77,77,77,77,77,77,77,77,77,77,77,77,77,77,77,77,77,77,77,77,77,77,77],"relic_stats":{"Dream Catcher":2,"counters":[12,58],"Sundial":[0],"PreservedInsect":37,"obtain_stats":[{"Dream Catcher":8,"Sundial":23,"Onion Ring":6,"PreservedInsect":13,"Ring of Chaos":17,"Ring of the Snake":0},{"Dream Catcher":5,"Sundial":11,"Onion Ring":4,"PreservedInsect":6,"Ring of Chaos":8,"Ring of the Snake":0},{"Dream Catcher":26,"Sundial":55,"Onion Ring":22,"PreservedInsect":29,"Ring of Chaos":41,"Ring of the Snake":0}],"Ring of the Snake":[24]},"card_choices":[{"not_picked":["Bane","Deadly Poison"],"picked":"Blade Dance","floor":1},{"not_picked":["hubris:TrickCloak","Reflex"],"picked":"Outmaneuver","floor":3},{"not_picked":["Backflip","Predator"],"picked":"Bane","floor":5},{"not_picked":["ReplayTheSpireMod:Exploit Weakness","Adrenaline"],"picked":"Corpse Explosion","floor":6},{"not_picked":["Well Laid Plans","Underhanded Strike"],"picked":"Masterful Stab","floor":8},{"not_picked":["Concentrate","Acrobatics"],"picked":"Flying Knee","floor":10},{"not_picked":["Acrobatics","Dodge and Roll"],"picked":"Sucker Punch","floor":13},{"not_picked":["ReplayTheSpireMod:The Works","Deflect"],"picked":"Terror","floor":14},{"not_picked":["Choke","hubris:Counter"],"picked":"Flying Knee","floor":15},{"not_picked":["Malaise","Bullet Time"],"picked":"Corpse Explosion","floor":16},{"not_picked":["ReplayTheSpireMod:Shiv Toss","ReplayTheSpireMod:The Works+1"],"picked":"Slice","floor":18},{"not_picked":["ReplayTheSpireMod:Exploit Weakness","Prepared"],"picked":"Blade Dance","floor":21},{"not_picked":["Acrobatics+1","Dash"],"picked":"Fluid Movement","floor":23}],"player_experience":180325,"relics_obtained":[{"floor":6,"key":"Onion Ring"},{"floor":8,"key":"Dream Catcher"},{"floor":13,"key":"PreservedInsect"},{"floor":23,"key":"Sundial"}],"event_choices":[{"damage_healed":0,"gold_gain":0,"player_choice":"Ignored","damage_taken":0,"max_hp_gain":0,"max_hp_loss":0,"event_name":"Vampires","floor":19,"gold_loss":0},{"damage_healed":0,"gold_gain":0,"player_choice":"Upgraded","damage_taken":0,"max_hp_gain":0,"max_hp_loss":0,"event_name":"Upgrade Shrine","floor":20,"gold_loss":0,"cards_upgraded":["Terror"]}],"is_beta":false,"boss_relics":[{"not_picked":["Ectoplasm","Snecko Scales"],"picked":"Ring of Chaos"}],"items_purged_floors":[],"is_endless":false,"potions_floor_spawned":[1,3,14,16,23],"killed_by":"Snake Plant","ascension_level":3}}