{"host":"h49usdrjeju7gyhi","time":1613590161,"event":{"mods":["BaseMod","Colored Map","Minty Spire (QoL Compilation)","SOS???????","StSLib"],"gold_per_floor":[259,282,326,373,373,8,52,80,160,184,197,197,1,39,39,160,210,120,175,71,71,135,108,108,82,108,129,149,149,24,108,108,261,261,127,159,220,288,304,382,219,300,326,398,398,418,493,493,493,567,567,567,151,126,66],"floor_reached":56,"language":"ENG","playtime":3862,"items_purged":["Defend_Dante","Purpleorb","Redorb+1"],"score":2108,"play_id":"35fc91a2-40ab-4958-9024-1f8c53be27fc","local_time":"20210217142921","is_ascension_mode":true,"campfire_choices":[{"data":"Swordmaster","floor":12.0,"key":"SMITH"},{"data":"Redorb","floor":15.0,"key":"SMITH"},{"data":"Dash2","floor":24.0,"key":"SMITH"},{"data":"SSScard","floor":32.0,"key":"SMITH"},{"floor":45,"key":"RECALL"},{"data":"Royalguard","floor":49,"key":"SMITH"},{"data":"Stylechange","floor":52,"key":"SMITH"}],"circlet_count":0,"master_deck":["Attack_a+1","Attack_a+1","Attack_b","Shoot","Shoot+1","Provocation+1","Defend_Dante+1","Defend_Dante","Defend_Dante","Royaldefend","Swordmaster+1","DevilstarL","CoyoteA","SSScard+1","Dash2+1","Royaldefend","EbonyIvory","Swordcombo","SSScard","Stylechange+1","Gilgamesh+1","Rebellion","Airtrick","Airtrick","Royalguard+1","Demonreform"],"relics":["SSS","Combocheck","Calipers","Matryoshka","War Paint","White Beast Statue","Oddly Smooth Stone","Membership Card","Tiny House","Happy Flower","Akabeko","Regal Pillow","Ginger","Blue Candle","Philosopher\u0027s Stone","Pear","DollysMirror","Whetstone","Blood Vial","Pocketwatch","Potion Belt","Shuriken","Mummified Hand","Kunai"],"acts_visited":["Exordium","TheCity","TheBeyond","TheEnding"],"potions_floor_usage":[39,46,55,55,55,55],"damage_taken":[{"damage":19.0,"enemies":"Jaw Worm","floor":1.0,"turns":6.0},{"damage":2.0,"enemies":"Cultist","floor":2.0,"turns":4.0},{"damage":0.0,"enemies":"Small Slimes","floor":3.0,"turns":3.0},{"damage":3.0,"enemies":"Exordium Thugs","floor":4.0,"turns":4.0},{"damage":6.0,"enemies":"3 Sentries","floor":7.0,"turns":6.0},{"damage":10.0,"enemies":"Exordium Wildlife","floor":8.0,"turns":3.0},{"damage":4.0,"enemies":"Blue Slaver","floor":10.0,"turns":3.0},{"damage":0.0,"enemies":"Lagavulin","floor":11.0,"turns":2.0},{"damage":0.0,"enemies":"Gremlin Gang","floor":14.0,"turns":2.0},{"damage":18.0,"enemies":"The Guardian","floor":16.0,"turns":4.0},{"damage":0.0,"enemies":"3 Byrds","floor":18.0,"turns":2.0},{"damage":0.0,"enemies":"Shell Parasite","floor":19.0,"turns":2.0},{"damage":0.0,"enemies":"Snecko","floor":20.0,"turns":4.0},{"damage":0.0,"enemies":"Shelled Parasite and Fungi","floor":22.0,"turns":2.0},{"damage":0.0,"enemies":"Book of Stabbing","floor":23.0,"turns":1.0},{"damage":5.0,"enemies":"Slavers","floor":27.0,"turns":5.0},{"damage":9.0,"enemies":"Snake Plant","floor":28.0,"turns":3.0},{"damage":0.0,"enemies":"Centurion and Healer","floor":30.0,"turns":2.0},{"damage":0.0,"enemies":"Gremlin Leader","floor":31.0,"turns":2.0},{"damage":0.0,"enemies":"Collector","floor":33.0,"turns":4.0},{"damage":0,"enemies":"3 Shapes","floor":35,"turns":2},{"damage":0,"enemies":"Orb Walker","floor":36,"turns":2},{"damage":0,"enemies":"4 Shapes","floor":37,"turns":1},{"damage":0,"enemies":"3 Darklings","floor":38,"turns":1},{"damage":0,"enemies":"Transient","floor":39,"turns":5},{"damage":0,"enemies":"Reptomancer","floor":40,"turns":1},{"damage":0,"enemies":"Nemesis","floor":42,"turns":1},{"damage":0,"enemies":"Giant Head","floor":44,"turns":2},{"damage":0,"enemies":"2 Orb Walkers","floor":46,"turns":2},{"damage":0,"enemies":"Nemesis","floor":47,"turns":1},{"damage":0,"enemies":"Awakened One","floor":50,"turns":4},{"damage":0,"enemies":"Shield and Spear","floor":54,"turns":1},{"damage":0,"enemies":"The Heart","floor":55,"turns":3}],"seed_played":"-9085512471739750580","potions_obtained":[{"floor":3.0,"key":"Fire Potion"},{"floor":4.0,"key":"FairyPotion"},{"floor":10.0,"key":"Weak Potion"},{"floor":11.0,"key":"LiquidBronze"},{"floor":14.0,"key":"DistilledChaos"},{"floor":22.0,"key":"SneckoOil"},{"floor":28.0,"key":"GamblersBrew"},{"floor":39,"key":"LiquidMemories"},{"floor":46,"key":"Energy Potion"},{"floor":47,"key":"Weak Potion"},{"floor":54,"key":"Strength Potion"}],"is_trial":false,"path_per_floor":["M","M","M","M","?","$","E","M","T","M","E","R","$","M","R","B",null,"M","M","M","?","M","E","R","$","T","E","M","$","M","E","R","B",null,"M","M","M","M","M","E","$","E","T","E","R","?","E","?","R","B",null,"R","$","E","B",null],"character_chosen":"DANTE","items_purchased":["Calipers","Membership Card","CoyoteA","EbonyIvory","Airtrick","DollysMirror","Shuriken","Demonreform","Mummified Hand","Swift Potion"],"campfire_rested":0,"item_purchase_floors":[6,13,13,25,41,41,53,53,53,53],"current_hp_per_floor":[61,59,59,56,80,80,74,64,64,60,60,60,60,60,60,42,76,76,76,76,76,76,76,76,76,76,71,62,62,62,62,62,62,79,79,79,79,79,79,89,89,89,89,89,89,91,93,90,90,90,90,90,90,90,90],"gold":66,"neow_bonus":"HUNDRED_GOLD","is_daily":false,"chose_seed":false,"campfire_upgraded":6,"win_rate":0.0,"timestamp":1613590161,"path_taken":["M","M","M","M","?","$","E","M","T","M","E","R","?","M","R","BOSS","M","M","M","?","M","E","R","$","T","E","M","?","M","E","R","BOSS","M","M","M","M","M","E","$","E","T","E","R","?","E","?","R","BOSS","R","$","E","BOSS"],"items_purchased_type":["Relic","Relic","Card","Card","Card","Relic","Relic","Card","Relic","Potion"],"build_version":"2020-12-22","purchased_purges":3,"victory":true,"max_hp_per_floor":[80,80,80,80,80,80,80,80,80,80,80,80,80,80,80,80,85,85,85,85,85,85,85,85,85,85,85,85,85,85,85,85,85,85,85,85,85,85,85,95,95,95,95,95,95,95,95,90,90,90,90,90,90,90,90],"card_choices":[{"not_picked":["Dash1","Doubleshoot"],"picked":"Royaldefend","floor":1.0},{"not_picked":["Dash1","Shock"],"picked":"Swordmaster","floor":2.0},{"not_picked":["VitalstarS","Chargeshoot","Airhike"],"picked":"SKIP","floor":3.0},{"not_picked":["Gunstinger","Greenorb"],"picked":"VitalstarM","floor":4.0},{"not_picked":["Chargeshoot","Shock"],"picked":"DevilstarL","floor":7.0},{"not_picked":["GilgameshcomboA","LucifercomboC","Kick13"],"picked":"SKIP","floor":8.0},{"not_picked":["VitalstarS","Whiteorb","LucifercomboD"],"picked":"SKIP","floor":10.0},{"not_picked":["Swordmaster","Millionkick","VitalstarS"],"picked":"SKIP","floor":11.0},{"not_picked":["BeastUppercut","Greenorb"],"picked":"SSScard","floor":14.0},{"not_picked":["DevilstarL","Airtrick"],"picked":"Purpleorb","floor":16.0},{"not_picked":["SSScard","CoyoteA"],"picked":"Dash2","floor":17.0},{"not_picked":["BeastUppercut","Shock","Straight"],"picked":"SKIP","floor":18.0},{"not_picked":["DevilstarS","Lucifer","Weaponchange+1"],"picked":"SKIP","floor":19.0},{"not_picked":["Millionkick","Hightime","Straight+1"],"picked":"SKIP","floor":20.0},{"not_picked":["Hightime","Purpleorb","Fullhouse"],"picked":"SKIP","floor":22.0},{"not_picked":["Greenorb","Whiteorb"],"picked":"Royaldefend","floor":23.0},{"not_picked":["Ecstasy","VitalstarM"],"picked":"Swordcombo","floor":27.0},{"not_picked":["Gunstinger","Splesh"],"picked":"SSScard","floor":28.0},{"not_picked":["LucifercomboC+1","Hightime+1","Weaponupgrade"],"picked":"SKIP","floor":30.0},{"not_picked":["Honeycombofire+1","Holywater","Unrisingdragon"],"picked":"SKIP","floor":31.0},{"not_picked":["Blueorb","Demonreform"],"picked":"Stylechange","floor":33.0},{"not_picked":["EbonyIvory+1","CoyoteA"],"picked":"Gilgamesh+1","floor":35},{"not_picked":["LucifercomboC","Kick13+1"],"picked":"Rebellion","floor":36},{"not_picked":["Gilgamesh","Rebellion","LucifercomboD+1"],"picked":"SKIP","floor":37},{"not_picked":["Greenorb+1","Stinger","Dash2"],"picked":"SKIP","floor":38},{"not_picked":["LucifercomboC+1","Millionkick+1","Rebellion"],"picked":"SKIP","floor":39},{"not_picked":["Shock","Lucifer+1","Kick13+1"],"picked":"SKIP","floor":40},{"not_picked":["Straight","DevilstarS+1","BeastUppercut"],"picked":"SKIP","floor":42},{"not_picked":["VitalstarS+1","Greenorb"],"picked":"Royalguard","floor":44},{"not_picked":["Weaponchange+1","Gunslinger+1","EbonyIvory+1"],"picked":"SKIP","floor":47},{"not_picked":["Gilgamesh","LucifercomboB","Fullhouse"],"picked":"SKIP","floor":54}],"player_experience":1141788,"relics_obtained":[{"floor":7.0,"key":"Matryoshka"},{"floor":9.0,"key":"War Paint"},{"floor":9.0,"key":"White Beast Statue"},{"floor":11.0,"key":"Oddly Smooth Stone"},{"floor":23.0,"key":"Happy Flower"},{"floor":26.0,"key":"Akabeko"},{"floor":26.0,"key":"Regal Pillow"},{"floor":27.0,"key":"Ginger"},{"floor":31.0,"key":"Blue Candle"},{"floor":40,"key":"Pear"},{"floor":42,"key":"Whetstone"},{"floor":44,"key":"Blood Vial"},{"floor":46,"key":"Pocketwatch"},{"floor":47,"key":"Potion Belt"},{"floor":54,"key":"Kunai"}],"event_choices":[{"cards_removed":["VitalstarM"],"damage_healed":24.0,"max_hp_gain":0.0,"max_hp_loss":0.0,"gold_gain":0.0,"event_name":"Bonfire Elementals","player_choice":"Offered Uncommon","floor":5.0,"gold_loss":0.0,"damage_taken":0.0},{"damage_healed":0,"gold_gain":0,"player_choice":"Fight","damage_taken":0,"max_hp_gain":0,"max_hp_loss":0,"event_name":"Mysterious Sphere","floor":46,"gold_loss":0},{"damage_healed":0,"gold_gain":0,"player_choice":"Max HP","damage_taken":0,"max_hp_gain":0,"max_hp_loss":5,"event_name":"Winding Halls","floor":48,"gold_loss":0}],"is_beta":false,"boss_relics":[{"not_picked":["Empty Cage","Sozu"],"picked":"Tiny House"},{"not_picked":["Astrolabe","Pandora\u0027s Box"],"picked":"Philosopher\u0027s Stone"}],"items_purged_floors":[6,41,53],"is_endless":false,"potions_floor_spawned":[3,4,10,11,14,16,18,19,20,22,23,27,28,30,31,33,35,36,37,38,39,40,42,44,46,47,54],"ascension_level":5}}