{"host":"mhk64yc8b8cafbgt","time":1613583049,"event":{"mods":["Act Like it!","Aspiration","BaseMod","BetterRewards","CapriCore","Downfall","Energized Spire","Friendly Minions","GifTheSpireLib","Gold Saver","HornydragonMod","LagranYue(拉格朗・月)","Marked Mod","Minty Spire (QoL Compilation)","MostiFishMod","Pale of the Ancients","Quick Restart","Relic Filter Mod","Robot Space Explorer","RumiaBox-露米娅的神秘盒子","Ryuuou龙王","Shop Mod","Spicy Shops","StSLib","TestMod","Uncapped","[IsaacMod]以撒尖塔","noobMod","【功能Mod】混沌之环修复补丁","【遗物卡牌】REMEMod","残留之物"],"gold_per_floor":[1827,1827,1843,1853,1255,1282,1282,1309,1335,1335,1368,1381,1331,1358,1358,1459,1459,1474,1488,1500,1240,1268,1297,1310,1310,1337,1365,1380,1394,1404,1439,1439,1539,1489,1504,1250,1250,1650,1170,1202,1202,1202,1202,1424,1424,2449,2449,2460,2460,3460,3479,3492,3492,2766,2766,2782,2782,2186,2186,2186],"floor_reached":61,"language":"ZHS","playtime":2445,"items_purged":["Injury","Strike_P","Strike_P","WreathOfFlame+1","Strike_P","Strike_P+1","Eruption+1","Defend_P+1"],"score":2448,"play_id":"07811519-52e4-422c-a54a-e83205195800","local_time":"20210218013049","is_ascension_mode":true,"campfire_choices":[{"floor":7,"key":"RECALL"},{"data":"REME_EyeOfCthun","floor":10,"key":"SMITH"},{"data":"LikeWater","floor":15,"key":"SMITH"},{"data":"testmod-ChaoticCore","floor":41,"key":"SMITH"},{"floor":49,"key":"REST"},{"data":"MarkedMod:PinPointDefense","floor":55,"key":"SMITH"},{"floor":57,"key":"REST"}],"circlet_count":0,"master_deck":["Defend_P+1","Defend_P+1","Defend_P+1","Vigilance+1","EpicFetus+1","Mayhem+1","FlurryOfBlows+1","testmod-BackupPower+1","REME_EyeOfCthun+1","MarkedMod:PinPointDefense+1","PathToVictory+1","LikeWater+1","DeusExMachina+1","Prostrate+1","testmod-ChaoticCore+1","REME_Repentance+1","InnerPeace+1","REME_MagicPocketWatch+1","Deep Breath+1","Madness+1","Madness+1","Ryuuou:NotRegret+1","MarkedMod:PinPointDefense+1","MarkedMod:GracefulMovements","LikeWater","MarkedMod:PinPointDefense","MarkedMod:GracefulMovements"],"relics":["PureWater","REME_ComplimentaryCards","DaveBox","testmod-TestBox","KeepersGift","ice","LagranYue:RandomDrawCardRelic","aspiration:Nostalgia","Ring of the Snake","Membership Card","Toxic Egg 2","MerchantsRug","testmod-Brilliant","Damaru","Technique","Anchor","GodSword6","testmod-AssaultLearning","Guardian:PocketSentry","REME_ChargedStone","MostiFishMod:AdaptiveDefenses","aspiration:ArtOfWarUpgrade","Red Mask","BFFS","Juzu Bracelet","Sundial","Mercury Hourglass","energizedSpire:HugeHouse","testmod-Register","SynthV:C4","Strange Spoon","testmod-Hope","MagicDraw2","testmod-Antiphasic","Dream Catcher","MagicDraw3","Molten Egg 2","The Courier","paleoftheancients:Timepiece","paleoftheancients:KeyRelic","CultistMask","paleoftheancients:SoulOfTheWatcher","War Paint","GodSword5","Letter Opener","Strawberry","testmod-CyclicPeriapt","SSSystem","Bird Faced Urn","aspiration:SeaSaltIceCream","aspiration:Nostalgia","WineBottle","Unceasing Top","LagranYue:MagicReflectiveArmorRelic","Boot"],"acts_visited":["Exordium","TheCity","TheBeyond","paleoftheancients:PaleOfTheAncients"],"potions_floor_usage":[8,36,51],"damage_taken":[{"damage":4,"enemies":"Jaw Worm","floor":1,"turns":4},{"damage":7,"enemies":"2 Louse","floor":3,"turns":3},{"damage":14,"enemies":"Small Slimes","floor":4,"turns":6},{"damage":0,"enemies":"3 Sentries","floor":6,"turns":1},{"damage":0,"enemies":"Lagavulin","floor":8,"turns":2},{"damage":0,"enemies":"Gremlin Nob","floor":11,"turns":1},{"damage":0,"enemies":"Looter","floor":12,"turns":1},{"damage":2,"enemies":"Lagavulin","floor":14,"turns":3},{"damage":0,"enemies":"Hexaghost","floor":16,"turns":4},{"damage":0,"enemies":"Spheric Guardian","floor":18,"turns":1},{"damage":0,"enemies":"Chosen","floor":19,"turns":2},{"damage":0,"enemies":"Snake Plant","floor":20,"turns":1},{"damage":0,"enemies":"Masked Bandits","floor":22,"turns":1},{"damage":0,"enemies":"Book of Stabbing","floor":23,"turns":1},{"damage":0,"enemies":"Snecko","floor":24,"turns":1},{"damage":0,"enemies":"Slavers","floor":27,"turns":1},{"damage":0,"enemies":"Cultist and Chosen","floor":28,"turns":1},{"damage":0,"enemies":"Snake Plant","floor":29,"turns":1},{"damage":0,"enemies":"Snecko","floor":30,"turns":2},{"damage":0,"enemies":"Book of Stabbing","floor":31,"turns":4},{"damage":1,"enemies":"Automaton","floor":33,"turns":4},{"damage":0,"enemies":"Orb Walker","floor":35,"turns":1},{"damage":0,"enemies":"Nemesis","floor":40,"turns":1},{"damage":0,"enemies":"Giant Head","floor":46,"turns":5},{"damage":0,"enemies":"3 Shapes","floor":48,"turns":1},{"damage":0,"enemies":"Time Eater","floor":50,"turns":2},{"damage":52,"enemies":"Time Eater","floor":51,"turns":8},{"damage":0,"enemies":"Time Eater","floor":52,"turns":3},{"damage":0,"enemies":"Time Eater","floor":56,"turns":2},{"damage":0,"enemies":"paleoftheancients:N","floor":60,"turns":5}],"seed_played":"8051557223106251246","potions_obtained":[{"floor":1,"key":"Energy Potion"},{"floor":3,"key":"PowerPotion"},{"floor":6,"key":"Explosive Potion"},{"floor":14,"key":"bronze:BurnAndBuffPotion"},{"floor":29,"key":"DistilledChaos"},{"floor":48,"key":"SteroidPotion"},{"floor":51,"key":"BlessingOfTheForge"},{"floor":56,"key":"LiquidBronze"}],"is_trial":false,"path_per_floor":["M","?","M","M","$","E","R","E","T","R","E","M","?","E","R","B",null,"M","M","M","$","?","E","M","R","T","E","M","M","M","E","R","B",null,"M","$","?","?","$","E","R","?","T","?","?","E","T","M","R","B","M","M","?","$","R","M","R","$","?","B",null],"character_chosen":"WATCHER","items_purchased":["MerchantsRug","FlurryOfBlows","testmod-BackupPower+1","testmod-Brilliant","Damaru","Technique","REME_EyeOfCthun","Incubus","MostiFishMod:AdaptiveDefenses","testmod-ChaoticCore","Art of War","REME_MagicPocketWatch+1","testmod-Register","SynthV:C4","testmod-SpacePotion","Strange Spoon","testmod-Hope","MagicDraw2","testmod-Antiphasic","GodSword5","Letter Opener","Strawberry","testmod-CyclicPeriapt","SSSystem","Bird Faced Urn","aspiration:SeaSaltIceCream","Unceasing Top","LikeWater","MarkedMod:PinPointDefense","MarkedMod:GracefulMovements","LagranYue:MagicReflectiveArmorRelic","Boot"],"campfire_rested":2,"item_purchase_floors":[5,5,5,5,5,5,5,17,21,21,21,34,36,36,36,39,39,39,39,54,54,54,54,54,54,58,58,58,58,58,58,58],"current_hp_per_floor":[61,61,54,40,40,40,40,40,40,40,40,40,40,38,38,38,49,49,49,49,49,49,49,49,49,49,49,49,49,49,49,49,48,40,40,40,40,40,40,40,40,35,35,35,40,40,40,40,40,42,34,47,47,55,55,64,64,64,64,64],"gold":2186,"neow_bonus":"NOSTALGIA","is_daily":false,"chose_seed":false,"campfire_upgraded":4,"win_rate":0.0,"timestamp":1613583049,"path_taken":["M","?","M","M","$","E","R","E","T","R","E","M","?","E","R","BOSS","M","M","M","$","?","E","M","R","T","E","M","M","M","E","R","BOSS","M","$","?","?","$","E","R","?","T","?","?","E","?","M","R","BOSS","M","M","?","$","R","M","R","$","?","BOSS"],"items_purchased_type":["Relic","Card","Card","Relic","Relic","Relic","Card","Relic","Relic","Card","Relic","Card","Relic","Relic","Potion","Relic","Relic","Relic","Relic","Relic","Relic","Relic","Relic","Relic","Relic","Relic","Relic","Card","Card","Card","Relic","Relic"],"build_version":"2020-12-22","purchased_purges":8,"victory":true,"max_hp_per_floor":[72,72,72,72,72,72,72,72,72,72,72,72,72,72,72,72,52,52,52,52,52,52,52,52,52,52,52,52,52,52,52,52,52,40,40,40,40,40,40,40,40,40,40,40,40,40,40,40,40,42,57,57,57,64,64,64,64,64,64,64],"card_choices":[{"not_picked":[],"picked":"EpicFetus","floor":0},{"not_picked":["MarkedMod:Acupuncture","EmptyBody","FlurryOfBlows"],"picked":"SKIP","floor":1},{"not_picked":["SignatureMove","REME_MusicOfDeath","Wallop"],"picked":"SKIP","floor":3},{"not_picked":["BowlingBash","FlyingSleeves","Meditate+1"],"picked":"SKIP","floor":4},{"not_picked":["MarkedMod:NorthStar+1","Protect+1"],"picked":"MarkedMod:PinPointDefense","floor":6},{"not_picked":["EmptyMind+1","ThirdEye+1","CrushJoints"],"picked":"SKIP","floor":8},{"not_picked":["SandsOfTime","WaveOfTheHand+1"],"picked":"PathToVictory+1","floor":11},{"not_picked":["FollowUp","EmptyFist","ThirdEye+1"],"picked":"SKIP","floor":12},{"not_picked":["BattleHymn","FlyingSleeves"],"picked":"LikeWater","floor":14},{"not_picked":["MostiFishMod:Dust","MostiFishMod:StarOceanP+1"],"picked":"DeusExMachina+1","floor":16},{"not_picked":["CarveReality","Protect+1","CrushJoints"],"picked":"SKIP","floor":18},{"not_picked":["Adaptation","Wallop","MostiFishMod:ScryFuture"],"picked":"SKIP","floor":19},{"not_picked":["CutThroughFate+1","Brilliance"],"picked":"Prostrate+1","floor":20},{"not_picked":["FollowUp","Vengeance+1"],"picked":"REME_Repentance+1","floor":23},{"not_picked":["CutThroughFate","REME_Repentance+1","MarkedMod:GentlePulse+1"],"picked":"SKIP","floor":24},{"not_picked":["JustLucky","BowlingBash"],"picked":"InnerPeace+1","floor":27},{"not_picked":["Indignation+1","Collect+1","MarkedMod:Acupuncture"],"picked":"SKIP","floor":28},{"not_picked":["Swivel+1","Wallop","BowlingBash"],"picked":"SKIP","floor":29},{"not_picked":["PathToVictory+1","FlyingSleeves"],"picked":"DevaForm","floor":30},{"not_picked":["CutThroughFate","PathToVictory+1","Pray+1"],"picked":"SKIP","floor":31},{"not_picked":["ClearTheMind+1","JustLucky","WheelKick"],"picked":"SKIP","floor":35},{"not_picked":["testmod-BloodBlade","BloodyBrimstone"],"picked":"Deep Breath+1","floor":37},{"not_picked":["MostiFishMod:Speedup","REME_Repentance+1","MostiFishMod:PathToVictory+1"],"picked":"SKIP","floor":40},{"not_picked":["FlyingSleeves+1","Prostrate+1","FlurryOfBlows+1"],"picked":"SKIP","floor":46},{"not_picked":["FollowUp+1","SashWhip+1","DeceiveReality+1"],"picked":"SKIP","floor":48},{"not_picked":["MarkedMod:GentlePulse+1","SashWhip+1"],"picked":"MarkedMod:PinPointDefense","floor":51},{"not_picked":["Consecrate+1","Sanctity+1","DevaForm"],"picked":"SKIP","floor":52},{"not_picked":["Swivel+1","Evaluate+1","Nirvana+1"],"picked":"SKIP","floor":56},{"not_picked":["MostiFishMod:FlowState+1","Crescendo+1"],"picked":"MarkedMod:GracefulMovements","floor":57}],"player_experience":447467,"relics_obtained":[{"floor":6,"key":"Anchor"},{"floor":8,"key":"GodSword6"},{"floor":11,"key":"testmod-AssaultLearning"},{"floor":14,"key":"Guardian:PocketSentry"},{"floor":22,"key":"Red Mask"},{"floor":23,"key":"BFFS"},{"floor":26,"key":"Juzu Bracelet"},{"floor":27,"key":"Sundial"},{"floor":31,"key":"Mercury Hourglass"},{"floor":40,"key":"Dream Catcher"},{"floor":43,"key":"MagicDraw3"},{"floor":46,"key":"Molten Egg 2"},{"floor":47,"key":"The Courier"},{"floor":51,"key":"paleoftheancients:SoulOfTheWatcher"}],"event_choices":[{"cards_removed":["Strike_P"],"damage_healed":0,"gold_gain":0,"player_choice":"Card Removal","damage_taken":0,"max_hp_gain":0,"max_hp_loss":0,"event_name":"The Cleric","floor":13,"gold_loss":50},{"damage_healed":0,"gold_gain":0,"player_choice":"Fought Bandits","damage_taken":0,"max_hp_gain":0,"max_hp_loss":0,"event_name":"Masked Bandits","floor":22,"gold_loss":0},{"damage_healed":0,"gold_gain":0,"player_choice":"Memory 1","damage_taken":0,"max_hp_gain":0,"max_hp_loss":0,"event_name":"SensoryStone","floor":37,"gold_loss":0},{"damage_healed":0,"gold_gain":400,"player_choice":"Sell","damage_taken":0,"max_hp_gain":0,"max_hp_loss":0,"event_name":"恩洛斯的盘子","floor":38,"relics_lost":["HushsDoor"],"gold_loss":0},{"damage_healed":0,"gold_gain":0,"player_choice":"Embrace Madness","damage_taken":5,"max_hp_gain":0,"max_hp_loss":0,"event_name":"Winding Halls","floor":42,"gold_loss":0,"cards_obtained":["Madness","Madness"]},{"damage_healed":0,"gold_gain":222,"player_choice":"Wore Mask","damage_taken":0,"max_hp_gain":0,"max_hp_loss":0,"event_name":"Tomb of Lord Red Mask","floor":44,"gold_loss":0},{"damage_healed":0,"gold_gain":0,"player_choice":"Swap Relic","damage_taken":0,"relics_obtained":["War Paint"],"max_hp_gain":0,"max_hp_loss":0,"event_name":"给自己的盒子","floor":53,"relics_lost":["Incubus"],"gold_loss":0}],"is_beta":false,"boss_relics":[{"not_picked":["LagranYue:ContractPerformanceRelic","testmod-HarvestTotem"],"picked":"REME_ChargedStone"},{"not_picked":[]},{"not_picked":["EE1DDrone","Tiny House"],"picked":"energizedSpire:HugeHouse"},{"not_picked":[]}],"items_purged_floors":[5,21,34,36,39,54,54,58],"is_endless":false,"potions_floor_spawned":[1,3,6,14,16,19,22,23,29,30,31,48,51,56],"ascension_level":7}}