{"host":"phniwng9zo19jwdb","time":1613602929,"event":{"mods":["AchievementEnabler","BaseMod","Colored Powertips","Dark Map","Faster Ascension Climbing","GifTheSpireLib","Minty Spire (QoL Compilation)","Permanent Neow","Rare Cards Sparkle","Relic Filter Mod","StSLib","Weighted Paths"],"gold_per_floor":[114,264,280,280,22,22,22],"floor_reached":6,"language":"ENG","playtime":179,"items_purged":["Pain"],"score":68,"play_id":"15c24352-e002-49a8-ac9a-9e965894cf4c","local_time":"20210218000209","is_ascension_mode":true,"campfire_choices":[],"circlet_count":0,"master_deck":["AscendersBane","Strike_G","Strike_G","Strike_G","Strike_G","Strike_G","Defend_G","Defend_G","Defend_G","Defend_G","Defend_G","Survivor","Neutralize","CurseOfTheBell","Storm of Steel","Doubt","Tactician","Deep Breath","Footwork"],"relics":["Calling Bell","Bronze Scales","Matryoshka","FossilizedHelix","WarpedTongs"],"acts_visited":["Exordium"],"potions_floor_usage":[],"damage_taken":[{"damage":5,"enemies":"Small Slimes","floor":1,"turns":6},{"damage":0,"enemies":"Cultist","floor":3,"turns":5},{"damage":0,"enemies":"Lagavulin","floor":6,"turns":7}],"seed_played":"-4648406391494927680","potions_obtained":[],"is_trial":false,"path_per_floor":["M","?","M","?","$","E"],"character_chosen":"THE_SILENT","items_purchased":["Deep Breath","Footwork"],"campfire_rested":0,"item_purchase_floors":[5,5],"current_hp_per_floor":[54,54,54,54,54,54,54],"gold":22,"neow_bonus":"BOSS_RELIC","is_daily":false,"chose_seed":false,"campfire_upgraded":0,"win_rate":0.0,"timestamp":1613602929,"path_taken":["M","?","M","?","$","E"],"items_purchased_type":["Card","Card"],"build_version":"2020-12-22","purchased_purges":1,"victory":false,"max_hp_per_floor":[66,66,66,66,66,66,66],"card_choices":[{"not_picked":["Riddle With Holes","Bane"],"picked":"Storm of Steel","floor":1},{"not_picked":["Outmaneuver","Bane"],"picked":"Tactician","floor":3}],"player_experience":157827,"relics_obtained":[{"floor":0,"key":"Bronze Scales"},{"floor":0,"key":"Matryoshka"},{"floor":0,"key":"FossilizedHelix"}],"event_choices":[{"damage_healed":0,"gold_gain":150,"player_choice":"AGREE","damage_taken":0,"max_hp_gain":0,"max_hp_loss":0,"event_name":"Liars Game","floor":2,"gold_loss":0,"cards_obtained":["Doubt"]},{"damage_healed":0,"gold_gain":0,"player_choice":"Rummage","damage_taken":0,"relics_obtained":["WarpedTongs"],"max_hp_gain":0,"max_hp_loss":0,"event_name":"Accursed Blacksmith","floor":4,"gold_loss":0,"cards_obtained":["Pain"]}],"is_beta":false,"boss_relics":[],"items_purged_floors":[5],"is_endless":false,"potions_floor_spawned":[],"killed_by":"Lagavulin","ascension_level":20}}