{"host":"e2ju6k0wppswbhbd","time":1613564017,"event":{"mods":["BaseMod","Minty Spire (QoL Compilation)","Rare Cards Sparkle","StSLib"],"gold_per_floor":[109,120,130,144,160,160,186,204,231,231,265,265,265,265,265,363,363,380,380,400,411,426,461,461,498,510,540,51,51,10,20,20,129,129,151,151,169,93,93,93,132,132,213,213,213,254,265,292,292,292,292,292,16,44,44,44],"floor_reached":55,"language":"FRA","playtime":8626,"items_purged":["Defend_P"],"score":805,"play_id":"6c2b24b8-538f-4528-bb8d-583db7756dca","local_time":"20210217131337","is_ascension_mode":false,"campfire_choices":[{"floor":6.0,"key":"RECALL"},{"data":"TalkToTheHand","floor":10.0,"key":"SMITH"},{"data":"Sanctity","floor":13.0,"key":"SMITH"},{"data":"Vigilance","floor":15.0,"key":"SMITH"},{"floor":24.0,"key":"REST"},{"data":"Study","floor":32.0,"key":"SMITH"},{"data":"Blind","floor":40.0,"key":"SMITH"},{"data":"Eruption","floor":42.0,"key":"SMITH"},{"data":"Protect","floor":44.0,"key":"SMITH"},{"data":"Ragnarok","floor":49.0,"key":"SMITH"},{"data":"MentalFortress","floor":52,"key":"SMITH"}],"circlet_count":0,"master_deck":["Strike_P+1","Strike_P+1","Strike_P+1","Eruption+1","Vigilance+1","MentalFortress+1","Protect+1","FollowUp+1","EmptyFist","BattleHymn","Prostrate","ThirdEye","TalkToTheHand+1","Sanctity+1","Devotion","Conclude","Perseverance+1","FearNoEvil+1","WreathOfFlame+1","Study+1","PathToVictory","Crescendo","Ragnarok+1","ClearTheMind+1","Blind+1","ThirdEye","Consecrate+1","PathToVictory","Trip"],"relics":["PureWater","Pen Nib","PreservedInsect","Busted Crown","CeramicFish","MawBank","Whetstone","Toy Ornithopter","Sling","Runic Pyramid","Smiling Mask","Kunai","Centennial Puzzle","White Beast Statue","Cauldron","Blue Candle"],"acts_visited":["Exordium","TheCity","TheBeyond","TheEnding"],"potions_floor_usage":[54,55,55],"damage_taken":[{"damage":0.0,"enemies":"Jaw Worm","floor":1.0,"turns":4.0},{"damage":0.0,"enemies":"2 Louse","floor":2.0,"turns":1.0},{"damage":0.0,"enemies":"Cultist","floor":3.0,"turns":3.0},{"damage":4.0,"enemies":"Lots of Slimes","floor":4.0,"turns":5.0},{"damage":0.0,"enemies":"Blue Slaver","floor":5.0,"turns":4.0},{"damage":4.0,"enemies":"Lagavulin","floor":7.0,"turns":8.0},{"damage":3.0,"enemies":"Exordium Wildlife","floor":8.0,"turns":5.0},{"damage":0.0,"enemies":"3 Sentries","floor":11.0,"turns":4.0},{"damage":15.0,"enemies":"Hexaghost","floor":16.0,"turns":13.0},{"damage":11.0,"enemies":"Spheric Guardian","floor":18.0,"turns":4.0},{"damage":0.0,"enemies":"Shell Parasite","floor":20.0,"turns":5.0},{"damage":14.0,"enemies":"Snake Plant","floor":21.0,"turns":4.0},{"damage":0.0,"enemies":"Snecko","floor":22.0,"turns":5.0},{"damage":13.0,"enemies":"Slavers","floor":23.0,"turns":4.0},{"damage":2.0,"enemies":"Book of Stabbing","floor":25.0,"turns":5.0},{"damage":13.0,"enemies":"3 Cultists","floor":27.0,"turns":6.0},{"damage":0.0,"enemies":"Shelled Parasite and Fungi","floor":31.0,"turns":4.0},{"damage":19.0,"enemies":"Automaton","floor":33.0,"turns":6.0},{"damage":0.0,"enemies":"3 Darklings","floor":35.0,"turns":4.0},{"damage":0.0,"enemies":"Orb Walker","floor":37.0,"turns":4.0},{"damage":13.0,"enemies":"Nemesis","floor":41.0,"turns":5.0},{"damage":4.0,"enemies":"Reptomancer","floor":46.0,"turns":6.0},{"damage":0.0,"enemies":"Jaw Worm Horde","floor":47.0,"turns":4.0},{"damage":0.0,"enemies":"Giant Head","floor":48.0,"turns":6.0},{"damage":38.0,"enemies":"Time Eater","floor":50.0,"turns":9.0},{"damage":51,"enemies":"Shield and Spear","floor":54,"turns":4},{"damage":124,"enemies":"The Heart","floor":55,"turns":5}],"seed_played":"5594312785631798614","potions_obtained":[{"floor":5.0,"key":"BottledMiracle"},{"floor":7.0,"key":"BlessingOfTheForge"},{"floor":8.0,"key":"SteroidPotion"},{"floor":16.0,"key":"Energy Potion"},{"floor":21.0,"key":"BlessingOfTheForge"},{"floor":27.0,"key":"Strength Potion"},{"floor":31.0,"key":"AttackPotion"},{"floor":33.0,"key":"SpeedPotion"},{"floor":37.0,"key":"SteroidPotion"},{"floor":41.0,"key":"LiquidMemories"},{"floor":45.0,"key":"GamblersBrew"},{"floor":45.0,"key":"Ancient Potion"},{"floor":47.0,"key":"Fruit Juice"},{"floor":53,"key":"FairyPotion"},{"floor":53,"key":"PowerPotion"},{"floor":53,"key":"Block Potion"},{"floor":54,"key":"Ancient Potion"}],"is_trial":false,"path_per_floor":["M","M","M","M","M","R","E","M","T","R","E","?","R","?","R","B",null,"M","?","M","M","M","E","R","E","T","M","$","?","$","M","R","B",null,"M","?","M","$","?","R","E","R","T","R","?","E","M","E","R","B",null,"R","$","E","B"],"character_chosen":"WATCHER","items_purchased":["Toy Ornithopter","Study","Sling","PathToVictory","StancePotion","Crescendo","Blind","Cauldron","PathToVictory","Trip"],"campfire_rested":1,"item_purchase_floors":[28,28,28,28,28,30,38,53,53,53],"current_hp_per_floor":[72,72,72,68,68,68,64,61,61,61,61,66,66,51,51,36,77,66,66,66,52,52,39,62,60,60,47,47,47,47,52,52,43,77,77,77,77,77,77,77,64,64,64,64,64,60,65,80,80,44,82,82,82,34,0,0],"gold":44,"neow_bonus":"TRANSFORM_CARD","is_daily":false,"chose_seed":false,"campfire_upgraded":9,"win_rate":0.0,"timestamp":1613564017,"path_taken":["M","M","M","M","M","R","E","M","T","R","E","?","R","?","R","BOSS","M","?","M","?","M","E","R","E","T","?","$","?","?","M","R","BOSS","M","?","?","$","?","R","E","R","T","R","?","E","?","E","R","BOSS","R","$","E","BOSS"],"items_purchased_type":["Relic","Card","Relic","Card","Potion","Card","Card","Relic","Card","Card"],"build_version":"2020-12-22","purchased_purges":1,"victory":false,"max_hp_per_floor":[72,72,72,72,72,72,72,72,72,72,72,77,77,77,77,77,77,77,77,77,77,77,77,77,77,77,77,77,77,77,77,77,77,77,77,77,77,77,77,77,77,77,77,77,77,77,77,82,82,82,82,82,82,82,82,82],"card_choices":[{"not_picked":["CrushJoints","Wallop"],"picked":"Protect","floor":1.0},{"not_picked":["TalkToTheHand","BowlingBash"],"picked":"FollowUp","floor":2.0},{"not_picked":["JustLucky","WaveOfTheHand"],"picked":"EmptyFist","floor":3.0},{"not_picked":["FlyingSleeves","EmptyFist"],"picked":"BattleHymn","floor":4.0},{"not_picked":["Pray","EmptyBody"],"picked":"Prostrate","floor":5.0},{"not_picked":["JustLucky","FlyingSleeves"],"picked":"ThirdEye","floor":7.0},{"not_picked":["CarveReality","CrushJoints"],"picked":"TalkToTheHand","floor":8.0},{"not_picked":["Weave","FlyingSleeves"],"picked":"Sanctity","floor":11.0},{"not_picked":["Scrawl","Brilliance"],"picked":"Devotion","floor":16.0},{"not_picked":["FollowUp"],"picked":"SKIP","floor":18.0},{"not_picked":[],"picked":"Conclude","floor":20.0},{"not_picked":[],"picked":"Perseverance+1","floor":21.0},{"not_picked":[],"picked":"FearNoEvil+1","floor":22.0},{"not_picked":["FollowUp+1"],"picked":"SKIP","floor":23.0},{"not_picked":[],"picked":"WreathOfFlame+1","floor":25.0},{"not_picked":["ThirdEye"],"picked":"SKIP","floor":27.0},{"not_picked":["Crescendo"],"picked":"SKIP","floor":31.0},{"not_picked":[],"picked":"Ragnarok","floor":33.0},{"not_picked":[],"picked":"ClearTheMind+1","floor":35.0},{"not_picked":["InnerPeace"],"picked":"SKIP","floor":37.0},{"not_picked":[],"picked":"ThirdEye","floor":41.0},{"not_picked":[],"picked":"Consecrate+1","floor":46.0},{"not_picked":["Study"],"picked":"SKIP","floor":47.0},{"not_picked":["Crescendo+1"],"picked":"SKIP","floor":48.0},{"not_picked":["Sanctity"],"picked":"SKIP","floor":54}],"player_experience":2864627,"relics_obtained":[{"floor":7.0,"key":"Pen Nib"},{"floor":11.0,"key":"PreservedInsect"},{"floor":23.0,"key":"CeramicFish"},{"floor":25.0,"key":"MawBank"},{"floor":26.0,"key":"Whetstone"},{"floor":41.0,"key":"Smiling Mask"},{"floor":43.0,"key":"Kunai"},{"floor":46.0,"key":"Centennial Puzzle"},{"floor":48.0,"key":"White Beast Statue"},{"floor":54,"key":"Blue Candle"}],"event_choices":[{"damage_healed":0.0,"max_hp_gain":5.0,"max_hp_loss":0.0,"gold_gain":0.0,"event_name":"Big Fish","player_choice":"Donut","floor":12.0,"gold_loss":0.0,"damage_taken":0.0},{"damage_healed":0.0,"max_hp_gain":0.0,"max_hp_loss":0.0,"gold_gain":0.0,"event_name":"Shining Light","player_choice":"Entered Light","floor":14.0,"gold_loss":0.0,"damage_taken":15.0,"cards_upgraded":["Strike_P","Strike_P"]},{"cards_removed":["Defend_P"],"damage_healed":0.0,"max_hp_gain":0.0,"max_hp_loss":0.0,"gold_gain":0.0,"event_name":"Purifier","player_choice":"Purged","floor":19.0,"gold_loss":0.0,"damage_taken":0.0},{"damage_healed":0.0,"max_hp_gain":0.0,"max_hp_loss":0.0,"gold_gain":0.0,"event_name":"Ghosts","player_choice":"Ignored","floor":29.0,"gold_loss":0.0,"damage_taken":0.0},{"cards_removed":["Defend_P"],"damage_healed":0.0,"max_hp_gain":0.0,"max_hp_loss":0.0,"gold_gain":0.0,"event_name":"Bonfire Elementals","player_choice":"Offered Basic","floor":36.0,"gold_loss":0.0,"damage_taken":0.0},{"cards_removed":["Defend_P"],"damage_healed":0.0,"max_hp_gain":0.0,"max_hp_loss":0.0,"gold_gain":0.0,"event_name":"Falling","player_choice":"Removed Skill","floor":39.0,"gold_loss":0.0,"damage_taken":0.0},{"damage_healed":0.0,"max_hp_gain":0.0,"max_hp_loss":0.0,"gold_gain":0.0,"event_name":"Lab","player_choice":"Got Potions","floor":45.0,"gold_loss":0.0,"damage_taken":0.0}],"is_beta":false,"boss_relics":[{"not_picked":["Runic Dome","Coffee Dripper"],"picked":"Busted Crown"},{"not_picked":["Sozu","Pandora\u0027s Box"],"picked":"Runic Pyramid"}],"items_purged_floors":[28],"is_endless":false,"potions_floor_spawned":[5,7,8,16,21,27,31,33,37,41,47,54],"killed_by":"The Heart","ascension_level":0}}