{"host":"t9667tqki5o0r0xm","time":1613534707,"event":{"mods":["BaseMod","Minty Spire (QoL Compilation)","StSLib","The Marked"],"gold_per_floor":[110,129,144,159,172,172,146,146,171,229,249,267,280,245,245,343,343,363,352,203,203,214,214,240,253,253,270,283,283,299,299,299,398,398,414,433,211,227,201,201,231,244,321,321,337,337,337,216,216,216],"floor_reached":51,"language":"ENG","playtime":4602,"items_purged":[],"score":695,"play_id":"e43543d7-5579-4d9f-a86a-375be12ca53c","local_time":"20210217050507","is_ascension_mode":false,"campfire_choices":[{"data":"theMarked:WardOff","floor":6,"key":"SMITH"},{"data":"theMarked:WardOff","floor":8,"key":"SMITH"},{"data":"theMarked:Determination","floor":15,"key":"SMITH"},{"data":"theMarked:Vacuum","floor":23,"key":"SMITH"},{"floor":29,"key":"REST"},{"data":"theMarked:Heritage","floor":32,"key":"SMITH"},{"data":"theMarked:TakeOffHeels","floor":40,"key":"SMITH"},{"floor":44,"key":"REST"},{"data":"theMarked:HeightenedSenses","floor":47,"key":"SMITH"},{"data":"theMarked:Frustration","floor":49,"key":"SMITH"}],"circlet_count":0,"master_deck":["theMarked:Strike","theMarked:Strike","theMarked:Defend","theMarked:Defend","theMarked:Defend","theMarked:Defend+1","theMarked:SoldierOfQuellstein+1","theMarked:WardOff+1","theMarked:ChainLightning","theMarked:Panic+1","theMarked:WardOff+1","theMarked:BanishingStrike","theMarked:HeightenedSenses+1","theMarked:TwofoldDefense","theMarked:Determination+1","theMarked:Electrocute","theMarked:TakeOffHeels+1","CurseOfTheBell","theMarked:Heritage+1","theMarked:Memento+1","theMarked:Vacuum+1","theMarked:Generate+1","theMarked:Improvise+1","theMarked:WardOff+1","theMarked:Opportunist","theMarked:Generate+1","theMarked:Defy","theMarked:BanishingStrike","theMarked:WardOff+1","theMarked:WardOff+1","theMarked:BiggerThanFate+1","theMarked:Friction+1","theMarked:PowerFlow+1","theMarked:TunnelVision+1","theMarked:Memento+1","theMarked:Overcharge+1","theMarked:WardOff+1","theMarked:Frustration+1","theMarked:Memento+1","theMarked:ElectricStrings+1","theMarked:RepellingDischarge+1","theMarked:ResourceFulStrike+1","theMarked:ChainLightning+1","theMarked:Overcharge+1","Trip+1","theMarked:HeightenedSenses+1"],"relics":["theMarked:ArtifactOfAir","Bag of Marbles","War Paint","Calling Bell","Bag of Preparation","Toxic Egg 2","CaptainsWheel","Art of War","Prayer Wheel","Astrolabe","Membership Card","Anchor","PreservedInsect","Question Card","Dream Catcher"],"acts_visited":["Exordium","TheCity","TheBeyond"],"potions_floor_usage":[10,16,19,22,22,24,25,33,33,50,50],"damage_taken":[{"damage":0,"enemies":"Cultist","floor":1,"turns":4},{"damage":1,"enemies":"Jaw Worm","floor":2,"turns":4},{"damage":0,"enemies":"Small Slimes","floor":3,"turns":3},{"damage":1,"enemies":"3 Louse","floor":4,"turns":2},{"damage":17,"enemies":"Gremlin Gang","floor":5,"turns":3},{"damage":9,"enemies":"3 Sentries","floor":10,"turns":6},{"damage":0,"enemies":"Large Slime","floor":11,"turns":6},{"damage":0,"enemies":"Looter","floor":12,"turns":3},{"damage":9,"enemies":"Gremlin Gang","floor":13,"turns":5},{"damage":13,"enemies":"Hexaghost","floor":16,"turns":10},{"damage":7,"enemies":"Spheric Guardian","floor":18,"turns":6},{"damage":1,"enemies":"2 Thieves","floor":19,"turns":4},{"damage":8,"enemies":"3 Cultists","floor":22,"turns":7},{"damage":21,"enemies":"Book of Stabbing","floor":24,"turns":6},{"damage":5,"enemies":"Cultist and Chosen","floor":25,"turns":5},{"damage":3,"enemies":"Centurion and Healer","floor":27,"turns":6},{"damage":0,"enemies":"Shelled Parasite and Fungi","floor":28,"turns":4},{"damage":0,"enemies":"Snake Plant","floor":30,"turns":2},{"damage":43,"enemies":"Champ","floor":33,"turns":11},{"damage":0,"enemies":"3 Shapes","floor":35,"turns":5},{"damage":4,"enemies":"3 Darklings","floor":36,"turns":7},{"damage":11,"enemies":"Spire Growth","floor":38,"turns":5},{"damage":8,"enemies":"Giant Head","floor":41,"turns":6},{"damage":0,"enemies":"Writhing Mass","floor":42,"turns":3},{"damage":0,"enemies":"3 Darklings","floor":45,"turns":7},{"damage":27,"enemies":"Time Eater","floor":50,"turns":13}],"seed_played":"854202592122674373","potions_obtained":[{"floor":2,"key":"Strength Potion"},{"floor":3,"key":"SpeedPotion"},{"floor":5,"key":"ColorlessPotion"},{"floor":10,"key":"SmokeBomb"},{"floor":16,"key":"EntropicBrew"},{"floor":22,"key":"Regen Potion"},{"floor":28,"key":"AttackPotion"},{"floor":35,"key":"LiquidBronze"},{"floor":41,"key":"Fire Potion"},{"floor":42,"key":"FearPotion"}],"is_trial":false,"path_per_floor":["M","M","M","M","M","R","?","R","T","?","M","M","M","?","R","B",null,"M","M","$","?","M","R","E","M","T","M","M","R","M","$","R","B",null,"M","M","$","M","$","R","E","M","T","R","M","?","R","$","R","B",null],"character_chosen":"THE_DEFAULT","items_purchased":["theMarked:Vacuum","Membership Card","Anchor","theMarked:Memento+1","theMarked:HeightenedSenses+1","PowerPotion","Dream Catcher"],"campfire_rested":2,"item_purchase_floors":[20,37,37,39,48,48,48],"current_hp_per_floor":[72,71,71,70,53,53,53,53,53,44,44,44,35,53,53,40,72,65,64,64,64,56,56,49,44,44,41,41,62,62,62,62,19,72,72,68,68,57,57,57,49,49,49,70,70,70,70,70,70,43],"gold":216,"neow_bonus":"UPGRADE_CARD","is_daily":false,"chose_seed":false,"campfire_upgraded":8,"win_rate":0.0,"timestamp":1613534707,"path_taken":["M","?","M","M","M","R","?","R","T","?","M","M","M","?","R","BOSS","M","M","$","?","M","R","E","M","T","M","M","R","M","$","R","BOSS","M","M","$","M","$","R","E","M","T","R","?","?","R","$","R","BOSS"],"items_purchased_type":["Card","Relic","Relic","Card","Card","Potion","Relic"],"build_version":"2020-12-22","purchased_purges":0,"victory":true,"max_hp_per_floor":[72,72,72,72,72,72,72,72,72,72,72,72,72,72,72,72,72,72,72,72,72,72,72,72,72,72,72,72,72,72,72,72,72,72,72,72,72,72,72,72,72,72,72,72,72,72,72,72,72,72],"card_choices":[{"not_picked":["theMarked:Seal","theMarked:TheMission"],"picked":"theMarked:WardOff","floor":1},{"not_picked":["theMarked:ElectricStrings","theMarked:WastefulAttack"],"picked":"theMarked:ChainLightning","floor":2},{"not_picked":["theMarked:TunnelVision","theMarked:WastefulAttack"],"picked":"theMarked:Panic","floor":3},{"not_picked":["theMarked:Challenge","theMarked:LightningStrikesTwice"],"picked":"theMarked:WardOff","floor":4},{"not_picked":["theMarked:TwofoldDefense","theMarked:Convert"],"picked":"theMarked:BanishingStrike","floor":5},{"not_picked":["theMarked:Polarize","theMarked:SwordAndMagic"],"picked":"theMarked:HeightenedSenses","floor":10},{"not_picked":["theMarked:ChainLightning","theMarked:ElectricStrings"],"picked":"theMarked:TwofoldDefense","floor":11},{"not_picked":["theMarked:SwordAndMagic","theMarked:HeightenedSenses"],"picked":"theMarked:Determination","floor":12},{"not_picked":["theMarked:RogueSparks","theMarked:EmpowerWeapon"],"picked":"theMarked:Electrocute","floor":13},{"not_picked":["theMarked:Vacuum","theMarked:FavorableWinds"],"picked":"theMarked:TakeOffHeels","floor":16},{"not_picked":["theMarked:WastefulAttack","theMarked:TunnelVision"],"picked":"theMarked:Heritage","floor":18},{"not_picked":["theMarked:TwofoldDefense+1","theMarked:ShockingTouch"],"picked":"theMarked:Memento+1","floor":19},{"not_picked":["theMarked:Parkour+1","theMarked:TwofoldDefense+1"],"picked":"theMarked:Generate+1","floor":22},{"not_picked":["theMarked:ResourceFulStrike","theMarked:Parkour"],"picked":"theMarked:Improvise+1","floor":24},{"not_picked":["theMarked:LightningStrikesTwice","theMarked:BanishingStrike"],"picked":"theMarked:WardOff+1","floor":25},{"not_picked":["theMarked:GodGivenPower+1","theMarked:HeightenedSenses+1"],"picked":"theMarked:Opportunist","floor":27},{"not_picked":["theMarked:MuscleMemory","theMarked:Aftermath+1"],"picked":"theMarked:Generate+1","floor":27},{"not_picked":["theMarked:Reabsorb+1","theMarked:LightningStrikesTwice+1"],"picked":"theMarked:Defy","floor":28},{"not_picked":["theMarked:WastefulAttack","theMarked:Standoff"],"picked":"theMarked:BanishingStrike","floor":28},{"not_picked":["theMarked:ResourceFulStrike+1","theMarked:TheMission"],"picked":"theMarked:WardOff+1","floor":30},{"not_picked":["theMarked:Parkour","theMarked:Panic+1"],"picked":"theMarked:WardOff+1","floor":30},{"not_picked":["theMarked:Vacuum","theMarked:Defy"],"picked":"theMarked:BiggerThanFate+1","floor":33},{"not_picked":["theMarked:Seal+1","theMarked:PowerFlow+1"],"picked":"theMarked:Memento+1","floor":35},{"not_picked":["theMarked:ElectricStrings","theMarked:LightningStrikesTwice+1","theMarked:WastefulAttack"],"picked":"SKIP","floor":35},{"not_picked":["theMarked:StartUp+1","theMarked:Improvise+1"],"picked":"theMarked:Overcharge+1","floor":36},{"not_picked":["theMarked:Frustration","theMarked:EmpowerWeapon+1"],"picked":"theMarked:WardOff+1","floor":36},{"not_picked":["theMarked:TakeCover+1","theMarked:LightningStrikesTwice"],"picked":"theMarked:Frustration","floor":38},{"not_picked":["theMarked:Friction+1","theMarked:Parkour","theMarked:KeepCalmAndFight"],"picked":"SKIP","floor":38},{"not_picked":["theMarked:Overthink+1","theMarked:WastefulAttack"],"picked":"theMarked:ElectricStrings+1","floor":41},{"not_picked":["theMarked:Parkour+1","theMarked:EmpowerWeapon+1"],"picked":"theMarked:RepellingDischarge+1","floor":42},{"not_picked":["theMarked:ThrowWeapon","theMarked:Parkour"],"picked":"theMarked:ResourceFulStrike+1","floor":42},{"not_picked":["theMarked:ComboAttacks","theMarked:Overthink+1","theMarked:Opportunist"],"picked":"theMarked:ChainLightning+1","floor":45},{"not_picked":["theMarked:Improvise+1","theMarked:TwofoldDefense+1","theMarked:BanishingStrike+1"],"picked":"theMarked:Overcharge+1","floor":45},{"not_picked":["Swift Strike","Jack Of All Trades+1","Violence+1"],"picked":"Trip+1","floor":46}],"player_experience":1992173,"relics_obtained":[{"floor":9,"key":"Bag of Marbles"},{"floor":10,"key":"War Paint"},{"floor":17,"key":"Bag of Preparation"},{"floor":17,"key":"Toxic Egg 2"},{"floor":17,"key":"CaptainsWheel"},{"floor":24,"key":"Art of War"},{"floor":26,"key":"Prayer Wheel"},{"floor":41,"key":"PreservedInsect"},{"floor":43,"key":"Question Card"}],"event_choices":[{"damage_healed":0,"gold_gain":0,"player_choice":"Left Gold","damage_taken":0,"max_hp_gain":0,"max_hp_loss":0,"event_name":"World of Goop","floor":7,"gold_loss":26},{"damage_healed":0,"gold_gain":0,"player_choice":"Searched \u00271\u0027 times","damage_taken":0,"max_hp_gain":0,"max_hp_loss":0,"event_name":"Dead Adventurer","floor":10,"gold_loss":0},{"damage_healed":18,"gold_gain":0,"player_choice":"Healed","damage_taken":0,"max_hp_gain":0,"max_hp_loss":0,"event_name":"The Cleric","floor":14,"gold_loss":35},{"damage_healed":0,"gold_gain":0,"player_choice":"Bought 0 Potions","damage_taken":0,"max_hp_gain":0,"max_hp_loss":0,"event_name":"The Woman in Blue","floor":21,"gold_loss":0},{"damage_healed":0,"gold_gain":0,"player_choice":"Memory 1","damage_taken":0,"max_hp_gain":0,"max_hp_loss":0,"event_name":"SensoryStone","floor":46,"gold_loss":0}],"is_beta":false,"boss_relics":[{"not_picked":["Black Star","Busted Crown"],"picked":"Calling Bell"},{"not_picked":["Runic Dome","Snecko Eye"],"picked":"Astrolabe"}],"items_purged_floors":[],"is_endless":false,"potions_floor_spawned":[2,3,5,10,11,13,16,18,22,28,35,41,42],"ascension_level":0}}