{"host":"os9owiyb0rak6c8n","time":1613583610,"event":{"mods":["AchievementEnabler","Astrologer","BaseMod","Beaked The Cultist","Better Third Choice","Block Reminder","Colored Map","Colored Powertips","Curses Come First","Dio Mod","Minty Spire (QoL Compilation)","Robot Space Explorer","Spicy Shops","StSLib","The Death Knight","The Necromancer"],"gold_per_floor":[117,117,137,155,155,183,183,193,219,252,262,262,297,311,311,415,465,480,395,395,395,406,406,425,425,425],"floor_reached":25,"language":"ENG","playtime":986,"items_purged":[],"score":290,"play_id":"33cd04c3-e2e2-4e7f-a841-5442de46549f","local_time":"20210217184010","is_ascension_mode":true,"campfire_choices":[{"floor":7,"key":"REST"},{"floor":12,"key":"REST"},{"floor":15,"key":"REST"},{"floor":23,"key":"REST"}],"circlet_count":0,"master_deck":["DeathKnight:Strike_DeathKnight+1","DeathKnight:Strike_DeathKnight+1","DeathKnight:Strike_DeathKnight+1","DeathKnight:Strike_DeathKnight+1","DeathKnight:Strike_DeathKnight+1","DeathKnight:Defend_DeathKnight+1","DeathKnight:Defend_DeathKnight+1","DeathKnight:Defend_DeathKnight+1","DeathKnight:Defend_DeathKnight+1","DeathKnight:Defend_DeathKnight+1","DeathKnight:RuneTap","DeathKnight:RuneStrike","DeathKnight:BludPresence","DeathKnight:DeathCoil","DeathKnight:BloodStrike","DeathKnight:GargoyleSkin","DeathKnight:HartStrike","DeathKnight:ChainsOfIce","DeathKnight:PlagueStrike","DeathKnight:MindFreeze","DeathKnight:FoulBulwark","DeathKnight:MarkOfBlood","DeathKnight:DancingRuneblade","Necronomicurse"],"relics":["DeathKnight:BrokenRuneblade","NeowsBlessing","Nunchaku","Anchor","Blood Vial","Girya","Tiny House","Ancient Tea Set","Necronomicon"],"acts_visited":["Exordium","TheCity"],"potions_floor_usage":[6,10,13,13,13,25,25,25],"damage_taken":[{"damage":0,"enemies":"Small Slimes","floor":1,"turns":1},{"damage":0,"enemies":"Cultist","floor":3,"turns":2},{"damage":0,"enemies":"2 Louse","floor":4,"turns":1},{"damage":50,"enemies":"3 Sentries","floor":6,"turns":9},{"damage":0,"enemies":"Exordium Wildlife","floor":8,"turns":3},{"damage":48,"enemies":"Lagavulin","floor":10,"turns":10},{"damage":4,"enemies":"Large Slime","floor":11,"turns":6},{"damage":20,"enemies":"Gremlin Nob","floor":13,"turns":4},{"damage":4,"enemies":"Red Slaver","floor":14,"turns":4},{"damage":33,"enemies":"The Guardian","floor":16,"turns":15},{"damage":24,"enemies":"Chosen","floor":18,"turns":6},{"damage":5,"enemies":"Spheric Guardian","floor":22,"turns":5},{"damage":27,"enemies":"Shelled Parasite and Fungi","floor":24,"turns":5},{"damage":31,"enemies":"Slavers","floor":25,"turns":3}],"seed_played":"-3024727174045677091","potions_obtained":[{"floor":3,"key":"CultistPotion"},{"floor":4,"key":"Regen Potion"},{"floor":10,"key":"DeathKnight:RimePotion"},{"floor":11,"key":"EntropicBrew"},{"floor":17,"key":"SpeedPotion"},{"floor":24,"key":"AttackPotion"}],"is_trial":false,"path_per_floor":["M","?","M","M","?","E","R","M","T","E","M","R","E","M","R","B",null,"M","?","?","?","M","R","M","E"],"character_chosen":"DEATH_KNIGHT","items_purchased":[],"campfire_rested":4,"item_purchase_floors":[],"current_hp_per_floor":[68,68,68,68,73,23,47,47,47,14,12,36,18,16,40,9,67,45,45,45,29,26,51,26,0,0],"gold":425,"neow_bonus":"THREE_ENEMY_KILL","is_daily":false,"chose_seed":false,"campfire_upgraded":0,"win_rate":0.0,"timestamp":1613583610,"path_taken":["M","?","M","?","?","E","R","M","T","E","M","R","E","M","R","BOSS","M","?","?","?","M","R","M","E"],"items_purchased_type":[],"build_version":"2020-12-22","purchased_purges":0,"victory":false,"max_hp_per_floor":[75,75,75,75,80,80,80,80,80,80,80,80,80,80,80,80,85,85,85,85,85,85,85,85,85,85],"card_choices":[{"not_picked":["DeathKnight:ShatteringStrikes","DeathKnight:BoneSpear"],"picked":"DeathKnight:DreadStrike","floor":1},{"not_picked":["DeathKnight:DreadStrike","DeathKnight:ShatteringStrikes"],"picked":"DeathKnight:DeathCoil","floor":3},{"not_picked":["DeathKnight:Ossuary","DeathKnight:DeathCoil"],"picked":"DeathKnight:BloodStrike","floor":4},{"not_picked":["DeathKnight:DeathRune","DeathKnight:BludPresence"],"picked":"DeathKnight:GargoyleSkin","floor":6},{"not_picked":["DeathKnight:Ossuary","DeathKnight:Parry"],"picked":"DeathKnight:HartStrike","floor":8},{"not_picked":["DeathKnight:FrostStrike","DeathKnight:Rot"],"picked":"DeathKnight:ChainsOfIce","floor":10},{"not_picked":["DeathKnight:Ossuary","DeathKnight:Rot"],"picked":"DeathKnight:PlagueStrike","floor":11},{"not_picked":["DeathKnight:DreadStrike","DeathKnight:DeathAndDecay"],"picked":"DeathKnight:MindFreeze","floor":13},{"not_picked":["DeathKnight:DeathGrip","DeathKnight:RaiseAlly"],"picked":"DeathKnight:FoulBulwark","floor":14},{"not_picked":["DeathKnight:UnholyExperiment","DeathKnight:Razorice"],"picked":"DeathKnight:MarkOfBlood","floor":16},{"not_picked":["DeathKnight:Runeguard","DeathKnight:HornOfWinter"],"picked":"DeathKnight:DancingRuneblade","floor":17},{"not_picked":["DeathKnight:Contagion","DeathKnight:BludPresence","DeathKnight:MutagenicPlague"],"picked":"SKIP","floor":18},{"not_picked":["DeathKnight:DeathCoil+1","DeathKnight:BladedArmor+1","DeathKnight:MutagenicPlague"],"picked":"SKIP","floor":22},{"not_picked":["DeathKnight:GargoyleSkin","DeathKnight:DeathAndDecay","DeathKnight:ShatteringStrikes"],"picked":"SKIP","floor":24}],"player_experience":616522,"relics_obtained":[{"floor":6,"key":"Nunchaku"},{"floor":9,"key":"Anchor"},{"floor":10,"key":"Blood Vial"},{"floor":13,"key":"Girya"},{"floor":21,"key":"Necronomicon"}],"event_choices":[{"damage_healed":0,"gold_gain":0,"cards_transformed":["DeathKnight:DreadStrike"],"player_choice":"Transformed","damage_taken":0,"max_hp_gain":0,"max_hp_loss":0,"event_name":"Transmorgrifier","floor":2,"gold_loss":0,"cards_obtained":["DeathKnight:BludPresence"]},{"damage_healed":0,"gold_gain":0,"player_choice":"Donut","damage_taken":0,"max_hp_gain":5,"max_hp_loss":0,"event_name":"Big Fish","floor":5,"gold_loss":0},{"damage_healed":0,"gold_gain":0,"player_choice":"Obtained Relic","damage_taken":0,"relics_obtained":["Ancient Tea Set"],"max_hp_gain":0,"max_hp_loss":0,"event_name":"Addict","floor":19,"gold_loss":85},{"damage_healed":0,"gold_gain":0,"player_choice":"Simplicity","damage_taken":0,"max_hp_gain":0,"max_hp_loss":9,"event_name":"betterThird:BetterWriting","floor":20,"gold_loss":0},{"damage_healed":0,"gold_gain":0,"player_choice":"Obtained Book","damage_taken":16,"max_hp_gain":0,"max_hp_loss":0,"event_name":"Cursed Tome","floor":21,"gold_loss":0}],"is_beta":false,"boss_relics":[{"not_picked":["Philosopher\u0027s Stone","Velvet Choker"],"picked":"Tiny House"}],"items_purged_floors":[],"is_endless":false,"potions_floor_spawned":[3,4,10,11,24],"killed_by":"Slavers","ascension_level":6}}