{"host":"iodx9wtiy6cq33np","time":1613542997,"event":{"mods":["2.2 Compatiblity","Act Like it!","BaseMod","Colored Map","DeckTracker","Keyboard Shortcuts","Minty Spire (QoL Compilation)","Permanent Neow","Quick Restart","Rare Cards Sparkle","StSLib","SuperFastMode","The Dragon Tamer"],"gold_per_floor":[112,132,207,224,224,224,235,235,235,15,15,30,63,82,82,177,177,191,17,35,35,69,69,69,87,137,172,17,52,52,63,63,162,162,180,198,198,213,213,213,31,57,57,76,129,156,156,182,182,182,182,182,38,63,63],"floor_reached":56,"language":"KOR","playtime":1203,"items_purged":["DTMod:Strike","DTMod:Strike","DTMod:TargetDefense"],"score":2027,"play_id":"f662bf98-1970-4ff9-b80a-6820a71c3da4","local_time":"20210217152317","is_ascension_mode":true,"metric_token":863,"campfire_choices":[{"data":"DTMod:StarRain","floor":6.0,"key":"SMITH"},{"data":"DTMod:DoubleHit","floor":8.0,"key":"SMITH"},{"data":"DTMod:SwitchingTactic","floor":15.0,"key":"SMITH"},{"data":"DTMod:ForkedFire","floor":23.0,"key":"SMITH"},{"data":"DTMod:HeadStart","floor":32.0,"key":"SMITH"},{"data":"DTMod:HeadStart","floor":40.0,"key":"SMITH"},{"data":"Impatience","floor":47.0,"key":"SMITH"},{"floor":49.0,"key":"RECALL"},{"data":"DTMod:Training","floor":52.0,"key":"SMITH"}],"dtmod_dragon_data":[28,58,2,0,4,0],"circlet_count":0,"master_deck":["DTMod:DoubleHit+1","DTMod:TargetDefense","DTMod:TargetDefense","DTMod:SwitchingTactic+1","DTMod:BalancedStrike","DTMod:StarRain+1","DTMod:SwitchingTactic","Impatience+1","DTMod:Shift","DTMod:HeadStart+1","DTMod:MagiciansMark+1","DTMod:ForkedFire+1","DTMod:ForkedFire+1","DTMod:StarRain","DTMod:MagicField+1","DTMod:GhostSkin","DTMod:HeadStart+1","DTMod:Training+1","DTMod:Training+1","Impatience+1"],"relics":["DTMod:PactStone","Chemical X","InkBottle","Empty Cage","Red Mask","Unceasing Top","Bag of Marbles","Centennial Puzzle","Membership Card","Juzu Bracelet","Black Star","Question Card","Ornamental Fan","Pen Nib","PreservedInsect","Shuriken","Pocketwatch","Ancient Tea Set","Darkstone Periapt","Lizard Tail","Nunchaku","DollysMirror","Vajra","Pear","Blood Vial"],"acts_visited":["TheCity","TheBeyond","TheEnding"],"potions_floor_usage":[55,55,55,55,55,55],"damage_taken":[{"damage":0.0,"enemies":"Small Slimes","floor":1.0,"turns":3.0},{"damage":0.0,"enemies":"Cultist","floor":2.0,"turns":3.0},{"damage":0.0,"enemies":"Jaw Worm","floor":4.0,"turns":2.0},{"damage":0.0,"enemies":"3 Louse","floor":7.0,"turns":2.0},{"damage":0.0,"enemies":"Gremlin Gang","floor":12.0,"turns":3.0},{"damage":0.0,"enemies":"3 Sentries","floor":13.0,"turns":4.0},{"damage":0.0,"enemies":"Looter","floor":14.0,"turns":2.0},{"damage":0.0,"enemies":"The Guardian","floor":16.0,"turns":8.0},{"damage":0.0,"enemies":"Spheric Guardian","floor":18.0,"turns":1.0},{"damage":0.0,"enemies":"Shell Parasite","floor":20.0,"turns":2.0},{"damage":0.0,"enemies":"Masked Bandits","floor":22.0,"turns":1.0},{"damage":0.0,"enemies":"Shelled Parasite and Fungi","floor":25.0,"turns":1.0},{"damage":0.0,"enemies":"Slavers","floor":27.0,"turns":1.0},{"damage":0.0,"enemies":"Gremlin Leader","floor":29.0,"turns":3.0},{"damage":0.0,"enemies":"3 Cultists","floor":31.0,"turns":1.0},{"damage":0.0,"enemies":"Champ","floor":33.0,"turns":5.0},{"damage":0.0,"enemies":"3 Shapes","floor":35.0,"turns":2.0},{"damage":0.0,"enemies":"Orb Walker","floor":36.0,"turns":1.0},{"damage":6.0,"enemies":"Maw","floor":38.0,"turns":4.0},{"damage":0.0,"enemies":"Reptomancer","floor":42.0,"turns":2.0},{"damage":0.0,"enemies":"Spire Growth","floor":44.0,"turns":2.0},{"damage":0.0,"enemies":"2 Orb Walkers","floor":45.0,"turns":2.0},{"damage":0.0,"enemies":"Nemesis","floor":46.0,"turns":3.0},{"damage":0.0,"enemies":"Reptomancer","floor":48.0,"turns":1.0},{"damage":0.0,"enemies":"Awakened One","floor":50.0,"turns":4.0},{"damage":0.0,"enemies":"Shield and Spear","floor":54.0,"turns":1.0},{"damage":48,"enemies":"The Heart","floor":55,"turns":6}],"seed_played":"-5284735906755449786","potions_obtained":[{"floor":1.0,"key":"SneckoOil"},{"floor":7.0,"key":"Fire Potion"},{"floor":12.0,"key":"EntropicBrew"},{"floor":16.0,"key":"Fruit Juice"},{"floor":18.0,"key":"AttackPotion"},{"floor":22.0,"key":"CultistPotion"},{"floor":46.0,"key":"SpeedPotion"}],"is_trial":false,"path_per_floor":["M","M","?","M","?","R","M","R","T","$","?","M","E","M","R","B",null,"M","$","M","?","?","R","T","M","T","E","$","E","?","M","R","B",null,"M","M","T","M","?","R","$","E","T","M","?","E","R","E","R","B",null,"R","$","E","B",null],"character_chosen":"THE_DT","items_purchased":["Chemical X","DTMod:ForkedFire","Membership Card","Ornamental Fan","DollysMirror","Vajra"],"campfire_rested":0,"item_purchase_floors":[10,19,28,41,53,53],"current_hp_per_floor":[45,45,41,41,41,41,41,41,41,41,41,41,41,41,41,46,50,50,50,50,50,50,50,50,50,50,50,50,50,50,50,50,50,50,50,50,50,44,44,44,44,44,44,44,44,44,44,44,44,44,50,50,50,60,12],"gold":63,"neow_bonus":"THREE_CARDS","is_daily":false,"chose_seed":false,"campfire_upgraded":8,"win_rate":0.0,"timestamp":1613542997,"path_taken":["M","M","?","?","?","R","M","R","T","$","?","?","E","M","R","BOSS","M","$","M","?","?","R","?","?","T","E","?","E","?","M","R","BOSS","M","M","?","M","?","R","$","E","T","M","?","E","R","E","R","BOSS","R","$","E","BOSS"],"items_purchased_type":["Relic","Card","Relic","Relic","Relic","Relic"],"build_version":"2020-12-22","purchased_purges":3,"victory":true,"max_hp_per_floor":[45,45,45,45,45,45,45,45,45,45,45,45,45,45,45,50,50,50,50,50,50,50,50,50,50,50,50,50,50,50,50,50,50,50,50,50,50,50,50,50,50,50,50,50,50,50,50,50,50,50,50,50,50,60,60],"card_choices":[{"not_picked":["DTMod:DeepFocus","DTMod:BlazingStrike"],"picked":"DTMod:BalancedStrike","floor":1.0},{"not_picked":["DTMod:Hide","DTMod:FlameSlash"],"picked":"DTMod:StarRain","floor":2.0},{"not_picked":["DTMod:BlazingStrike","DTMod:BuildUp","DTMod:Adaptation"],"picked":"SKIP","floor":4.0},{"not_picked":["DTMod:Punisher","DTMod:Cover","DTMod:BizarreTactic"],"picked":"SKIP","floor":7.0},{"not_picked":["DTMod:Punisher","DTMod:BuildUp","DTMod:DeepFocus"],"picked":"SKIP","floor":12.0},{"not_picked":["DTMod:Threaten","DTMod:GhostSkin","DTMod:Adaptation"],"picked":"SKIP","floor":13.0},{"not_picked":["DTMod:Threaten","DTMod:GhostSkin","DTMod:Adaptation"],"picked":"SKIP","floor":13.0},{"not_picked":["DTMod:Hide","DTMod:InvisibleFlame"],"picked":"DTMod:Shift","floor":14.0},{"not_picked":["DTMod:GearUp","DTMod:RepeatStrike"],"picked":"DTMod:HeadStart","floor":16.0},{"not_picked":["DTMod:ShieldDrain","DTMod:BlueScale"],"picked":"DTMod:MagiciansMark+1","floor":18.0},{"not_picked":["DTMod:Feint","DTMod:BizarreTactic"],"picked":"DTMod:ForkedFire+1","floor":20.0},{"not_picked":["DTMod:HeatWave+1","DTMod:ComboAttack"],"picked":"DTMod:MagicField+1","floor":25.0},{"not_picked":["DTMod:ForkedFire+1","DTMod:Coolant"],"picked":"DTMod:GhostSkin","floor":27.0},{"not_picked":["DTMod:Astonish+1","DTMod:BreakAttack","DTMod:TagTeam"],"picked":"SKIP","floor":29.0},{"not_picked":["DTMod:ForkedFire","DTMod:Shift"],"picked":"DTMod:HeadStart","floor":31.0},{"not_picked":["DTMod:CleansingStrike","DTMod:FlameSlash","DTMod:BuildUp"],"picked":"SKIP","floor":35.0},{"not_picked":["DTMod:CleansingStrike","DTMod:FlameSlash","DTMod:BuildUp"],"picked":"SKIP","floor":35.0},{"not_picked":["DTMod:QuickFly+1","DTMod:Punisher","DTMod:Weaken+1"],"picked":"SKIP","floor":36.0},{"not_picked":["DTMod:BalancedStrike","DTMod:ShieldDrain+1","DTMod:MasterPlan"],"picked":"DTMod:Training","floor":38.0},{"not_picked":["DTMod:StarRain+1","DTMod:BlueScale+1","DTMod:Overwhelm+1","DTMod:Haste"],"picked":"SKIP","floor":42.0},{"not_picked":["DTMod:CalculatedDefense+1","DTMod:Observe","DTMod:Shift","DTMod:Conduct+1"],"picked":"SKIP","floor":44.0},{"not_picked":["DTMod:CleansingStrike","DTMod:Punisher","DTMod:DeepFocus"],"picked":"DTMod:Training+1","floor":45.0},{"not_picked":["DTMod:BreakAttack","DTMod:BurningEnergy","DTMod:RunningTactic+1","DTMod:RecklessFlurry"],"picked":"SKIP","floor":46.0},{"not_picked":["DTMod:BreakAttack+1","DTMod:StunTrap","DTMod:BlueScale","DTMod:DragonDance"],"picked":"SKIP","floor":48.0},{"not_picked":["DTMod:BurningForce+1","DTMod:Astonish+1","DTMod:BreakAttack+1","DTMod:Threaten+1"],"picked":"SKIP","floor":54.0}],"player_experience":933883,"relics_obtained":[{"floor":13.0,"key":"InkBottle"},{"floor":22.0,"key":"Red Mask"},{"floor":24.0,"key":"Unceasing Top"},{"floor":26.0,"key":"Bag of Marbles"},{"floor":27.0,"key":"Centennial Puzzle"},{"floor":29.0,"key":"Juzu Bracelet"},{"floor":37.0,"key":"Question Card"},{"floor":42.0,"key":"Pen Nib"},{"floor":42.0,"key":"PreservedInsect"},{"floor":43.0,"key":"Shuriken"},{"floor":45.0,"key":"Pocketwatch"},{"floor":46.0,"key":"Ancient Tea Set"},{"floor":46.0,"key":"Darkstone Periapt"},{"floor":48.0,"key":"Lizard Tail"},{"floor":48.0,"key":"Nunchaku"},{"floor":54.0,"key":"Pear"},{"floor":54.0,"key":"Blood Vial"}],"event_choices":[{"damage_healed":0.0,"max_hp_gain":0.0,"max_hp_loss":0.0,"gold_gain":75.0,"event_name":"FaceTrader","player_choice":"Touch","floor":3.0,"gold_loss":0.0,"damage_taken":4.0},{"damage_healed":0.0,"max_hp_gain":0.0,"max_hp_loss":0.0,"gold_gain":0.0,"event_name":"Scrap Ooze","player_choice":"Fled","floor":5.0,"gold_loss":0.0,"damage_taken":0.0},{"damage_healed":0.0,"max_hp_gain":0.0,"max_hp_loss":0.0,"gold_gain":0.0,"event_name":"Match and Keep!","player_choice":"2 cards matched","floor":11.0,"gold_loss":0.0,"damage_taken":0.0,"cards_obtained":["DTMod:SwitchingTactic","Impatience"]},{"damage_healed":0.0,"max_hp_gain":0.0,"max_hp_loss":0.0,"gold_gain":0.0,"event_name":"The Library","player_choice":"Read","floor":21.0,"gold_loss":0.0,"damage_taken":0.0,"cards_obtained":["DTMod:StarRain"]},{"damage_healed":0.0,"max_hp_gain":0.0,"max_hp_loss":0.0,"gold_gain":0.0,"event_name":"Masked Bandits","player_choice":"Fought Bandits","floor":22.0,"gold_loss":0.0,"damage_taken":0.0},{"damage_healed":0.0,"max_hp_gain":0.0,"max_hp_loss":0.0,"gold_gain":0.0,"cards_transformed":["DTMod:Strike"],"event_name":"Transmorgrifier","player_choice":"Transformed","floor":30.0,"gold_loss":0.0,"damage_taken":0.0,"cards_obtained":["DTMod:Threaten"]},{"cards_removed":["DTMod:Threaten"],"damage_healed":0.0,"max_hp_gain":0.0,"max_hp_loss":0.0,"gold_gain":0.0,"event_name":"Falling","player_choice":"Removed Skill","floor":39.0,"gold_loss":0.0,"damage_taken":0.0},{"damage_healed":0.0,"max_hp_gain":0.0,"max_hp_loss":0.0,"gold_gain":0.0,"event_name":"Mysterious Sphere","player_choice":"Fight","floor":45.0,"gold_loss":0.0,"damage_taken":0.0}],"is_beta":false,"boss_relics":[{"not_picked":["Sozu","Tiny House"],"picked":"Empty Cage"},{"not_picked":["Fusion Hammer","Calling Bell"],"picked":"Black Star"}],"items_purged_floors":[10,19,41],"is_endless":false,"potions_floor_spawned":[1,7,12,16,18,22,27,31,45,46],"ascension_level":1}}