{"host":"rolltorest","time":1613525668,"event":{"mods":["BaseMod","Minty Spire (QoL Compilation)","Relic Stats","Slay the Relics Exporter","StSLib"],"gold_per_floor":[117,134,148,198,215,215,241,241,267,297,309,355,367,393,405,417,417],"floor_reached":16,"language":"ENG","playtime":449,"items_purged":[],"score":244,"play_id":"8272d359-f237-4d4b-80eb-a085dfc40253","local_time":"20210216173428","is_ascension_mode":true,"campfire_choices":[{"data":"Streamline","floor":6,"key":"SMITH"},{"floor":8,"key":"REST"},{"floor":15,"key":"REST"}],"circlet_count":0,"master_deck":["AscendersBane","Strike_B","Strike_B","Strike_B","Defend_B+1","Defend_B","Defend_B+1","Defend_B","Zap","Dualcast","Sweeping Beam","Cold Snap","Streamline+1","Hologram","Undo","Conserve Battery","Hologram"],"relics":["Runic Dome","Blood Vial","War Paint","MawBank","Girya"],"acts_visited":["Exordium"],"potions_floor_usage":[10,11,14],"damage_taken":[{"damage":7,"enemies":"Jaw Worm","floor":1,"turns":4},{"damage":0,"enemies":"Cultist","floor":2,"turns":4},{"damage":0,"enemies":"2 Louse","floor":3,"turns":2},{"damage":10,"enemies":"Gremlin Gang","floor":5,"turns":6},{"damage":29,"enemies":"Gremlin Nob","floor":7,"turns":4},{"damage":7,"enemies":"Lagavulin","floor":10,"turns":6},{"damage":0,"enemies":"3 Louse","floor":11,"turns":1},{"damage":34,"enemies":"Gremlin Nob","floor":12,"turns":5},{"damage":0,"enemies":"2 Fungi Beasts","floor":14,"turns":3},{"damage":41,"enemies":"Slime Boss","floor":16,"turns":9}],"seed_played":"8279051229089667718","potions_obtained":[{"floor":3,"key":"PowerPotion"},{"floor":5,"key":"SmokeBomb"},{"floor":12,"key":"SneckoOil"}],"is_trial":false,"path_per_floor":["M","M","M","?","M","R","E","R","T","E","M","E","?","M","R","B"],"character_chosen":"DEFECT","items_purchased":[],"campfire_rested":2,"item_purchase_floors":[],"current_hp_per_floor":[57,57,57,57,47,47,18,39,39,34,36,4,4,6,27,0,0],"gold":417,"neow_bonus":"BOSS_RELIC","is_daily":false,"chose_seed":false,"campfire_upgraded":1,"win_rate":0.0,"timestamp":1613525668,"path_taken":["M","M","M","?","?","R","E","R","T","E","M","E","?","?","R","BOSS"],"items_purchased_type":[],"build_version":"2020-12-18","purchased_purges":0,"victory":false,"max_hp_per_floor":[71,71,71,71,71,71,71,71,71,71,71,71,71,71,71,71,71],"relic_stats":{"Blood Vial":10,"counters":[10,44],"War Paint":["Defend_B","Defend_B"],"MawBank":72,"obtain_stats":[{"Blood Vial":7,"Runic Dome":0,"Girya":12,"War Paint":9,"Cracked Core":0,"MawBank":10},{"Blood Vial":5,"Runic Dome":0,"Girya":8,"War Paint":5,"Cracked Core":0,"MawBank":6},{"Blood Vial":20,"Runic Dome":0,"Girya":32,"War Paint":20,"Cracked Core":0,"MawBank":26}]},"card_choices":[{"not_picked":["Beam Cell","Go for the Eyes"],"picked":"Sweeping Beam","floor":1},{"not_picked":["Leap","Sweeping Beam"],"picked":"Cold Snap","floor":2},{"not_picked":["Conserve Battery","Sweeping Beam"],"picked":"Streamline","floor":3},{"not_picked":["Double Energy","Thunder Strike"],"picked":"Hologram","floor":5},{"not_picked":["Thunder Strike","Stack","Amplify"],"picked":"SKIP","floor":7},{"not_picked":["Streamline","Beam Cell"],"picked":"Undo","floor":10},{"not_picked":["Leap","Multi-Cast"],"picked":"Conserve Battery","floor":12},{"not_picked":["Tempest","Auto Shields","Fusion"],"picked":"SKIP","floor":14}],"player_experience":1999567,"relics_obtained":[{"floor":7,"key":"Blood Vial"},{"floor":9,"key":"War Paint"},{"floor":10,"key":"MawBank"},{"floor":12,"key":"Girya"}],"event_choices":[{"damage_healed":0,"gold_gain":50,"player_choice":"Pray","damage_taken":0,"max_hp_gain":0,"max_hp_loss":0,"event_name":"Golden Shrine","floor":4,"gold_loss":0},{"damage_healed":0,"gold_gain":0,"cards_transformed":["Strike_B"],"player_choice":"Transformed","damage_taken":0,"max_hp_gain":0,"max_hp_loss":0,"event_name":"Transmorgrifier","floor":13,"gold_loss":0,"cards_obtained":["Hologram"]}],"is_beta":true,"boss_relics":[],"items_purged_floors":[],"is_endless":false,"potions_floor_spawned":[3,5,12],"killed_by":"Slime Boss","ascension_level":20}}