{"host":"nsc6ozq3atyrdr3m","time":1613597096,"event":{"mods":["BaseMod","Colored Map","Minty Spire (QoL Compilation)"],"gold_per_floor":[110,260,185,195,120,152,164,199,251,251,158,158,185,201,201,274,274,289,39,57,71,71,71,71,71],"floor_reached":24,"language":"FRA","playtime":565,"items_purged":["Doubt"],"score":478,"play_id":"9dce0362-db08-4338-996c-2b34a6e1ef41","local_time":"20210217222456","is_ascension_mode":true,"campfire_choices":[{"data":"Rupture","floor":10,"key":"SMITH"},{"floor":15,"key":"REST"},{"data":"Limit Break","floor":23,"key":"SMITH"}],"circlet_count":0,"master_deck":["AscendersBane","Strike_R","Strike_R","Strike_R","Strike_R","Strike_R","Defend_R+1","Defend_R","Defend_R","Defend_R","Bash","Rupture+1","Inflame","Inflame","Twin Strike","Flame Barrier","Impervious+1","Hemokinesis","Cleave","Heavy Blade","Sword Boomerang","Limit Break+1","Uppercut","Perfected Strike","Heavy Blade"],"relics":["Burning Blood","NeowsBlessing","Ornamental Fan","Happy Flower","War Paint","Centennial Puzzle","Blue Candle","Snecko Eye","Regal Pillow"],"acts_visited":["Exordium","TheCity"],"potions_floor_usage":[8,14,16,21],"damage_taken":[{"damage":0,"enemies":"2 Louse","floor":1,"turns":1},{"damage":0,"enemies":"Small Slimes","floor":4,"turns":1},{"damage":0,"enemies":"3 Sentries","floor":6,"turns":2},{"damage":12,"enemies":"Jaw Worm","floor":7,"turns":2},{"damage":24,"enemies":"Gremlin Nob","floor":8,"turns":4},{"damage":22,"enemies":"Lagavulin","floor":13,"turns":6},{"damage":16,"enemies":"Exordium Wildlife","floor":14,"turns":5},{"damage":24,"enemies":"Hexaghost","floor":16,"turns":9},{"damage":12,"enemies":"2 Thieves","floor":18,"turns":3},{"damage":10,"enemies":"Chosen","floor":20,"turns":3},{"damage":3,"enemies":"Centurion and Healer","floor":21,"turns":7},{"damage":58,"enemies":"Gremlin Leader","floor":24,"turns":4}],"seed_played":"-4366942705591703093","potions_obtained":[{"floor":1,"key":"DistilledChaos"},{"floor":4,"key":"ColorlessPotion"},{"floor":14,"key":"DistilledChaos"},{"floor":18,"key":"SkillPotion"}],"is_trial":false,"path_per_floor":["M","?","$","M","$","E","M","E","T","R","$","?","E","M","R","B",null,"M","$","M","M","?","R","E"],"character_chosen":"IRONCLAD","items_purchased":["Inflame","Hemokinesis","Cleave","Regal Pillow","Uppercut"],"campfire_rested":1,"item_purchase_floors":[5,11,11,19,19],"current_hp_per_floor":[74,74,74,75,75,75,69,51,51,51,51,40,24,14,36,18,61,55,55,51,54,54,54,0,0],"gold":71,"neow_bonus":"THREE_ENEMY_KILL","is_daily":false,"chose_seed":false,"campfire_upgraded":2,"win_rate":0.0,"timestamp":1613597096,"path_taken":["M","?","$","M","$","E","M","E","T","R","$","?","E","M","R","BOSS","M","$","M","M","?","R","E"],"items_purchased_type":["Card","Card","Card","Relic","Card"],"build_version":"2020-12-22","purchased_purges":1,"victory":false,"max_hp_per_floor":[75,75,75,75,75,75,75,75,75,75,75,75,75,75,75,75,75,75,75,75,75,75,75,75,75],"card_choices":[{"not_picked":["Intimidate","Flex"],"picked":"Rupture","floor":1},{"not_picked":["Second Wind","Shockwave"],"picked":"Inflame","floor":4},{"not_picked":["True Grit","Body Slam"],"picked":"Twin Strike","floor":6},{"not_picked":["Perfected Strike","Body Slam"],"picked":"Flame Barrier","floor":7},{"not_picked":["Feel No Pain","Twin Strike"],"picked":"Impervious","floor":8},{"not_picked":["Anger","Carnage"],"picked":"Heavy Blade","floor":13},{"not_picked":["Flex","Clothesline"],"picked":"Sword Boomerang","floor":14},{"not_picked":["Exhume","Impervious"],"picked":"Limit Break","floor":16},{"not_picked":["Thunderclap","Armaments","Iron Wave"],"picked":"SKIP","floor":18},{"not_picked":["Disarm","Infernal Blade"],"picked":"Perfected Strike","floor":20},{"not_picked":["Anger","Twin Strike"],"picked":"Heavy Blade","floor":21}],"player_experience":426812,"relics_obtained":[{"floor":6,"key":"Ornamental Fan"},{"floor":8,"key":"Happy Flower"},{"floor":9,"key":"War Paint"},{"floor":13,"key":"Blue Candle"}],"event_choices":[{"damage_healed":0,"gold_gain":150,"player_choice":"AGREE","damage_taken":0,"max_hp_gain":0,"max_hp_loss":0,"event_name":"Liars Game","floor":2,"gold_loss":0,"cards_obtained":["Doubt"]},{"damage_healed":0,"gold_gain":0,"player_choice":"Success","damage_taken":11,"relics_obtained":["Centennial Puzzle"],"max_hp_gain":0,"max_hp_loss":0,"event_name":"Scrap Ooze","floor":12,"gold_loss":0},{"damage_healed":0,"gold_gain":0,"player_choice":"Ignored","damage_taken":0,"max_hp_gain":0,"max_hp_loss":0,"event_name":"Vampires","floor":22,"gold_loss":0}],"is_beta":false,"boss_relics":[{"not_picked":["Empty Cage","Astrolabe"],"picked":"Snecko Eye"}],"items_purged_floors":[3],"is_endless":false,"potions_floor_spawned":[1,4,14,18],"killed_by":"Gremlin Leader","ascension_level":20}}