{"host":"kvo7eymyd21g9abd","time":1613587228,"event":{"mods":["AchievementEnabler","BaseMod","Bestiary","Colored Map","Minty Spire (QoL Compilation)","StSLib"],"gold_per_floor":[115,132,132,112,131,166,120,120,201,201,215,226,258,274,274,374,374,394,408,323,334,346,346,346],"floor_reached":23,"language":"ENG","playtime":765,"items_purged":[],"score":256,"play_id":"09224882-792e-498f-861e-7567d2928535","local_time":"20210217134028","is_ascension_mode":true,"campfire_choices":[{"floor":8,"key":"REST"},{"floor":10,"key":"RECALL"},{"floor":15,"key":"REST"}],"circlet_count":0,"master_deck":["Strike_G","Strike_G","Strike_G","Strike_G","Strike_G","Defend_G","Defend_G","Defend_G","Defend_G","Defend_G","Survivor","Neutralize","Predator","Underhanded Strike","Tactician","Acrobatics","Dagger Spray","Underhanded Strike","Quick Slash","Unload","Flechettes","Acrobatics","Unload","Prepared","Dagger Spray","Reflex","Flying Knee+1"],"relics":["Ring of the Snake","NeowsBlessing","Dream Catcher","Dead Branch","Sozu","Happy Flower"],"acts_visited":["Exordium","TheCity"],"potions_floor_usage":[13,13,16,23],"damage_taken":[{"damage":0,"enemies":"2 Louse","floor":1,"turns":1},{"damage":0,"enemies":"Small Slimes","floor":2,"turns":1},{"damage":0,"enemies":"Cultist","floor":5,"turns":1},{"damage":37,"enemies":"3 Sentries","floor":6,"turns":11},{"damage":3,"enemies":"Blue Slaver","floor":11,"turns":3},{"damage":8,"enemies":"Looter","floor":12,"turns":2},{"damage":13,"enemies":"Gremlin Nob","floor":13,"turns":3},{"damage":0,"enemies":"3 Louse","floor":14,"turns":2},{"damage":51,"enemies":"Hexaghost","floor":16,"turns":12},{"damage":16,"enemies":"Chosen","floor":18,"turns":4},{"damage":11,"enemies":"Spheric Guardian","floor":19,"turns":3},{"damage":8,"enemies":"3 Cultists","floor":21,"turns":5},{"damage":36,"enemies":"Centurion and Healer","floor":22,"turns":6},{"damage":24,"enemies":"Book of Stabbing","floor":23,"turns":2}],"seed_played":"5942652229758589734","potions_obtained":[{"floor":4,"key":"Swift Potion"},{"floor":5,"key":"FairyPotion"},{"floor":11,"key":"AttackPotion"},{"floor":13,"key":"ColorlessPotion"},{"floor":14,"key":"CunningPotion"},{"floor":16,"key":"Dexterity Potion"}],"is_trial":false,"path_per_floor":["M","M","?","?","M","E","$","R","T","R","M","M","E","M","R","B",null,"M","M","?","M","M","E"],"character_chosen":"THE_SILENT","items_purchased":["Acrobatics"],"campfire_rested":2,"item_purchase_floors":[7],"current_hp_per_floor":[70,70,75,75,75,38,38,60,60,60,57,49,36,36,58,7,58,42,31,31,23,20,0,0],"gold":346,"neow_bonus":"THREE_ENEMY_KILL","is_daily":false,"chose_seed":false,"campfire_upgraded":0,"win_rate":0.0,"timestamp":1613587228,"path_taken":["M","M","?","?","M","E","$","R","T","R","M","?","E","M","R","BOSS","M","M","?","M","M","E"],"items_purchased_type":["Card"],"build_version":"2020-12-22","purchased_purges":0,"victory":false,"max_hp_per_floor":[70,70,75,75,75,75,75,75,75,75,75,75,75,75,75,75,75,75,75,75,75,75,75,75],"card_choices":[{"not_picked":["Flying Knee","Slice"],"picked":"Predator","floor":1},{"not_picked":["Heel Hook","Blade Dance","Slice"],"picked":"SKIP","floor":2},{"not_picked":["Sucker Punch","Calculated Gamble"],"picked":"Underhanded Strike","floor":5},{"not_picked":["Bullet Time","Outmaneuver"],"picked":"Tactician","floor":6},{"not_picked":["Crippling Poison","Acrobatics"],"picked":"Dagger Spray","floor":8},{"not_picked":["Flying Knee","Cloak And Dagger"],"picked":"Underhanded Strike","floor":11},{"not_picked":["Acrobatics","Deadly Poison"],"picked":"Quick Slash","floor":12},{"not_picked":["Deflect","Slice"],"picked":"Unload","floor":13},{"not_picked":["Sucker Punch","Bouncing Flask"],"picked":"Flechettes","floor":14},{"not_picked":["Deadly Poison","Bouncing Flask"],"picked":"Acrobatics","floor":15},{"not_picked":["After Image","Malaise"],"picked":"Unload","floor":16},{"not_picked":["Outmaneuver","Cloak And Dagger"],"picked":"Prepared","floor":18},{"not_picked":["Deflect","Backstab+1"],"picked":"Dagger Spray","floor":19},{"not_picked":["Underhanded Strike","Dagger Spray+1"],"picked":"Reflex","floor":21},{"not_picked":["Outmaneuver","Sucker Punch"],"picked":"Flying Knee+1","floor":22}],"player_experience":465569,"relics_obtained":[{"floor":6,"key":"Dream Catcher"},{"floor":13,"key":"Dead Branch"}],"event_choices":[{"damage_healed":0,"gold_gain":0,"player_choice":"Donut","damage_taken":0,"max_hp_gain":5,"max_hp_loss":0,"event_name":"Big Fish","floor":3,"gold_loss":0},{"damage_healed":0,"gold_gain":0,"player_choice":"Bought 1 Potion","damage_taken":0,"max_hp_gain":0,"max_hp_loss":0,"event_name":"The Woman in Blue","floor":4,"gold_loss":0},{"damage_healed":0,"gold_gain":0,"player_choice":"Obtained Relic","damage_taken":0,"relics_obtained":["Happy Flower"],"max_hp_gain":0,"max_hp_loss":0,"event_name":"Addict","floor":20,"gold_loss":85}],"is_beta":false,"boss_relics":[{"not_picked":["SacredBark","Coffee Dripper"],"picked":"Sozu"}],"items_purged_floors":[],"is_endless":false,"potions_floor_spawned":[5,11,12,13,14,16,18,19],"killed_by":"Book of Stabbing","ascension_level":5}}