{"host":"xz7n3qy1zq36rzpg","time":1613569352,"event":{"mods":["BaseMod","Colored Map","Colored Powertips","Highlight Path","Minty Spire (QoL Compilation)","Quick Restart","Shop Mod"],"gold_per_floor":[110,127,127,139,139,214,214,214,260,283,319,319,352,352,352,352,352],"floor_reached":16,"language":"ENG","playtime":578,"items_purged":[],"score":119,"play_id":"2249a795-831d-4c78-8c86-8f99e495b83b","local_time":"20210217144232","is_ascension_mode":true,"campfire_choices":[{"data":"Eruption","floor":7,"key":"SMITH"},{"floor":12,"key":"REST"},{"floor":15,"key":"REST"}],"circlet_count":0,"master_deck":["Strike_P","Strike_P","Strike_P","Strike_P","Defend_P","Defend_P+1","Defend_P","Defend_P","Eruption+1","Vigilance+1","FlurryOfBlows","FearNoEvil","ThirdEye","SashWhip","Alpha","ClearTheMind","Vengeance"],"relics":["PureWater","Ancient Tea Set","Golden Idol","WingedGreaves","War Paint","Blue Candle","MealTicket"],"acts_visited":["Exordium"],"potions_floor_usage":[13],"damage_taken":[{"damage":0,"enemies":"Small Slimes","floor":1,"turns":3},{"damage":1,"enemies":"2 Louse","floor":2,"turns":3},{"damage":1,"enemies":"Cultist","floor":4,"turns":3},{"damage":0,"enemies":"Exordium Wildlife","floor":10,"turns":2},{"damage":22,"enemies":"Gremlin Nob","floor":11,"turns":5},{"damage":28,"enemies":"Lagavulin","floor":13,"turns":4},{"damage":47,"enemies":"The Guardian","floor":16,"turns":4}],"seed_played":"1112831996995135252","potions_obtained":[{"floor":4,"key":"LiquidMemories"},{"floor":13,"key":"SmokeBomb"}],"is_trial":false,"path_per_floor":["M","M","?","M","?","?","R","?","T","M","E","R","E","?","R","B"],"character_chosen":"WATCHER","items_purchased":[],"campfire_rested":2,"item_purchase_floors":[],"current_hp_per_floor":[72,71,71,70,67,56,56,49,49,49,27,47,19,19,39,0,0],"gold":352,"neow_bonus":"RANDOM_COMMON_RELIC","is_daily":false,"chose_seed":false,"campfire_upgraded":1,"win_rate":0.0,"timestamp":1613569352,"path_taken":["M","M","?","M","?","?","R","?","T","M","E","R","E","?","R","BOSS"],"items_purchased_type":[],"build_version":"2020-12-22","purchased_purges":0,"victory":false,"max_hp_per_floor":[72,72,72,72,67,67,67,67,67,67,67,67,67,67,67,67,67],"card_choices":[{"not_picked":["EmptyFist","Conclude"],"picked":"FlurryOfBlows","floor":1},{"not_picked":["Nirvana","Worship"],"picked":"FearNoEvil","floor":2},{"not_picked":["CrushJoints","BowlingBash"],"picked":"ThirdEye","floor":4},{"not_picked":["CutThroughFate","FlyingSleeves"],"picked":"SashWhip","floor":10},{"not_picked":["Crescendo","Prostrate"],"picked":"Alpha","floor":11},{"not_picked":["Weave","Halt"],"picked":"ClearTheMind","floor":13}],"player_experience":529502,"relics_obtained":[{"floor":9,"key":"War Paint"},{"floor":11,"key":"Blue Candle"},{"floor":13,"key":"MealTicket"}],"event_choices":[{"damage_healed":0,"gold_gain":0,"player_choice":"Ignored","damage_taken":0,"max_hp_gain":0,"max_hp_loss":0,"event_name":"Liars Game","floor":3,"gold_loss":0},{"damage_healed":0,"gold_gain":0,"player_choice":"Lose Max HP","damage_taken":0,"relics_obtained":["Golden Idol"],"max_hp_gain":0,"max_hp_loss":5,"event_name":"Golden Idol","floor":5,"gold_loss":0},{"damage_healed":0,"gold_gain":75,"player_choice":"Gather Gold","damage_taken":11,"max_hp_gain":0,"max_hp_loss":0,"event_name":"World of Goop","floor":6,"gold_loss":0},{"damage_healed":0,"gold_gain":0,"player_choice":"Success","damage_taken":7,"relics_obtained":["WingedGreaves"],"max_hp_gain":0,"max_hp_loss":0,"event_name":"Scrap Ooze","floor":8,"gold_loss":0},{"damage_healed":0,"gold_gain":0,"player_choice":"1 cards matched","damage_taken":0,"max_hp_gain":0,"max_hp_loss":0,"event_name":"Match and Keep!","floor":14,"gold_loss":0,"cards_obtained":["Vengeance"]}],"is_beta":false,"boss_relics":[],"items_purged_floors":[],"is_endless":false,"potions_floor_spawned":[4,13],"killed_by":"The Guardian","ascension_level":2}}