{"host":"f5pfdf07lxwkzoqo","time":1613606291,"event":{"mods":["Act Like it!","Aspiration","BaseMod","BetterRewards","Colored Powertips","Conspire","Downfall","Duelist Mod","GifTheSpireLib","GungeonMod","Hallownest","Highlight Path","Hubris","Jorbs\u0027s Wanderer Trilogy","Minty Spire (QoL Compilation)","Rare Cards Sparkle","StSLib","The Animator"],"gold_per_floor":[131,7,54,54,89,137,137,189,189,207,207],"floor_reached":10,"language":"ENG","playtime":1373,"items_purged":[],"score":78,"play_id":"a729cbc3-507a-4a82-ad4c-e5aef119a919","local_time":"20210217235811","is_ascension_mode":true,"campfire_choices":[{"floor":7,"key":"REST"}],"circlet_count":0,"master_deck":["animator:Strike_Overlord","animator:Defend_Overlord","animator:Strike","animator:Strike","animator:Strike","animator:Defend","animator:Defend","animator:Defend","animator:Cocytus","animator:Demiurge","animator:Illya","animator:Tet","animator:GuildGirl","animator:Vanir","animator:Chris+1","animator:Sebas","animator:PandorasActor","animator:Sebas"],"relics":["animator:LivingPicture","animator:TheMissingPiece","animator:PurgingStone","Bottled Flame","hubris:MysteriousPyramids","Pocketwatch","Paper Crane"],"acts_visited":["Exordium"],"potions_floor_usage":[6,6,10],"damage_taken":[{"damage":0,"enemies":"conspire:RoseBush","floor":1,"turns":4},{"damage":30,"enemies":"conspire:MimicChest","floor":3,"turns":7},{"damage":0,"enemies":"Small Slimes","floor":5,"turns":3},{"damage":24,"enemies":"Gremlin Nob","floor":6,"turns":5},{"damage":16,"enemies":"3 Sentries","floor":8,"turns":8},{"damage":18,"enemies":"Lagavulin","floor":10,"turns":5}],"seed_played":"8482696691030250284","potions_obtained":[{"floor":1,"key":"Ancient Potion"},{"floor":3,"key":"animator:FalseLifePotion"},{"floor":5,"key":"Dexterity Potion"},{"floor":8,"key":"Guardian:BlockOnCardUsePotion"}],"is_trial":false,"path_per_floor":["M","$","?","?","M","E","R","E","T","E"],"character_chosen":"THE_ANIMATOR","items_purchased":["animator:GuildGirl","animator:Vanir"],"campfire_rested":1,"item_purchase_floors":[2,2],"current_hp_per_floor":[66,66,36,36,36,13,33,17,17,0,0],"gold":207,"neow_bonus":"THREE_CARDS","is_daily":false,"chose_seed":false,"campfire_upgraded":0,"win_rate":0.0,"timestamp":1613606291,"path_taken":["M","$","?","?","M","E","R","E","T","E"],"items_purchased_type":["Card","Card"],"build_version":"2020-12-22","purchased_purges":0,"victory":false,"max_hp_per_floor":[66,66,66,66,66,67,67,67,67,67,67],"card_choices":[{"not_picked":["animator:Shion","animator:DolaSchwi"],"picked":"animator:Illya","floor":0},{"not_picked":["animator:DolaSchwi","animator:Jibril"],"picked":"animator:Tet","floor":1},{"not_picked":["animator:DolaRiku","animator:Sloth"],"picked":"animator:Chris","floor":3},{"not_picked":["animator:NarberalGamma","animator:IzunaHatsuse"],"picked":"animator:Sebas","floor":5},{"not_picked":["animator:DolaSchwi","animator:ElricEdward"],"picked":"animator:PandorasActor","floor":6},{"not_picked":["animator:PandorasActor","animator:Cocytus"],"picked":"animator:Sebas","floor":8}],"player_experience":559733,"relics_obtained":[{"floor":3,"key":"Bottled Flame"},{"floor":6,"key":"hubris:MysteriousPyramids"},{"floor":8,"key":"Pocketwatch"},{"floor":9,"key":"Paper Crane"}],"event_choices":[{"damage_healed":0,"gold_gain":0,"player_choice":"Upgraded","damage_taken":0,"max_hp_gain":0,"max_hp_loss":0,"event_name":"Upgrade Shrine","floor":4,"gold_loss":0,"cards_upgraded":["animator:Chris"]}],"is_beta":false,"boss_relics":[],"items_purged_floors":[],"is_endless":false,"potions_floor_spawned":[1,3,5,8],"killed_by":"Lagavulin","ascension_level":1}}