{"host":"f76wcztdlwlduum6","time":1613541735,"event":{"mods":["BaseMod","BetterRewards","Colored Powertips","Minty Spire (QoL Compilation)","Quick Restart","Rare Cards Sparkle","Relic Stats","StSLib","SuperFastMode","everything is the same but u backflip on backflip"],"gold_per_floor":[115,132,132,155,155,199,199,199,199,235,253,288,308,331,331,427,427,403,403,424,257,257,290,314,358,358,358,391,412,456,471,471,570,570,593,510,510,510,534,534,552,590,667,710,710,710,729,743,743,743,743,743,743,535,535,535],"floor_reached":55,"language":"ENG","playtime":2603,"items_purged":["Strike_B","Dualcast","Strike_B","Defend_B","Defend_B","Strike_B","Defend_B","Defend_B+1","Strike_B","Zap"],"score":2909,"play_id":"069beb34-92ab-4444-8769-569a96004f02","local_time":"20210217000215","is_ascension_mode":true,"campfire_choices":[{"data":"Echo Form","floor":7,"key":"SMITH"},{"data":"Defragment","floor":15,"key":"SMITH"},{"floor":27,"key":"RECALL"},{"data":"Defragment","floor":32,"key":"SMITH"}],"circlet_count":0,"master_deck":["AscendersBane","Glacier+1","Conserve Battery+1","Capacitor+1","Conserve Battery+1","Defragment+1","Conserve Battery+1","Conserve Battery+1","Echo Form+1","Defragment+1","Loop+1","Conserve Battery+1","Capacitor+1","Coolheaded+1","Loop+1","Coolheaded+1","Echo Form+1","Tempest+1","Double Energy+1","Conserve Battery+1","Echo Form+1","Echo Form+1","Meteor Strike+1","Tempest+1","Blizzard"],"relics":["Cracked Core","Membership Card","Omamori","ClockworkSouvenir","DataDisk","Runic Capacitor","Frozen Egg 2","Chemical X","Golden Idol","Juzu Bracelet","Odd Mushroom","Empty Cage","Ice Cream","Du-Vu Doll","Matryoshka","Happy Flower","Oddly Smooth Stone","Kunai","Coffee Dripper","Mark of the Bloom","Sundial","Pen Nib","Anchor","DollysMirror"],"acts_visited":["Exordium","TheCity","TheBeyond","TheEnding"],"potions_floor_usage":[11,12,35],"damage_taken":[{"damage":8,"enemies":"Jaw Worm","floor":1,"turns":5},{"damage":0,"enemies":"2 Louse","floor":2,"turns":3},{"damage":0,"enemies":"Cultist","floor":4,"turns":3},{"damage":8,"enemies":"Gremlin Nob","floor":6,"turns":4},{"damage":0,"enemies":"Lagavulin","floor":10,"turns":5},{"damage":3,"enemies":"Exordium Thugs","floor":11,"turns":4},{"damage":0,"enemies":"The Mushroom Lair","floor":12,"turns":4},{"damage":3,"enemies":"2 Fungi Beasts","floor":13,"turns":3},{"damage":3,"enemies":"Gremlin Gang","floor":14,"turns":5},{"damage":15,"enemies":"Hexaghost","floor":16,"turns":15},{"damage":10,"enemies":"2 Thieves","floor":18,"turns":5},{"damage":0,"enemies":"Chosen","floor":20,"turns":22},{"damage":29,"enemies":"Gremlin Leader","floor":23,"turns":10},{"damage":1,"enemies":"Snecko","floor":24,"turns":5},{"damage":2,"enemies":"Book of Stabbing","floor":25,"turns":10},{"damage":69,"enemies":"Gremlin Leader","floor":28,"turns":8},{"damage":6,"enemies":"Chosen and Byrds","floor":29,"turns":12},{"damage":27,"enemies":"Slavers","floor":30,"turns":9},{"damage":11,"enemies":"Sentry and Sphere","floor":31,"turns":3},{"damage":0,"enemies":"Collector","floor":33,"turns":6},{"damage":8,"enemies":"Orb Walker","floor":35,"turns":4},{"damage":0,"enemies":"3 Shapes","floor":39,"turns":3},{"damage":5,"enemies":"3 Darklings","floor":41,"turns":6},{"damage":0,"enemies":"Giant Head","floor":42,"turns":9},{"damage":0,"enemies":"Nemesis","floor":44,"turns":9},{"damage":0,"enemies":"Maw","floor":47,"turns":7},{"damage":0,"enemies":"Spire Growth","floor":48,"turns":6},{"damage":49,"enemies":"Awakened One","floor":50,"turns":8},{"damage":0,"enemies":"Donu and Deca","floor":51,"turns":9},{"damage":22,"enemies":"Shield and Spear","floor":55,"turns":2}],"seed_played":"7708879960975341466","potions_obtained":[{"floor":6,"key":"PowerPotion"},{"floor":11,"key":"DistilledChaos"},{"floor":12,"key":"FocusPotion"},{"floor":14,"key":"SteroidPotion"},{"floor":28,"key":"Explosive Potion"},{"floor":41,"key":"Strength Potion"}],"is_trial":false,"path_per_floor":["M","M","?","M","?","E","R","T","T","E","M","?","M","M","R","B",null,"M","$","M","$","?","E","M","E","T","R","E","M","E","M","R","B",null,"M","$","?","?","M","R","M","E","T","E","R","?","M","M","R","B","B",null,"R","$","E"],"character_chosen":"DEFECT","items_purchased":["Glacier","Membership Card","Capacitor","Conserve Battery","Capacitor","Omamori","Conserve Battery","ClockworkSouvenir","Defragment","Conserve Battery","Conserve Battery","War Paint","DataDisk","Defragment","Coolheaded","Runic Capacitor","Tempest","Frozen Egg 2","Self Repair+1","Chemical X","Loop+1","Conserve Battery","Capacitor+1","Coolheaded","Blizzard","Loop+1","Coolheaded","Du-Vu Doll","Echo Form+1","Anchor","DollysMirror","Blizzard"],"campfire_rested":0,"item_purchase_floors":[0,0,0,0,0,0,0,0,0,0,0,0,0,0,0,0,0,0,0,0,0,0,0,0,0,0,0,21,36,54,54,54],"current_hp_per_floor":[66,71,47,57,62,54,54,54,54,54,51,51,58,55,55,50,70,70,70,76,76,76,67,76,76,76,76,27,31,24,13,13,33,65,72,72,72,72,72,72,67,67,67,67,67,67,67,67,67,18,18,18,18,18,0,0],"gold":535,"neow_bonus":"","is_daily":false,"chose_seed":false,"campfire_upgraded":3,"win_rate":0.0,"timestamp":1613541735,"path_taken":["M","M","?","M","?","E","R","?","T","E","M","?","M","M","R","BOSS","M","$","M","$","?","E","M","E","T","R","E","M","E","M","R","BOSS","M","$","?","?","M","R","M","E","T","E","R","?","M","M","R","BOSS","BOSS","R","$","E"],"items_purchased_type":["Card","Relic","Card","Card","Card","Relic","Card","Relic","Card","Card","Card","Relic","Relic","Card","Card","Relic","Card","Relic","Card","Relic","Card","Card","Card","Card","Card","Card","Card","Relic","Card","Relic","Relic","Card"],"build_version":"2020-12-22","purchased_purges":10,"victory":false,"max_hp_per_floor":[71,71,71,71,76,76,76,76,76,76,76,76,76,76,76,76,76,76,76,76,76,76,76,76,76,76,76,76,76,76,76,76,76,76,76,76,76,76,76,76,76,76,76,76,76,76,76,76,76,76,76,76,76,76,76,76],"relic_stats":{"Mark of the Bloom":44,"Happy Flower":[33],"counters":[52,305],"Golden Idol":208,"Sundial":[10],"Pen Nib":[2],"Juzu Bracelet":2,"Chemical X":[74],"Kunai":[45],"obtain_stats":[{"Ice Cream":20,"Mark of the Bloom":38,"Tiny House":17,"Runic Capacitor":0,"Juzu Bracelet":10,"Whetstone":47,"Sling":45,"Empty Cage":17,"ClockworkSouvenir":0,"HornCleat":26,"Matryoshka":23,"Sundial":43,"DollysMirror":54,"Tiny Chest":23,"Philosopher\u0027s Stone":34,"Kunai":42,"Chemical X":0,"Cracked Core":0,"NeowsBlessing":0,"Happy Flower":25,"Golden Idol":3,"Blue Candle":6,"Oddly Smooth Stone":36,"Eternal Feather":2,"The Courier":14,"Pen Nib":44,"Omamori":0,"Odd Mushroom":13,"War Paint":0,"Frozen Egg 2":0,"White Beast Statue":25,"Cables":9,"Mercury Hourglass":6,"Du-Vu Doll":21,"CaptainsWheel":38,"DataDisk":0,"Anchor":54,"Ornamental Fan":42,"Art of War":9,"Coffee Dripper":34,"Membership Card":0,"FossilizedHelix":39,"Toy Ornithopter":26},{"Ice Cream":34,"Mark of the Bloom":43,"Tiny House":6,"Runic Capacitor":22,"Juzu Bracelet":27,"Whetstone":19,"Sling":18,"Empty Cage":32,"ClockworkSouvenir":22,"HornCleat":10,"Matryoshka":35,"Sundial":46,"DollysMirror":51,"Tiny Chest":9,"Philosopher\u0027s Stone":13,"Kunai":17,"Chemical X":22,"Cracked Core":0,"NeowsBlessing":0,"Happy Flower":37,"Golden Idol":24,"Blue Candle":3,"Oddly Smooth Stone":14,"Eternal Feather":1,"The Courier":5,"Pen Nib":47,"Omamori":22,"Odd Mushroom":4,"War Paint":22,"Frozen Egg 2":22,"White Beast Statue":10,"Cables":3,"Mercury Hourglass":26,"Du-Vu Doll":34,"CaptainsWheel":15,"DataDisk":22,"Anchor":51,"Ornamental Fan":46,"Art of War":26,"Coffee Dripper":42,"Membership Card":22,"FossilizedHelix":16,"Toy Ornithopter":37},{"Ice Cream":167,"Mark of the Bloom":246,"Tiny House":24,"Runic Capacitor":109,"Juzu Bracelet":126,"Whetstone":87,"Sling":82,"Empty Cage":155,"ClockworkSouvenir":109,"HornCleat":43,"Matryoshka":190,"Sundial":264,"DollysMirror":303,"Tiny Chest":39,"Philosopher\u0027s Stone":63,"Kunai":77,"Chemical X":109,"Cracked Core":0,"NeowsBlessing":0,"Happy Flower":205,"Golden Idol":115,"Blue Candle":3,"Oddly Smooth Stone":66,"Eternal Feather":1,"The Courier":16,"Pen Nib":273,"Omamori":109,"Odd Mushroom":8,"War Paint":109,"Frozen Egg 2":109,"White Beast Statue":43,"Cables":3,"Mercury Hourglass":121,"Du-Vu Doll":180,"CaptainsWheel":69,"DataDisk":109,"Anchor":303,"Ornamental Fan":264,"Art of War":121,"Coffee Dripper":243,"Membership Card":109,"FossilizedHelix":74,"Toy Ornithopter":205}]},"card_choices":[{"not_picked":["Chaos","Barrage","Ball Lightning"],"picked":"SKIP","floor":1},{"not_picked":["Turbo","Beam Cell","Scrape"],"picked":"SKIP","floor":2},{"not_picked":["Reprogram","FTL","Stack"],"picked":"SKIP","floor":4},{"not_picked":["Go for the Eyes","Hologram","Hyperbeam"],"picked":"SKIP","floor":6},{"not_picked":["Ball Lightning","Blizzard","Sweeping Beam"],"picked":"SKIP","floor":10},{"not_picked":["Streamline","Aggregate"],"picked":"Cold Snap","floor":11},{"not_picked":["Reboot","Go for the Eyes","BootSequence"],"picked":"SKIP","floor":13},{"not_picked":["Blizzard","Steam","Gash"],"picked":"SKIP","floor":14},{"not_picked":["Core Surge","Fission"],"picked":"Echo Form+1","floor":16},{"not_picked":["Fusion","Leap","Heatsinks+1"],"picked":"SKIP","floor":18},{"not_picked":["Ball Lightning","Stack","Turbo+1"],"picked":"SKIP","floor":20},{"not_picked":["Go for the Eyes","Melter","Redo"],"picked":"SKIP","floor":23},{"not_picked":["Hologram","Rebound","Gash"],"picked":"SKIP","floor":24},{"not_picked":["Streamline","Biased Cognition+1"],"picked":"Double Energy","floor":25},{"not_picked":["Hyperbeam","Reprogram+1","Redo"],"picked":"SKIP","floor":28},{"not_picked":["Ball Lightning","Beam Cell","Force Field"],"picked":"SKIP","floor":29},{"not_picked":["Hologram","Sweeping Beam","Stack+1"],"picked":"SKIP","floor":30},{"not_picked":["Ball Lightning","Hologram+1"],"picked":"Conserve Battery","floor":31},{"not_picked":["Fission","Core Surge"],"picked":"Meteor Strike","floor":33},{"not_picked":["Cold Snap","Beam Cell","Redo"],"picked":"SKIP","floor":35},{"not_picked":["Barrage+1","Leap","Static Discharge+1"],"picked":"SKIP","floor":39},{"not_picked":["Rebound","Coolheaded+1","Heatsinks+1"],"picked":"SKIP","floor":41},{"not_picked":["Coolheaded+1","Hello World+1"],"picked":"Echo Form+1","floor":42},{"not_picked":["Fusion","Go for the Eyes","Cold Snap+1"],"picked":"SKIP","floor":44},{"not_picked":["Stack","Self Repair+1","Ball Lightning"],"picked":"SKIP","floor":47},{"not_picked":["Hologram","Streamline","Aggregate"],"picked":"SKIP","floor":48}],"player_experience":345550,"relics_obtained":[{"floor":6,"key":"Mercury Hourglass"},{"floor":9,"key":"Art of War"},{"floor":10,"key":"Juzu Bracelet"},{"floor":12,"key":"Odd Mushroom"},{"floor":23,"key":"Matryoshka"},{"floor":25,"key":"Happy Flower"},{"floor":26,"key":"Oddly Smooth Stone"},{"floor":26,"key":"Toy Ornithopter"},{"floor":28,"key":"Whetstone"},{"floor":30,"key":"Kunai"},{"floor":42,"key":"Ornamental Fan"},{"floor":43,"key":"Sundial"},{"floor":44,"key":"Pen Nib"}],"event_choices":[{"damage_healed":0,"gold_gain":0,"player_choice":"Take Damage","damage_taken":24,"relics_obtained":["Golden Idol"],"max_hp_gain":0,"max_hp_loss":0,"event_name":"Golden Idol","floor":3,"gold_loss":0},{"damage_healed":0,"gold_gain":0,"player_choice":"Donut","damage_taken":0,"max_hp_gain":5,"max_hp_loss":0,"event_name":"Big Fish","floor":5,"gold_loss":0},{"damage_healed":0,"gold_gain":0,"player_choice":"Fought Mushrooms","damage_taken":0,"max_hp_gain":0,"max_hp_loss":0,"event_name":"Mushrooms","floor":12,"gold_loss":0},{"damage_healed":0,"gold_gain":0,"player_choice":"Ignored","damage_taken":0,"max_hp_gain":0,"max_hp_loss":0,"event_name":"Beggar","floor":22,"gold_loss":0},{"cards_removed":["Coolheaded"],"damage_healed":0,"gold_gain":0,"player_choice":"Purged","damage_taken":0,"max_hp_gain":0,"max_hp_loss":0,"event_name":"Purifier","floor":37,"gold_loss":0},{"damage_healed":0,"gold_gain":0,"player_choice":"Upgrade","damage_taken":0,"relics_obtained":["Mark of the Bloom"],"max_hp_gain":0,"max_hp_loss":0,"event_name":"MindBloom","floor":38,"gold_loss":0,"cards_upgraded":["Conserve Battery","Capacitor","Double Energy","Meteor Strike"]},{"cards_removed":["Meteor Strike"],"damage_healed":0,"gold_gain":0,"player_choice":"Removed Attack","damage_taken":0,"max_hp_gain":0,"max_hp_loss":0,"event_name":"Falling","floor":46,"gold_loss":0}],"is_beta":false,"boss_relics":[{"not_picked":["Cursed Key","SacredBark"],"picked":"Empty Cage"},{"not_picked":["Velvet Choker","Sozu"],"picked":"Coffee Dripper"}],"items_purged_floors":[0,0,0,0,0,0,0,0,0,0],"is_endless":false,"potions_floor_spawned":[6,11,12,14,16,24,25,28,30,41,42,44,47],"killed_by":"Shield and Spear","ascension_level":20}}