{"host":"43nlzy1jey2qap2z","time":1613546524,"event":{"mods":["BaseMod","Colored Map","Colored Powertips","Downfall","Duelist Mod","Hermit","Highlight Path","Hubris","Minty Spire (QoL Compilation)","StSLib","The Bladedancer","The Construct","The Hierophant","The Jungle","The Necromancer","The Runesmith"],"gold_per_floor":[99,118,135,135,147,147,147,47,59,59,59,70,70,70,84,187,187,187,187],"floor_reached":17,"language":"ENG","playtime":1259,"items_purged":[],"score":147,"play_id":"1956eb68-8782-4349-a692-a353ed945ad0","local_time":"20210217012204","is_ascension_mode":false,"campfire_choices":[{"floor":1,"key":"RECALL"},{"data":"Guardian:TwinSlam","floor":6,"key":"SMITH"},{"data":"Guardian:PiercingHide","floor":8,"key":"SMITH"},{"data":"Guardian:Strike_Guardian","floor":11,"key":"SMITH"},{"floor":13,"key":"REST"}],"circlet_count":0,"master_deck":["Guardian:Strike_Guardian","Guardian:Strike_Guardian","Guardian:Strike_Guardian","Guardian:Strike_Guardian+1","Guardian:Defend_Guardian","Guardian:Defend_Guardian","Guardian:Defend_Guardian","Guardian:Defend_Guardian","Guardian:CurlUp","Guardian:TwinSlam+1","Guardian:VentSteam","Guardian:PiercingHide+1","Guardian:VentSteam","Guardian:WalkerClaw","Guardian:Gem_Red","Guardian:RevengeProtocol"],"relics":["Guardian:ModeShifter","downfall:HeartBlessingBlue","downfall:BrokenWingStatue"],"acts_visited":["Exordium","TheCity"],"potions_floor_usage":[16],"damage_taken":[{"damage":6,"enemies":"Jaw Worm","floor":2,"turns":5},{"damage":1,"enemies":"2 Louse","floor":3,"turns":4},{"damage":5,"enemies":"Small Slimes","floor":5,"turns":4},{"damage":8,"enemies":"downfall:LooterAlt","floor":9,"turns":6},{"damage":6,"enemies":"Blue Slaver","floor":12,"turns":6},{"damage":12,"enemies":"2 Fungi Beasts","floor":15,"turns":3},{"damage":89,"enemies":"IC_STATUS_ARCHETYPE","floor":16,"turns":17}],"seed_played":"4651493443265303221","potions_obtained":[{"floor":9,"key":"construct:ShiftPotion"},{"floor":12,"key":"Regen Potion"},{"floor":16,"key":"GamblersBrew"}],"is_trial":false,"path_per_floor":["R","M","M","?","M","R","T","R","M","?","R","M","R","?","M","B",null],"character_chosen":"GUARDIAN","items_purchased":[],"campfire_rested":1,"item_purchase_floors":[],"current_hp_per_floor":[80,74,73,73,68,68,68,78,70,70,70,64,90,90,78,4,90,90,90],"gold":187,"neow_bonus":"THREE_CARDS","is_daily":false,"chose_seed":false,"campfire_upgraded":3,"win_rate":0.0,"timestamp":1613546524,"path_taken":["R","M","M","?","M","R","T","R","M","?","R","M","R","?","M","BOSS"],"items_purchased_type":[],"build_version":"2020-12-22","purchased_purges":0,"victory":false,"max_hp_per_floor":[80,80,80,80,80,80,80,90,90,90,90,90,90,90,90,90,90,90,90],"card_choices":[{"not_picked":["Guardian:Suspension","Guardian:ShieldCharger"],"picked":"Guardian:VentSteam","floor":0},{"not_picked":["Guardian:Recover","Guardian:Reroute"],"picked":"Guardian:Gem_Lightblue","floor":2},{"not_picked":["Guardian:FastForward","Guardian:RefractedBeam"],"picked":"Guardian:PiercingHide","floor":3},{"not_picked":["Guardian:DonusPower","Guardian:CrystalBeam"],"picked":"Guardian:VentSteam","floor":5},{"not_picked":["Guardian:Incinerate","Guardian:Gem_Cyan"],"picked":"Guardian:WalkerClaw","floor":9},{"not_picked":["Guardian:ShieldCharger","Guardian:TemporalStrike"],"picked":"Guardian:Gem_Orange","floor":12},{"not_picked":["Guardian:Gem_Lightblue","Guardian:CrystalBeam"],"picked":"Guardian:Gem_Red","floor":15},{"not_picked":["Guardian:SphericShield","Guardian:BaubleBeam"],"picked":"Guardian:RevengeProtocol","floor":16}],"player_experience":48031,"relics_obtained":[],"event_choices":[{"damage_healed":0,"gold_gain":0,"player_choice":"Fled","damage_taken":0,"max_hp_gain":0,"max_hp_loss":0,"event_name":"Scrap Ooze","floor":10,"gold_loss":0}],"is_beta":false,"boss_relics":[{"not_picked":[]}],"items_purged_floors":[],"is_endless":false,"potions_floor_spawned":[9,12,16],"ascension_level":0}}