{"host":"adt9pv9dmmkchns7","time":1613580640,"event":{"mods":["AchievementEnabler","Aspiration","BaseMod","Beaked The Cultist","Better Third Choice","Curses Come First","Energized Spire","Minty Spire (QoL Compilation)","Permanent Neow","Potionbrewer","Quick Restart","Reliquary","Replay The Spire","Robot Space Explorer","Shade Mod","Spicy Shops","StSLib","The Blackbeard","The Cursed","The Forsaken","The Gatherer","The Necromancer","Wandering Minibosses"],"gold_per_floor":[119,137,150,164,164,191,149,181,181,194,194,40,75,95,95,197,197,180,180,180],"floor_reached":19,"language":"ENG","playtime":1632,"items_purged":[],"score":275,"play_id":"03e912aa-a727-40b2-8868-15022a0d18e7","local_time":"20210217175040","is_ascension_mode":true,"campfire_choices":[{"floor":11,"key":"RECALL"},{"data":"Shade:Brains","floor":15,"key":"SMITH"}],"circlet_count":0,"master_deck":["Shade:Strike_Shade","Shade:Strike_Shade","Shade:Strike_Shade","Shade:Strike_Shade","Shade:Defend_Shade","Shade:Defend_Shade","Shade:Defend_Shade","Shade:AnimateDead","Shade:CarefulCut","Shade:AuraOfUnlife","Shade:FleshLikeOak","Shade:Bite_Shade","Shade:Brains+1","Shade:LoseControl","Shade:StitchTogether","Shade:UnbarTheGrave","Shade:AuraOfUnlife","Shade:ExtraLimbs","Shade:Coordination","Shade:PoundOfFlesh"],"relics":["Shade:YorickSkull","aspiration:Nostalgia","theForsaken:JudgementScales","Replay:Bottled Snecko","betterThird:SlimedRelic","StoneCalendar","Torii","reliquary:ExpiredCoupon","aspiration:FutureDiary"],"acts_visited":["Exordium","TheCity"],"potions_floor_usage":[8,8,14,16,18],"damage_taken":[{"damage":3,"enemies":"Small Slimes","floor":1,"turns":3},{"damage":0,"enemies":"Jaw Worm","floor":2,"turns":5},{"damage":2,"enemies":"Cultist","floor":3,"turns":4},{"damage":7,"enemies":"Looter","floor":4,"turns":3},{"damage":28,"enemies":"Lagavulin","floor":6,"turns":9},{"damage":0,"enemies":"3 Sentries","floor":8,"turns":5},{"damage":1,"enemies":"Blue Slaver","floor":10,"turns":5},{"damage":0,"enemies":"Lagavulin","floor":13,"turns":7},{"damage":10,"enemies":"Large Slime","floor":14,"turns":7},{"damage":13,"enemies":"Slime Boss","floor":16,"turns":7},{"damage":11,"enemies":"2 Thieves","floor":18,"turns":4},{"damage":0,"enemies":"Shell Parasite","floor":19,"turns":1}],"seed_played":"8714192173975756612","potions_obtained":[{"floor":1,"key":"SkillPotion"},{"floor":4,"key":"Toxic Potion"},{"floor":6,"key":"Cursed Concoction"},{"floor":10,"key":"potionbrewer:StunPotion"},{"floor":16,"key":"Adrenaline Potion"}],"is_trial":false,"path_per_floor":["M","M","M","M","?","E","?","E","T","M","R","$","E","M","R","B",null,"M","M"],"character_chosen":"SHADE","items_purchased":["Torii"],"campfire_rested":0,"item_purchase_floors":[12],"current_hp_per_floor":[62,62,60,55,55,33,22,24,24,30,30,30,37,36,36,27,65,54,54,54],"gold":180,"neow_bonus":"NOSTALGIA","is_daily":false,"chose_seed":false,"campfire_upgraded":1,"win_rate":0.0,"timestamp":1613580640,"path_taken":["M","M","M","M","?","E","?","E","T","M","R","?","E","M","R","BOSS","M","M"],"items_purchased_type":["Relic"],"build_version":"2020-12-22","purchased_purges":0,"victory":false,"max_hp_per_floor":[65,65,65,65,65,65,65,65,65,65,65,65,65,65,65,65,65,65,65,65],"card_choices":[{"not_picked":["Shade:AblativeArmor","Shade:CoffinDance"],"picked":"Shade:AuraOfUnlife","floor":1},{"not_picked":["Shade:FeralStrike","Shade:Frenzy"],"picked":"Shade:FleshLikeOak","floor":2},{"not_picked":["Shade:SkeletonHug","Shade:FeralStrike"],"picked":"Shade:Bite_Shade","floor":3},{"not_picked":["Shade:FuneraryJewels","Shade:FingerOfDeath"],"picked":"Shade:Brains","floor":4},{"not_picked":["Shade:GoDigging","Shade:AncientSpear"],"picked":"Shade:LoseControl","floor":6},{"not_picked":["Shade:Frenzy","Shade:PressTheAttack"],"picked":"Shade:StitchTogether","floor":8},{"not_picked":["Shade:FuneraryArmor","Shade:CommandSoldier"],"picked":"Shade:UnbarTheGrave","floor":10},{"not_picked":["Shade:FuneraryJewels","Shade:BoneShards"],"picked":"Shade:AuraOfUnlife","floor":13},{"not_picked":["Shade:Premonition","Shade:FeralStrike"],"picked":"Shade:ExtraLimbs","floor":14},{"not_picked":["Shade:UnbarTheGrave","Shade:OneIsEnough"],"picked":"Shade:Coordination","floor":16},{"not_picked":["Shade:WallOfFlesh","Shade:SpontaneousRitual"],"picked":"Shade:PoundOfFlesh","floor":18}],"player_experience":970899,"relics_obtained":[{"floor":6,"key":"Replay:Bottled Snecko"},{"floor":8,"key":"StoneCalendar"},{"floor":13,"key":"reliquary:ExpiredCoupon"}],"event_choices":[{"damage_healed":0,"gold_gain":0,"player_choice":"Slimed","damage_taken":11,"max_hp_gain":0,"max_hp_loss":0,"event_name":"betterThird:BetterGoop","floor":7,"gold_loss":42}],"is_beta":false,"boss_relics":[{"not_picked":["beaked:SacredDeck","Replay:Drink Me"],"picked":"aspiration:FutureDiary"}],"items_purged_floors":[],"is_endless":false,"potions_floor_spawned":[1,4,6,10,16],"killed_by":"Shell Parasite","ascension_level":3}}