{"host":"5hsgormuu0lj4iiq","time":1613531718,"event":{"mods":["AchievementEnabler","BaseMod","Colored Map","Colored Powertips","Minty Spire (QoL Compilation)","Quick Restart","Relic Stats","SuperFastMode","everything is the same but u backflip on backflip","slay the spire mod where everything is the same but ironclad has a cowboy hat"],"gold_per_floor":[114,114,64,64,16,43,43,55,81,99,99,115,132,132,132,228,228,247,260,260,276,276,276,276],"floor_reached":23,"language":"ENG","playtime":598,"items_purged":[],"score":356,"play_id":"b4cd6269-d466-4d60-98ed-94cfde4cf4d1","local_time":"20210216221518","is_ascension_mode":true,"campfire_choices":[{"data":"Leap","floor":7,"key":"SMITH"},{"data":"Chill","floor":11,"key":"SMITH"},{"data":"Melter","floor":15,"key":"SMITH"}],"circlet_count":0,"master_deck":["AscendersBane","Defend_B","Defend_B","Defend_B","Defend_B","Zap","Dualcast","Glacier+1","Leap+1","Conserve Battery","Chill+1","Reboot","Melter+1","Electrodynamics","Ball Lightning","Core Surge"],"relics":["Cracked Core","NeowsBlessing","Bag of Marbles","Bag of Preparation","Smiling Mask","Golden Idol","Empty Cage"],"acts_visited":["Exordium","TheCity"],"potions_floor_usage":[16,16,16,16,19],"damage_taken":[{"damage":0,"enemies":"Jaw Worm","floor":1,"turns":1},{"damage":0,"enemies":"3 Sentries","floor":6,"turns":1},{"damage":0,"enemies":"2 Louse","floor":8,"turns":2},{"damage":0,"enemies":"Cultist","floor":10,"turns":4},{"damage":0,"enemies":"Looter","floor":12,"turns":5},{"damage":0,"enemies":"2 Fungi Beasts","floor":13,"turns":5},{"damage":23,"enemies":"Slime Boss","floor":16,"turns":14},{"damage":5,"enemies":"Shell Parasite","floor":18,"turns":9},{"damage":0,"enemies":"Spheric Guardian","floor":19,"turns":2},{"damage":9,"enemies":"Cultist and Chosen","floor":21,"turns":7},{"damage":51,"enemies":"Book of Stabbing","floor":23,"turns":7}],"seed_played":"-6744570540819414703","potions_obtained":[{"floor":12,"key":"FocusPotion"},{"floor":13,"key":"EntropicBrew"},{"floor":16,"key":"AttackPotion"},{"floor":19,"key":"AttackPotion"},{"floor":21,"key":"SpeedPotion"}],"is_trial":false,"path_per_floor":["M","?","?","?","$","E","R","M","T","M","R","M","M","?","R","B",null,"M","M","?","M","?","E"],"character_chosen":"DEFECT","items_purchased":["Leap"],"campfire_rested":0,"item_purchase_floors":[5],"current_hp_per_floor":[68,50,50,50,50,50,50,50,50,50,50,50,50,50,50,27,59,54,54,54,45,45,0,0],"gold":276,"neow_bonus":"THREE_ENEMY_KILL","is_daily":false,"chose_seed":false,"campfire_upgraded":3,"win_rate":0.0,"timestamp":1613531718,"path_taken":["M","?","?","?","$","E","R","?","T","M","R","M","M","?","R","BOSS","M","M","?","?","?","E"],"items_purchased_type":["Card"],"build_version":"2020-12-22","purchased_purges":0,"victory":false,"max_hp_per_floor":[75,75,75,75,75,75,75,75,75,75,75,75,75,69,69,69,69,69,69,69,69,69,69,69],"relic_stats":{"counters":[11,57],"Golden Idol":29,"Bag of Preparation":[18],"Smiling Mask":0,"obtain_stats":[{"NeowsBlessing":0,"Golden Idol":14,"Bag of Marbles":2,"Bag of Preparation":6,"Cracked Core":0,"Smiling Mask":9,"Empty Cage":17},{"NeowsBlessing":0,"Golden Idol":6,"Bag of Marbles":1,"Bag of Preparation":2,"Cracked Core":0,"Smiling Mask":3,"Empty Cage":7},{"NeowsBlessing":0,"Golden Idol":18,"Bag of Marbles":1,"Bag of Preparation":2,"Cracked Core":0,"Smiling Mask":4,"Empty Cage":32}]},"card_choices":[{"not_picked":["Cold Snap","Heatsinks"],"picked":"Glacier","floor":1},{"not_picked":["Gash","Lockon"],"picked":"Conserve Battery","floor":6},{"not_picked":["Redo","Leap","Barrage"],"picked":"SKIP","floor":8},{"not_picked":["Recycle","Rebound"],"picked":"Chill","floor":10},{"not_picked":["Sunder","Barrage"],"picked":"Reboot","floor":12},{"not_picked":["Steam","Cold Snap"],"picked":"Melter","floor":13},{"not_picked":["Amplify","Buffer"],"picked":"Electrodynamics","floor":16},{"not_picked":["Scrape","Compile Driver","Redo"],"picked":"SKIP","floor":18},{"not_picked":["Redo","Rebound","Compile Driver"],"picked":"SKIP","floor":19},{"not_picked":["Conserve Battery+1","Aggregate"],"picked":"Ball Lightning","floor":21}],"player_experience":744616,"relics_obtained":[{"floor":6,"key":"Bag of Preparation"},{"floor":9,"key":"Smiling Mask"}],"event_choices":[{"damage_healed":0,"gold_gain":0,"player_choice":"Success","damage_taken":18,"relics_obtained":["Bag of Marbles"],"max_hp_gain":0,"max_hp_loss":0,"event_name":"Scrap Ooze","floor":2,"gold_loss":0},{"cards_removed":["Strike_B"],"damage_healed":0,"gold_gain":0,"player_choice":"Card Removal","damage_taken":0,"max_hp_gain":0,"max_hp_loss":0,"event_name":"The Cleric","floor":3,"gold_loss":50},{"damage_healed":0,"gold_gain":0,"player_choice":"Grow","damage_taken":0,"max_hp_gain":0,"max_hp_loss":0,"event_name":"Living Wall","floor":4,"gold_loss":0,"cards_upgraded":["Glacier"]},{"damage_healed":0,"gold_gain":0,"player_choice":"Lose Max HP","damage_taken":0,"relics_obtained":["Golden Idol"],"max_hp_gain":0,"max_hp_loss":6,"event_name":"Golden Idol","floor":14,"gold_loss":0},{"cards_removed":["Strike_B"],"damage_healed":0,"gold_gain":0,"player_choice":"Purged","damage_taken":0,"max_hp_gain":0,"max_hp_loss":0,"event_name":"Purifier","floor":20,"gold_loss":0},{"damage_healed":0,"gold_gain":0,"player_choice":"Read","damage_taken":0,"max_hp_gain":0,"max_hp_loss":0,"event_name":"The Library","floor":22,"gold_loss":0,"cards_obtained":["Core Surge"]}],"is_beta":false,"boss_relics":[{"not_picked":["Cursed Key","Ectoplasm"],"picked":"Empty Cage"}],"items_purged_floors":[],"is_endless":false,"potions_floor_spawned":[12,13,16,19,21],"killed_by":"Book of Stabbing","ascension_level":13}}