{"host":"cfx7gfywkfguge4j","time":1613535515,"event":{"mods":["BaseMod","Lobotomy","LobotomyExtend","Minty Spire (QoL Compilation)","Replay The Spire","Shop Mod","StSLib","The Servant 0.9.4","[IsaacMod]ÒÔÈö¼âËþ"],"gold_per_floor":[119,119,6,22,22,35,78,96,167,185,228,228,267,291,291,414,414,429,369,19,37,53,53,116,145,169,173,173],"floor_reached":27,"language":"ZHS","playtime":642,"items_purged":["Defend_P","Strike_P","Strike_P"],"score":403,"play_id":"8dcd4d9d-ed22-41a0-a504-696fb163894c","local_time":"20210217121835","is_ascension_mode":true,"campfire_choices":[{"data":"Eruption","floor":12.0,"key":"SMITH"},{"floor":15.0,"key":"REST"},{"data":"Conclude","floor":23.0,"key":"SMITH"}],"circlet_count":0,"master_deck":["Strike_P","Defend_P","Defend_P","Defend_P","Eruption+1","Vigilance","MentalFortress","WheelKick","Crescendo","BowlingBash","Brilliance","Devotion","ClearTheMind","Judgement","Conclude+1","Wallop+1"],"relics":["HushsDoor","Chaos","BookOfRevelations","LetterFromLob","Golden Idol","Matryoshka","StrikeDummy","Replay:Multitool","Thread and Needle","Replay:Mystery Machine","Meat on the Bone","Juzu Bracelet","Replay:Bandana","WingedGreaves","Pet Ghost"],"acts_visited":["Exordium","TheCity"],"potions_floor_usage":[],"damage_taken":[{"damage":0.0,"enemies":"2 Louse","floor":1.0,"turns":2.0},{"damage":11.0,"enemies":"Small Slimes","floor":4.0,"turns":5.0},{"damage":0.0,"enemies":"Cultist","floor":6.0,"turns":2.0},{"damage":16.0,"enemies":"Gremlin Nob","floor":7.0,"turns":3.0},{"damage":11.0,"enemies":"2 Fungi Beasts","floor":8.0,"turns":3.0},{"damage":2.0,"enemies":"3 Louse","floor":10.0,"turns":3.0},{"damage":0.0,"enemies":"Lagavulin","floor":11.0,"turns":4.0},{"damage":16.0,"enemies":"Gremlin Nob","floor":13.0,"turns":3.0},{"damage":0.0,"enemies":"Gremlin Gang","floor":14.0,"turns":2.0},{"damage":0.0,"enemies":"Slime Boss","floor":16.0,"turns":5.0},{"damage":7.0,"enemies":"Shell Parasite","floor":18.0,"turns":5.0},{"damage":0.0,"enemies":"Chosen","floor":21.0,"turns":3.0},{"damage":20.0,"enemies":"3 Cultists","floor":22.0,"turns":3.0},{"damage":8.0,"enemies":"Hiden Room Battle","floor":24.0,"turns":3.0},{"damage":5.0,"enemies":"Centurion and Healer","floor":25.0,"turns":4.0},{"damage":38,"enemies":"Book of Stabbing","floor":27,"turns":2}],"seed_played":"-3811473811199304754","potions_obtained":[{"floor":1.0,"key":"PowerPotion"},{"floor":6.0,"key":"Strength Potion"},{"floor":7.0,"key":"BlessingOfTheForge"},{"floor":11.0,"key":"DuplicationPotion"},{"floor":16.0,"key":"Venom Potion"},{"floor":24.0,"key":"CultistPotion"}],"is_trial":false,"path_per_floor":["M","?","$","M","?","M","E","M","T","M","E","R","E","M","R","B",null,"M","?","$","M","M","R","?","M","T","E"],"character_chosen":"WATCHER","items_purchased":["WheelKick","Meat on the Bone"],"campfire_rested":1,"item_purchase_floors":[3,20],"current_hp_per_floor":[65,69,69,58,58,58,42,31,31,29,29,29,13,13,33,33,55,48,48,48,48,40,40,29,36,36,0,0],"gold":173,"neow_bonus":"BOSS_RELIC","is_daily":false,"chose_seed":false,"campfire_upgraded":2,"win_rate":0.0,"timestamp":1613535515,"path_taken":["M","?","?","M","?","M","E","M","T","M","E","R","E","?","R","BOSS","M","?","$","M","M","R","?","M","T","E"],"items_purchased_type":["Card","Relic"],"build_version":"2020-12-22","purchased_purges":3,"victory":false,"max_hp_per_floor":[72,72,72,72,67,67,67,67,67,67,67,67,67,67,67,67,62,62,62,62,62,62,62,62,62,62,62,62],"card_choices":[{"not_picked":["Replay:BluntJabs","Perseverance"],"picked":"MentalFortress","floor":1.0},{"not_picked":["DeceiveReality","FollowUp","CutThroughFate"],"picked":"SKIP","floor":4.0},{"not_picked":["Consecrate","BattleHymn","SashWhip"],"picked":"SKIP","floor":6.0},{"not_picked":["SashWhip","Replay:AllIn","Collect"],"picked":"SKIP","floor":7.0},{"not_picked":["ClearTheMind","SashWhip"],"picked":"Crescendo","floor":8.0},{"not_picked":["EmptyBody","LikeWater"],"picked":"BowlingBash","floor":10.0},{"not_picked":["CrushJoints","Replay:Cycle","PathToVictory"],"picked":"SKIP","floor":11.0},{"not_picked":["CutThroughFate","ReachHeaven"],"picked":"Brilliance","floor":13.0},{"not_picked":["FlyingSleeves","Collect","Perseverance"],"picked":"SKIP","floor":14.0},{"not_picked":["Replay:LoomingThreat","Vault"],"picked":"Devotion","floor":16.0},{"not_picked":["Replay:BluntJabs","Halt"],"picked":"ForeignInfluence","floor":18.0},{"not_picked":["Nirvana","Prostrate+1"],"picked":"Conclude","floor":21.0},{"not_picked":["SandsOfTime","Fasting2"],"picked":"Wallop+1","floor":22.0},{"not_picked":["Replay:Cycle","WheelKick","Replay:DivineShield+1"],"picked":"SKIP","floor":25.0}],"player_experience":111413,"relics_obtained":[{"floor":1.0,"key":"LetterFromLob"},{"floor":7.0,"key":"Matryoshka"},{"floor":9.0,"key":"StrikeDummy"},{"floor":11.0,"key":"Replay:Multitool"},{"floor":13.0,"key":"Thread and Needle"},{"floor":24.0,"key":"Juzu Bracelet"},{"floor":24.0,"key":"Replay:Bandana"},{"floor":26.0,"key":"WingedGreaves"},{"floor":26.0,"key":"Pet Ghost"}],"event_choices":[{"damage_healed":0.0,"max_hp_gain":0.0,"max_hp_loss":5.0,"gold_gain":0.0,"event_name":"Golden Idol","player_choice":"Lose Max HP","floor":5.0,"gold_loss":0.0,"damage_taken":0.0,"relics_obtained":["Golden Idol"]},{"damage_healed":0.0,"max_hp_gain":0.0,"max_hp_loss":0.0,"gold_gain":0.0,"cards_transformed":["ForeignInfluence","Strike_P"],"event_name":"Designer","player_choice":"Transformed Cards","floor":19.0,"gold_loss":60.0,"damage_taken":0.0,"cards_obtained":["ClearTheMind","Judgement"]},{"damage_healed":0.0,"max_hp_gain":0.0,"max_hp_loss":0.0,"gold_gain":0.0,"event_name":"HidenRoomEvent","player_choice":"Fight","floor":24.0,"gold_loss":0.0,"damage_taken":0.0}],"is_beta":false,"boss_relics":[{"not_picked":["Turnip","Potion Belt"],"picked":"Replay:Mystery Machine"},{"not_picked":[]}],"items_purged_floors":[3,17,20],"is_endless":false,"potions_floor_spawned":[1,6,7,10,11,16,24],"killed_by":"Book of Stabbing","ascension_level":6}}