{"host":"mo4d2vii2wc3uyp7","time":1613565673,"event":{"mods":["AchievementEnabler","BaseMod","Colored Map","Highlight Path","Keyboard Shortcuts","Minty Spire (QoL Compilation)","Permanent Neow","Quick Restart","Shop Mod","StSLib","SuperFastMode","everything is the same but u backflip on backflip"],"gold_per_floor":[116,128,128,3,22,51,80,92,104,147,91,123,136,155,155,253,253,178,178,277,290,305,305,337,365,415,415,415,21,21,51,51,156,156,171,171,131,149,162,195,212,212,212,36,61,61,61,87,87,87],"floor_reached":51,"language":"KOR","playtime":2161,"items_purged":["Strike_G","Defend_G"],"score":928,"play_id":"ea1ebd61-683f-4d99-be09-abeb6fcaf41a","local_time":"20210217214113","is_ascension_mode":true,"campfire_choices":[{"data":"Calculated Gamble","floor":8.0,"key":"SMITH"},{"floor":15.0,"key":"REST"},{"floor":23.0,"key":"REST"},{"floor":27.0,"key":"REST"},{"data":"Apotheosis","floor":30,"key":"SMITH"},{"data":"Envenom","floor":32,"key":"SMITH"},{"data":"1","floor":42,"key":"LIFT"},{"data":"2","floor":46,"key":"LIFT"},{"floor":49,"key":"REST"}],"circlet_count":0,"master_deck":["Strike_G","Strike_G","Strike_G","Strike_G","Defend_G","Defend_G+1","Defend_G","Defend_G+1","Survivor+1","Neutralize","Bane+1","All Out Attack","Calculated Gamble+1","Footwork","Quick Slash","Dagger Spray","Envenom+1","Backflip","Caltrops","Reflex","Distraction+1","Terror","Apotheosis+1","Escape Plan","Storm of Steel","Madness","Dagger Throw+1"],"relics":["Ring of the Serpent","Snake Skull","MawBank","Regal Pillow","InkBottle","Happy Flower","HoveringKite","Nilry\u0027s Codex","CaptainsWheel","Red Mask","War Paint","HandDrill","Bag of Preparation","Girya","Anchor","Toy Ornithopter","Paper Crane"],"acts_visited":["Exordium","TheCity","TheBeyond"],"potions_floor_usage":[38,40,40,45,47,50],"damage_taken":[{"damage":0.0,"enemies":"Small Slimes","floor":1.0,"turns":5.0},{"damage":3.0,"enemies":"Jaw Worm","floor":2.0,"turns":4.0},{"damage":0.0,"enemies":"Cultist","floor":5.0,"turns":3.0},{"damage":2.0,"enemies":"Gremlin Nob","floor":6.0,"turns":4.0},{"damage":0.0,"enemies":"Looter","floor":7.0,"turns":4.0},{"damage":3.0,"enemies":"3 Sentries","floor":10.0,"turns":6.0},{"damage":11.0,"enemies":"Gremlin Nob","floor":12.0,"turns":4.0},{"damage":9.0,"enemies":"Exordium Thugs","floor":13.0,"turns":3.0},{"damage":8.0,"enemies":"2 Fungi Beasts","floor":14.0,"turns":3.0},{"damage":13.0,"enemies":"Hexaghost","floor":16.0,"turns":8.0},{"damage":27.0,"enemies":"2 Thieves","floor":18.0,"turns":5.0},{"damage":0.0,"enemies":"Chosen","floor":21.0,"turns":4.0},{"damage":6.0,"enemies":"Snake Plant","floor":22.0,"turns":5.0},{"damage":26.0,"enemies":"Slavers","floor":24.0,"turns":4.0},{"damage":18.0,"enemies":"Masked Bandits","floor":25.0,"turns":5.0},{"damage":7,"enemies":"Book of Stabbing","floor":31,"turns":4},{"damage":15,"enemies":"Champ","floor":33,"turns":8},{"damage":0,"enemies":"Orb Walker","floor":35,"turns":4},{"damage":0,"enemies":"3 Shapes","floor":38,"turns":3},{"damage":2,"enemies":"Maw","floor":39,"turns":5},{"damage":15,"enemies":"Reptomancer","floor":40,"turns":7},{"damage":1,"enemies":"Spire Growth","floor":41,"turns":5},{"damage":12,"enemies":"Nemesis","floor":45,"turns":5},{"damage":0,"enemies":"Writhing Mass","floor":47,"turns":1},{"damage":2,"enemies":"Giant Head","floor":48,"turns":5},{"damage":58,"enemies":"Time Eater","floor":50,"turns":10}],"seed_played":"-8761716960639104767","potions_obtained":[{"floor":5.0,"key":"SteroidPotion"},{"floor":7.0,"key":"Fire Potion"},{"floor":10.0,"key":"GamblersBrew"},{"floor":13.0,"key":"LiquidMemories"},{"floor":14.0,"key":"Weak Potion"},{"floor":16.0,"key":"PowerPotion"},{"floor":22.0,"key":"PowerPotion"},{"floor":31,"key":"Block Potion"},{"floor":33,"key":"SmokeBomb"},{"floor":35,"key":"EssenceOfSteel"},{"floor":38,"key":"CunningPotion"},{"floor":48,"key":"AttackPotion"}],"is_trial":false,"path_per_floor":["M","M","?","$","M","E","M","R","T","E","$","E","M","M","R","B",null,"M","?","?","M","M","R","E","?","T","R","?","$","R","E","R","B",null,"M","?","?","M","M","E","M","R","T","$","E","R","M","E","R","B",null],"character_chosen":"THE_SILENT","items_purchased":["Block Potion","Envenom","Apotheosis","HandDrill","Escape Plan","DistilledChaos"],"campfire_rested":4,"item_purchase_floors":[4,11,29,29,29,44],"current_hp_per_floor":[70,67,53,53,53,51,51,51,51,48,48,37,28,20,56,43,70,43,27,27,27,21,57,31,13,13,49,70,70,70,63,63,48,70,70,65,65,65,63,48,47,47,47,47,35,35,40,38,70,17],"gold":87,"neow_bonus":"RANDOM_COMMON_RELIC","is_daily":false,"chose_seed":false,"campfire_upgraded":3,"win_rate":0.0,"timestamp":1613565673,"path_taken":["M","M","?","$","M","E","M","R","T","E","$","E","M","M","R","BOSS","M","?","?","M","M","R","E","?","T","R","?","$","R","E","R","BOSS","M","?","?","M","M","E","M","R","T","$","E","R","?","E","R","BOSS"],"items_purchased_type":["Potion","Card","Card","Relic","Card","Potion"],"build_version":"2020-12-22","purchased_purges":2,"victory":true,"max_hp_per_floor":[70,70,70,70,70,70,70,70,70,70,70,70,70,70,70,70,70,70,70,70,70,70,70,70,70,70,70,70,70,70,70,70,70,70,70,70,70,70,70,70,70,70,70,70,70,70,70,70,70,70],"card_choices":[{"not_picked":["Outmaneuver","Deflect"],"picked":"Bane","floor":1.0},{"not_picked":["Choke","Well Laid Plans"],"picked":"All Out Attack","floor":2.0},{"not_picked":["Deadly Poison","Acrobatics"],"picked":"Calculated Gamble","floor":5.0},{"not_picked":["Bullet Time","Outmaneuver"],"picked":"Footwork","floor":6.0},{"not_picked":["Dodge and Roll","Prepared"],"picked":"Quick Slash","floor":7.0},{"not_picked":["Concentrate","Caltrops"],"picked":"Dagger Spray","floor":10.0},{"not_picked":["Slice","Adrenaline"],"picked":"Backflip","floor":12.0},{"not_picked":["Dodge and Roll","Slice"],"picked":"Caltrops","floor":13.0},{"not_picked":["Outmaneuver","Dagger Spray","Predator"],"picked":"SKIP","floor":14.0},{"not_picked":["Bane+1","Dagger Throw"],"picked":"Reflex","floor":18.0},{"not_picked":["Cloak And Dagger+1","Heel Hook+1","Accuracy"],"picked":"SKIP","floor":21.0},{"not_picked":["Underhanded Strike+1","Predator+1"],"picked":"Distraction+1","floor":22.0},{"not_picked":["Blade Dance","Cloak And Dagger","Corpse Explosion"],"picked":"SKIP","floor":24.0},{"not_picked":["Slice","Acrobatics"],"picked":"Terror","floor":25.0},{"not_picked":["Expertise","Sucker Punch+1","Heel Hook"],"picked":"SKIP","floor":31},{"not_picked":["Envenom","Unload"],"picked":"Storm of Steel","floor":33},{"not_picked":["Sucker Punch","Reflex","Concentrate"],"picked":"SKIP","floor":35},{"not_picked":["Violence","Mind Blast"],"picked":"Madness","floor":36},{"not_picked":["Dodge and Roll+1","Flying Knee+1","Riddle With Holes+1"],"picked":"SKIP","floor":38},{"not_picked":["Reflex+1","Outmaneuver","Well Laid Plans"],"picked":"SKIP","floor":39},{"not_picked":["Deflect","Bane"],"picked":"Dagger Throw+1","floor":40},{"not_picked":["Blade Dance+1","Choke+1","Dodge and Roll+1"],"picked":"SKIP","floor":41},{"not_picked":["Leg Sweep","Caltrops+1","Storm of Steel"],"picked":"SKIP","floor":45},{"not_picked":["Flying Knee","Slice","Footwork"],"picked":"SKIP","floor":48}],"player_experience":631230,"relics_obtained":[{"floor":6.0,"key":"MawBank"},{"floor":9.0,"key":"Regal Pillow"},{"floor":10.0,"key":"InkBottle"},{"floor":12.0,"key":"Happy Flower"},{"floor":19.0,"key":"Nilry\u0027s Codex"},{"floor":24.0,"key":"CaptainsWheel"},{"floor":25.0,"key":"Red Mask"},{"floor":26.0,"key":"War Paint"},{"floor":31,"key":"Bag of Preparation"},{"floor":40,"key":"Girya"},{"floor":43,"key":"Anchor"},{"floor":45,"key":"Toy Ornithopter"},{"floor":48,"key":"Paper Crane"}],"event_choices":[{"damage_healed":0.0,"max_hp_gain":0.0,"max_hp_loss":0.0,"gold_gain":0.0,"event_name":"Shining Light","player_choice":"Entered Light","floor":3.0,"gold_loss":0.0,"damage_taken":14.0,"cards_upgraded":["Defend_G","Bane"]},{"damage_healed":0.0,"max_hp_gain":0.0,"max_hp_loss":0.0,"gold_gain":0.0,"event_name":"Cursed Tome","player_choice":"Obtained Book","floor":19.0,"gold_loss":0.0,"damage_taken":16.0},{"damage_healed":0.0,"max_hp_gain":0.0,"max_hp_loss":0.0,"gold_gain":99.0,"event_name":"Nest","player_choice":"Stole From Cult","floor":20.0,"gold_loss":0.0,"damage_taken":0.0},{"damage_healed":0.0,"max_hp_gain":0.0,"max_hp_loss":0.0,"gold_gain":0.0,"event_name":"Masked Bandits","player_choice":"Fought Bandits","floor":25.0,"gold_loss":0.0,"damage_taken":0.0},{"damage_healed":23,"gold_gain":0,"player_choice":"Heal","damage_taken":0,"max_hp_gain":0,"max_hp_loss":0,"event_name":"The Library","floor":28,"gold_loss":0},{"damage_healed":0,"gold_gain":0,"player_choice":"Memory 2","damage_taken":5,"max_hp_gain":0,"max_hp_loss":0,"event_name":"SensoryStone","floor":36,"gold_loss":0},{"damage_healed":0,"gold_gain":0,"player_choice":"Bought 3 Potions","damage_taken":0,"max_hp_gain":0,"max_hp_loss":0,"event_name":"The Woman in Blue","floor":37,"gold_loss":0}],"is_beta":false,"boss_relics":[{"not_picked":["Runic Pyramid","Fusion Hammer"],"picked":"HoveringKite"},{"not_picked":["Busted Crown","WristBlade"],"picked":"Ring of the Serpent"}],"items_purged_floors":[4,44],"is_endless":false,"potions_floor_spawned":[5,7,10,13,14,16,22,31,33,35,38,48],"ascension_level":1}}