{"host":"i2s4iw62z1dejrqn","time":1613554793,"event":{"mods":["AchievementEnabler","BaseMod","Minty Spire (QoL Compilation)","Random Character Button","SuperFastMode"],"gold_per_floor":[116,191,42,42,69,95,95,121,121,149,149,149,224,224,224,327,327,339,339,339,419,433,462,462,497,497,76,76,14,14,29,29,134,134,154,503,523,523,82,82,101,101,128,128,78,110,124,153,153,153,153,153,44,74,74,74],"floor_reached":55,"language":"KOR","playtime":3557,"items_purged":["Streamline","Zap"],"score":1204,"play_id":"1e380492-c420-4721-9919-58ccf671bf5b","local_time":"20210217183953","is_ascension_mode":true,"campfire_choices":[{"data":"Chaos","floor":12.0,"key":"SMITH"},{"data":"Defragment","floor":15.0,"key":"SMITH"},{"floor":24.0,"key":"REST"},{"floor":28.0,"key":"REST"},{"data":"Dualcast","floor":30.0,"key":"SMITH"},{"data":"Consume","floor":32.0,"key":"SMITH"},{"floor":40.0,"key":"RECALL"},{"data":"Coolheaded","floor":42.0,"key":"SMITH"},{"data":"Fusion","floor":44.0,"key":"SMITH"},{"data":"Creative AI","floor":49.0,"key":"SMITH"},{"data":"Darkness","floor":52.0,"key":"SMITH"}],"circlet_count":0,"master_deck":["Dualcast+1","Defragment+1","Chaos+1","Darkness+1","Buffer+1","Blizzard","Sweeping Beam","Rainbow","Fusion+1","Echo Form","Darkness+1","Ghostly","Ghostly","Ghostly","Ghostly","Ghostly","Glacier+1","Purity","Skim","Consume+1","Creative AI+1","Reinforced Body+1","Coolheaded+1","Self Repair+1","Biased Cognition","Conserve Battery+1","Defragment+1"],"relics":["Cracked Core","NeowsBlessing","Juzu Bracelet","Bag of Preparation","Happy Flower","Pear","Darkstone Periapt","The Courier","Boot","Pandora\u0027s Box","Eternal Feather","Smiling Mask","Torii","Gambling Chip","ClockworkSouvenir","Inserter","Old Coin","Chemical X","Meat on the Bone","Anchor","MealTicket","Bag of Marbles","Pen Nib","Unceasing Top"],"acts_visited":["Exordium","TheCity","TheBeyond","TheEnding"],"potions_floor_usage":[55,55],"damage_taken":[{"damage":0.0,"enemies":"2 Louse","floor":1.0,"turns":1.0},{"damage":0.0,"enemies":"Gremlin Nob","floor":6.0,"turns":1.0},{"damage":0.0,"enemies":"3 Sentries","floor":8.0,"turns":1.0},{"damage":8.0,"enemies":"Gremlin Nob","floor":10.0,"turns":3.0},{"damage":13.0,"enemies":"The Guardian","floor":16.0,"turns":9.0},{"damage":20.0,"enemies":"3 Byrds","floor":18.0,"turns":4.0},{"damage":0.0,"enemies":"Spheric Guardian","floor":22.0,"turns":4.0},{"damage":29.0,"enemies":"Gremlin Leader","floor":23.0,"turns":7.0},{"damage":9.0,"enemies":"Book of Stabbing","floor":25.0,"turns":6.0},{"damage":3.0,"enemies":"Centurion and Healer","floor":31.0,"turns":6.0},{"damage":11.0,"enemies":"Automaton","floor":33.0,"turns":10.0},{"damage":21.0,"enemies":"3 Darklings","floor":35.0,"turns":8.0},{"damage":1.0,"enemies":"2 Orb Walkers","floor":36.0,"turns":8.0},{"damage":29.0,"enemies":"3 Shapes","floor":37.0,"turns":6.0},{"damage":0.0,"enemies":"Spire Growth","floor":41.0,"turns":7.0},{"damage":1.0,"enemies":"Nemesis","floor":46.0,"turns":11.0},{"damage":1.0,"enemies":"Transient","floor":47.0,"turns":5.0},{"damage":11.0,"enemies":"Reptomancer","floor":48.0,"turns":11.0},{"damage":7.0,"enemies":"Time Eater","floor":50.0,"turns":13.0},{"damage":1.0,"enemies":"Shield and Spear","floor":54.0,"turns":8.0},{"damage":45,"enemies":"The Heart","floor":55,"turns":11}],"seed_played":"974596121580934079","potions_obtained":[{"floor":6.0,"key":"Fire Potion"},{"floor":8.0,"key":"EntropicBrew"},{"floor":10.0,"key":"Weak Potion"},{"floor":22.0,"key":"FairyPotion"},{"floor":31.0,"key":"Ancient Potion"},{"floor":35.0,"key":"EssenceOfSteel"},{"floor":46.0,"key":"AttackPotion"},{"floor":47.0,"key":"BlessingOfTheForge"},{"floor":48.0,"key":"PowerPotion"}],"is_trial":false,"path_per_floor":["M","?","$","?","T","E","?","E","T","E","?","R","?","?","R","B",null,"M","?","?","T","M","E","R","E","T","$","R","$","R","M","R","B",null,"M","?","M","?","$","R","M","R","T","R","$","E","M","E","R","B",null,"R","$","E","B"],"character_chosen":"DEFECT","items_purchased":["Juzu Bracelet","Gambling Chip","ClockworkSouvenir","Purity","Skim","Chemical X","Meat on the Bone","Anchor","GamblersBrew"],"campfire_rested":2,"item_purchase_floors":[3,27,27,27,29,39,39,39,53],"current_hp_per_floor":[68,57,57,39,39,49,49,49,49,41,34,34,26,26,26,13,67,47,31,31,31,31,2,24,15,15,15,40,40,45,42,45,34,42,21,20,13,13,13,28,28,43,43,45,45,45,45,44,45,38,43,45,45,45,0,0],"gold":74,"neow_bonus":"THREE_ENEMY_KILL","is_daily":false,"chose_seed":false,"campfire_upgraded":8,"win_rate":0.0,"timestamp":1613554793,"path_taken":["M","?","$","?","?","E","?","E","T","E","?","R","?","?","R","BOSS","M","?","?","?","M","E","R","E","T","?","R","$","R","M","R","BOSS","M","?","M","?","$","R","M","R","T","R","$","E","M","E","R","BOSS","R","$","E","BOSS"],"items_purchased_type":["Relic","Relic","Relic","Card","Card","Relic","Relic","Relic","Potion"],"build_version":"2020-12-22","purchased_purges":2,"victory":false,"max_hp_per_floor":[75,75,75,75,75,85,85,85,85,85,85,85,85,85,85,85,85,85,90,45,45,45,45,45,45,45,45,45,45,45,45,45,45,45,45,45,45,45,45,45,45,45,45,45,45,45,45,45,45,45,45,45,45,45,45,45],"card_choices":[{"not_picked":["Compile Driver","Chill"],"picked":"Defragment","floor":1.0},{"not_picked":["Melter","Doom and Gloom"],"picked":"Chaos","floor":6.0},{"not_picked":["Steam","Sweeping Beam","Stack"],"picked":"SKIP","floor":8.0},{"not_picked":["Stack","Rainbow"],"picked":"Darkness","floor":10.0},{"not_picked":["Meteor Strike","Multi-Cast"],"picked":"Buffer","floor":16.0},{"not_picked":["FTL","Sweeping Beam"],"picked":"Darkness+1","floor":18.0},{"not_picked":["Streamline+1","Hologram"],"picked":"Glacier+1","floor":22.0},{"not_picked":["Force Field","Conserve Battery","Rainbow"],"picked":"SKIP","floor":23.0},{"not_picked":["Gash","Force Field","Stack"],"picked":"SKIP","floor":25.0},{"not_picked":["Rebound","Redo"],"picked":"Consume","floor":31.0},{"not_picked":["Buffer","Thunder Strike"],"picked":"Creative AI","floor":33.0},{"not_picked":["BootSequence","Leap+1"],"picked":"Reinforced Body+1","floor":35.0},{"not_picked":["Stack","Hyperbeam"],"picked":"Coolheaded","floor":36.0},{"not_picked":["Consume","Doom and Gloom","FTL+1"],"picked":"SKIP","floor":37.0},{"not_picked":["Beam Cell","Gash"],"picked":"Self Repair+1","floor":41.0},{"not_picked":["Leap","Rebound+1"],"picked":"Biased Cognition","floor":46.0},{"not_picked":["Genetic Algorithm+1","Barrage+1"],"picked":"Conserve Battery+1","floor":47.0},{"not_picked":["Meteor Strike","Barrage+1","Steam+1"],"picked":"SKIP","floor":48.0},{"not_picked":["Cold Snap","Hologram"],"picked":"Defragment+1","floor":54.0}],"player_experience":470925,"relics_obtained":[{"floor":5.0,"key":"Happy Flower"},{"floor":6.0,"key":"Pear"},{"floor":8.0,"key":"Darkstone Periapt"},{"floor":9.0,"key":"The Courier"},{"floor":10.0,"key":"Boot"},{"floor":21.0,"key":"Eternal Feather"},{"floor":23.0,"key":"Smiling Mask"},{"floor":25.0,"key":"Torii"},{"floor":36.0,"key":"Old Coin"},{"floor":43.0,"key":"MealTicket"},{"floor":46.0,"key":"Bag of Marbles"},{"floor":48.0,"key":"Pen Nib"},{"floor":54.0,"key":"Unceasing Top"}],"event_choices":[{"damage_healed":0.0,"max_hp_gain":0.0,"max_hp_loss":0.0,"gold_gain":75.0,"event_name":"World of Goop","player_choice":"Gather Gold","floor":2.0,"gold_loss":0.0,"damage_taken":11.0},{"damage_healed":0.0,"max_hp_gain":0.0,"max_hp_loss":0.0,"gold_gain":0.0,"event_name":"Scrap Ooze","player_choice":"Success","floor":4.0,"gold_loss":0.0,"damage_taken":18.0,"relics_obtained":["Bag of Preparation"]},{"damage_healed":0.0,"max_hp_gain":0.0,"max_hp_loss":0.0,"gold_gain":0.0,"cards_transformed":["Strike_B"],"event_name":"Transmorgrifier","player_choice":"Transformed","floor":7.0,"gold_loss":0.0,"damage_taken":0.0,"cards_obtained":["Streamline"]},{"cards_removed":["Strike_B"],"damage_healed":0.0,"max_hp_gain":0.0,"max_hp_loss":0.0,"gold_gain":0.0,"event_name":"Golden Wing","player_choice":"Card Removal","floor":11.0,"gold_loss":0.0,"damage_taken":7.0},{"damage_healed":0.0,"max_hp_gain":0.0,"max_hp_loss":0.0,"gold_gain":75.0,"event_name":"FaceTrader","player_choice":"Touch","floor":13.0,"gold_loss":0.0,"damage_taken":8.0},{"cards_removed":["Strike_B"],"damage_healed":0.0,"max_hp_gain":0.0,"max_hp_loss":0.0,"gold_gain":0.0,"event_name":"Living Wall","player_choice":"Forget","floor":14.0,"gold_loss":0.0,"damage_taken":0.0},{"damage_healed":0.0,"max_hp_gain":5.0,"max_hp_loss":0.0,"gold_gain":0.0,"event_name":"Forgotten Altar","player_choice":"Shed Blood","floor":19.0,"gold_loss":0.0,"damage_taken":21.0},{"damage_healed":0.0,"max_hp_gain":0.0,"max_hp_loss":45.0,"gold_gain":0.0,"event_name":"Ghosts","player_choice":"Became a Ghost","floor":20.0,"gold_loss":0.0,"damage_taken":0.0,"cards_obtained":["Ghostly","Ghostly","Ghostly","Ghostly","Ghostly"]},{"damage_healed":0.0,"max_hp_gain":0.0,"max_hp_loss":0.0,"gold_gain":0.0,"event_name":"Mysterious Sphere","player_choice":"Fight","floor":36.0,"gold_loss":0.0,"damage_taken":0.0},{"damage_healed":0.0,"max_hp_gain":0.0,"max_hp_loss":0.0,"gold_gain":0.0,"event_name":"Upgrade Shrine","player_choice":"Upgraded","floor":38.0,"gold_loss":0.0,"damage_taken":0.0,"cards_upgraded":["Buffer"]}],"is_beta":false,"boss_relics":[{"not_picked":["Runic Dome","SacredBark"],"picked":"Pandora\u0027s Box"},{"not_picked":["Empty Cage","Cursed Key"],"picked":"Inserter"}],"items_purged_floors":[45,53],"is_endless":false,"potions_floor_spawned":[6,8,10,22,31,35,46,47,48],"killed_by":"The Heart","ascension_level":9}}