{"host":"en4narc5947t7k9n","time":1613585931,"event":{"mods":["AchievementEnabler","BaseMod","Colored Map","Minty Spire (QoL Compilation)","SuperFastMode"],"gold_per_floor":[113,113,38,58,58,88,88,120,147,162,181,212,30,42,42,140,140,160,16,16,16,35,65,65,165,214,233,262,262,262,262],"floor_reached":30,"language":"KOR","playtime":1443,"items_purged":["Strike_G","Defend_G"],"score":336,"play_id":"c79c6793-11fa-4dc0-b4d6-5674349095e6","local_time":"20210218031851","is_ascension_mode":false,"campfire_choices":[{"data":"Doppelganger","floor":7,"key":"SMITH"},{"data":"Crippling Poison","floor":15,"key":"SMITH"},{"data":"Burst","floor":24,"key":"SMITH"}],"circlet_count":0,"master_deck":["Strike_G","Strike_G","Defend_G","Defend_G","Defend_G","Defend_G","Survivor","Neutralize+1","Noxious Fumes","Dagger Throw+1","Doppelganger+1","Leg Sweep","Reflex","Crippling Poison+1","Terror","Burst+1","Swift Strike","Caltrops","Night Terror","Catalyst","Bane+1","Deadly Poison+1","Acrobatics","Terror+1","Strike_G"],"relics":["Ring of the Snake","Bag of Marbles","Bronze Scales","Whetstone","Omamori","Lantern","Bird Faced Urn","Velvet Choker","Membership Card","Frozen Egg 2","Nunchaku","Vajra","Peace Pipe"],"acts_visited":["Exordium","TheCity"],"potions_floor_usage":[12,16,23,28,28,28],"damage_taken":[{"damage":13,"enemies":"Jaw Worm","floor":1,"turns":6},{"damage":0,"enemies":"Cultist","floor":4,"turns":3},{"damage":15,"enemies":"3 Sentries","floor":6,"turns":7},{"damage":21,"enemies":"Gremlin Nob","floor":8,"turns":6},{"damage":0,"enemies":"Small Slimes","floor":10,"turns":4},{"damage":0,"enemies":"Red Slaver","floor":11,"turns":4},{"damage":5,"enemies":"Lagavulin","floor":12,"turns":6},{"damage":4,"enemies":"3 Louse","floor":14,"turns":3},{"damage":0,"enemies":"Hexaghost","floor":16,"turns":7},{"damage":6,"enemies":"Chosen","floor":18,"turns":4},{"damage":4,"enemies":"Shell Parasite","floor":22,"turns":5},{"damage":52,"enemies":"Slavers","floor":23,"turns":5},{"damage":5,"enemies":"Chosen and Byrds","floor":27,"turns":4},{"damage":10,"enemies":"Book of Stabbing","floor":28,"turns":3},{"damage":12,"enemies":"Slavers","floor":30,"turns":1}],"seed_played":"3081882018696900730","potions_obtained":[{"floor":8,"key":"LiquidMemories"},{"floor":11,"key":"Strength Potion"},{"floor":14,"key":"Explosive Potion"},{"floor":16,"key":"DistilledChaos"},{"floor":22,"key":"BlessingOfTheForge"},{"floor":23,"key":"Swift Potion"},{"floor":27,"key":"PowerPotion"}],"is_trial":false,"path_per_floor":["M","?","$","M","?","E","R","E","T","M","M","E","$","M","R","B",null,"M","$","?","$","M","E","R","?","T","M","E","?","E"],"character_chosen":"THE_SILENT","items_purchased":["Swift Strike","Membership Card"],"campfire_rested":0,"item_purchase_floors":[13,19],"current_hp_per_floor":[57,54,54,54,54,39,39,18,18,18,18,13,13,11,11,15,70,66,66,66,66,66,18,18,18,18,17,7,7,0,0],"gold":262,"neow_bonus":"RANDOM_COMMON_RELIC","is_daily":false,"chose_seed":false,"campfire_upgraded":3,"win_rate":0.0,"timestamp":1613585931,"path_taken":["M","?","$","M","?","E","R","E","T","?","M","E","$","M","R","BOSS","M","$","?","$","M","E","R","?","T","?","E","?","E"],"items_purchased_type":["Card","Relic"],"build_version":"2020-12-22","purchased_purges":2,"victory":false,"max_hp_per_floor":[70,70,70,70,70,70,70,70,70,70,70,70,70,70,70,70,70,70,70,70,70,70,70,70,70,70,70,70,70,70,70],"card_choices":[{"not_picked":["Deadly Poison","Leg Sweep"],"picked":"Noxious Fumes","floor":1},{"not_picked":["Eviscerate","Flying Knee"],"picked":"Dagger Throw","floor":4},{"not_picked":["Blur","Tactician"],"picked":"Leg Sweep","floor":6},{"not_picked":["Flechettes","Dodge and Roll"],"picked":"Reflex","floor":8},{"not_picked":["Well Laid Plans","Dagger Throw"],"picked":"Crippling Poison","floor":10},{"not_picked":["Prepared","Distraction"],"picked":"Terror","floor":11},{"not_picked":["Flechettes","Acrobatics"],"picked":"Burst","floor":12},{"not_picked":["Riddle With Holes","Slice"],"picked":"Caltrops","floor":14},{"not_picked":["Bullet Time","Storm of Steel"],"picked":"Night Terror","floor":16},{"not_picked":["Well Laid Plans+1","All Out Attack"],"picked":"Catalyst","floor":18},{"not_picked":["Crippling Poison","Dodge and Roll"],"picked":"Bane+1","floor":22},{"not_picked":["Dagger Throw+1","Backflip+1"],"picked":"Deadly Poison+1","floor":23},{"not_picked":["Outmaneuver","Quick Slash+1"],"picked":"Acrobatics","floor":27},{"not_picked":["Predator","Slice"],"picked":"Terror+1","floor":28}],"player_experience":46550,"relics_obtained":[{"floor":6,"key":"Whetstone"},{"floor":8,"key":"Omamori"},{"floor":9,"key":"Lantern"},{"floor":12,"key":"Bird Faced Urn"},{"floor":23,"key":"Nunchaku"},{"floor":26,"key":"Vajra"},{"floor":28,"key":"Peace Pipe"}],"event_choices":[{"damage_healed":0,"gold_gain":0,"player_choice":"Success","damage_taken":3,"relics_obtained":["Bronze Scales"],"max_hp_gain":0,"max_hp_loss":0,"event_name":"Scrap Ooze","floor":2,"gold_loss":0},{"damage_healed":0,"gold_gain":0,"cards_transformed":["Strike_G"],"player_choice":"Transformed","damage_taken":0,"max_hp_gain":0,"max_hp_loss":0,"event_name":"Transmorgrifier","floor":5,"gold_loss":0,"cards_obtained":["Doppelganger"]},{"damage_healed":0,"gold_gain":0,"player_choice":"Stole Relic","damage_taken":0,"relics_obtained":["Frozen Egg 2"],"max_hp_gain":0,"max_hp_loss":0,"event_name":"Addict","floor":20,"gold_loss":0,"cards_obtained":["Shame"]},{"damage_healed":0,"gold_gain":100,"player_choice":"Pray","damage_taken":0,"max_hp_gain":0,"max_hp_loss":0,"event_name":"Golden Shrine","floor":25,"gold_loss":0},{"cards_removed":["Strike_G"],"damage_healed":0,"gold_gain":0,"player_choice":"Took Card","damage_taken":0,"max_hp_gain":0,"max_hp_loss":0,"event_name":"NoteForYourself","floor":29,"gold_loss":0,"cards_obtained":["Strike_G"]}],"is_beta":false,"boss_relics":[{"not_picked":["SacredBark","Sozu"],"picked":"Velvet Choker"}],"items_purged_floors":[3,13],"is_endless":false,"potions_floor_spawned":[8,11,14,16,22,23,27],"killed_by":"Slavers","ascension_level":0}}