{"host":"p55ahgraoahruc9a","time":1613564701,"event":{"mods":["AchievementEnabler","BaseMod","Colored Map","Keyboard Shortcuts","Minty Spire (QoL Compilation)","Permanent Neow","Quick Restart"],"gold_per_floor":[368,388,403,403,87,116,129,129,129,157,171,183,101,116,116,215,215,226,246,246,64,64,93,93,109,134,169,186,212,212,241,241,342,342,352,407,407,407,128,128,146,146,146,166,216,241,241,271,271,271],"floor_reached":51,"language":"KOR","playtime":4475,"items_purged":["Defend_G","Decay","Reflex+1"],"score":1005,"play_id":"a41ac9e2-8414-4bcf-abca-65524e90873b","local_time":"20210217212501","is_ascension_mode":true,"campfire_choices":[{"data":"Accuracy","floor":8.0,"key":"SMITH"},{"data":"Blade Dance","floor":15.0,"key":"SMITH"},{"floor":30.0,"key":"REST"},{"data":"Blade Dance","floor":32.0,"key":"SMITH"},{"data":"Strike_G","floor":40.0,"key":"PURGE"},{"data":"Strike_G","floor":42.0,"key":"PURGE"},{"data":"Defend_G","floor":47.0,"key":"PURGE"},{"data":"Defend_G","floor":49.0,"key":"PURGE"}],"circlet_count":0,"master_deck":["Defend_G","Defend_G","Survivor","Neutralize","Blade Dance","Accuracy+1","Dagger Spray","Blade Dance+1","Finisher","Infinite Blades+1","Acrobatics","Accuracy+1","PiercingWail","Phantasmal Killer","Blade Dance+1","Leg Sweep+1","Footwork+1","Envenom+1","Deflect+1","Blade Dance+1","Bullet Time+1","PiercingWail+1","A Thousand Cuts+1"],"relics":["Ring of the Snake","Ninja Scroll","Kunai","Frozen Egg 2","HornCleat","Philosopher\u0027s Stone","Toxic Egg 2","Snake Skull","Du-Vu Doll","Meat on the Bone","Bottled Lightning","Empty Cage","Peace Pipe","Ancient Tea Set","Shuriken","Mango","Art of War","Gremlin Horn"],"acts_visited":["Exordium","TheCity","TheBeyond"],"potions_floor_usage":[50,50,50],"damage_taken":[{"damage":0.0,"enemies":"Small Slimes","floor":1.0,"turns":3.0},{"damage":6.0,"enemies":"Cultist","floor":2.0,"turns":4.0},{"damage":0.0,"enemies":"2 Louse","floor":3.0,"turns":3.0},{"damage":8.0,"enemies":"Gremlin Nob","floor":6.0,"turns":3.0},{"damage":6.0,"enemies":"Lots of Slimes","floor":7.0,"turns":2.0},{"damage":2.0,"enemies":"3 Sentries","floor":10.0,"turns":6.0},{"damage":0.0,"enemies":"2 Fungi Beasts","floor":11.0,"turns":2.0},{"damage":0.0,"enemies":"Looter","floor":12.0,"turns":2.0},{"damage":0.0,"enemies":"3 Louse","floor":14.0,"turns":1.0},{"damage":10.0,"enemies":"Hexaghost","floor":16.0,"turns":3.0},{"damage":4.0,"enemies":"Chosen","floor":18.0,"turns":3.0},{"damage":0.0,"enemies":"Spheric Guardian","floor":19.0,"turns":3.0},{"damage":5.0,"enemies":"Slavers","floor":23.0,"turns":4.0},{"damage":9.0,"enemies":"Snake Plant","floor":25.0,"turns":3.0},{"damage":0.0,"enemies":"Gremlin Leader","floor":27.0,"turns":2.0},{"damage":1.0,"enemies":"Shelled Parasite and Fungi","floor":28.0,"turns":4.0},{"damage":19.0,"enemies":"Slavers","floor":29.0,"turns":5.0},{"damage":1.0,"enemies":"Book of Stabbing","floor":31.0,"turns":3.0},{"damage":0.0,"enemies":"Automaton","floor":33.0,"turns":4.0},{"damage":0.0,"enemies":"3 Shapes","floor":35.0,"turns":4.0},{"damage":14.0,"enemies":"2 Orb Walkers","floor":36.0,"turns":4.0},{"damage":0.0,"enemies":"Orb Walker","floor":41.0,"turns":3.0},{"damage":0.0,"enemies":"Sphere and 2 Shapes","floor":44.0,"turns":3.0},{"damage":0.0,"enemies":"Mind Bloom Boss Battle","floor":45.0,"turns":4.0},{"damage":0.0,"enemies":"Giant Head","floor":46.0,"turns":4.0},{"damage":0.0,"enemies":"Nemesis","floor":48.0,"turns":7.0},{"damage":42,"enemies":"Awakened One","floor":50,"turns":4}],"seed_played":"-6569806024308746638","potions_obtained":[{"floor":2.0,"key":"CunningPotion"},{"floor":6.0,"key":"Poison Potion"},{"floor":11.0,"key":"Weak Potion"},{"floor":12.0,"key":"SpeedPotion"},{"floor":14.0,"key":"FearPotion"},{"floor":18.0,"key":"BlessingOfTheForge"},{"floor":24.0,"key":"Fire Potion"},{"floor":24.0,"key":"CultistPotion"},{"floor":27.0,"key":"ColorlessPotion"},{"floor":28.0,"key":"CunningPotion"},{"floor":31.0,"key":"LiquidBronze"},{"floor":35.0,"key":"Weak Potion"},{"floor":45.0,"key":"Fire Potion"},{"floor":46.0,"key":"PowerPotion"}],"is_trial":false,"path_per_floor":["M","M","M","?","$","E","M","R","T","E","M","M","$","M","R","B",null,"M","M","?","$","$","E","?","M","T","E","M","E","R","E","R","B",null,"M","?","?","?","$","R","M","R","T","M","?","E","R","E","R","B",null],"character_chosen":"THE_SILENT","items_purchased":["Ninja Scroll","Accuracy+1","Footwork+1","Ancient Tea Set"],"campfire_rested":1,"item_purchase_floors":[5,13,21,39],"current_hp_per_floor":[63,57,57,57,57,49,43,43,43,41,41,41,41,41,41,31,63,59,59,59,59,59,54,54,45,45,45,44,25,43,42,42,42,63,63,49,49,49,49,49,49,49,49,49,63,63,63,63,63,33],"gold":271,"neow_bonus":"TWO_FIFTY_GOLD","is_daily":false,"chose_seed":false,"campfire_upgraded":3,"win_rate":0.0,"timestamp":1613564701,"path_taken":["M","M","M","?","$","E","M","R","T","E","M","M","$","M","R","BOSS","M","M","?","?","$","E","?","M","T","E","?","E","R","E","R","BOSS","M","?","?","?","$","R","M","R","T","M","?","E","R","E","R","BOSS"],"items_purchased_type":["Relic","Card","Card","Relic"],"build_version":"2020-12-22","purchased_purges":3,"victory":true,"max_hp_per_floor":[63,63,63,63,63,63,63,63,63,63,63,63,63,63,63,63,63,63,63,63,63,63,63,63,63,63,63,63,63,63,63,63,63,63,63,63,60,60,60,60,60,60,60,60,74,74,74,74,74,74],"card_choices":[{"not_picked":["Dagger Throw","Prepared"],"picked":"Blade Dance","floor":1.0},{"not_picked":["Underhanded Strike","Riddle With Holes"],"picked":"Accuracy","floor":2.0},{"not_picked":["Flechettes","Dagger Throw"],"picked":"Dagger Spray","floor":3.0},{"not_picked":["Calculated Gamble","Catalyst","Crippling Poison"],"picked":"SKIP","floor":6.0},{"not_picked":["Caltrops","Masterful Stab"],"picked":"Blade Dance","floor":7.0},{"not_picked":["Grand Finale","Blade Dance"],"picked":"Finisher","floor":10.0},{"not_picked":["Bane","Footwork+1"],"picked":"Infinite Blades+1","floor":11.0},{"not_picked":["Dodge and Roll","Tactician"],"picked":"Acrobatics","floor":12.0},{"not_picked":["Outmaneuver","Poisoned Stab"],"picked":"PiercingWail","floor":14.0},{"not_picked":["Venomology","Night Terror"],"picked":"Phantasmal Killer","floor":16.0},{"not_picked":["Flying Knee+1","Acrobatics+1"],"picked":"Blade Dance","floor":18.0},{"not_picked":["Terror","PiercingWail"],"picked":"Leg Sweep+1","floor":19.0},{"not_picked":["Skewer+1","Dagger Spray"],"picked":"Envenom+1","floor":23.0},{"not_picked":["Masterful Stab","Distraction+1"],"picked":"Deflect+1","floor":25.0},{"not_picked":["Malaise+1","Noxious Fumes+1"],"picked":"Reflex+1","floor":27.0},{"not_picked":["Finisher","Underhanded Strike"],"picked":"Blade Dance+1","floor":28.0},{"not_picked":["Prepared+1","Deflect+1"],"picked":"Bullet Time+1","floor":29.0},{"not_picked":["PiercingWail+1","Masterful Stab","Accuracy+1"],"picked":"SKIP","floor":31.0},{"not_picked":["Masterful Stab","Accuracy+1"],"picked":"PiercingWail+1","floor":31.0},{"not_picked":["Die Die Die","Tools of the Trade+1"],"picked":"A Thousand Cuts+1","floor":33.0},{"not_picked":["Deadly Poison+1","Calculated Gamble+1","Noxious Fumes+1"],"picked":"SKIP","floor":35.0},{"not_picked":["Sucker Punch+1","PiercingWail+1","All Out Attack+1"],"picked":"SKIP","floor":41.0},{"not_picked":["Blade Dance+1","Dagger Spray","Dash+1"],"picked":"SKIP","floor":44.0},{"not_picked":["Underhanded Strike+1","Dagger Spray+1","Doppelganger+1"],"picked":"SKIP","floor":46.0},{"not_picked":["Infinite Blades+1","Dagger Throw","Reflex+1"],"picked":"SKIP","floor":48.0}],"player_experience":111193,"relics_obtained":[{"floor":6.0,"key":"Kunai"},{"floor":9.0,"key":"Frozen Egg 2"},{"floor":10.0,"key":"HornCleat"},{"floor":23.0,"key":"Toxic Egg 2"},{"floor":26.0,"key":"Snake Skull"},{"floor":27.0,"key":"Du-Vu Doll"},{"floor":29.0,"key":"Meat on the Bone"},{"floor":31.0,"key":"Bottled Lightning"},{"floor":36.0,"key":"Peace Pipe"},{"floor":43.0,"key":"Shuriken"},{"floor":45.0,"key":"Mango"},{"floor":46.0,"key":"Art of War"},{"floor":48.0,"key":"Gremlin Horn"}],"event_choices":[{"cards_removed":["Strike_G"],"damage_healed":0.0,"max_hp_gain":0.0,"max_hp_loss":0.0,"gold_gain":0.0,"event_name":"Living Wall","player_choice":"Forget","floor":4.0,"gold_loss":0.0,"damage_taken":0.0},{"damage_healed":0.0,"max_hp_gain":0.0,"max_hp_loss":0.0,"gold_gain":0.0,"event_name":"Wheel of Change","player_choice":"Cursed","floor":20.0,"gold_loss":0.0,"damage_taken":0.0,"cards_obtained":["Decay"]},{"damage_healed":0.0,"max_hp_gain":0.0,"max_hp_loss":0.0,"gold_gain":0.0,"event_name":"Lab","player_choice":"Got Potions","floor":24.0,"gold_loss":0.0,"damage_taken":0.0},{"damage_healed":0.0,"max_hp_gain":0.0,"max_hp_loss":0.0,"gold_gain":0.0,"event_name":"Mysterious Sphere","player_choice":"Fight","floor":36.0,"gold_loss":0.0,"damage_taken":0.0},{"damage_healed":0.0,"max_hp_gain":0.0,"max_hp_loss":3.0,"gold_gain":0.0,"event_name":"Winding Halls","player_choice":"Max HP","floor":37.0,"gold_loss":0.0,"damage_taken":0.0},{"damage_healed":0.0,"max_hp_gain":0.0,"max_hp_loss":0.0,"gold_gain":0.0,"event_name":"Tomb of Lord Red Mask","player_choice":"Ignored","floor":38.0,"gold_loss":0.0,"damage_taken":0.0},{"damage_healed":0.0,"max_hp_gain":0.0,"max_hp_loss":0.0,"gold_gain":0.0,"event_name":"MindBloom","player_choice":"Fight","floor":45.0,"gold_loss":0.0,"damage_taken":0.0}],"is_beta":false,"boss_relics":[{"not_picked":["Black Star","Velvet Choker"],"picked":"Philosopher\u0027s Stone"},{"not_picked":["HoveringKite","SacredBark"],"picked":"Empty Cage"}],"items_purged_floors":[5,21,39],"is_endless":false,"potions_floor_spawned":[2,6,11,12,14,18,25,27,28,31,35,45,46],"ascension_level":2}}