{"host":"p7cjtxxrilhp4dw7","time":1613542764,"event":{"mods":["BaseMod","Block Reminder","Colored Map","Curses Come First","Downfall","Highlight Path","Minty Spire (QoL Compilation)","StSLib"],"gold_per_floor":[99,115,115,115,170,194,258,270,316,342,109,124,124,124,139,242,292,292,307,116,127,77,96,121,139,139,153,184,184,196,31,41,137,137,137,149,161,171,183,183,259,259,259,259],"floor_reached":42,"language":"ENG","playtime":5247,"items_purged":["hexamod:NightmareGuise"],"score":447,"play_id":"1e7c4b90-defb-4628-8531-4603158d0b41","local_time":"20210216231924","is_ascension_mode":false,"campfire_choices":[{"data":"hexamod:Float","floor":1,"key":"SMITH"},{"data":"hexamod:TimeWarp","floor":8,"key":"SMITH"},{"floor":13,"key":"REST"},{"data":"hexamod:SearingWound","floor":18,"key":"SMITH"},{"floor":26,"key":"REST"},{"floor":29,"key":"REST"},{"data":"hexamod:ForkedFlame","floor":35,"key":"SMITH"},{"floor":40,"key":"REST"}],"circlet_count":0,"master_deck":["hexamod:Strike+1","hexamod:Strike+1","hexamod:Strike","hexamod:Defend","hexamod:Defend","hexamod:Defend+1","hexamod:Defend","hexamod:Sear+1","hexamod:Float+1","hexamod:PhantomFireball","hexamod:TimeWarp+1","hexamod:Again","hexamod:RadiantFlame","hexamod:Rewind","hexamod:GhostOfSpireFuture","hexamod:SearingWound+1","hexamod:FastForward","hexamod:ThermalTransfer","hexamod:SwordOfDarkness+1","hexamod:Again+1","hexamod:SoulSteal","hexamod:RainOfEmbers+1","hexamod:CatchUp","hexamod:GhostOfSpireFuture+1","hexamod:AdvancingGuard","hexamod:FirstSeal","hexamod:ForkedFlame+1","hexamod:Hexaguard+1","hexamod:EmpoweredFlame","hexamod:BurningTouch"],"relics":["hexamod:SpiritBrand","MawBank","Centennial Puzzle","Lizard Tail","hexamod:MatchstickCase","Tiny House","Tiny Chest","Blood Vial","HandDrill","Black Star","Eternal Feather"],"acts_visited":["Exordium","TheCity","TheBeyond"],"potions_floor_usage":[9,16,16,19,20,27,28,30,39,42,42],"damage_taken":[{"damage":8,"enemies":"2 Louse","floor":2,"turns":3},{"damage":11,"enemies":"Lagavulin Event","floor":5,"turns":6},{"damage":0,"enemies":"Small Slimes","floor":6,"turns":4},{"damage":13,"enemies":"Lagavulin","floor":9,"turns":4},{"damage":2,"enemies":"Jaw Worm","floor":10,"turns":3},{"damage":5,"enemies":"downfall:FleeingMerchant","floor":11,"turns":4},{"damage":6,"enemies":"3 Louse","floor":12,"turns":2},{"damage":3,"enemies":"Blue Slaver","floor":15,"turns":3},{"damage":36,"enemies":"WA_ARCHETYPE_RETAIN","floor":16,"turns":12},{"damage":4,"enemies":"3 Byrds","floor":19,"turns":5},{"damage":0,"enemies":"downfall:FleeingMerchant","floor":20,"turns":4},{"damage":22,"enemies":"downfall:LooterAlt2","floor":21,"turns":4},{"damage":23,"enemies":"Centurion and Healer","floor":23,"turns":6},{"damage":6,"enemies":"Chosen and Byrds","floor":25,"turns":4},{"damage":7,"enemies":"Snecko","floor":27,"turns":4},{"damage":26,"enemies":"Slavers","floor":28,"turns":5},{"damage":5,"enemies":"Cultist and Chosen","floor":30,"turns":4},{"damage":0,"enemies":"downfall:FleeingMerchant","floor":31,"turns":4},{"damage":6,"enemies":"Snake Plant","floor":32,"turns":4},{"damage":96,"enemies":"SI_MIRROR_ARCHETYPE","floor":33,"turns":14},{"damage":2,"enemies":"Orb Walker","floor":36,"turns":3},{"damage":7,"enemies":"3 Darklings","floor":37,"turns":4},{"damage":24,"enemies":"Writhing Mass","floor":38,"turns":6},{"damage":41,"enemies":"Maw","floor":39,"turns":8},{"damage":59,"enemies":"Reptomancer","floor":42,"turns":4}],"seed_played":"-4918950324169995956","potions_obtained":[{"floor":6,"key":"hexamod:SoulburnPotion"},{"floor":9,"key":"Guardian:BlockOnCardUsePotion"},{"floor":15,"key":"sneckomod:MuddlingPotion"},{"floor":16,"key":"Weak Potion"},{"floor":17,"key":"bronze:BurnAndBuffPotion"},{"floor":19,"key":"Energy Potion"},{"floor":21,"key":"Slimebound:ThreeZeroPotion"},{"floor":28,"key":"Fruit Juice"},{"floor":30,"key":"bronze:BurnAndBuffPotion"},{"floor":33,"key":"champ:CounterPotion"},{"floor":37,"key":"Fire Potion"},{"floor":38,"key":"DistilledChaos"}],"is_trial":false,"path_per_floor":["R","M","?","?","?","M","T","R","E","M","$","M","R","?","M","B",null,"R","M","$","M","?","M","T","M","R","M","E","R","M","$","M","B",null,"R","M","M","M","M","R","T","E"],"character_chosen":"THE_SPIRIT","items_purchased":["hexamod:MatchstickCase","hexamod:Rewind","Fruit Juice","HandDrill"],"campfire_rested":4,"item_purchase_floors":[11,11,20,31],"current_hp_per_floor":[77,69,69,69,58,58,58,58,45,43,38,32,55,55,52,16,82,82,78,83,61,87,64,64,58,84,77,51,77,79,81,84,37,92,92,90,85,70,31,58,58,1,1,1],"gold":259,"neow_bonus":"TEN_PERCENT_HP_BONUS","is_daily":false,"chose_seed":false,"campfire_upgraded":4,"win_rate":0.0,"timestamp":1613542764,"path_taken":["R","M","?","?","?","M","T","R","E","M","$","M","R","?","M","BOSS","R","M","$","M","?","M","T","M","R","M","E","R","M","$","M","BOSS","R","M","M","M","M","R","T","E"],"items_purchased_type":["Relic","Card","Potion","Relic"],"build_version":"2020-12-22","purchased_purges":1,"victory":false,"max_hp_per_floor":[77,77,77,77,77,77,77,77,77,77,77,77,77,77,77,77,82,82,82,87,87,87,87,87,87,87,87,87,87,92,92,92,92,92,92,92,92,92,92,92,92,92,92,92],"card_choices":[{"not_picked":["hexamod:AdvancingGuard","hexamod:ShieldOfDarkness","hexamod:GhostLash"],"picked":"SKIP","floor":2},{"not_picked":["hexamod:ShieldOfDarkness","hexamod:GhostShield"],"picked":"hexamod:PhantomFireball","floor":5},{"not_picked":["hexamod:NightmareGuise","hexamod:SwordOfDarkness"],"picked":"hexamod:TimeWarp","floor":6},{"not_picked":["hexamod:HeatCrush","hexamod:PhantomFireball"],"picked":"hexamod:Again","floor":9},{"not_picked":["hexamod:Again","hexamod:Hexaguard"],"picked":"hexamod:RadiantFlame","floor":10},{"not_picked":["hexamod:HeatCrush","hexamod:SpectersWail","hexamod:NecessarySacrifice"],"picked":"SKIP","floor":11},{"not_picked":["hexamod:Firestarter","hexamod:NecessarySacrifice"],"picked":"hexamod:NightmareGuise","floor":12},{"not_picked":["hexamod:NightmareStrike","hexamod:HeatCrush"],"picked":"hexamod:GhostOfSpireFuture","floor":15},{"not_picked":["hexamod:GhostflameInferno","hexamod:HexaLevel"],"picked":"hexamod:SearingWound","floor":16},{"not_picked":["hexamod:GhostOfSpirePast","hexamod:SecondSeal"],"picked":"hexamod:FastForward","floor":17},{"not_picked":["hexamod:HauntingEcho","hexamod:ThirdSeal"],"picked":"hexamod:ThermalTransfer","floor":19},{"not_picked":["hexamod:GhostflameBarrier+1","hexamod:BacktrackSmack"],"picked":"hexamod:SwordOfDarkness+1","floor":20},{"not_picked":["hexamod:ShieldOfDarkness","hexamod:HauntingEcho"],"picked":"hexamod:Again+1","floor":21},{"not_picked":["hexamod:HeatShield","hexamod:Hexaguard"],"picked":"hexamod:SoulSteal","floor":23},{"not_picked":["hexamod:StepThrough","hexamod:BurningTouch"],"picked":"hexamod:RainOfEmbers+1","floor":25},{"not_picked":["hexamod:BacktrackSmack","hexamod:ThermalTransfer+1"],"picked":"hexamod:CatchUp","floor":27},{"not_picked":["hexamod:NightmareStrike","hexamod:InspiringFlames"],"picked":"hexamod:GhostOfSpireFuture+1","floor":28},{"not_picked":["hexamod:InspiringFlames","hexamod:ParanormalForm"],"picked":"hexamod:AdvancingGuard","floor":30},{"not_picked":["hexamod:GhostOfSpirePast+1","hexamod:GhostflameBarrier"],"picked":"hexamod:FirstSeal","floor":31},{"not_picked":["hexamod:AdvancingGuard+1","hexamod:HauntingEcho","hexamod:NightmareStrike"],"picked":"SKIP","floor":32},{"not_picked":["hexamod:UnlimitedPower","hexamod:ParanormalForm"],"picked":"hexamod:ForkedFlame","floor":33},{"not_picked":["hexamod:HeatMetal","hexamod:GhostLash+1"],"picked":"hexamod:Hexaguard+1","floor":36},{"not_picked":["hexamod:ThermalTransfer","hexamod:BacktrackSmack+1"],"picked":"hexamod:EmpoweredFlame","floor":37},{"not_picked":["hexamod:AdvancingGuard","hexamod:Firestarter","hexamod:FirstSeal"],"picked":"SKIP","floor":38},{"not_picked":["hexamod:FirstSeal","hexamod:NightmareStrike+1"],"picked":"hexamod:BurningTouch","floor":39}],"player_experience":791081,"relics_obtained":[{"floor":5,"key":"MawBank"},{"floor":7,"key":"Centennial Puzzle"},{"floor":9,"key":"Lizard Tail"},{"floor":24,"key":"Tiny Chest"},{"floor":28,"key":"Blood Vial"},{"floor":41,"key":"Eternal Feather"}],"event_choices":[{"cards_removed":["downfall:Malfunctioning"],"damage_healed":0,"gold_gain":0,"player_choice":"Forget","damage_taken":0,"max_hp_gain":0,"max_hp_loss":0,"event_name":"Living Wall","floor":14,"gold_loss":0}],"is_beta":false,"boss_relics":[{"not_picked":["Snecko Eye","Runic Pyramid"],"picked":"Tiny House"},{"not_picked":["Velvet Choker","Cursed Key"],"picked":"Black Star"}],"items_purged_floors":[20],"is_endless":false,"potions_floor_spawned":[6,9,15,16,19,21,28,30,33,37,38],"killed_by":"Reptomancer","ascension_level":0}}