{"host":"erogqkeozdzdhb46","time":1613604914,"event":{"mods":["AchievementEnabler","BaseMod","Bestiary","Colored Powertips","Minty Spire (QoL Compilation)","Relic Stats","StSLib","Together in Spire"],"gold_per_floor":[117,136,154,174,174,174,206,223,223,242,262,282,20,39,39,135,135,147,159,159,51,66,98,98,126,153,164,175,18,38,66,66,164,164,180,230,282,297,312,312,346,346,418,428,456,456,473,486,486,486],"floor_reached":51,"language":"ENG","playtime":3200,"items_purged":[],"score":577,"play_id":"dbf9dbfc-5b3a-4efa-aacb-7027e0f1cd9b","local_time":"20210217173514","is_ascension_mode":false,"campfire_choices":[{"data":"Zap","floor":6,"key":"SMITH"},{"floor":15,"key":"REST"},{"data":"Storm","floor":24,"key":"SMITH"},{"data":"Buffer","floor":32,"key":"SMITH"},{"floor":40,"key":"DIG"},{"floor":42,"key":"DIG"},{"floor":46,"key":"DIG"},{"floor":49,"key":"DIG"}],"circlet_count":0,"master_deck":["Strike_B","Strike_B","Strike_B","Strike_B","Defend_B","Defend_B","Defend_B","Defend_B","Zap+1","Dualcast","Thunder Strike","Gash","Gash","Sweeping Beam","Creative AI","Lockon","Loop","Scrape","Auto Shields","Self Repair","Cold Snap","Buffer+1","Rebound","Storm+1","Blizzard","Self Repair","Cold Snap","Chill","Static Discharge+1","Go for the Eyes","Hyperbeam","Stack+1","Beam Cell+1","BootSequence+1","Go for the Eyes+1","Darkness+1","Chaos","Streamline+1","Melter+1","Coolheaded+1"],"relics":["Cracked Core","DataDisk","Mummified Hand","Matryoshka","Busted Crown","Art of War","FossilizedHelix","Akabeko","Centennial Puzzle","Membership Card","Bag of Marbles","Black Star","Calipers","Shovel","Lantern","Symbiotic Virus","Prayer Wheel","PreservedInsect","Blood Vial","Meat on the Bone","Bottled Lightning","Happy Flower","Toy Ornithopter","Boot"],"acts_visited":["Exordium","TheCity","TheBeyond"],"potions_floor_usage":[7,11,22,23,33,37,39,45,50,50],"damage_taken":[{"damage":6,"enemies":"Jaw Worm","floor":1,"turns":2},{"damage":0,"enemies":"Cultist","floor":2,"turns":2},{"damage":0,"enemies":"Small Slimes","floor":3,"turns":1},{"damage":2,"enemies":"Blue Slaver","floor":4,"turns":2},{"damage":19,"enemies":"3 Sentries","floor":7,"turns":3},{"damage":3,"enemies":"Red Slaver","floor":8,"turns":2},{"damage":0,"enemies":"2 Fungi Beasts","floor":10,"turns":1},{"damage":5,"enemies":"3 Louse","floor":11,"turns":2},{"damage":12,"enemies":"Blue Slaver","floor":12,"turns":2},{"damage":3,"enemies":"Red Slaver","floor":14,"turns":2},{"damage":25,"enemies":"Hexaghost","floor":16,"turns":5},{"damage":0,"enemies":"Spheric Guardian","floor":18,"turns":3},{"damage":9,"enemies":"2 Thieves","floor":19,"turns":4},{"damage":0,"enemies":"Shelled Parasite and Fungi","floor":22,"turns":4},{"damage":6,"enemies":"Slavers","floor":23,"turns":3},{"damage":8,"enemies":"Book of Stabbing","floor":25,"turns":3},{"damage":0,"enemies":"Snake Plant","floor":27,"turns":2},{"damage":0,"enemies":"Centurion and Healer","floor":28,"turns":2},{"damage":0,"enemies":"Sentry and Sphere","floor":30,"turns":3},{"damage":6,"enemies":"Gremlin Leader","floor":31,"turns":2},{"damage":7,"enemies":"Automaton","floor":33,"turns":5},{"damage":0,"enemies":"Orb Walker","floor":35,"turns":2},{"damage":28,"enemies":"Mind Bloom Boss Battle","floor":36,"turns":5},{"damage":8,"enemies":"2 Orb Walkers","floor":37,"turns":3},{"damage":0,"enemies":"3 Darklings","floor":38,"turns":1},{"damage":0,"enemies":"Spire Growth","floor":39,"turns":2},{"damage":0,"enemies":"Giant Head","floor":41,"turns":6},{"damage":0,"enemies":"Jaw Worm Horde","floor":44,"turns":2},{"damage":0,"enemies":"Reptomancer","floor":45,"turns":3},{"damage":0,"enemies":"Transient","floor":47,"turns":2},{"damage":0,"enemies":"Sphere and 2 Shapes","floor":48,"turns":3},{"damage":54,"enemies":"Donu and Deca","floor":50,"turns":5}],"seed_played":"2451029781326577490","potions_obtained":[{"floor":3,"key":"BlessingOfTheForge"},{"floor":4,"key":"SkillPotion"},{"floor":8,"key":"EssenceOfSteel"},{"floor":12,"key":"CultistPotion"},{"floor":19,"key":"Explosive Potion"},{"floor":22,"key":"Swift Potion"},{"floor":25,"key":"EssenceOfDarkness"},{"floor":28,"key":"ColorlessPotion"},{"floor":31,"key":"FairyPotion"},{"floor":33,"key":"SteroidPotion"},{"floor":36,"key":"SneckoOil"},{"floor":37,"key":"DistilledChaos"},{"floor":44,"key":"AttackPotion"},{"floor":45,"key":"Energy Potion"}],"is_trial":false,"path_per_floor":["M","M","M","M","?","R","E","M","T","M","M","M","$","M","R","B",null,"M","M","?","$","M","E","R","E","T","M","M","$","M","E","R","B",null,"M","?","?","M","M","R","E","R","T","M","E","R","M","M","R","B",null],"character_chosen":"DEFECT","items_purchased":["Matryoshka","Storm","Blizzard","Membership Card"],"campfire_rested":1,"item_purchase_floors":[13,21,21,29],"current_hp_per_floor":[69,69,69,67,72,72,53,50,50,50,45,33,33,30,54,36,80,80,78,78,78,80,74,74,80,80,80,80,80,80,74,74,80,80,80,66,65,65,65,65,72,72,72,74,76,76,80,80,80,57],"gold":486,"neow_bonus":"ONE_RANDOM_RARE_CARD","is_daily":false,"chose_seed":false,"campfire_upgraded":3,"win_rate":0.0,"timestamp":1613604914,"path_taken":["M","M","M","M","?","R","E","M","T","M","M","M","$","M","R","BOSS","M","M","?","?","M","E","R","E","T","M","M","?","M","E","R","BOSS","M","?","?","M","M","R","E","R","T","M","E","R","M","M","R","BOSS"],"items_purchased_type":["Relic","Card","Card","Relic"],"build_version":"2020-12-22","purchased_purges":0,"victory":true,"max_hp_per_floor":[75,75,75,75,80,80,80,80,80,80,80,80,80,80,80,80,80,80,80,80,80,80,80,80,80,80,80,80,80,80,80,80,80,80,80,80,80,80,80,80,80,80,80,80,80,80,80,80,80,80],"relic_stats":{"Happy Flower":[3],"counters":[32,89],"PreservedInsect":60,"Boot":[4],"Blood Vial":6,"Centennial Puzzle":[15],"Busted Crown":46,"Shovel":4,"Mummified Hand":[117],"Prayer Wheel":3,"Art of War":[2],"Black Star":2,"obtain_stats":[{"Lantern":40,"Calipers":36,"Happy Flower":45,"PreservedInsect":42,"Boot":49,"Akabeko":26,"Blood Vial":43,"DataDisk":7,"Centennial Puzzle":26,"Matryoshka":13,"Busted Crown":17,"Shovel":37,"Mummified Hand":9,"Prayer Wheel":41,"Art of War":23,"Bag of Marbles":31,"Black Star":34,"Membership Card":29,"Bottled Lightning":45,"Cracked Core":0,"Symbiotic Virus":41,"FossilizedHelix":25,"Toy Ornithopter":46,"Meat on the Bone":43},{"Lantern":26,"Calipers":23,"Happy Flower":29,"PreservedInsect":27,"Boot":31,"Akabeko":16,"Blood Vial":27,"DataDisk":5,"Centennial Puzzle":16,"Matryoshka":9,"Busted Crown":11,"Shovel":24,"Mummified Hand":6,"Prayer Wheel":27,"Art of War":15,"Bag of Marbles":20,"Black Star":21,"Membership Card":18,"Bottled Lightning":29,"Cracked Core":0,"Symbiotic Virus":27,"FossilizedHelix":16,"Toy Ornithopter":29,"Meat on the Bone":27},{"Lantern":68,"Calipers":62,"Happy Flower":79,"PreservedInsect":74,"Boot":84,"Akabeko":41,"Blood Vial":74,"DataDisk":10,"Centennial Puzzle":41,"Matryoshka":17,"Busted Crown":24,"Shovel":65,"Mummified Hand":12,"Prayer Wheel":74,"Art of War":38,"Bag of Marbles":50,"Black Star":55,"Membership Card":45,"Bottled Lightning":79,"Cracked Core":0,"Symbiotic Virus":74,"FossilizedHelix":41,"Toy Ornithopter":79,"Meat on the Bone":74}],"Toy Ornithopter":5,"Meat on the Bone":12},"card_choices":[{"not_picked":["Redo","Stack"],"picked":"Gash","floor":1},{"not_picked":["Recycle","Compile Driver"],"picked":"Gash","floor":2},{"not_picked":["Go for the Eyes","Stack"],"picked":"Sweeping Beam","floor":3},{"not_picked":["Recycle","Sweeping Beam"],"picked":"Creative AI","floor":4},{"not_picked":["Darkness","Barrage"],"picked":"Lockon","floor":7},{"not_picked":["Coolheaded","Melter"],"picked":"Loop","floor":8},{"not_picked":["Streamline","Turbo"],"picked":"Scrape","floor":10},{"not_picked":["Compile Driver","Sweeping Beam"],"picked":"Auto Shields","floor":11},{"not_picked":["Leap","All For One"],"picked":"Self Repair","floor":12},{"not_picked":["Fusion","Streamline"],"picked":"Cold Snap","floor":14},{"not_picked":["Seek","Thunder Strike"],"picked":"Buffer","floor":16},{"not_picked":["Compile Driver"],"picked":"SKIP","floor":18},{"not_picked":[],"picked":"Rebound","floor":19},{"not_picked":[],"picked":"Self Repair","floor":22},{"not_picked":[],"picked":"Cold Snap","floor":23},{"not_picked":["Amplify"],"picked":"SKIP","floor":25},{"not_picked":[],"picked":"Chill","floor":27},{"not_picked":[],"picked":"Static Discharge+1","floor":28},{"not_picked":[],"picked":"Go for the Eyes","floor":30},{"not_picked":["Rip and Tear"],"picked":"SKIP","floor":31},{"not_picked":[],"picked":"Hyperbeam","floor":33},{"not_picked":[],"picked":"Stack+1","floor":35},{"not_picked":[],"picked":"Beam Cell+1","floor":36},{"not_picked":[],"picked":"BootSequence+1","floor":37},{"not_picked":[],"picked":"Go for the Eyes+1","floor":38},{"not_picked":[],"picked":"Darkness+1","floor":39},{"not_picked":["Rebound+1"],"picked":"SKIP","floor":41},{"not_picked":[],"picked":"Chaos","floor":44},{"not_picked":[],"picked":"Streamline+1","floor":44},{"not_picked":[],"picked":"Melter+1","floor":45},{"not_picked":[],"picked":"Coolheaded+1","floor":47},{"not_picked":["Barrage+1"],"picked":"SKIP","floor":47},{"not_picked":["Compile Driver+1"],"picked":"SKIP","floor":48},{"not_picked":["Rebound"],"picked":"SKIP","floor":48}],"player_experience":1044384,"relics_obtained":[{"floor":7,"key":"DataDisk"},{"floor":9,"key":"Mummified Hand"},{"floor":23,"key":"Art of War"},{"floor":25,"key":"FossilizedHelix"},{"floor":26,"key":"Akabeko"},{"floor":26,"key":"Centennial Puzzle"},{"floor":31,"key":"Bag of Marbles"},{"floor":36,"key":"Calipers"},{"floor":37,"key":"Shovel"},{"floor":40,"key":"Lantern"},{"floor":41,"key":"Symbiotic Virus"},{"floor":41,"key":"Prayer Wheel"},{"floor":42,"key":"PreservedInsect"},{"floor":43,"key":"Blood Vial"},{"floor":43,"key":"Meat on the Bone"},{"floor":45,"key":"Bottled Lightning"},{"floor":45,"key":"Happy Flower"},{"floor":46,"key":"Toy Ornithopter"},{"floor":49,"key":"Boot"}],"event_choices":[{"damage_healed":0,"gold_gain":0,"player_choice":"Donut","damage_taken":0,"max_hp_gain":5,"max_hp_loss":0,"event_name":"Big Fish","floor":5,"gold_loss":0},{"damage_healed":0,"gold_gain":0,"player_choice":"Ignored","damage_taken":0,"max_hp_gain":0,"max_hp_loss":0,"event_name":"N\u0027loth","floor":20,"gold_loss":0},{"damage_healed":0,"gold_gain":0,"player_choice":"Fight","damage_taken":0,"max_hp_gain":0,"max_hp_loss":0,"event_name":"MindBloom","floor":36,"gold_loss":0},{"damage_healed":0,"gold_gain":0,"player_choice":"Fight","damage_taken":0,"max_hp_gain":0,"max_hp_loss":0,"event_name":"Mysterious Sphere","floor":37,"gold_loss":0}],"is_beta":false,"boss_relics":[{"not_picked":["Sozu","Inserter"],"picked":"Busted Crown"},{"not_picked":["FrozenCore","Velvet Choker"],"picked":"Black Star"}],"items_purged_floors":[],"is_endless":false,"potions_floor_spawned":[3,4,8,12,19,22,25,28,31,33,36,37,38,44,45],"ascension_level":0}}