{"host":"mvk4cyf8p31hksyn","time":1613560082,"event":{"mods":["BaseMod","Block Reminder","Colored Map","Highlight Path","Minty Spire (QoL Compilation)","Relic Sorter"],"gold_per_floor":[111,131,48,48,48,75,87,101,125,137,169,181,227,250,262,372,384,415,445,457,394,424,462,485,524,560,572,494,536,548,571,583,693,705,737,766,778,790,802,849,295,320,320,320,358,358,396,416,416,416,416,416,87,120,120],"floor_reached":56,"language":"ENG","playtime":3570,"items_purged":["Strike_G","Strike_G"],"score":1463,"play_id":"9ebe69a7-86b3-4964-aea5-e618f0ec3a61","local_time":"20210217120802","is_ascension_mode":true,"campfire_choices":[{"data":"Calculated Gamble","floor":10,"key":"SMITH"},{"data":"Tactician","floor":12,"key":"SMITH"},{"data":"Dodge and Roll","floor":15,"key":"SMITH"},{"data":"Phantasmal Killer","floor":27,"key":"SMITH"},{"floor":30,"key":"REST"},{"floor":32,"key":"REST"},{"floor":44,"key":"RECALL"},{"floor":49,"key":"REST"},{"data":"Footwork","floor":52,"key":"SMITH"}],"circlet_count":0,"master_deck":["Strike_G+1","Strike_G","Defend_G","Defend_G","Defend_G","Defend_G","Survivor","Neutralize+1","Underhanded Strike","Slice+1","Purity","Eviscerate","Dodge and Roll+1","Calculated Gamble+1","Tactician+1","Adrenaline","Dagger Throw","Dagger Spray","Phantasmal Killer+1","Concentrate","Dagger Throw+1","Acrobatics+1","Expertise","Discovery","Thinking Ahead","Footwork+1","Footwork","Impatience","Prepared+1","Concentrate+1","Acrobatics+1","Footwork+1"],"relics":["Runic Pyramid","Bag of Marbles","MawBank","Pen Nib","Philosopher\u0027s Stone","The Courier","Ancient Tea Set","PreservedInsect","Dream Catcher","Regal Pillow","Empty Cage","Akabeko","Lee\u0027s Waffle","Toxic Egg 2","Frozen Egg 2","White Beast Statue","CeramicFish","Paper Crane","Pantograph","Nunchaku"],"acts_visited":["Exordium","TheCity","TheBeyond","TheEnding"],"potions_floor_usage":[13,25,25,25,33,33,33,55,55],"damage_taken":[{"damage":0,"enemies":"Small Slimes","floor":1,"turns":4},{"damage":0,"enemies":"Jaw Worm","floor":2,"turns":4},{"damage":18,"enemies":"Gremlin Nob","floor":6,"turns":4},{"damage":0,"enemies":"2 Louse","floor":7,"turns":2},{"damage":0,"enemies":"Red Slaver","floor":8,"turns":4},{"damage":0,"enemies":"Large Slime","floor":11,"turns":4},{"damage":5,"enemies":"Lagavulin","floor":13,"turns":5},{"damage":5,"enemies":"Exordium Thugs","floor":14,"turns":5},{"damage":8,"enemies":"The Guardian","floor":16,"turns":10},{"damage":6,"enemies":"2 Thieves","floor":18,"turns":4},{"damage":0,"enemies":"Chosen","floor":19,"turns":3},{"damage":11,"enemies":"3 Cultists","floor":22,"turns":6},{"damage":11,"enemies":"Slavers","floor":23,"turns":6},{"damage":21,"enemies":"Cultist and Chosen","floor":24,"turns":5},{"damage":30,"enemies":"Gremlin Leader","floor":25,"turns":7},{"damage":34,"enemies":"Book of Stabbing","floor":29,"turns":5},{"damage":23,"enemies":"Snake Plant","floor":31,"turns":5},{"damage":47,"enemies":"Collector","floor":33,"turns":10},{"damage":16,"enemies":"Orb Walker","floor":35,"turns":2},{"damage":16,"enemies":"3 Darklings","floor":36,"turns":5},{"damage":2,"enemies":"Nemesis","floor":40,"turns":3},{"damage":0,"enemies":"Reptomancer","floor":42,"turns":3},{"damage":25,"enemies":"Nemesis","floor":45,"turns":5},{"damage":0,"enemies":"Giant Head","floor":47,"turns":4},{"damage":19,"enemies":"Sphere and 2 Shapes","floor":48,"turns":3},{"damage":66,"enemies":"Time Eater","floor":50,"turns":12},{"damage":0,"enemies":"Shield and Spear","floor":54,"turns":4},{"damage":5,"enemies":"The Heart","floor":55,"turns":8}],"seed_played":"2075160760114492663","potions_obtained":[{"floor":6,"key":"Regen Potion"},{"floor":8,"key":"DuplicationPotion"},{"floor":11,"key":"Strength Potion"},{"floor":14,"key":"Regen Potion"},{"floor":25,"key":"Explosive Potion"},{"floor":29,"key":"EssenceOfSteel"},{"floor":31,"key":"AttackPotion"},{"floor":36,"key":"Fire Potion"},{"floor":45,"key":"PowerPotion"},{"floor":47,"key":"PowerPotion"}],"is_trial":false,"path_per_floor":["M","M","$","?","?","E","M","M","T","R","M","R","E","M","R","B",null,"M","M","?","?","M","E","M","E","T","R","?","E","R","M","R","B",null,"M","M","?","T","?","E","$","E","T","R","E","?","E","M","R","B",null,"R","$","E","B",null],"character_chosen":"THE_SILENT","items_purchased":["Purity","Lee\u0027s Waffle","Footwork","Footwork","Impatience","Toxic Egg 2","Footwork+1","Pantograph"],"campfire_rested":3,"item_purchase_floors":[3,41,41,41,41,41,53,53],"current_hp_per_floor":[70,70,70,56,56,38,38,38,38,38,38,38,33,28,28,20,70,64,64,64,64,53,42,21,36,36,36,36,2,38,15,51,4,70,54,38,38,38,28,26,77,77,77,77,52,52,52,33,69,3,73,73,73,73,68],"gold":120,"neow_bonus":"BOSS_RELIC","is_daily":false,"chose_seed":false,"campfire_upgraded":5,"win_rate":0.0,"timestamp":1613560082,"path_taken":["M","M","$","?","?","E","M","M","T","R","M","R","E","M","R","BOSS","M","M","?","?","M","E","M","E","T","R","?","E","R","?","R","BOSS","M","M","?","?","?","E","$","E","T","R","E","?","E","M","R","BOSS","R","$","E","BOSS"],"items_purchased_type":["Card","Relic","Card","Card","Card","Relic","Card","Relic"],"build_version":"2020-12-22","purchased_purges":2,"victory":true,"max_hp_per_floor":[70,70,70,70,70,70,70,70,70,70,70,70,70,70,70,70,70,70,70,70,70,70,70,70,70,70,70,70,70,70,70,70,70,70,70,70,70,70,70,70,77,77,77,77,77,73,73,73,73,73,73,73,73,73,73],"card_choices":[{"not_picked":["Prepared","Escape Plan"],"picked":"Underhanded Strike","floor":1},{"not_picked":["Infinite Blades","Blade Dance"],"picked":"Slice","floor":2},{"not_picked":["Sucker Punch","Infinite Blades"],"picked":"Eviscerate","floor":6},{"not_picked":["Blade Dance","Dagger Throw"],"picked":"Dodge and Roll","floor":7},{"not_picked":["Outmaneuver","Slice"],"picked":"Calculated Gamble","floor":8},{"not_picked":["Distraction","Expertise"],"picked":"Tactician","floor":11},{"not_picked":["Poisoned Stab","Predator"],"picked":"Adrenaline","floor":13},{"not_picked":["Finisher","Quick Slash"],"picked":"Dagger Throw","floor":14},{"not_picked":["Malaise","Glass Knife"],"picked":"Bullet Time","floor":16},{"not_picked":["Outmaneuver","Noxious Fumes"],"picked":"Dagger Spray","floor":18},{"not_picked":["All Out Attack","Slice+1","Escape Plan"],"picked":"SKIP","floor":19},{"not_picked":["Flying Knee","Cloak And Dagger+1","Bane+1"],"picked":"SKIP","floor":22},{"not_picked":["Blade Dance","Endless Agony","Deadly Poison+1"],"picked":"SKIP","floor":23},{"not_picked":["Slice","Flechettes","Accuracy"],"picked":"SKIP","floor":24},{"not_picked":["Sucker Punch","Poisoned Stab"],"picked":"Phantasmal Killer","floor":25},{"not_picked":["Underhanded Strike","PiercingWail+1"],"picked":"Concentrate","floor":29},{"not_picked":["Well Laid Plans","Backstab+1","Deflect"],"picked":"SKIP","floor":31},{"not_picked":["Accuracy","Heel Hook"],"picked":"Dagger Throw+1","floor":32},{"not_picked":["Blade Dance","Sucker Punch"],"picked":"Acrobatics+1","floor":35},{"not_picked":["Masterful Stab","Dagger Spray+1"],"picked":"Expertise","floor":36},{"not_picked":["HandOfGreed","PanicButton"],"picked":"Discovery","floor":39},{"not_picked":["HandOfGreed","Good Instincts"],"picked":"Thinking Ahead","floor":39},{"not_picked":["Outmaneuver+1","Flechettes+1","Deadly Poison+1"],"picked":"SKIP","floor":40},{"not_picked":["Blade Dance+1","Dagger Spray","Accuracy+1"],"picked":"SKIP","floor":42},{"not_picked":["Cloak And Dagger+1","PiercingWail+1"],"picked":"Prepared+1","floor":45},{"not_picked":["Leg Sweep+1","Setup+1"],"picked":"Concentrate+1","floor":47},{"not_picked":["Tools of the Trade+1","Sucker Punch+1"],"picked":"Acrobatics+1","floor":48},{"not_picked":["Endless Agony+1","Outmaneuver+1","Distraction+1"],"picked":"SKIP","floor":54}],"player_experience":864382,"relics_obtained":[{"floor":6,"key":"Bag of Marbles"},{"floor":9,"key":"MawBank"},{"floor":13,"key":"Pen Nib"},{"floor":23,"key":"Ancient Tea Set"},{"floor":25,"key":"PreservedInsect"},{"floor":26,"key":"Dream Catcher"},{"floor":29,"key":"Regal Pillow"},{"floor":40,"key":"Akabeko"},{"floor":42,"key":"Frozen Egg 2"},{"floor":43,"key":"White Beast Statue"},{"floor":45,"key":"CeramicFish"},{"floor":47,"key":"Paper Crane"},{"floor":54,"key":"Nunchaku"}],"event_choices":[{"damage_healed":0,"gold_gain":0,"player_choice":"Entered Light","damage_taken":14,"max_hp_gain":0,"max_hp_loss":0,"event_name":"Shining Light","floor":4,"gold_loss":0,"cards_upgraded":["Neutralize","Slice"]},{"damage_healed":0,"gold_gain":0,"player_choice":"Leave","damage_taken":0,"max_hp_gain":0,"max_hp_loss":0,"event_name":"The Cleric","floor":5,"gold_loss":0},{"damage_healed":0,"gold_gain":0,"player_choice":"Opened","damage_taken":0,"relics_obtained":["The Courier"],"max_hp_gain":0,"max_hp_loss":0,"event_name":"The Mausoleum","floor":20,"gold_loss":0,"cards_obtained":["Writhe"]},{"cards_removed":["Writhe"],"damage_healed":0,"gold_gain":0,"player_choice":"Gave Gold","damage_taken":0,"max_hp_gain":0,"max_hp_loss":0,"event_name":"Beggar","floor":21,"gold_loss":75},{"cards_removed":["Bullet Time"],"damage_healed":0,"gold_gain":0,"player_choice":"Upgrade and Remove","damage_taken":0,"max_hp_gain":0,"max_hp_loss":0,"event_name":"Designer","floor":28,"gold_loss":90,"cards_upgraded":["Strike_G"]},{"damage_healed":0,"gold_gain":0,"player_choice":"Ignored","damage_taken":0,"max_hp_gain":0,"max_hp_loss":0,"event_name":"Mysterious Sphere","floor":37,"gold_loss":0},{"damage_healed":0,"gold_gain":0,"player_choice":"Memory 3","damage_taken":10,"max_hp_gain":0,"max_hp_loss":0,"event_name":"SensoryStone","floor":39,"gold_loss":0},{"damage_healed":0,"gold_gain":0,"player_choice":"Max HP","damage_taken":0,"max_hp_gain":0,"max_hp_loss":4,"event_name":"Winding Halls","floor":46,"gold_loss":0}],"is_beta":false,"boss_relics":[{"not_picked":["WristBlade","Snecko Eye"],"picked":"Philosopher\u0027s Stone"},{"not_picked":["SacredBark","Busted Crown"],"picked":"Empty Cage"}],"items_purged_floors":[41,53],"is_endless":false,"potions_floor_spawned":[6,8,11,14,16,24,25,29,31,36,45,47,48,54],"ascension_level":1}}