{"host":"cijhj3091wf4aho3","time":1613601571,"event":{"mods":["BaseMod","Colored Map","Colored Powertips","Downfall","Friendly Minions","GifTheSpireLib","Highlight Path","Minty Spire (QoL Compilation)","Permanent Neow","Random Character Button","Relic Sorter","Relic Stats","StSLib","everything is the same but u backflip on backflip","slay the spire mod where everything is the same but ironclad has a cowboy hat"],"gold_per_floor":[99,111,123,135,135,166,166,184,184,184,213,210,222,264,290,402,414,426,455,452,482,505,232,232,259,272,287,318,337,337,355,371,371,371,371],"floor_reached":33,"language":"ENG","playtime":2682,"items_purged":["Guardian:Strike_Guardian"],"score":352,"play_id":"3d6d7331-8ab0-4cbc-bb34-d9d6c8819438","local_time":"20210217143931","is_ascension_mode":true,"campfire_choices":[{"data":"Guardian:TwinSlam","floor":1,"key":"SMITH"},{"data":"Guardian:CurlUp","floor":9,"key":"SMITH"},{"data":"Guardian:ExploitGems","floor":18,"key":"SMITH"},{"floor":30,"key":"REST"}],"circlet_count":0,"master_deck":["Guardian:Strike_Guardian","Guardian:Strike_Guardian","Guardian:Strike_Guardian","Guardian:Defend_Guardian","Guardian:Defend_Guardian","Guardian:Defend_Guardian","Guardian:Defend_Guardian","Guardian:CurlUp+1","Guardian:TwinSlam+1","Guardian:ExploitGems+1","Guardian:ShieldCharger","Guardian:EvasiveProtocol","Guardian:FloatingOrbs","Guardian:ChargeUp+1","Guardian:Orbwalk","Guardian:Clone+1","Guardian:BronzeArmor+1","Guardian:ConstructionForm"],"relics":["Guardian:ModeShifter","Eternal Feather","Ice Cream","MawBank","Happy Flower","Sozu","Bottled Tornado","Guardian:PickAxe","Question Card"],"acts_visited":["Exordium","TheCity"],"potions_floor_usage":[11,16,20,28,29],"damage_taken":[{"damage":1,"enemies":"Cultist","floor":2,"turns":4},{"damage":6,"enemies":"Jaw Worm","floor":3,"turns":4},{"damage":3,"enemies":"Small Slimes","floor":4,"turns":4},{"damage":13,"enemies":"3 Sentries","floor":6,"turns":13},{"damage":5,"enemies":"Exordium Thugs","floor":8,"turns":5},{"damage":20,"enemies":"Gremlin Nob","floor":11,"turns":6},{"damage":0,"enemies":"downfall:FleeingMerchant","floor":12,"turns":4},{"damage":27,"enemies":"Lagavulin","floor":14,"turns":9},{"damage":2,"enemies":"3 Louse","floor":15,"turns":5},{"damage":40,"enemies":"WA_ARCHETYPE_RETAIN","floor":16,"turns":14},{"damage":0,"enemies":"3 Byrds","floor":19,"turns":4},{"damage":0,"enemies":"downfall:FleeingMerchant","floor":20,"turns":4},{"damage":11,"enemies":"downfall:LooterAlt2","floor":21,"turns":7},{"damage":16,"enemies":"3 Cultists","floor":22,"turns":8},{"damage":20,"enemies":"downfall:FleeingMerchant","floor":23,"turns":4},{"damage":25,"enemies":"Gremlin Leader","floor":25,"turns":9},{"damage":3,"enemies":"Sentry and Sphere","floor":26,"turns":6},{"damage":0,"enemies":"Snake Plant","floor":27,"turns":4},{"damage":16,"enemies":"Slavers","floor":28,"turns":7},{"damage":0,"enemies":"Centurion and Healer","floor":29,"turns":7},{"damage":0,"enemies":"Snecko","floor":31,"turns":5},{"damage":28,"enemies":"Snake Plant","floor":32,"turns":5},{"damage":17,"enemies":"DF_ARCHETYPE_CLAW","floor":33,"turns":3}],"seed_played":"8669173415446530351","potions_obtained":[{"floor":3,"key":"GamblersBrew"},{"floor":8,"key":"Block Potion"},{"floor":14,"key":"ColorlessPotion"},{"floor":15,"key":"DistilledChaos"},{"floor":16,"key":"GamblersBrew"}],"is_trial":false,"path_per_floor":["R","M","M","M","?","E","T","M","R","?","E","$","?","E","M","B",null,"R","M","$","M","M","$","T","E","M","M","E","M","R","M","M","B"],"character_chosen":"GUARDIAN","items_purchased":["Guardian:Gem_Orange","Guardian:Orbwalk"],"campfire_rested":1,"item_purchase_floors":[23,23],"current_hp_per_floor":[80,79,73,70,70,57,57,52,61,66,46,46,95,68,66,26,95,95,95,95,84,68,48,48,23,20,20,4,4,41,41,13,0,0,0],"gold":371,"neow_bonus":"ONE_RANDOM_RARE_CARD","is_daily":false,"chose_seed":false,"campfire_upgraded":3,"win_rate":0.0,"timestamp":1613601571,"path_taken":["R","M","?","M","?","E","T","?","R","?","E","?","?","E","M","BOSS","R","M","$","M","M","$","T","E","M","?","E","M","R","M","M","BOSS"],"items_purchased_type":["Card","Card"],"build_version":"2020-12-22","purchased_purges":1,"victory":false,"max_hp_per_floor":[80,80,80,80,80,80,80,80,80,85,85,85,95,95,95,95,95,95,95,95,95,95,95,95,95,95,95,95,95,95,95,95,95,95,95],"relic_stats":{"Sozu":5,"Happy Flower":[30],"counters":[23,141],"Eternal Feather":18,"MawBank":144,"Question Card":3,"obtain_stats":[{"Ice Cream":7,"Sozu":17,"Guardian:PickAxe":25,"Happy Flower":14,"Guardian:ModeShifter":0,"Eternal Feather":6,"Bottled Tornado":24,"MawBank":11,"Question Card":28},{"Ice Cream":4,"Sozu":10,"Guardian:PickAxe":16,"Happy Flower":8,"Guardian:ModeShifter":0,"Eternal Feather":4,"Bottled Tornado":15,"MawBank":6,"Question Card":19},{"Ice Cream":25,"Sozu":68,"Guardian:PickAxe":104,"Happy Flower":49,"Guardian:ModeShifter":0,"Eternal Feather":25,"Bottled Tornado":95,"MawBank":36,"Question Card":121}]},"card_choices":[{"not_picked":["Guardian:ChargeCore","Guardian:Gem_Green"],"picked":"Guardian:ShieldCharger","floor":2},{"not_picked":["Guardian:TemporalShield","Guardian:Orbwalk","Guardian:Gem_Cyan"],"picked":"SKIP","floor":3},{"not_picked":["Guardian:EvasiveProtocol","Guardian:Incinerate","Guardian:ShieldCharger"],"picked":"SKIP","floor":4},{"not_picked":["Guardian:Incinerate","Guardian:ShieldCharger"],"picked":"Guardian:EvasiveProtocol","floor":4},{"not_picked":["Guardian:Reroute","Guardian:Repulse"],"picked":"Guardian:Gem_Yellow","floor":6},{"not_picked":["Guardian:PrismaticBeam","Guardian:RollAttack"],"picked":"Guardian:Gem_Green","floor":8},{"not_picked":["Guardian:Gem_Blue","Guardian:PrismaticBarrier"],"picked":"Guardian:Gem_Purple","floor":11},{"not_picked":["Guardian:Planning","Guardian:ChargeCore"],"picked":"Guardian:SphericShield","floor":12},{"not_picked":["Guardian:SpikerProtocol","Guardian:Recover"],"picked":"Guardian:FloatingOrbs","floor":14},{"not_picked":["Guardian:Incinerate","Guardian:Clone"],"picked":"Guardian:Gem_Fragmented","floor":15},{"not_picked":["Guardian:GemFinder","Guardian:GemFire"],"picked":"Guardian:Gem_Synthetic","floor":16},{"not_picked":["Guardian:CrystalBeam","Guardian:RollAttack","Guardian:PrimingBeam"],"picked":"SKIP","floor":19},{"not_picked":["Guardian:Emergency","Guardian:Gem_Green","Guardian:Suspension"],"picked":"SKIP","floor":20},{"not_picked":["Guardian:PiercingHide","Guardian:Repulse","Guardian:ShieldCharger"],"picked":"SKIP","floor":21},{"not_picked":["Guardian:Clone","Guardian:Gem_Green","Guardian:MultiBeam"],"picked":"SKIP","floor":22},{"not_picked":["Guardian:ChargeCore","Guardian:WalkerClaw"],"picked":"Guardian:ChargeUp+1","floor":23},{"not_picked":["Guardian:WalkerClaw","Guardian:Planning+1"],"picked":"Guardian:Clone+1","floor":25},{"not_picked":["Guardian:Reroute","Guardian:RollAttack","Guardian:TemporalStrike"],"picked":"SKIP","floor":26},{"not_picked":["Guardian:Gem_Blue","Guardian:ChargeUp"],"picked":"Guardian:BronzeArmor+1","floor":27},{"not_picked":["Guardian:Gem_Yellow","Guardian:TemporalShield+1"],"picked":"Guardian:ConstructionForm","floor":28},{"not_picked":["Guardian:DecasProtection","Guardian:FloatingOrbs","Guardian:Gem_Cyan","Guardian:ChargeCore"],"picked":"SKIP","floor":29},{"not_picked":["Guardian:Reroute+1","Guardian:Gem_Cyan","Guardian:Planning","Guardian:Repulse"],"picked":"SKIP","floor":31},{"not_picked":["Guardian:SpikerProtocol","Guardian:Gem_Green","Guardian:DonusPower","Guardian:Harden"],"picked":"SKIP","floor":32}],"player_experience":591596,"relics_obtained":[{"floor":6,"key":"Eternal Feather"},{"floor":7,"key":"Ice Cream"},{"floor":11,"key":"MawBank"},{"floor":14,"key":"Happy Flower"},{"floor":24,"key":"Bottled Tornado"},{"floor":25,"key":"Guardian:PickAxe"},{"floor":28,"key":"Question Card"}],"event_choices":[{"damage_healed":0,"gold_gain":0,"player_choice":"Donut","damage_taken":0,"max_hp_gain":5,"max_hp_loss":0,"event_name":"Big Fish","floor":10,"gold_loss":0},{"cards_removed":["Guardian:SphericShield"],"damage_healed":39,"gold_gain":0,"player_choice":"Offered Rare","damage_taken":0,"max_hp_gain":10,"max_hp_loss":0,"event_name":"Bonfire Elementals","floor":13,"gold_loss":0}],"is_beta":false,"boss_relics":[{"not_picked":["SacredBark","Guardian:StasisSlotReductionRelic"],"picked":"Sozu"}],"items_purged_floors":[23],"is_endless":false,"potions_floor_spawned":[3,8,14,15,16,21,25,26,28,31],"killed_by":"DF_ARCHETYPE_CLAW","ascension_level":1}}