{"host":"li7nr9q4d53iu1rb","time":1613578529,"event":{"mods":["AchievementEnabler","BaseMod","Colored Map","Colored Powertips","Downfall","Highlight Path","Minty Spire (QoL Compilation)","Permanent Neow","Quick Restart","Random Character Button","StSLib"],"gold_per_floor":[367,52,64,64,74,108,121,138,138,138,152,187,187,187,187,282,282,294,103,120,131,144,171,171,171],"floor_reached":24,"language":"ENG","playtime":1642,"items_purged":["Defend_B"],"score":265,"play_id":"86258e25-fd7e-4530-b8e2-e8a623e36db7","local_time":"20210217121529","is_ascension_mode":true,"campfire_choices":[{"floor":10.0,"key":"REST"},{"floor":13.0,"key":"REST"},{"data":"Reprogram","floor":15.0,"key":"SMITH"}],"circlet_count":0,"master_deck":["Strike_B","Strike_B","Strike_B","Strike_B+1","Defend_B+1","Defend_B","Defend_B","Zap","Dualcast","Gash","Scrape","Swift Strike","Genetic Algorithm","Stack","Gash","Coolheaded","Leap","Steam","Reprogram+1","Buffer","Steam","Swift Strike","Gash+1","Rebound+1"],"relics":["Cracked Core","PreservedInsect","Peace Pipe","Tiny Chest","Nuclear Battery","Pantograph"],"acts_visited":["Exordium","TheCity"],"potions_floor_usage":[22,23],"damage_taken":[{"damage":2.0,"enemies":"Jaw Worm","floor":1.0,"turns":3.0},{"damage":0.0,"enemies":"Small Slimes","floor":3.0,"turns":2.0},{"damage":0.0,"enemies":"Cultist","floor":5.0,"turns":3.0},{"damage":14.0,"enemies":"3 Sentries","floor":6.0,"turns":5.0},{"damage":10.0,"enemies":"Lots of Slimes","floor":7.0,"turns":4.0},{"damage":0.0,"enemies":"2 Fungi Beasts","floor":8.0,"turns":2.0},{"damage":5.0,"enemies":"Gremlin Gang","floor":11.0,"turns":4.0},{"damage":8.0,"enemies":"Lagavulin","floor":12.0,"turns":5.0},{"damage":10.0,"enemies":"Slime Boss","floor":16.0,"turns":14.0},{"damage":14.0,"enemies":"3 Byrds","floor":18.0,"turns":5.0},{"damage":9.0,"enemies":"Shell Parasite","floor":20.0,"turns":6.0},{"damage":27,"enemies":"Sentry and Sphere","floor":21,"turns":8},{"damage":39,"enemies":"3 Cultists","floor":22,"turns":7},{"damage":20,"enemies":"Gremlin Leader","floor":23,"turns":6},{"damage":7,"enemies":"Snake Plant","floor":24,"turns":1}],"seed_played":"8312956797113649162","potions_obtained":[{"floor":3.0,"key":"BlessingOfTheForge"},{"floor":11.0,"key":"FairyPotion"},{"floor":12.0,"key":"BlessingOfTheForge"},{"floor":14.0,"key":"PowerPotion"},{"floor":20.0,"key":"Weak Potion"},{"floor":22,"key":"Strength Potion"}],"is_trial":false,"path_per_floor":["M","$","M","?","M","E","M","M","T","R","M","E","R","?","R","B",null,"M","$","M","M","M","E","M"],"character_chosen":"DEFECT","items_purchased":["Scrape","PreservedInsect","Swift Strike","Steam","Swift Strike"],"campfire_rested":2,"item_purchase_floors":[2,2,2,19,19],"current_hp_per_floor":[52,52,52,37,37,23,13,13,13,35,30,22,44,44,44,34,75,61,61,52,25,22,2,0,0],"gold":171,"neow_bonus":"TWO_FIFTY_GOLD","is_daily":false,"chose_seed":false,"campfire_upgraded":1,"win_rate":0.0,"timestamp":1613578529,"path_taken":["M","$","M","?","M","E","M","M","T","R","M","E","R","?","R","BOSS","M","$","M","M","?","E","?"],"items_purchased_type":["Card","Relic","Card","Card","Card"],"build_version":"2020-12-22","purchased_purges":1,"victory":false,"max_hp_per_floor":[75,75,75,75,75,75,75,75,75,75,75,75,75,75,75,75,75,75,75,75,75,75,75,75,75],"card_choices":[{"not_picked":["Turbo","Go for the Eyes"],"picked":"Gash","floor":1.0},{"not_picked":["Hello World","Steam Power"],"picked":"Genetic Algorithm","floor":3.0},{"not_picked":["Cold Snap","Sweeping Beam"],"picked":"Stack","floor":5.0},{"not_picked":["Double Energy","Genetic Algorithm"],"picked":"Gash","floor":6.0},{"not_picked":["Hologram","Redo"],"picked":"Coolheaded","floor":7.0},{"not_picked":["Beam Cell","Lockon"],"picked":"Leap","floor":8.0},{"not_picked":["Melter","Conserve Battery"],"picked":"Steam","floor":11.0},{"not_picked":["Machine Learning","Leap"],"picked":"Reprogram","floor":12.0},{"not_picked":["Meteor Strike","Creative AI"],"picked":"Buffer","floor":16.0},{"not_picked":["Redo","Barrage+1","Turbo"],"picked":"SKIP","floor":18.0},{"not_picked":["Conserve Battery","Cold Snap+1"],"picked":"Gash+1","floor":20.0},{"not_picked":["Lockon+1","Streamline","Compile Driver"],"picked":"SKIP","floor":21},{"not_picked":["Sweeping Beam","Rebound","Coolheaded"],"picked":"SKIP","floor":22},{"not_picked":["Electrodynamics","Cold Snap"],"picked":"Rebound+1","floor":23}],"player_experience":275702,"relics_obtained":[{"floor":6.0,"key":"Peace Pipe"},{"floor":12.0,"key":"Tiny Chest"},{"floor":23,"key":"Pantograph"}],"event_choices":[{"damage_healed":0.0,"max_hp_gain":0.0,"max_hp_loss":0.0,"gold_gain":0.0,"event_name":"Shining Light","player_choice":"Entered Light","floor":4.0,"gold_loss":0.0,"damage_taken":15.0,"cards_upgraded":["Strike_B","Defend_B"]},{"damage_healed":0.0,"max_hp_gain":0.0,"max_hp_loss":0.0,"gold_gain":0.0,"event_name":"Lab","player_choice":"Got Potions","floor":14.0,"gold_loss":0.0,"damage_taken":0.0}],"is_beta":false,"boss_relics":[{"not_picked":["Cursed Key","Calling Bell"],"picked":"Nuclear Battery"}],"items_purged_floors":[19],"is_endless":false,"potions_floor_spawned":[3,11,12,20,22],"killed_by":"Snake Plant","ascension_level":3}}