{"host":"x05n69rv5q9mps34","time":1613588349,"event":{"mods":["AchievementEnabler","BaseMod","Colored Map","Minty Spire (QoL Compilation)","SuperFastMode"],"gold_per_floor":[115,135,135,159,159,159,197,215,215,230,243,243,318,338,338,466,466,481,481,406,11,11,11],"floor_reached":22,"language":"ENG","playtime":1620,"items_purged":[],"score":348,"play_id":"58ffb605-dd37-4b86-9bce-3f1fc757e048","local_time":"20210217165909","is_ascension_mode":true,"campfire_choices":[{"data":"Feed","floor":6,"key":"SMITH"},{"floor":12,"key":"REST"},{"floor":15,"key":"REST"}],"circlet_count":0,"master_deck":["AscendersBane","Strike_R","Strike_R","Strike_R","Strike_R","Defend_R","Defend_R","Defend_R","Defend_R","Bash","Clash","Power Through","Feed+1","Sever Soul","Uppercut","Body Slam","Feed","Feel No Pain","Offering","Dark Embrace","J.A.X.","Rupture","Power Through","Carnage"],"relics":["SlaversCollar","Golden Idol","Question Card","Matryoshka","Black Star","Membership Card","Mango"],"acts_visited":["Exordium","TheCity"],"potions_floor_usage":[7,8,11,14],"damage_taken":[{"damage":14,"enemies":"Cultist","floor":1,"turns":5},{"damage":2,"enemies":"Jaw Worm","floor":2,"turns":3},{"damage":3,"enemies":"2 Louse","floor":4,"turns":2},{"damage":22,"enemies":"Gremlin Nob","floor":7,"turns":5},{"damage":15,"enemies":"Exordium Thugs","floor":8,"turns":8},{"damage":10,"enemies":"2 Fungi Beasts","floor":10,"turns":4},{"damage":5,"enemies":"Gremlin Gang","floor":11,"turns":5},{"damage":16,"enemies":"Blue Slaver","floor":14,"turns":5},{"damage":30,"enemies":"The Guardian","floor":16,"turns":12},{"damage":40,"enemies":"2 Thieves","floor":18,"turns":4},{"damage":59,"enemies":"3 Byrds","floor":22,"turns":5}],"seed_played":"9121337285714336267","potions_obtained":[{"floor":2,"key":"HeartOfIron"},{"floor":4,"key":"DuplicationPotion"},{"floor":7,"key":"Fire Potion"},{"floor":10,"key":"AttackPotion"},{"floor":11,"key":"SpeedPotion"},{"floor":18,"key":"SteroidPotion"}],"is_trial":false,"path_per_floor":["M","M","?","M","?","R","E","M","T","M","M","R","?","M","R","B",null,"M","?","?","$","M"],"character_chosen":"IRONCLAD","items_purchased":["Membership Card","Rupture","Power Through","Mango","Carnage"],"campfire_rested":2,"item_purchase_floors":[21,21,21,21,21],"current_hp_per_floor":[58,56,56,53,53,53,35,20,20,14,13,38,27,15,42,12,71,35,35,35,49,0,0],"gold":11,"neow_bonus":"BOSS_RELIC","is_daily":false,"chose_seed":false,"campfire_upgraded":1,"win_rate":0.0,"timestamp":1613588349,"path_taken":["M","M","?","M","?","R","E","M","T","M","M","R","?","?","R","BOSS","M","?","?","$","M"],"items_purchased_type":["Relic","Card","Card","Relic","Card"],"build_version":"2020-12-22","purchased_purges":0,"victory":false,"max_hp_per_floor":[80,80,74,74,74,74,78,78,78,82,86,86,86,90,90,90,90,94,94,94,108,112,112],"card_choices":[{"not_picked":["Warcry","Dual Wield"],"picked":"Clash","floor":1},{"not_picked":["Dual Wield","Twin Strike"],"picked":"Power Through","floor":2},{"not_picked":["Shrug It Off","Dark Embrace"],"picked":"Feed","floor":4},{"not_picked":["Wild Strike","Headbutt"],"picked":"Sever Soul","floor":7},{"not_picked":["Armaments","Havoc","Perfected Strike"],"picked":"Uppercut","floor":8},{"not_picked":["Pommel Strike","Rupture","Sword Boomerang"],"picked":"Body Slam","floor":10},{"not_picked":["Cleave","Bloodletting","Wild Strike"],"picked":"Feed","floor":11},{"not_picked":["Second Wind","Uppercut","True Grit"],"picked":"Feel No Pain","floor":14},{"not_picked":["Double Tap","Immolate","Limit Break"],"picked":"Offering","floor":16},{"not_picked":["Intimidate","Clash","Armaments"],"picked":"Dark Embrace","floor":18}],"player_experience":1018731,"relics_obtained":[{"floor":7,"key":"Question Card"},{"floor":9,"key":"Matryoshka"}],"event_choices":[{"damage_healed":0,"gold_gain":0,"player_choice":"Lose Max HP","damage_taken":0,"relics_obtained":["Golden Idol"],"max_hp_gain":0,"max_hp_loss":6,"event_name":"Golden Idol","floor":3,"gold_loss":0},{"damage_healed":0,"gold_gain":0,"player_choice":"Ignored","damage_taken":0,"max_hp_gain":0,"max_hp_loss":0,"event_name":"Liars Game","floor":5,"gold_loss":0},{"damage_healed":0,"gold_gain":75,"player_choice":"Gather Gold","damage_taken":11,"max_hp_gain":0,"max_hp_loss":0,"event_name":"World of Goop","floor":13,"gold_loss":0},{"damage_healed":0,"gold_gain":0,"player_choice":"Obtain J.A.X.","damage_taken":0,"max_hp_gain":0,"max_hp_loss":0,"event_name":"Drug Dealer","floor":19,"gold_loss":0,"cards_obtained":["J.A.X."]},{"cards_removed":["Strike_R"],"damage_healed":0,"gold_gain":0,"player_choice":"Gave Gold","damage_taken":0,"max_hp_gain":0,"max_hp_loss":0,"event_name":"Beggar","floor":20,"gold_loss":75}],"is_beta":false,"boss_relics":[{"not_picked":["Runic Cube","Coffee Dripper"],"picked":"Black Star"}],"items_purged_floors":[],"is_endless":false,"potions_floor_spawned":[2,4,7,10,11,18],"killed_by":"3 Byrds","ascension_level":12}}