{"host":"8rgpnls124hwjv5t","time":1613524369,"event":{"mods":["BaseMod","Colored Map","Colored Powertips","DeckTracker","Highlight Path","Minty Spire (QoL Compilation)","Permanent Neow","Quick Restart","Relic Stats","Shop Mod","StSLib"],"gold_per_floor":[116,133,143,143,143,143,108,135,135,148,198,230,230,264,264,341,341,360,410,45,62,77,77,89,89,89,89,101,13,43,54,54,128,128,138,149,163,188,208,241,241,5,86,86,0,0,33,45,45,45,45],"floor_reached":52,"language":"ENG","playtime":2754,"items_purged":["Sucker Punch"],"score":2050,"play_id":"709ec272-8b09-4c2e-aad1-020aebb9c87f","local_time":"20210216201249","is_ascension_mode":true,"campfire_choices":[{"floor":6,"key":"REST"},{"data":"Infinite Blades","floor":13,"key":"SMITH"},{"data":"Strike_G","floor":15,"key":"PURGE"},{"data":"Cloak And Dagger","floor":23,"key":"SMITH"},{"data":"Eviscerate","floor":25,"key":"PURGE"},{"data":"Concentrate","floor":27,"key":"PURGE"},{"floor":32,"key":"REST"},{"data":"Reflex","floor":41,"key":"PURGE"},{"data":"Riddle With Holes","floor":44,"key":"PURGE"},{"data":"Deflect","floor":49,"key":"PURGE"}],"circlet_count":0,"master_deck":["AscendersBane","Survivor","Neutralize+1","Cloak And Dagger","Cloak And Dagger","Infinite Blades+1","Cloak And Dagger+1","Adrenaline","Blade Dance","Venomology","A Thousand Cuts","Escape Plan","Dagger Spray","Malaise","Blur","Escape Plan","Blade Dance","Cloak And Dagger","Accuracy","Blade Dance+1","Backflip"],"relics":["WristBlade","Peace Pipe","StoneCalendar","Kunai","Toy Ornithopter","Pandora\u0027s Box","Eternal Feather","Sundial","Pen Nib","Fusion Hammer","FossilizedHelix","Akabeko","Potion Belt","Meat on the Bone","Red Mask","Pear","Shuriken"],"acts_visited":["Exordium","TheCity","TheBeyond"],"potions_floor_usage":[8,12,14,16,18,22,24,30,33,33,38,39,39,40,48,50,51,51],"damage_taken":[{"damage":18,"enemies":"Jaw Worm","floor":1,"turns":6},{"damage":2,"enemies":"2 Louse","floor":2,"turns":3},{"damage":5,"enemies":"Cultist","floor":3,"turns":4},{"damage":13,"enemies":"3 Sentries","floor":8,"turns":8},{"damage":1,"enemies":"Red Slaver","floor":10,"turns":3},{"damage":5,"enemies":"Lagavulin","floor":12,"turns":7},{"damage":2,"enemies":"3 Sentries","floor":14,"turns":5},{"damage":3,"enemies":"Hexaghost","floor":16,"turns":7},{"damage":22,"enemies":"Chosen","floor":18,"turns":6},{"damage":20,"enemies":"2 Thieves","floor":21,"turns":4},{"damage":3,"enemies":"3 Cultists","floor":22,"turns":5},{"damage":4,"enemies":"Snecko","floor":24,"turns":4},{"damage":30,"enemies":"Cultist and Chosen","floor":28,"turns":6},{"damage":36,"enemies":"Slavers","floor":30,"turns":4},{"damage":0,"enemies":"Chosen and Byrds","floor":31,"turns":3},{"damage":14,"enemies":"Champ","floor":33,"turns":8},{"damage":0,"enemies":"3 Darklings","floor":35,"turns":3},{"damage":7,"enemies":"Orb Walker","floor":36,"turns":3},{"damage":20,"enemies":"3 Darklings","floor":37,"turns":4},{"damage":3,"enemies":"Mind Bloom Boss Battle","floor":38,"turns":4},{"damage":0,"enemies":"Writhing Mass","floor":39,"turns":5},{"damage":13,"enemies":"Nemesis","floor":40,"turns":7},{"damage":0,"enemies":"Giant Head","floor":47,"turns":5},{"damage":0,"enemies":"Jaw Worm Horde","floor":48,"turns":3},{"damage":24,"enemies":"Donu and Deca","floor":50,"turns":6},{"damage":0,"enemies":"Awakened One","floor":51,"turns":6}],"seed_played":"-7154454387192229823","potions_obtained":[{"floor":1,"key":"DistilledChaos"},{"floor":8,"key":"Fire Potion"},{"floor":10,"key":"GamblersBrew"},{"floor":14,"key":"CunningPotion"},{"floor":16,"key":"FearPotion"},{"floor":22,"key":"GhostInAJar"},{"floor":30,"key":"SkillPotion"},{"floor":39,"key":"LiquidBronze"},{"floor":47,"key":"EssenceOfSteel"}],"is_trial":false,"path_per_floor":["M","M","M","?","?","R","?","E","T","M","?","E","R","E","R","B",null,"M","?","$","M","M","R","M","R","T","R","M","$","E","M","R","B",null,"M","M","M","?","M","E","R","$","T","R","?","T","E","M","R","B","B",null],"character_chosen":"THE_SILENT","items_purchased":["Eternal Feather","Blur","Accuracy","Potion Belt"],"campfire_rested":2,"item_purchase_floors":[20,20,29,42],"current_hp_per_floor":[41,39,34,34,14,33,49,36,36,35,35,30,30,28,28,30,57,40,34,34,14,16,28,29,41,41,53,23,23,11,11,42,38,59,59,52,32,34,44,36,48,48,48,60,60,70,70,75,76,52,62],"gold":45,"neow_bonus":"BOSS_RELIC","is_daily":false,"chose_seed":false,"campfire_upgraded":2,"win_rate":0.0,"timestamp":1613524369,"path_taken":["M","M","M","?","?","R","?","E","T","M","?","E","R","E","R","BOSS","M","?","$","M","?","R","M","R","T","R","M","?","E","M","R","BOSS","M","M","M","?","M","E","R","$","T","R","?","?","E","M","R","BOSS","BOSS"],"items_purchased_type":["Relic","Card","Card","Relic"],"build_version":"2020-12-22","purchased_purges":1,"victory":true,"max_hp_per_floor":[66,66,66,66,66,66,66,66,66,66,66,66,66,66,66,66,66,66,66,66,66,66,66,66,66,66,66,66,66,66,66,66,66,66,66,66,66,66,66,66,66,66,66,66,66,76,76,76,76,76,76],"relic_stats":{"Peace Pipe":6,"counters":[26,129],"Sundial":[8],"Shuriken":[26],"StoneCalendar":[71],"Pandora\u0027s Box":["Deflect","Reflex","Sucker Punch","A Thousand Cuts","Escape Plan","Dagger Spray","Riddle With Holes","Malaise"],"Eternal Feather":73,"Pen Nib":[27],"Kunai":[106],"obtain_stats":[{"Potion Belt":42,"Pear":46,"StoneCalendar":9,"Eternal Feather":20,"Pen Nib":30,"Akabeko":40,"Peace Pipe":8,"WristBlade":0,"Sundial":26,"Shuriken":47,"Pandora\u0027s Box":17,"Fusion Hammer":34,"Red Mask":45,"Kunai":12,"Toy Ornithopter":14,"FossilizedHelix":38,"Ring of the Snake":0,"Meat on the Bone":43},{"Potion Belt":22,"Pear":22,"StoneCalendar":4,"Eternal Feather":9,"Pen Nib":14,"Akabeko":22,"Peace Pipe":4,"WristBlade":0,"Sundial":12,"Shuriken":23,"Pandora\u0027s Box":8,"Fusion Hammer":16,"Red Mask":22,"Kunai":6,"Toy Ornithopter":7,"FossilizedHelix":20,"Ring of the Snake":0,"Meat on the Bone":22},{"Potion Belt":109,"Pear":109,"StoneCalendar":21,"Eternal Feather":49,"Pen Nib":72,"Akabeko":109,"Peace Pipe":21,"WristBlade":0,"Sundial":62,"Shuriken":114,"Pandora\u0027s Box":43,"Fusion Hammer":83,"Red Mask":109,"Kunai":31,"Toy Ornithopter":36,"FossilizedHelix":97,"Ring of the Snake":0,"Meat on the Bone":109}],"Toy Ornithopter":70,"Meat on the Bone":0},"card_choices":[{"not_picked":["Noxious Fumes","Catalyst"],"picked":"Cloak And Dagger","floor":1},{"not_picked":["Blur","Escape Plan"],"picked":"Cloak And Dagger","floor":2},{"not_picked":["Leg Sweep","Dodge and Roll"],"picked":"Eviscerate","floor":3},{"not_picked":["Prepared","Blade Dance"],"picked":"Infinite Blades","floor":8},{"not_picked":["Underhanded Strike","PiercingWail"],"picked":"Cloak And Dagger","floor":10},{"not_picked":["Poisoned Stab","Predator"],"picked":"Adrenaline","floor":12},{"not_picked":["Accuracy","Prepared"],"picked":"Blade Dance","floor":14},{"not_picked":["Die Die Die","Storm of Steel"],"picked":"Venomology","floor":16},{"not_picked":["Underhanded Strike","Skewer","Sucker Punch"],"picked":"SKIP","floor":18},{"not_picked":["Footwork","Prepared"],"picked":"Escape Plan","floor":21},{"not_picked":["Slice","Flechettes"],"picked":"Blade Dance","floor":22},{"not_picked":["Backflip","Bane","Distraction"],"picked":"SKIP","floor":24},{"not_picked":["Deflect","Blade Dance"],"picked":"Cloak And Dagger","floor":28},{"not_picked":["Finisher","Poisoned Stab","Dagger Throw"],"picked":"SKIP","floor":30},{"not_picked":["Predator+1","Well Laid Plans","Sucker Punch"],"picked":"SKIP","floor":31},{"not_picked":["Poisoned Stab","Tactician","Noxious Fumes"],"picked":"SKIP","floor":35},{"not_picked":["Deflect+1","Quick Slash+1","Choke"],"picked":"SKIP","floor":36},{"not_picked":["Terror","Dagger Throw"],"picked":"Blade Dance+1","floor":37},{"not_picked":["Sucker Punch","Bullet Time","Slice"],"picked":"SKIP","floor":39},{"not_picked":["Quick Slash","Deflect","Poisoned Stab"],"picked":"SKIP","floor":40},{"not_picked":["Dash","Dagger Throw"],"picked":"Backflip","floor":47},{"not_picked":["Reflex+1","Deadly Poison","Predator"],"picked":"SKIP","floor":48}],"player_experience":601822,"relics_obtained":[{"floor":8,"key":"Peace Pipe"},{"floor":9,"key":"StoneCalendar"},{"floor":12,"key":"Kunai"},{"floor":14,"key":"Toy Ornithopter"},{"floor":26,"key":"Sundial"},{"floor":30,"key":"Pen Nib"},{"floor":38,"key":"FossilizedHelix"},{"floor":40,"key":"Akabeko"},{"floor":43,"key":"Meat on the Bone"},{"floor":46,"key":"Pear"},{"floor":47,"key":"Shuriken"}],"event_choices":[{"damage_healed":0,"gold_gain":0,"cards_transformed":["Defend_G"],"player_choice":"Change","damage_taken":0,"max_hp_gain":0,"max_hp_loss":0,"event_name":"Living Wall","floor":4,"gold_loss":0,"cards_obtained":["Concentrate"]},{"damage_healed":0,"gold_gain":0,"player_choice":"Entered Light","damage_taken":20,"max_hp_gain":0,"max_hp_loss":0,"event_name":"Shining Light","floor":5,"gold_loss":0,"cards_upgraded":["Neutralize","Strike_G"]},{"damage_healed":16,"gold_gain":0,"player_choice":"Healed","damage_taken":0,"max_hp_gain":0,"max_hp_loss":0,"event_name":"The Cleric","floor":7,"gold_loss":35},{"damage_healed":0,"gold_gain":50,"player_choice":"Pray","damage_taken":0,"max_hp_gain":0,"max_hp_loss":0,"event_name":"Golden Shrine","floor":11,"gold_loss":0},{"damage_healed":0,"gold_gain":50,"player_choice":"Touch","damage_taken":6,"max_hp_gain":0,"max_hp_loss":0,"event_name":"FaceTrader","floor":19,"gold_loss":0},{"damage_healed":0,"gold_gain":0,"player_choice":"Fight","damage_taken":0,"max_hp_gain":0,"max_hp_loss":0,"event_name":"MindBloom","floor":38,"gold_loss":0},{"damage_healed":0,"gold_gain":0,"player_choice":"Paid","damage_taken":0,"relics_obtained":["Red Mask"],"max_hp_gain":0,"max_hp_loss":0,"event_name":"Tomb of Lord Red Mask","floor":45,"gold_loss":86}],"is_beta":false,"boss_relics":[{"not_picked":["Velvet Choker","Busted Crown"],"picked":"Pandora\u0027s Box"},{"not_picked":["Cursed Key","Coffee Dripper"],"picked":"Fusion Hammer"}],"items_purged_floors":[42],"is_endless":false,"potions_floor_spawned":[1,8,10,14,16,22,28,30,31,39,47],"ascension_level":20}}