{"host":"tlbbab9afexrkdtf","time":1613605590,"event":{"mods":["2.2 Compatiblity","AchievementEnabler","BaseMod","Colored Map","Colored Powertips","Minty Spire (QoL Compilation)","Rare Cards Sparkle","StSLib"],"gold_per_floor":[368,379,157,157,157,157,175,250,276,289,301,301,331,4,4,102,102,120,120,120,120,38,38,58,58,85,98,45,62,62,62],"floor_reached":30,"language":"ENG","playtime":832,"items_purged":["Strike_R"],"score":310,"play_id":"46370b3b-e468-42e1-bb59-dccabf0a5a69","local_time":"20210217184630","is_ascension_mode":true,"campfire_choices":[{"floor":6,"key":"RECALL"},{"floor":12,"key":"REST"},{"data":"Armaments","floor":15,"key":"SMITH"},{"floor":23,"key":"REST"},{"floor":25,"key":"REST"}],"circlet_count":0,"master_deck":["Strike_R+1","Strike_R+1","Strike_R+1","Defend_R+1","Defend_R+1","Defend_R+1","Defend_R+1","Bash","Thunderclap","Infernal Blade","Reaper","Spot Weakness","Infernal Blade","Cleave","Carnage","Armaments+1","Berserk","Shrug It Off+1","Inflame","Flex","Heavy Blade","Armaments+1","Flex","Infernal Blade"],"relics":["Burning Blood","Toolbox","MawBank","Lee\u0027s Waffle","Pen Nib","Sozu","Enchiridion","Omamori"],"acts_visited":["Exordium","TheCity"],"potions_floor_usage":[13,13],"damage_taken":[{"damage":8,"enemies":"Jaw Worm","floor":1,"turns":4},{"damage":0,"enemies":"Small Slimes","floor":2,"turns":3},{"damage":1,"enemies":"2 Louse","floor":7,"turns":2},{"damage":22,"enemies":"Looter","floor":10,"turns":3},{"damage":6,"enemies":"3 Louse","floor":11,"turns":4},{"damage":22,"enemies":"Lagavulin","floor":13,"turns":3},{"damage":72,"enemies":"Hexaghost","floor":16,"turns":11},{"damage":40,"enemies":"Chosen","floor":18,"turns":7},{"damage":14,"enemies":"Shell Parasite","floor":24,"turns":3},{"damage":7,"enemies":"Cultist and Chosen","floor":27,"turns":4},{"damage":26,"enemies":"Snake Plant","floor":29,"turns":3},{"damage":58,"enemies":"Gremlin Leader","floor":30,"turns":3}],"seed_played":"-1218797576865947999","potions_obtained":[{"floor":1,"key":"SteroidPotion"},{"floor":11,"key":"Fire Potion"}],"is_trial":false,"path_per_floor":["M","M","$","?","?","R","M","?","T","M","M","R","E","$","R","B",null,"M","?","?","?","$","R","M","R","T","M","$","M","E"],"character_chosen":"IRONCLAD","items_purchased":["Toolbox","Lee\u0027s Waffle","Pen Nib","Armaments","Inflame","Flex","Flex"],"campfire_rested":3,"item_purchase_floors":[3,14,14,14,22,22,28],"current_hp_per_floor":[54,60,60,65,65,65,70,59,59,43,49,74,58,92,92,32,77,48,30,14,14,14,43,35,64,64,76,76,56,0,0],"gold":62,"neow_bonus":"TWO_FIFTY_GOLD","is_daily":false,"chose_seed":false,"campfire_upgraded":1,"win_rate":0.0,"timestamp":1613605590,"path_taken":["M","M","$","?","?","R","M","?","T","M","M","R","E","$","R","BOSS","M","?","?","?","$","R","?","R","T","M","$","M","E"],"items_purchased_type":["Relic","Relic","Relic","Card","Card","Card","Card"],"build_version":"2020-12-22","purchased_purges":1,"victory":false,"max_hp_per_floor":[80,80,80,85,85,85,85,85,85,85,85,85,85,92,92,92,92,92,97,97,97,97,97,97,97,97,97,97,97,97,97],"card_choices":[{"not_picked":["Intimidate","Bloodletting"],"picked":"Thunderclap","floor":1},{"not_picked":["Battle Trance","Flame Barrier"],"picked":"Infernal Blade","floor":2},{"not_picked":["Pommel Strike","Shrug It Off"],"picked":"Spot Weakness","floor":7},{"not_picked":["Thunderclap","Clash"],"picked":"Infernal Blade","floor":10},{"not_picked":["Searing Blow","Corruption"],"picked":"Cleave","floor":11},{"not_picked":["Evolve","Hemokinesis"],"picked":"Carnage","floor":13},{"not_picked":["Double Tap","Corruption"],"picked":"Berserk","floor":16},{"not_picked":["Headbutt+1","Thunderclap"],"picked":"Shrug It Off+1","floor":18},{"not_picked":["Clothesline","Shrug It Off"],"picked":"Heavy Blade","floor":24},{"not_picked":["Disarm","Pommel Strike"],"picked":"Armaments+1","floor":27},{"not_picked":["Iron Wave","Clash"],"picked":"Infernal Blade","floor":29}],"player_experience":321770,"relics_obtained":[{"floor":13,"key":"MawBank"},{"floor":20,"key":"Enchiridion"},{"floor":26,"key":"Omamori"}],"event_choices":[{"damage_healed":0,"gold_gain":0,"player_choice":"Donut","damage_taken":0,"max_hp_gain":5,"max_hp_loss":0,"event_name":"Big Fish","floor":4,"gold_loss":0},{"damage_healed":0,"gold_gain":0,"cards_transformed":["Strike_R"],"player_choice":"Change","damage_taken":0,"max_hp_gain":0,"max_hp_loss":0,"event_name":"Living Wall","floor":5,"gold_loss":0,"cards_obtained":["Reaper"]},{"damage_healed":0,"gold_gain":75,"player_choice":"Gather Gold","damage_taken":11,"max_hp_gain":0,"max_hp_loss":0,"event_name":"World of Goop","floor":8,"gold_loss":0},{"damage_healed":0,"gold_gain":0,"player_choice":"Shed Blood","damage_taken":23,"max_hp_gain":5,"max_hp_loss":0,"event_name":"Forgotten Altar","floor":19,"gold_loss":0},{"damage_healed":0,"gold_gain":0,"player_choice":"Obtained Book","damage_taken":16,"max_hp_gain":0,"max_hp_loss":0,"event_name":"Cursed Tome","floor":20,"gold_loss":0},{"damage_healed":0,"gold_gain":0,"player_choice":"Simplicity","damage_taken":0,"max_hp_gain":0,"max_hp_loss":0,"event_name":"Back to Basics","floor":21,"gold_loss":0,"cards_upgraded":["Strike_R","Strike_R","Strike_R","Defend_R","Defend_R","Defend_R","Defend_R"]}],"is_beta":false,"boss_relics":[{"not_picked":["SacredBark","SlaversCollar"],"picked":"Sozu"}],"items_purged_floors":[3],"is_endless":false,"potions_floor_spawned":[1,11,18,24],"killed_by":"Gremlin Leader","ascension_level":5}}