{"host":"t75twhtg6c476ygg","time":1613589790,"event":{"mods":["AchievementEnabler","BaseMod","Colored Powertips","Minty Spire (QoL Compilation)","Quick Restart","Relic Stats","StSLib","SuperFastMode"],"gold_per_floor":[114,114,289,304,304,304,334,334,334,349,364,379,394,409,409,509,509,524,524,539,89,89,89,119,134,209,234,249,549,564,579,579,679,679,694,709,724,739,754,754,327,327,327,357,357,372,374,389,389,389],"floor_reached":51,"language":"ENG","playtime":2005,"items_purged":["Eruption"],"score":955,"play_id":"a10babc9-129c-4eb3-89f7-0267933b624b","local_time":"20210217192310","daily_mods":["Chimera","Uncertain Future","Terminal"],"is_ascension_mode":false,"campfire_choices":[{"data":"Bash","floor":6.0,"key":"SMITH"},{"data":"Crescendo","floor":8.0,"key":"SMITH"},{"data":"CarveReality","floor":15.0,"key":"SMITH"},{"floor":23.0,"key":"DIG"},{"floor":29.0,"key":"DIG"},{"floor":32.0,"key":"DIG"},{"floor":40.0,"key":"DIG"},{"floor":42.0,"key":"DIG"},{"floor":49,"key":"DIG"}],"circlet_count":0,"master_deck":["Bash+1","Survivor+1","Zap+1","Strike_R+1","Strike_B+1","Defend_R+1","Defend_G+1","Defend_P+1","BowlingBash+1","Crescendo+1","JustLucky+1","FearNoEvil+1","LessonLearned+1","CarveReality+1","Vault+1","Tantrum+1","Consecrate","FlurryOfBlows","FlurryOfBlows","Consecrate+1","FollowUp","Wallop"],"relics":["PureWater","Calipers","Sling","Pocketwatch","Bird Faced Urn","Toy Ornithopter","White Beast Statue","Calling Bell","Omamori","Kunai","Shovel","MutagenicStrength","Akabeko","Blood Vial","TheAbacus","Necronomicon","HornCleat","FossilizedHelix","Letter Opener","Lantern","Ginger","Old Coin","Matryoshka","SlaversCollar","Frozen Egg 2","Singing Bowl","HandDrill","Boot","Shuriken","Meat on the Bone","Anchor","Incense Burner","Vajra"],"acts_visited":["Exordium","TheCity","TheBeyond"],"potions_floor_usage":[50,50],"damage_taken":[{"damage":0.0,"enemies":"2 Louse","floor":1.0,"turns":1.0},{"damage":0.0,"enemies":"Small Slimes","floor":4.0,"turns":3.0},{"damage":0.0,"enemies":"3 Sentries","floor":7.0,"turns":6.0},{"damage":0.0,"enemies":"Cultist","floor":10.0,"turns":2.0},{"damage":0.0,"enemies":"Looter","floor":11.0,"turns":2.0},{"damage":0.0,"enemies":"2 Fungi Beasts","floor":12.0,"turns":2.0},{"damage":9.0,"enemies":"Blue Slaver","floor":13.0,"turns":3.0},{"damage":0.0,"enemies":"Red Slaver","floor":14.0,"turns":4.0},{"damage":20.0,"enemies":"Hexaghost","floor":16.0,"turns":5.0},{"damage":0.0,"enemies":"Spheric Guardian","floor":18.0,"turns":2.0},{"damage":13.0,"enemies":"2 Thieves","floor":20.0,"turns":3.0},{"damage":0.0,"enemies":"Book of Stabbing","floor":24.0,"turns":1.0},{"damage":0.0,"enemies":"Cultist and Chosen","floor":25.0,"turns":3.0},{"damage":0.0,"enemies":"Snake Plant","floor":28.0,"turns":4.0},{"damage":0.0,"enemies":"Shelled Parasite and Fungi","floor":30.0,"turns":3.0},{"damage":0.0,"enemies":"Centurion and Healer","floor":31.0,"turns":4.0},{"damage":0.0,"enemies":"Automaton","floor":33.0,"turns":6.0},{"damage":0.0,"enemies":"Orb Walker","floor":35.0,"turns":6.0},{"damage":9.0,"enemies":"3 Shapes","floor":36.0,"turns":4.0},{"damage":0.0,"enemies":"Maw","floor":37.0,"turns":5.0},{"damage":0.0,"enemies":"3 Darklings","floor":38.0,"turns":2.0},{"damage":0.0,"enemies":"Sphere and 2 Shapes","floor":39.0,"turns":2.0},{"damage":12.0,"enemies":"Nemesis","floor":44.0,"turns":6.0},{"damage":0.0,"enemies":"Maw","floor":46.0,"turns":4.0},{"damage":0.0,"enemies":"2 Orb Walkers","floor":47.0,"turns":2.0},{"damage":0,"enemies":"Jaw Worm Horde","floor":48,"turns":3},{"damage":0,"enemies":"Donu and Deca","floor":50,"turns":4}],"seed_played":"6706742764168558924","potions_obtained":[{"floor":1.0,"key":"DistilledChaos"},{"floor":10.0,"key":"SpeedPotion"},{"floor":11.0,"key":"DuplicationPotion"},{"floor":12.0,"key":"Ancient Potion"},{"floor":16.0,"key":"FearPotion"},{"floor":37.0,"key":"PowerPotion"},{"floor":44.0,"key":"CultistPotion"}],"is_trial":false,"path_per_floor":["M","?","$","M","?","R","E","R","T","M","M","M","M","M","R","B",null,"M","?","M","$","?","R","E","M","T","$","M","R","M","M","R","B",null,"M","M","M","M","M","R","$","R","T","E","?","M","?","M","R","B",null],"character_chosen":"WATCHER","items_purchased":["Sling","Pocketwatch","Bird Faced Urn","Akabeko","Blood Vial","TheAbacus","Lantern","Ginger","Consecrate","Singing Bowl","HandDrill","FollowUp"],"campfire_rested":0,"item_purchase_floors":[3,3,3,21,21,21,27,27,27,41,41,41],"current_hp_per_floor":[70,58,58,58,58,58,58,58,58,58,58,59,50,50,50,35,54,53,52,39,39,23,23,25,27,27,27,29,29,31,33,33,35,37,36,27,29,31,32,31,50,49,48,38,38,42,46,50,50,49],"gold":389,"neow_bonus":"","is_daily":true,"chose_seed":false,"campfire_upgraded":3,"win_rate":0.0,"timestamp":1613589790,"path_taken":["M","?","$","M","?","R","E","R","T","M","M","M","?","M","R","BOSS","M","?","M","$","?","R","E","M","T","?","M","R","M","M","R","BOSS","M","M","M","M","M","R","$","R","T","E","?","?","?","M","R","BOSS"],"items_purchased_type":["Relic","Relic","Relic","Relic","Relic","Relic","Relic","Relic","Card","Relic","Relic","Card"],"build_version":"2020-12-22","purchased_purges":1,"victory":true,"max_hp_per_floor":[70,69,68,67,66,65,64,63,62,61,60,59,58,57,56,55,54,53,52,51,50,49,48,47,46,45,44,43,42,41,40,39,38,37,36,35,34,33,32,31,50,49,48,49,48,49,50,51,50,49],"relic_stats":{"Singing Bowl":8,"counters":[27,92],"Letter Opener":[20],"Ginger":[8],"Boot":[47],"Blood Vial":24,"Shovel":6,"TheAbacus":[36],"Shuriken":[14],"Bird Faced Urn":[0],"Necronomicon":[22],"HandDrill":[12],"Kunai":[42],"obtain_stats":[{"Lantern":27,"Calipers":2,"Singing Bowl":41,"Vajra":49,"Incense Burner":47,"Ginger":27,"Sling":3,"Boot":42,"Old Coin":29,"Blood Vial":21,"Shovel":17,"TheAbacus":21,"HornCleat":23,"Matryoshka":32,"Necronomicon":22,"HandDrill":41,"Kunai":17,"Omamori":17,"Letter Opener":26,"Frozen Egg 2":40,"White Beast Statue":9,"Akabeko":21,"Calling Bell":17,"SlaversCollar":34,"Anchor":44,"Shuriken":43,"Bird Faced Urn":3,"MutagenicStrength":19,"PureWater":0,"Toy Ornithopter":7,"FossilizedHelix":24,"Pocketwatch":3,"Meat on the Bone":43},{"Lantern":13,"Calipers":1,"Singing Bowl":22,"Vajra":26,"Incense Burner":25,"Ginger":13,"Sling":1,"Boot":22,"Old Coin":14,"Blood Vial":11,"Shovel":9,"TheAbacus":11,"HornCleat":11,"Matryoshka":16,"Necronomicon":11,"HandDrill":22,"Kunai":9,"Omamori":9,"Letter Opener":13,"Frozen Egg 2":22,"White Beast Statue":3,"Akabeko":11,"Calling Bell":9,"SlaversCollar":17,"Anchor":23,"Shuriken":22,"Bird Faced Urn":1,"MutagenicStrength":10,"PureWater":0,"Toy Ornithopter":3,"FossilizedHelix":12,"Pocketwatch":1,"Meat on the Bone":22},{"Lantern":37,"Calipers":1,"Singing Bowl":73,"Vajra":88,"Incense Burner":85,"Ginger":37,"Sling":1,"Boot":73,"Old Coin":41,"Blood Vial":33,"Shovel":28,"TheAbacus":33,"HornCleat":33,"Matryoshka":48,"Necronomicon":33,"HandDrill":73,"Kunai":28,"Omamori":28,"Letter Opener":37,"Frozen Egg 2":73,"White Beast Statue":10,"Akabeko":33,"Calling Bell":28,"SlaversCollar":54,"Anchor":79,"Shuriken":73,"Bird Faced Urn":1,"MutagenicStrength":30,"PureWater":0,"Toy Ornithopter":10,"FossilizedHelix":34,"Pocketwatch":1,"Meat on the Bone":73}],"Toy Ornithopter":7,"Pocketwatch":[57],"Meat on the Bone":0},"card_choices":[{"not_picked":["DeceiveReality","Protect","Wallop"],"picked":"SKIP","floor":1.0},{"not_picked":["Wireheading","Evaluate"],"picked":"BowlingBash","floor":4.0},{"not_picked":["Halt","Nirvana"],"picked":"Crescendo","floor":7.0},{"not_picked":["BowlingBash","Pray"],"picked":"JustLucky","floor":10.0},{"not_picked":["BowlingBash","JustLucky"],"picked":"FearNoEvil","floor":11.0},{"not_picked":["ClearTheMind","Weave"],"picked":"CarveReality","floor":12.0},{"not_picked":["Brilliance","FlyingSleeves","Vengeance"],"picked":"SKIP","floor":13.0},{"not_picked":["ThirdEye","ForeignInfluence","CutThroughFate"],"picked":"SKIP","floor":14.0},{"not_picked":["Scrawl","Devotion"],"picked":"Vault","floor":16.0},{"not_picked":["EmptyFist","BattleHymn+1"],"picked":"Tantrum","floor":18.0},{"not_picked":["DeceiveReality","Conclude"],"picked":"Consecrate","floor":20.0},{"not_picked":["Adaptation+1","Fasting2+1"],"picked":"FlurryOfBlows","floor":24.0},{"not_picked":["Evaluate","DeceiveReality"],"picked":"FlurryOfBlows","floor":25.0},{"not_picked":["Tantrum","Wireheading","JustLucky"],"picked":"SKIP","floor":28.0},{"not_picked":["Meditate","WreathOfFlame","Evaluate+1"],"picked":"SKIP","floor":30.0},{"not_picked":["BattleHymn+1","Swivel","Meditate+1"],"picked":"SKIP","floor":31.0},{"not_picked":["Meditate","CrushJoints+1","EmptyBody+1"],"picked":"SKIP","floor":35.0},{"not_picked":["Fasting2","Protect","ThirdEye"],"picked":"SKIP","floor":36.0},{"not_picked":["WreathOfFlame","FlyingSleeves+1","Indignation"],"picked":"SKIP","floor":37.0},{"not_picked":["Wallop","FlyingSleeves","CutThroughFate"],"picked":"SKIP","floor":38.0},{"not_picked":["PathToVictory+1","WheelKick+1","Evaluate"],"picked":"SKIP","floor":39.0},{"not_picked":["CrushJoints","Halt","ClearTheMind"],"picked":"Singing Bowl","floor":44.0},{"not_picked":["JustLucky","EmptyFist","SignatureMove+1"],"picked":"Singing Bowl","floor":46.0},{"not_picked":["ThirdEye+1","FollowUp+1","Sanctity+1"],"picked":"Singing Bowl","floor":47.0},{"not_picked":["Scrawl","DeceiveReality+1","EmptyBody+1"],"picked":"Singing Bowl","floor":48}],"player_experience":378393,"relics_obtained":[{"floor":7.0,"key":"Toy Ornithopter"},{"floor":9.0,"key":"White Beast Statue"},{"floor":17.0,"key":"Omamori"},{"floor":17.0,"key":"Kunai"},{"floor":17.0,"key":"Shovel"},{"floor":22.0,"key":"Necronomicon"},{"floor":23.0,"key":"HornCleat"},{"floor":24.0,"key":"FossilizedHelix"},{"floor":26.0,"key":"Letter Opener"},{"floor":29.0,"key":"Old Coin"},{"floor":32.0,"key":"Matryoshka"},{"floor":40.0,"key":"Frozen Egg 2"},{"floor":42.0,"key":"Boot"},{"floor":43.0,"key":"Shuriken"},{"floor":43.0,"key":"Meat on the Bone"},{"floor":44.0,"key":"Anchor"},{"floor":47.0,"key":"Incense Burner"},{"floor":49,"key":"Vajra"}],"event_choices":[{"damage_healed":0.0,"max_hp_gain":0.0,"max_hp_loss":0.0,"gold_gain":0.0,"event_name":"Scrap Ooze","player_choice":"Success","floor":2.0,"gold_loss":0.0,"damage_taken":12.0,"relics_obtained":["Calipers"]},{"damage_healed":0.0,"max_hp_gain":0.0,"max_hp_loss":0.0,"gold_gain":0.0,"event_name":"Upgrade Shrine","player_choice":"Upgraded","floor":5.0,"gold_loss":0.0,"damage_taken":0.0,"cards_upgraded":["BowlingBash"]},{"damage_healed":0.0,"max_hp_gain":0.0,"max_hp_loss":0.0,"gold_gain":0.0,"event_name":"Drug Dealer","player_choice":"Inject Mutagens","floor":19.0,"gold_loss":0.0,"damage_taken":0.0,"relics_obtained":["MutagenicStrength"]},{"damage_healed":0.0,"max_hp_gain":0.0,"max_hp_loss":0.0,"gold_gain":0.0,"event_name":"Cursed Tome","player_choice":"Obtained Book","floor":22.0,"gold_loss":0.0,"damage_taken":16.0},{"damage_healed":0.0,"max_hp_gain":0.0,"max_hp_loss":0.0,"gold_gain":0.0,"cards_transformed":["Strike_G"],"event_name":"Transmorgrifier","player_choice":"Transformed","floor":45.0,"gold_loss":0.0,"damage_taken":0.0,"cards_obtained":["Wallop"]},{"damage_healed":0.0,"max_hp_gain":0.0,"max_hp_loss":0.0,"gold_gain":0.0,"event_name":"Mysterious Sphere","player_choice":"Fight","floor":47.0,"gold_loss":0.0,"damage_taken":0.0}],"is_beta":false,"boss_relics":[{"not_picked":["Astrolabe","Snecko Eye"],"picked":"Calling Bell"},{"not_picked":["HolyWater","Runic Dome"],"picked":"SlaversCollar"}],"items_purged_floors":[3],"is_endless":false,"potions_floor_spawned":[1,10,11,12,13,14,16,18,20,24,25,28,30,31,33,35,36,37,38,39,44,46,47,48],"ascension_level":0}}