{"host":"f1ywytio1xmbwkwz","time":1613543547,"event":{"mods":["BaseMod","Minty Spire (QoL Compilation)","Relic Stats","StSLib"],"gold_per_floor":[119,394,407,2,22,22,65,65,89,112,112,140,140,163,163,277,277,298,307,334,360,360,401,448,448,457,480,523,62,71,12,12,115,115,165,194,194,214,0,0,61,80,165,165,165],"floor_reached":44,"language":"ENG","playtime":1367,"items_purged":["Regret","Pain"],"score":694,"play_id":"f0c765cc-3c9d-4b26-826b-5979280dc7f3","local_time":"20210216233227","is_ascension_mode":true,"campfire_choices":[{"data":"Eruption","floor":6,"key":"SMITH"},{"data":"TalkToTheHand","floor":8,"key":"SMITH"},{"floor":11,"key":"REST"},{"data":"WheelKick","floor":13,"key":"SMITH"},{"floor":15,"key":"REST"},{"floor":25,"key":"REST"},{"floor":32,"key":"REST"},{"floor":40,"key":"REST"}],"circlet_count":0,"master_deck":["Strike_P","Strike_P","Strike_P","Strike_P","Defend_P","Defend_P","Defend_P","Defend_P","Eruption+1","Vigilance","TalkToTheHand+1","WheelKick","WheelKick+1","Conclude","FlyingSleeves","Tantrum","EmptyFist","Wish","FlurryOfBlows+1","Necronomicurse","Consecrate+1","BattleHymn","JustLucky+1","ForeignInfluence","FlurryOfBlows+1","EmptyBody+1","CutThroughFate","Tantrum","Decay","Wallop","Prostrate+1","Prostrate","FlyingSleeves+1","EmptyFist","PathToVictory","Writhe"],"relics":["PureWater","NeowsBlessing","Mercury Hourglass","CeramicFish","Vajra","Mango","Cursed Key","Necronomicon","Ornamental Fan","Pear","Sundial","Girya","Sozu","Red Mask","Ancient Tea Set","StrikeDummy"],"acts_visited":["Exordium","TheCity","TheBeyond"],"potions_floor_usage":[12,12,16,23,23,23,24,44],"damage_taken":[{"damage":0,"enemies":"2 Louse","floor":1,"turns":1},{"damage":0,"enemies":"Cultist","floor":3,"turns":1},{"damage":0,"enemies":"Small Slimes","floor":5,"turns":1},{"damage":32,"enemies":"Lagavulin","floor":7,"turns":5},{"damage":20,"enemies":"Gremlin Gang","floor":10,"turns":3},{"damage":0,"enemies":"Gremlin Nob","floor":12,"turns":2},{"damage":0,"enemies":"3 Louse","floor":14,"turns":1},{"damage":25,"enemies":"The Guardian","floor":16,"turns":5},{"damage":1,"enemies":"Spheric Guardian","floor":18,"turns":3},{"damage":2,"enemies":"Chosen","floor":20,"turns":2},{"damage":8,"enemies":"Centurion and Healer","floor":21,"turns":2},{"damage":46,"enemies":"Slavers","floor":23,"turns":2},{"damage":0,"enemies":"Shelled Parasite and Fungi","floor":24,"turns":2},{"damage":28,"enemies":"Snake Plant","floor":27,"turns":3},{"damage":4,"enemies":"Gremlin Leader","floor":28,"turns":3},{"damage":29,"enemies":"Champ","floor":33,"turns":4},{"damage":13,"enemies":"Orb Walker","floor":35,"turns":2},{"damage":38,"enemies":"3 Shapes","floor":36,"turns":2},{"damage":0,"enemies":"Transient","floor":38,"turns":5},{"damage":3,"enemies":"Giant Head","floor":41,"turns":6},{"damage":28,"enemies":"Maw","floor":42,"turns":6},{"damage":63,"enemies":"Reptomancer","floor":44,"turns":2}],"seed_played":"-4899849059662013575","potions_obtained":[{"floor":5,"key":"StancePotion"},{"floor":10,"key":"Explosive Potion"},{"floor":12,"key":"SpeedPotion"},{"floor":14,"key":"Strength Potion"},{"floor":20,"key":"Block Potion"},{"floor":21,"key":"Ancient Potion"},{"floor":23,"key":"AttackPotion"},{"floor":33,"key":"PowerPotion"}],"is_trial":false,"path_per_floor":["M","?","M","$","M","R","E","R","T","M","R","E","R","M","R","B",null,"M","?","M","M","?","E","M","R","T","M","E","$","?","$","R","B",null,"M","M","?","M","?","R","E","M","T","E"],"character_chosen":"WATCHER","items_purchased":["Mercury Hourglass","WheelKick","Girya","CutThroughFate","Tantrum","Wallop"],"campfire_rested":5,"item_purchase_floors":[4,4,29,29,29,31],"current_hp_per_floor":[72,72,72,72,72,72,40,40,40,20,41,55,55,55,80,55,86,85,69,67,59,59,13,13,38,48,20,16,16,16,16,44,15,96,83,45,45,45,45,72,69,41,41,0,0],"gold":165,"neow_bonus":"THREE_ENEMY_KILL","is_daily":false,"chose_seed":false,"campfire_upgraded":3,"win_rate":0.0,"timestamp":1613543547,"path_taken":["M","?","M","?","M","R","E","R","T","M","R","E","R","M","R","BOSS","M","?","M","M","?","E","M","R","T","?","E","$","?","?","R","BOSS","M","?","?","M","?","R","E","M","T","E"],"items_purchased_type":["Relic","Card","Relic","Card","Card","Card"],"build_version":"2020-12-22","purchased_purges":2,"victory":false,"max_hp_per_floor":[72,72,72,72,72,72,72,72,72,72,72,86,86,86,86,86,86,86,86,86,86,86,86,86,86,96,96,96,96,96,96,96,96,96,96,96,91,91,91,91,91,91,91,91,91],"relic_stats":{"Sozu":2,"counters":[22,63],"Ornamental Fan":[132],"Sundial":[0],"CeramicFish":207,"Necronomicon":[14],"Cursed Key":2,"obtain_stats":[{"Girya":29,"Pear":26,"NeowsBlessing":0,"CeramicFish":7,"Vajra":9,"Mango":12,"Cursed Key":17,"Ancient Tea Set":41,"Mercury Hourglass":4,"Sozu":34,"Ornamental Fan":23,"Sundial":28,"Necronomicon":19,"Red Mask":39,"PureWater":0,"StrikeDummy":43},{"Girya":15,"Pear":13,"NeowsBlessing":0,"CeramicFish":4,"Vajra":4,"Mango":6,"Cursed Key":8,"Ancient Tea Set":20,"Mercury Hourglass":2,"Sozu":16,"Ornamental Fan":12,"Sundial":15,"Necronomicon":9,"Red Mask":19,"PureWater":0,"StrikeDummy":21},{"Girya":36,"Pear":30,"NeowsBlessing":0,"CeramicFish":8,"Vajra":8,"Mango":13,"Cursed Key":19,"Ancient Tea Set":55,"Mercury Hourglass":2,"Sozu":40,"Ornamental Fan":28,"Sundial":36,"Necronomicon":22,"Red Mask":49,"PureWater":0,"StrikeDummy":61}],"Mercury Hourglass":[233]},"card_choices":[{"not_picked":["Evaluate","Crescendo"],"picked":"TalkToTheHand","floor":1},{"not_picked":["Worship","EmptyBody"],"picked":"WheelKick","floor":3},{"not_picked":["BowlingBash","FlyingSleeves"],"picked":"Conclude","floor":5},{"not_picked":["Study","LikeWater"],"picked":"FlyingSleeves","floor":7},{"not_picked":["Evaluate","EmptyBody"],"picked":"Tantrum","floor":10},{"not_picked":["BowlingBash","CrushJoints","Study"],"picked":"SKIP","floor":12},{"not_picked":["Worship","InnerPeace"],"picked":"EmptyFist","floor":14},{"not_picked":["LessonLearned","Blasphemy"],"picked":"Wish","floor":16},{"not_picked":["Protect","FollowUp"],"picked":"FlurryOfBlows+1","floor":18},{"not_picked":["SashWhip","Protect"],"picked":"Consecrate+1","floor":20},{"not_picked":["Protect","Crescendo+1"],"picked":"BattleHymn","floor":21},{"not_picked":["LessonLearned","Protect"],"picked":"JustLucky+1","floor":23},{"not_picked":["CutThroughFate","EmptyBody+1"],"picked":"ForeignInfluence","floor":24},{"not_picked":["SashWhip","PathToVictory+1"],"picked":"FlurryOfBlows+1","floor":27},{"not_picked":["Consecrate","Pray"],"picked":"EmptyBody+1","floor":28},{"not_picked":["JustLucky+1","PathToVictory"],"picked":"Prostrate+1","floor":35},{"not_picked":["SandsOfTime","MentalFortress+1"],"picked":"Prostrate","floor":36},{"not_picked":["SashWhip","Protect+1"],"picked":"FlyingSleeves+1","floor":38},{"not_picked":["Indignation+1","Crescendo"],"picked":"EmptyFist","floor":41},{"not_picked":["DeusExMachina","EmptyFist"],"picked":"PathToVictory","floor":42}],"player_experience":307643,"relics_obtained":[{"floor":7,"key":"CeramicFish"},{"floor":9,"key":"Vajra"},{"floor":12,"key":"Mango"},{"floor":19,"key":"Necronomicon"},{"floor":23,"key":"Ornamental Fan"},{"floor":26,"key":"Pear"},{"floor":28,"key":"Sundial"},{"floor":41,"key":"Ancient Tea Set"},{"floor":43,"key":"StrikeDummy"}],"event_choices":[{"damage_healed":0,"gold_gain":275,"player_choice":"Desecrate","damage_taken":0,"max_hp_gain":0,"max_hp_loss":0,"event_name":"Golden Shrine","floor":2,"gold_loss":0,"cards_obtained":["Regret"]},{"damage_healed":0,"gold_gain":0,"player_choice":"Obtained Book","damage_taken":16,"max_hp_gain":0,"max_hp_loss":0,"event_name":"Cursed Tome","floor":19,"gold_loss":0},{"damage_healed":0,"gold_gain":0,"player_choice":"Ignored","damage_taken":0,"max_hp_gain":0,"max_hp_loss":0,"event_name":"N\u0027loth","floor":22,"gold_loss":0},{"damage_healed":0,"gold_gain":0,"player_choice":"Smashed Altar","damage_taken":0,"max_hp_gain":0,"max_hp_loss":0,"event_name":"Forgotten Altar","floor":30,"gold_loss":0,"cards_obtained":["Decay"]},{"damage_healed":0,"gold_gain":0,"player_choice":"Max HP","damage_taken":0,"max_hp_gain":0,"max_hp_loss":5,"event_name":"Winding Halls","floor":37,"gold_loss":0},{"damage_healed":0,"gold_gain":0,"player_choice":"Paid","damage_taken":0,"relics_obtained":["Red Mask"],"max_hp_gain":0,"max_hp_loss":0,"event_name":"Tomb of Lord Red Mask","floor":39,"gold_loss":214}],"is_beta":false,"boss_relics":[{"not_picked":["Astrolabe","Calling Bell"],"picked":"Cursed Key"},{"not_picked":["HolyWater","Busted Crown"],"picked":"Sozu"}],"items_purged_floors":[4,29],"is_endless":false,"potions_floor_spawned":[5,10,12,14,20,21,23,33,38,41],"killed_by":"Reptomancer","ascension_level":3}}