{"host":"xo0glkmxta74xh34","time":1613594404,"event":{"mods":["BaseMod","Downfall","Minty Spire (QoL Compilation)","Reliquary","Replay The Spire","StSLib"],"gold_per_floor":[113,113,133,143,143,170,200,200,272,302,317,317,317,70,70,70,70],"floor_reached":16,"language":"ENG","playtime":1732,"items_purged":[],"score":151,"play_id":"dbd69433-7daa-4460-9154-5520476d4b5c","local_time":"20210217144004","is_ascension_mode":true,"campfire_choices":[{"floor":8,"key":"REST"},{"floor":15,"key":"REST"}],"circlet_count":0,"master_deck":["Strike_P","Strike_P","Strike_P","Strike_P+1","Defend_P","Defend_P","Defend_P","Eruption","Vigilance","Study+2","Replay:AtTheReady","DevaForm","Replay:Hum","Enlightenment+1"],"relics":["reliquary:Solitaire","Bag of Preparation","reliquary:PurpleTingedLeaf","Toxic Egg 2","reliquary:TuningFork","reliquary:BoilingFlask","PrismaticShard"],"acts_visited":["Exordium"],"potions_floor_usage":[6,6,16],"damage_taken":[{"damage":7,"enemies":"Cultist","floor":1,"turns":5},{"damage":0,"enemies":"2 Louse","floor":3,"turns":2},{"damage":2,"enemies":"Jaw Worm","floor":4,"turns":5},{"damage":24,"enemies":"3 Sentries","floor":6,"turns":9},{"damage":22,"enemies":"Lagavulin","floor":10,"turns":7},{"damage":15,"enemies":"3 Louse","floor":11,"turns":4},{"damage":41,"enemies":"Hexaghost","floor":16,"turns":9}],"seed_played":"8817047008387507934","potions_obtained":[{"floor":1,"key":"Regen Potion"},{"floor":3,"key":"Ambrosia"},{"floor":11,"key":"Toxic Potion"}],"is_trial":false,"path_per_floor":["M","?","M","M","?","E","?","R","T","E","M","?","T","$","R","B"],"character_chosen":"WATCHER","items_purchased":["Enlightenment+1","PrismaticShard"],"campfire_rested":2,"item_purchase_floors":[14,14],"current_hp_per_floor":[58,58,58,56,49,40,40,61,61,41,27,13,13,13,34,0,0],"gold":70,"neow_bonus":"BOSS_RELIC","is_daily":false,"chose_seed":false,"campfire_upgraded":0,"win_rate":0.0,"timestamp":1613594404,"path_taken":["M","?","M","M","?","E","?","R","T","E","M","?","?","?","R","BOSS"],"items_purchased_type":["Card","Relic"],"build_version":"2020-12-22","purchased_purges":0,"victory":false,"max_hp_per_floor":[72,72,72,72,72,72,72,72,72,72,72,72,72,72,72,72,72],"card_choices":[{"not_picked":["SashWhip","Protect"],"picked":"Study","floor":1},{"not_picked":["CutThroughFate","Crescendo"],"picked":"Replay:AtTheReady","floor":3},{"not_picked":["WaveOfTheHand","Halt"],"picked":"DevaForm","floor":4},{"not_picked":["Replay:ManipulateFuture","FlurryOfBlows"],"picked":"Replay:Hum","floor":6},{"not_picked":["BowlingBash","CrushJoints","PathToVictory+1"],"picked":"SKIP","floor":10},{"not_picked":["FlurryOfBlows","EmptyBody+1","ThirdEye+1"],"picked":"SKIP","floor":11}],"player_experience":502136,"relics_obtained":[{"floor":6,"key":"Bag of Preparation"},{"floor":9,"key":"Toxic Egg 2"},{"floor":10,"key":"reliquary:TuningFork"},{"floor":13,"key":"reliquary:BoilingFlask"}],"event_choices":[{"damage_healed":0,"gold_gain":0,"player_choice":"Grow","damage_taken":0,"max_hp_gain":0,"max_hp_loss":0,"event_name":"Living Wall","floor":2,"gold_loss":0,"cards_upgraded":["Study"]},{"cards_removed":["Defend_P"],"damage_healed":0,"gold_gain":0,"player_choice":"Card Removal","damage_taken":7,"max_hp_gain":0,"max_hp_loss":0,"event_name":"Golden Wing","floor":5,"gold_loss":0},{"damage_healed":0,"gold_gain":30,"player_choice":"Searched \u00272\u0027 times","damage_taken":0,"relics_obtained":["reliquary:PurpleTingedLeaf"],"max_hp_gain":0,"max_hp_loss":0,"event_name":"Dead Adventurer","floor":7,"gold_loss":0},{"damage_healed":0,"gold_gain":0,"player_choice":"Entered Light","damage_taken":14,"max_hp_gain":0,"max_hp_loss":0,"event_name":"Shining Light","floor":12,"gold_loss":0,"cards_upgraded":["Study","Strike_P"]}],"is_beta":false,"boss_relics":[],"items_purged_floors":[],"is_endless":false,"potions_floor_spawned":[1,3,11],"killed_by":"Hexaghost","ascension_level":8}}