{"host":"l2lylj0omvglf5x0","time":1613577479,"event":{"mods":["2.2 Compatiblity","BaseMod","Bestiary","Block Reminder","Colored Map","Colored Powertips","Curses Come First","Highlight Path","Keyboard Shortcuts","Minty Spire (QoL Compilation)","Relic Sorter","Relic Stats","Slay the Relics Exporter","StSLib","SuperFastMode"],"gold_per_floor":[111,123,133,146,72,103,103,138,163,163,183,183,183,214,214,338,338,333,356,356,356,306,340,340,340,340],"floor_reached":25,"language":"ENG","playtime":1287,"items_purged":[],"score":240,"play_id":"6c5d5718-0ee0-41a3-be50-89979ac120f3","local_time":"20210217165759","is_ascension_mode":true,"campfire_choices":[{"data":"BattleHymn","floor":7.0,"key":"SMITH"},{"floor":10.0,"key":"REST"},{"data":"ConjureBlade","floor":12.0,"key":"SMITH"},{"data":"Eruption","floor":15.0,"key":"SMITH"},{"floor":24.0,"key":"REST"}],"circlet_count":0,"master_deck":["Defend_P","Defend_P","Defend_P","Eruption+1","Vigilance","ThirdEye","Protect","Pray","Consecrate","BattleHymn+1","ConjureBlade+1","Wallop","Swivel","Judgement","LikeWater+1","Protect+1","Meditate+1","Perseverance+1","Halt","DeusExMachina","Sanctity+1"],"relics":["PureWater","NeowsBlessing","Sundial","Tiny Chest","Juzu Bracelet","Golden Idol","Odd Mushroom","Astrolabe","Ornamental Fan","Omamori"],"acts_visited":["Exordium","TheCity"],"potions_floor_usage":[],"damage_taken":[{"damage":0.0,"enemies":"Cultist","floor":1.0,"turns":1.0},{"damage":0.0,"enemies":"2 Louse","floor":2.0,"turns":2.0},{"damage":0.0,"enemies":"Small Slimes","floor":3.0,"turns":1.0},{"damage":0.0,"enemies":"3 Louse","floor":4.0,"turns":4.0},{"damage":21.0,"enemies":"3 Sentries","floor":6.0,"turns":8.0},{"damage":26.0,"enemies":"Gremlin Nob","floor":8.0,"turns":4.0},{"damage":0.0,"enemies":"Blue Slaver","floor":11.0,"turns":4.0},{"damage":6.0,"enemies":"The Mushroom Lair","floor":14.0,"turns":3.0},{"damage":12.0,"enemies":"The Guardian","floor":16.0,"turns":6.0},{"damage":8.0,"enemies":"2 Thieves","floor":18.0,"turns":4.0},{"damage":11.0,"enemies":"3 Byrds","floor":19.0,"turns":5.0},{"damage":17.0,"enemies":"Book of Stabbing","floor":23.0,"turns":5.0},{"damage":53,"enemies":"Gremlin Leader","floor":25,"turns":7}],"seed_played":"821304598035322255","potions_obtained":[{"floor":1.0,"key":"GamblersBrew"},{"floor":3.0,"key":"Fire Potion"},{"floor":14.0,"key":"SmokeBomb"},{"floor":16.0,"key":"LiquidBronze"},{"floor":23.0,"key":"Swift Potion"}],"is_trial":false,"path_per_floor":["M","M","M","M","$","E","R","E","T","R","M","R","?","?","R","B",null,"M","M","?","T","?","E","R","E"],"character_chosen":"WATCHER","items_purchased":["BattleHymn"],"campfire_rested":2,"item_purchase_floors":[5],"current_hp_per_floor":[72,72,72,72,72,51,51,25,25,46,46,46,46,40,40,28,67,59,48,48,48,48,31,51,0,0],"gold":340,"neow_bonus":"THREE_ENEMY_KILL","is_daily":false,"chose_seed":false,"campfire_upgraded":3,"win_rate":0.0,"timestamp":1613577479,"path_taken":["M","M","?","M","$","E","R","E","T","R","M","R","?","?","R","BOSS","M","M","?","?","?","E","R","E"],"items_purchased_type":["Card"],"build_version":"2020-12-22","purchased_purges":0,"victory":false,"max_hp_per_floor":[72,72,72,72,72,72,72,72,72,72,72,72,67,67,67,67,67,67,67,67,67,67,67,67,67,67],"relic_stats":{"counters":[13,54],"Sundial":[4],"Golden Idol":48,"Ornamental Fan":[8],"Astrolabe":["LikeWater","Protect","Meditate"],"Tiny Chest":1,"Juzu Bracelet":0,"obtain_stats":[{"NeowsBlessing":0,"Sundial":6,"Golden Idol":13,"Ornamental Fan":21,"Astrolabe":17,"Tiny Chest":8,"Juzu Bracelet":9,"Omamori":23,"PureWater":0,"Odd Mushroom":14},{"NeowsBlessing":0,"Sundial":5,"Golden Idol":7,"Ornamental Fan":11,"Astrolabe":9,"Tiny Chest":6,"Juzu Bracelet":6,"Omamori":12,"PureWater":0,"Odd Mushroom":8},{"NeowsBlessing":0,"Sundial":16,"Golden Idol":24,"Ornamental Fan":42,"Astrolabe":33,"Tiny Chest":20,"Juzu Bracelet":20,"Omamori":47,"PureWater":0,"Odd Mushroom":27}]},"card_choices":[{"not_picked":["EmptyMind","WaveOfTheHand"],"picked":"ThirdEye","floor":1.0},{"not_picked":["SignatureMove","EmptyBody"],"picked":"Protect","floor":2.0},{"not_picked":["Evaluate","EmptyBody"],"picked":"Pray","floor":3.0},{"not_picked":["FlyingSleeves","EmptyMind"],"picked":"Consecrate","floor":4.0},{"not_picked":["Consecrate","FlurryOfBlows"],"picked":"ConjureBlade","floor":6.0},{"not_picked":["Nirvana","Halt"],"picked":"Wallop","floor":8.0},{"not_picked":["Crescendo","SashWhip"],"picked":"Swivel","floor":11.0},{"not_picked":["Vault","ConjureBlade"],"picked":"Judgement","floor":16.0},{"not_picked":["Prostrate","Halt","WindmillStrike"],"picked":"SKIP","floor":18.0},{"not_picked":["CrushJoints","FlyingSleeves+1"],"picked":"Perseverance+1","floor":19.0},{"not_picked":["BowlingBash","Blasphemy"],"picked":"Sanctity+1","floor":23.0}],"player_experience":967080,"relics_obtained":[{"floor":6.0,"key":"Sundial"},{"floor":8.0,"key":"Tiny Chest"},{"floor":9.0,"key":"Juzu Bracelet"},{"floor":14.0,"key":"Odd Mushroom"},{"floor":21.0,"key":"Ornamental Fan"},{"floor":23.0,"key":"Omamori"}],"event_choices":[{"damage_healed":0.0,"max_hp_gain":0.0,"max_hp_loss":5.0,"gold_gain":0.0,"event_name":"Golden Idol","player_choice":"Lose Max HP","floor":13.0,"gold_loss":0.0,"damage_taken":0.0,"relics_obtained":["Golden Idol"]},{"damage_healed":0.0,"max_hp_gain":0.0,"max_hp_loss":0.0,"gold_gain":0.0,"event_name":"Mushrooms","player_choice":"Fought Mushrooms","floor":14.0,"gold_loss":0.0,"damage_taken":0.0},{"damage_healed":0.0,"max_hp_gain":0.0,"max_hp_loss":0.0,"gold_gain":0.0,"cards_transformed":["Strike_P","Defend_P"],"event_name":"Drug Dealer","player_choice":"Became Test Subject","floor":20.0,"gold_loss":0.0,"damage_taken":0.0,"cards_obtained":["Halt","DeusExMachina"]},{"damage_healed":0.0,"max_hp_gain":0.0,"max_hp_loss":0.0,"gold_gain":0.0,"event_name":"The Joust","player_choice":"Bet on Murderer","floor":22.0,"gold_loss":50.0,"damage_taken":0.0}],"is_beta":false,"boss_relics":[{"not_picked":["Runic Dome","Philosopher\u0027s Stone"],"picked":"Astrolabe"}],"items_purged_floors":[],"is_endless":false,"potions_floor_spawned":[1,3,14,16,23],"killed_by":"Gremlin Leader","ascension_level":1}}