{"host":"js2su9tbbk4rmjfl","time":1613572386,"event":{"mods":["AchievementEnabler","BaseMod","Block Reminder","Colored Map","Colored Powertips","Highlight Path","Minty Spire (QoL Compilation)","Relic Stats"],"gold_per_floor":[14,14,27,27,27,27,41,41,41,41,59,59,74,85,85,161,161,174,188,17,17,17,17,17,17],"floor_reached":24,"language":"ENG","playtime":1127,"items_purged":[],"score":353,"play_id":"73ae434e-72d9-43ed-add6-958443b46a73","local_time":"20210217153306","is_ascension_mode":true,"campfire_choices":[{"data":"Bash","floor":6,"key":"SMITH"},{"data":"Sword Boomerang","floor":10,"key":"SMITH"},{"data":"Flex","floor":12,"key":"SMITH"},{"data":"Heavy Blade","floor":15,"key":"SMITH"},{"floor":23,"key":"REST"}],"circlet_count":0,"master_deck":["AscendersBane","Strike_R","Strike_R","Strike_R+1","Strike_R","Strike_R","Defend_R+1","Defend_R+1","Bash+1","Heavy Blade+1","Sword Boomerang+1","Flex+1","Shrug It Off","Ghostly Armor","Limit Break","Warcry+1","Iron Wave"],"relics":["Black Blood","Eternal Feather","ClockworkSouvenir"],"acts_visited":["Exordium","TheCity"],"potions_floor_usage":[11,16,24],"damage_taken":[{"damage":1,"enemies":"2 Louse","floor":1,"turns":3},{"damage":3,"enemies":"Small Slimes","floor":3,"turns":3},{"damage":7,"enemies":"Jaw Worm","floor":7,"turns":4},{"damage":7,"enemies":"Gremlin Gang","floor":11,"turns":5},{"damage":24,"enemies":"Lots of Slimes","floor":13,"turns":5},{"damage":10,"enemies":"Blue Slaver","floor":14,"turns":3},{"damage":45,"enemies":"The Guardian","floor":16,"turns":16},{"damage":24,"enemies":"Chosen","floor":18,"turns":6},{"damage":25,"enemies":"3 Byrds","floor":19,"turns":6},{"damage":55,"enemies":"Slavers","floor":24,"turns":3}],"seed_played":"3442017175172601497","potions_obtained":[{"floor":3,"key":"DistilledChaos"},{"floor":13,"key":"DistilledChaos"},{"floor":14,"key":"Weak Potion"}],"is_trial":false,"path_per_floor":["M","?","M","?","?","R","M","?","T","R","M","R","M","M","R","B",null,"M","M","$","?","?","R","E"],"character_chosen":"IRONCLAD","items_purchased":["ClockworkSouvenir"],"campfire_rested":1,"item_purchase_floors":[20],"current_hp_per_floor":[73,73,75,52,75,75,74,74,74,75,74,75,57,53,59,20,61,49,36,36,15,15,48,0,0],"gold":17,"neow_bonus":"REMOVE_TWO","is_daily":false,"chose_seed":false,"campfire_upgraded":4,"win_rate":0.0,"timestamp":1613572386,"path_taken":["M","?","M","?","?","R","M","?","T","R","?","R","M","?","R","BOSS","M","M","?","?","?","R","E"],"items_purchased_type":["Relic"],"build_version":"2020-12-22","purchased_purges":0,"victory":false,"max_hp_per_floor":[75,75,75,75,75,75,75,75,75,75,75,75,75,75,75,75,75,75,75,75,80,80,80,80,80],"relic_stats":{"counters":[10,54],"Black Blood":65,"Eternal Feather":17,"obtain_stats":[{"Black Blood":17,"Eternal Feather":9,"Burning Blood":0,"ClockworkSouvenir":20},{"Black Blood":7,"Eternal Feather":3,"Burning Blood":0,"ClockworkSouvenir":9},{"Black Blood":39,"Eternal Feather":10,"Burning Blood":0,"ClockworkSouvenir":51}]},"card_choices":[{"not_picked":["Headbutt","Flex"],"picked":"Heavy Blade","floor":1},{"not_picked":["Rage","Cleave","Clothesline"],"picked":"SKIP","floor":3},{"not_picked":["Headbutt","Metallicize"],"picked":"Sword Boomerang","floor":7},{"not_picked":["Sword Boomerang","Wild Strike"],"picked":"Flex","floor":11},{"not_picked":["Juggernaut","Fire Breathing"],"picked":"Shrug It Off","floor":13},{"not_picked":["Flame Barrier","Sentinel"],"picked":"Ghostly Armor","floor":14},{"not_picked":["Barricade","Exhume"],"picked":"Limit Break","floor":16},{"not_picked":["Reckless Charge","True Grit"],"picked":"Warcry+1","floor":18},{"not_picked":["Twin Strike","Clothesline"],"picked":"Iron Wave","floor":19}],"player_experience":811076,"relics_obtained":[{"floor":9,"key":"Eternal Feather"}],"event_choices":[{"damage_healed":0,"gold_gain":0,"player_choice":"Ignored","damage_taken":0,"max_hp_gain":0,"max_hp_loss":0,"event_name":"Golden Idol","floor":2,"gold_loss":0},{"damage_healed":0,"gold_gain":0,"player_choice":"Entered Light","damage_taken":23,"max_hp_gain":0,"max_hp_loss":0,"event_name":"Shining Light","floor":4,"gold_loss":0,"cards_upgraded":["Strike_R","Defend_R"]},{"damage_healed":25,"gold_gain":0,"player_choice":"Banana","damage_taken":0,"max_hp_gain":0,"max_hp_loss":0,"event_name":"Big Fish","floor":5,"gold_loss":0},{"damage_healed":0,"gold_gain":0,"player_choice":"Grow","damage_taken":0,"max_hp_gain":0,"max_hp_loss":0,"event_name":"Living Wall","floor":8,"gold_loss":0,"cards_upgraded":["Defend_R"]},{"damage_healed":0,"gold_gain":0,"player_choice":"Shed Blood","damage_taken":26,"max_hp_gain":5,"max_hp_loss":0,"event_name":"Forgotten Altar","floor":21,"gold_loss":0},{"damage_healed":0,"gold_gain":0,"player_choice":"Ignored","damage_taken":0,"max_hp_gain":0,"max_hp_loss":0,"event_name":"Vampires","floor":22,"gold_loss":0}],"is_beta":false,"boss_relics":[{"not_picked":["Tiny House","Calling Bell"],"picked":"Black Blood"}],"items_purged_floors":[],"is_endless":false,"potions_floor_spawned":[3,13,14],"killed_by":"Slavers","ascension_level":18}}