{"host":"k2mw1od0xoi9pcfj","time":1613590628,"event":{"mods":["AchievementEnabler","Act Like it!","Aspiration","BaseMod","Beaked The Cultist","Card Forge","Downfall","Energized Spire","Highlight Path","Minty Spire (QoL Compilation)","Permanent Neow","Quick Restart","Relic Stats","Reliquary","Replay The Spire","Retaliation","StSLib"],"gold_per_floor":[99,109,109,139,139,118,118,134,149,149,179,193,205,38,48,143,143,143,143,143,143,143,143],"floor_reached":21,"language":"ENG","playtime":1146,"items_purged":["Injury"],"score":177,"play_id":"992d46eb-046c-48db-8e2f-b9d1d4b1706d","local_time":"20210217133708","is_ascension_mode":false,"campfire_choices":[{"data":"Slimebound:Split","floor":1,"key":"SMITH"},{"floor":18,"key":"RECALL"}],"circlet_count":0,"master_deck":["Slimebound:Strike_Slimebound","Slimebound:Tackle","Slimebound:Defend_Slimebound","Slimebound:Defend_Slimebound","Slimebound:Defend_Slimebound","Slimebound:Defend_Slimebound","Slimebound:Split+1","Slimebound:CorrosiveSpit","Slimebound:MassRepurpose","Slimebound:PressTheAttack","Sickly","Slimebound:Recollect","Slimebound:SplitAcid","Slimebound:SplitSpecialist","Slimebound:Recollect","Slimebound:MinionMaster+1","Slimebound:LeechingTouch","Slimebound:Overexert+1","FIFO Queue+1","Necronomicurse"],"relics":["Slimebound:AbsorbEndCombat","Hammer of Thor","Seething Fire","Anvil of the Gods","Frozen Egg 2","ReplayTheSpireMod:CursedCoin","Meat on the Bone","Replay:Rubber Ducky","beaked:SacredDeck","Necronomicon"],"acts_visited":["Exordium","TheCity"],"potions_floor_usage":[15,16],"damage_taken":[{"damage":2,"enemies":"Jaw Worm","floor":2,"turns":5},{"damage":8,"enemies":"downfall:FleeingMerchant","floor":6,"turns":4},{"damage":8,"enemies":"Small Slimes","floor":8,"turns":3},{"damage":6,"enemies":"Cultist","floor":9,"turns":3},{"damage":1,"enemies":"Replay:BlueRogue","floor":11,"turns":7},{"damage":0,"enemies":"Blue Slaver","floor":12,"turns":6},{"damage":2,"enemies":"downfall:LooterAlt","floor":13,"turns":6},{"damage":4,"enemies":"downfall:FleeingMerchant","floor":14,"turns":4},{"damage":2,"enemies":"3 Louse","floor":15,"turns":2},{"damage":50,"enemies":"WA_ARCHETYPE_RETAIN","floor":16,"turns":12},{"damage":35,"enemies":"Colosseum Nobs","floor":21,"turns":4}],"seed_played":"-4256884471258148551","potions_obtained":[{"floor":2,"key":"Reflective Coating"},{"floor":9,"key":"Explosive Potion"},{"floor":13,"key":"SmokeBomb"},{"floor":15,"key":"Adrenaline Potion"}],"is_trial":false,"path_per_floor":["R","M","?","?","?","$","T","M","M","?","E","M","M","$","M","B",null,"R","?","?","?"],"character_chosen":"SLIMEBOUND","items_purchased":["ReplayTheSpireMod:CursedCoin","Slimebound:Recollect","Replay:Rubber Ducky"],"campfire_rested":0,"item_purchase_floors":[6,6,14],"current_hp_per_floor":[65,65,65,65,65,61,61,57,55,55,60,64,64,63,61,29,65,65,49,49,16,16,16],"gold":143,"neow_bonus":"ONE_RANDOM_RARE_CARD","is_daily":false,"chose_seed":false,"campfire_upgraded":1,"win_rate":0.0,"timestamp":1613590628,"path_taken":["R","M","?","?","?","$","T","M","M","?","E","M","?","$","M","BOSS","R","?","?","?"],"items_purchased_type":["Relic","Card","Relic"],"build_version":"2020-12-22","purchased_purges":1,"victory":false,"max_hp_per_floor":[65,65,65,65,65,65,65,65,65,65,65,65,65,65,65,65,65,65,65,65,65,65,65],"relic_stats":{"counters":[11,56],"Necronomicon":[0],"obtain_stats":[{"Anvil of the Gods":0,"ReplayTheSpireMod:CursedCoin":6,"beaked:SacredDeck":17,"Hammer of Thor":0,"Slimebound:AbsorbEndCombat":0,"Necronomicon":19,"Seething Fire":0,"Frozen Egg 2":3,"Meat on the Bone":11,"Replay:Rubber Ducky":14},{"Anvil of the Gods":0,"ReplayTheSpireMod:CursedCoin":2,"beaked:SacredDeck":10,"Hammer of Thor":0,"Slimebound:AbsorbEndCombat":0,"Necronomicon":10,"Seething Fire":0,"Frozen Egg 2":1,"Meat on the Bone":5,"Replay:Rubber Ducky":8},{"Anvil of the Gods":0,"ReplayTheSpireMod:CursedCoin":9,"beaked:SacredDeck":52,"Hammer of Thor":0,"Slimebound:AbsorbEndCombat":0,"Necronomicon":52,"Seething Fire":0,"Frozen Egg 2":5,"Meat on the Bone":22,"Replay:Rubber Ducky":38}],"Meat on the Bone":12},"card_choices":[{"not_picked":["Slimebound:ItLooksTasty","Slimebound:LeechEnergy"],"picked":"Slimebound:PressTheAttack","floor":2},{"not_picked":["Slimebound:HungryTackle","Slimebound:PressTheAttack","Slimebound:Repurpose"],"picked":"SKIP","floor":6},{"not_picked":["Slimebound:Chomp","Slimebound:GoopSpray"],"picked":"Slimebound:SplitAcid","floor":8},{"not_picked":["Slimebound:Prepare","Slimebound:SplitMire"],"picked":"Slimebound:SplitSpecialist","floor":9},{"not_picked":["Slimebound:SplitAcid","Slimebound:Darklings"],"picked":"Slimebound:MinionMaster+1","floor":11},{"not_picked":["Slimebound:LeechEnergy","Slimebound:FinishingTackle","Slimebound:ItLooksTasty"],"picked":"SKIP","floor":12},{"not_picked":["Slimebound:RollThrough","Slimebound:HauntingLick","Slimebound:PressTheAttack"],"picked":"SKIP","floor":13},{"not_picked":["Slimebound:ComboTackle","Slimebound:SamplingLick","Slimebound:SlimeSlap"],"picked":"SKIP","floor":14},{"not_picked":["Slimebound:SplitBruiser","Slimebound:Schlurp"],"picked":"Slimebound:LeechingTouch","floor":15},{"not_picked":["Slimebound:MassFeed","Slimebound:CheckThePlaybook"],"picked":"Slimebound:Overexert+1","floor":16}],"player_experience":778152,"relics_obtained":[{"floor":11,"key":"Meat on the Bone"},{"floor":19,"key":"Necronomicon"}],"event_choices":[],"is_beta":false,"boss_relics":[{"not_picked":["reliquary:RedCape","Replay:Wanted Poster"],"picked":"beaked:SacredDeck"}],"items_purged_floors":[6],"is_endless":false,"potions_floor_spawned":[2,9,13,15],"killed_by":"Colosseum Nobs","ascension_level":0}}