{"host":"hemqwg9ve6welna9","time":1613551590,"event":{"mods":["AchievementEnabler","BaseMod","Bestiary","Better Match","Better Third Choice","BetterRewards","Dio Mod","Downfall","Hermit","Highlight Path","Minty Spire (QoL Compilation)","Permanent Neow","Potionbrewer","Quick Restart","Rare Cards Sparkle","Relic Stats","Robot Space Explorer","SOS???????","StSLib","SuperFastMode","Td1madao Mod","The Bug Knight","The Cursed","The Disciple","The Forsaken","The Jungle","The Runesmith","The Senshi","The Servant 0.9.4","The Wild Card"],"gold_per_floor":[111,386,272,119,44,44,76,76,76,76,89,2,2,15,15,113,113,123,133,133,133,110,110,20,49,75,119,131,178,190,212,224,333,345,377,406,126,176,176,176,195,195,268,302,302,0,0,12,12,12],"floor_reached":51,"language":"ENG","playtime":6053,"items_purged":["Regret"],"score":925,"play_id":"d4702faa-cb52-49c8-9ea5-9391ec9de3b6","local_time":"20210217024630","is_ascension_mode":false,"campfire_choices":[{"data":"Discovery","floor":6,"key":"SMITH"},{"data":"DualDimension","floor":10,"key":"SMITH"},{"data":"Exchange","floor":15,"key":"SMITH"},{"data":"Luminosity","floor":30,"key":"SMITH"},{"data":"Revamp","floor":32,"key":"SMITH"},{"data":"Collapse","floor":40,"key":"SMITH"},{"data":"Read","floor":45,"key":"SMITH"},{"floor":47,"key":"REST"},{"data":"1","floor":49,"key":"LIFT"}],"circlet_count":0,"master_deck":["Strike_S+1","Strike_S+1","Strike_S+1","Defend_S+1","Defend_S+1","Defend_S+1","KidneyShot+1","Exchange+1","Discovery+1","Rewind","Comet","InstantArmor+1","Moonlight+1","Read+1","DualDimension+1","GearUp+1","TimeWarp","Dramatic Entrance","Read+1","Dilation+1","Luminosity+1","Revamp+1","Alleviate","StarChef+1","Rearm+1","Contraction+1","Dilation+1","Duplication+1","CurseOfTheBell","Desolation+1","ShiftingGears+1","FastForward+1","DualDimension+1","Collapse+1","BottledTime+1","DualDimension+1","RealityMarble","Read+1","Violence+1","Defy+1","Ricochet+1"],"relics":["Uniform","Juzu Bracelet","Whetstone","Nunchaku","Snecko Eye","theJungle:ParSnip","Toxic Egg 2","MawBank","theForsaken:HumbleEgg","Bottled Tornado","Calling Bell","War Paint","Kunai","Girya","Ancient Tea Set","Orrery","PocketWatch","Runesmith:Nanobots","Oddly Smooth Stone","Red Mask"],"acts_visited":["Exordium","Exordium","TheBeyond"],"potions_floor_usage":[25,25,25,33,35,41,50,50],"damage_taken":[{"damage":0,"enemies":"Small Slimes","floor":1,"turns":4},{"damage":4,"enemies":"3 Sentries","floor":7,"turns":8},{"damage":0,"enemies":"Cultist","floor":11,"turns":4},{"damage":0,"enemies":"2 Louse","floor":14,"turns":2},{"damage":0,"enemies":"The Guardian","floor":16,"turns":9},{"damage":1,"enemies":"theJungle:5_Spyders","floor":18,"turns":6},{"damage":0,"enemies":"theJungle:MUSHROOMGANG","floor":19,"turns":4},{"damage":34,"enemies":"theJungle:MamaSnecko","floor":25,"turns":8},{"damage":0,"enemies":"theJungle:Cassacara","floor":27,"turns":12},{"damage":3,"enemies":"theJungle:2_Phrogs","floor":29,"turns":7},{"damage":3,"enemies":"theJungle:Snecko_Cultist_And_Trap","floor":31,"turns":7},{"damage":0,"enemies":"theJungle:TotemBoss","floor":33,"turns":15},{"damage":20,"enemies":"3 Darklings","floor":35,"turns":12},{"damage":9,"enemies":"3 Shapes","floor":36,"turns":6},{"damage":0,"enemies":"Mind Bloom Boss Battle","floor":38,"turns":5},{"damage":25,"enemies":"Maw","floor":41,"turns":6},{"damage":0,"enemies":"Giant Head","floor":44,"turns":9},{"damage":0,"enemies":"Jaw Worm Horde","floor":48,"turns":3},{"damage":11,"enemies":"Donu and Deca","floor":50,"turns":11}],"seed_played":"-7629779153248333476","potions_obtained":[{"floor":7,"key":"SkillPotion"},{"floor":14,"key":"DistilledChaos"},{"floor":29,"key":"sneckomod:MuddlingPotion"},{"floor":33,"key":"potionbrewer:DiscountPotion"},{"floor":38,"key":"potionbrewer:DiscountPotion"},{"floor":41,"key":"DistilledChaos"},{"floor":44,"key":"Ancient Potion"}],"is_trial":false,"path_per_floor":["M","?","$","$","?","R","E","?","T","R","M","$","?","M","R","B",null,"M","M","?","?","$","?","?","E","T","E","$","E","R","M","R","B",null,"M","M","$","?","?","R","M","?","T","E","R","?","R","M","R","B",null],"character_chosen":"THE_SERVANT","items_purchased":["Comet","Juzu Bracelet","Dramatic Entrance","Alleviate","Ancient Tea Set","Orrery"],"campfire_rested":1,"item_purchase_floors":[3,4,12,22,37,37],"current_hp_per_floor":[65,65,65,65,65,65,61,61,61,61,61,61,61,61,61,61,65,64,64,65,57,57,57,57,23,23,23,23,20,20,17,17,17,65,45,36,36,36,36,36,11,11,11,11,11,11,30,30,30,19],"gold":12,"neow_bonus":"","is_daily":false,"chose_seed":false,"campfire_upgraded":7,"win_rate":0.0,"timestamp":1613551590,"path_taken":["M","?","?","$","?","R","E","?","T","R","M","?","?","M","R","BOSS","M","M","?","?","$","?","?","E","T","E","?","E","R","M","R","BOSS","M","M","$","?","?","R","M","?","T","E","R","?","R","M","R","BOSS"],"items_purchased_type":["Card","Relic","Card","Card","Relic","Relic"],"build_version":"2020-12-22","purchased_purges":1,"victory":true,"max_hp_per_floor":[65,65,65,65,65,65,65,65,65,65,65,65,65,65,65,65,65,65,65,65,65,65,65,65,65,65,65,65,65,65,65,65,65,65,65,65,65,65,65,65,65,65,65,65,65,65,65,65,65,65],"relic_stats":{"Nunchaku":[19],"counters":[25,186],"Snecko Eye":[248,238,256,245],"Juzu Bracelet":3,"Whetstone":["Strike_S","KidneyShot"],"Kunai":[8],"War Paint":["Dilation","GearUp"],"MawBank":132,"obtain_stats":[{"Girya":34,"Runesmith:Nanobots":43,"Oddly Smooth Stone":44,"Pen Nib":9,"Uniform":0,"Juzu Bracelet":4,"Whetstone":7,"potionbrewer:ToyAutogyro":9,"Bottled Tornado":29,"War Paint":34,"Ancient Tea Set":6,"MawBank":26,"Calling Bell":34,"theForsaken:HumbleEgg":27,"Nunchaku":9,"Matryoshka":4,"Snecko Eye":17,"Orrery":37,"PocketWatch":38,"Red Mask":46,"Kunai":34,"Toxic Egg 2":25,"theJungle:ParSnip":24},{"Girya":18,"Runesmith:Nanobots":22,"Oddly Smooth Stone":23,"Pen Nib":2,"Uniform":0,"Juzu Bracelet":7,"Whetstone":8,"potionbrewer:ToyAutogyro":2,"Bottled Tornado":16,"War Paint":18,"Ancient Tea Set":2,"MawBank":14,"Calling Bell":18,"theForsaken:HumbleEgg":15,"Nunchaku":8,"Matryoshka":1,"Snecko Eye":11,"Orrery":20,"PocketWatch":21,"Red Mask":23,"Kunai":18,"Toxic Egg 2":14,"theJungle:ParSnip":13},{"Girya":134,"Runesmith:Nanobots":163,"Oddly Smooth Stone":172,"Pen Nib":30,"Uniform":0,"Juzu Bracelet":52,"Whetstone":60,"potionbrewer:ToyAutogyro":30,"Bottled Tornado":112,"War Paint":134,"Ancient Tea Set":30,"MawBank":93,"Calling Bell":134,"theForsaken:HumbleEgg":105,"Nunchaku":60,"Matryoshka":5,"Snecko Eye":75,"Orrery":152,"PocketWatch":157,"Red Mask":172,"Kunai":134,"Toxic Egg 2":93,"theJungle:ParSnip":85}]},"card_choices":[{"not_picked":["Rearm","TimeWarp"],"picked":"Rewind","floor":1},{"not_picked":["SurpressingFire+1","Barrier+1"],"picked":"InstantArmor+1","floor":5},{"not_picked":["Collapse+1","InstantArmor+1"],"picked":"Moonlight+1","floor":5},{"not_picked":["Luminosity+1","WasteNot+1"],"picked":"Read+1","floor":5},{"not_picked":["Moonlight","SpecialFormula"],"picked":"DualDimension","floor":7},{"not_picked":["BottledTime","Moonlight"],"picked":"TimeWarp","floor":11},{"not_picked":["Spin","DoubleEdge"],"picked":"Read","floor":14},{"not_picked":["Initiator","Solidify"],"picked":"Dilation","floor":16},{"not_picked":["Replace","StarChef"],"picked":"Luminosity","floor":18},{"not_picked":["Defy","Potential"],"picked":"Revamp","floor":19},{"not_picked":["Desolation+1","Ricochet"],"picked":"StarChef+1","floor":25},{"not_picked":["Alleviate+1","Spin+1"],"picked":"Rearm+1","floor":27},{"not_picked":["DualDimension+1","Alleviate+1"],"picked":"Contraction+1","floor":29},{"not_picked":["Advance+1","FastForward+1"],"picked":"Dilation+1","floor":31},{"not_picked":["SoulSculpture","LightFlow"],"picked":"Duplication+1","floor":33},{"not_picked":["Shuttle+1","Potential+1"],"picked":"Desolation+1","floor":35},{"not_picked":["TimeWarp+1","MurderousAura"],"picked":"ShiftingGears+1","floor":36},{"not_picked":["Reset+1","Rearm+1"],"picked":"FastForward+1","floor":37},{"not_picked":["Comet+1","SurpressingFire+1"],"picked":"DualDimension+1","floor":37},{"not_picked":["FastForward+1","FanOfKnives"],"picked":"Collapse","floor":37},{"not_picked":["Replace+1","Revamp+1"],"picked":"BottledTime+1","floor":37},{"not_picked":["BottledTime+1","Defy+1"],"picked":"DualDimension+1","floor":37},{"not_picked":["Revamp+1","DualDimension+1"],"picked":"RealityMarble","floor":38},{"not_picked":["Advance+1","Foresight"],"picked":"Read+1","floor":41},{"not_picked":["Secret Weapon+1","Impatience+1"],"picked":"Violence+1","floor":42},{"not_picked":["Starlight+1","TheWorld+1"],"picked":"Defy+1","floor":44},{"not_picked":["TimeWarp+1","ReturningBlade"],"picked":"Ricochet+1","floor":48}],"player_experience":13598,"relics_obtained":[{"floor":7,"key":"Whetstone"},{"floor":9,"key":"Nunchaku"},{"floor":25,"key":"Toxic Egg 2"},{"floor":26,"key":"MawBank"},{"floor":27,"key":"theForsaken:HumbleEgg"},{"floor":29,"key":"Bottled Tornado"},{"floor":34,"key":"War Paint"},{"floor":34,"key":"Kunai"},{"floor":34,"key":"Girya"},{"floor":38,"key":"PocketWatch"},{"floor":43,"key":"Runesmith:Nanobots"},{"floor":44,"key":"Oddly Smooth Stone"}],"event_choices":[{"damage_healed":0,"gold_gain":275,"player_choice":"Desecrate","damage_taken":0,"max_hp_gain":0,"max_hp_loss":0,"event_name":"Golden Shrine","floor":2,"gold_loss":0,"cards_obtained":["Regret"]},{"damage_healed":0,"gold_gain":0,"player_choice":"3","damage_taken":0,"max_hp_gain":0,"max_hp_loss":0,"event_name":"betterMatch:BetterMatch","floor":5,"gold_loss":0,"cards_obtained":["betterMatch:UncommonCard"]},{"damage_healed":0,"gold_gain":0,"cards_transformed":["Strike_S"],"player_choice":"Transformed","damage_taken":0,"max_hp_gain":0,"max_hp_loss":0,"event_name":"Transmorgrifier","floor":8,"gold_loss":0,"cards_obtained":["GearUp"]},{"cards_removed":["Defend_S"],"damage_healed":0,"gold_gain":0,"player_choice":"Offered Basic","damage_taken":0,"max_hp_gain":0,"max_hp_loss":0,"event_name":"Bonfire Elementals","floor":13,"gold_loss":0},{"damage_healed":0,"gold_gain":0,"player_choice":"3","damage_taken":0,"max_hp_gain":0,"max_hp_loss":0,"event_name":"betterMatch:BetterMatch","floor":23,"gold_loss":0,"cards_obtained":[]},{"damage_healed":0,"gold_gain":0,"player_choice":"Fight","damage_taken":0,"max_hp_gain":0,"max_hp_loss":0,"event_name":"MindBloom","floor":38,"gold_loss":0},{"damage_healed":0,"gold_gain":0,"player_choice":"Memory 1","damage_taken":0,"max_hp_gain":0,"max_hp_loss":0,"event_name":"SensoryStone","floor":42,"gold_loss":0},{"damage_healed":0,"gold_gain":0,"player_choice":"Paid","damage_taken":0,"relics_obtained":["Red Mask"],"max_hp_gain":0,"max_hp_loss":0,"event_name":"Tomb of Lord Red Mask","floor":46,"gold_loss":302}],"is_beta":false,"boss_relics":[{"not_picked":["Astrolabe","Runesmith:UraniumAnvil"],"picked":"Snecko Eye"},{"not_picked":["MysterySword","Black Star"],"picked":"Calling Bell"}],"items_purged_floors":[3],"is_endless":false,"potions_floor_spawned":[7,14,29,33,38,41,44],"ascension_level":0}}