{"host":"zlmf7uudqr1sj8t0","time":1613538975,"event":{"mods":["BaseMod","Colored Map","DeckTracker","Highlight Path","Minty Spire (QoL Compilation)"],"gold_per_floor":[117,137,154,130,150,150,178,178,178,208,227,244,244,244,244,345,345,355,370,207,220,235,235,262,57,57,69,69,86,106,138,138,138,138],"floor_reached":33,"language":"ENG","playtime":2652,"items_purged":["Strike_B","Defend_B"],"score":346,"play_id":"164e573d-da12-42d9-ac0a-2d808603fc30","local_time":"20210216211615","is_ascension_mode":true,"campfire_choices":[{"data":"Zap","floor":6,"key":"SMITH"},{"data":"Rebound","floor":13,"key":"SMITH"},{"floor":15,"key":"REST"},{"data":"Seek","floor":23,"key":"SMITH"},{"floor":28,"key":"REST"},{"floor":32,"key":"REST"}],"circlet_count":0,"master_deck":["Strike_B","Strike_B","Defend_B","Defend_B","Defend_B","Zap+1","Dualcast","Streamline+1","Beam Cell","Gash","Steam","Go for the Eyes","Rebound+1","Streamline","Seek+1","FTL","Trip","Self Repair","Conserve Battery","Gash","Gash+1","Beam Cell+1","Compile Driver+1"],"relics":["Cracked Core","InkBottle","White Beast Statue","Happy Flower","Philosopher\u0027s Stone","Dream Catcher","Membership Card","Vajra"],"acts_visited":["Exordium","TheCity"],"potions_floor_usage":[10,12,16,16,22,24,24,24,24,29,31,31,33],"damage_taken":[{"damage":2,"enemies":"Jaw Worm","floor":1,"turns":3},{"damage":0,"enemies":"Small Slimes","floor":2,"turns":3},{"damage":1,"enemies":"2 Louse","floor":3,"turns":2},{"damage":0,"enemies":"Looter","floor":5,"turns":2},{"damage":25,"enemies":"Lagavulin","floor":7,"turns":5},{"damage":8,"enemies":"3 Sentries","floor":10,"turns":6},{"damage":0,"enemies":"3 Louse","floor":11,"turns":2},{"damage":2,"enemies":"Exordium Wildlife","floor":12,"turns":3},{"damage":15,"enemies":"Slime Boss","floor":16,"turns":7},{"damage":0,"enemies":"Chosen","floor":18,"turns":3},{"damage":2,"enemies":"Shell Parasite","floor":19,"turns":2},{"damage":0,"enemies":"Centurion and Healer","floor":21,"turns":4},{"damage":4,"enemies":"3 Cultists","floor":22,"turns":4},{"damage":50,"enemies":"Book of Stabbing","floor":24,"turns":5},{"damage":14,"enemies":"Shelled Parasite and Fungi","floor":27,"turns":3},{"damage":11,"enemies":"Snake Plant","floor":29,"turns":2},{"damage":7,"enemies":"3 Cultists","floor":30,"turns":3},{"damage":48,"enemies":"Slavers","floor":31,"turns":5},{"damage":56,"enemies":"Collector","floor":33,"turns":6}],"seed_played":"8666012410694341637","potions_obtained":[{"floor":1,"key":"BlessingOfTheForge"},{"floor":7,"key":"Block Potion"},{"floor":10,"key":"EntropicBrew"},{"floor":11,"key":"SpeedPotion"},{"floor":12,"key":"Dexterity Potion"},{"floor":16,"key":"Swift Potion"},{"floor":18,"key":"EssenceOfSteel"},{"floor":19,"key":"FairyPotion"},{"floor":22,"key":"SpeedPotion"},{"floor":24,"key":"GamblersBrew"},{"floor":27,"key":"LiquidMemories"},{"floor":29,"key":"SpeedPotion"},{"floor":31,"key":"SteroidPotion"}],"is_trial":false,"path_per_floor":["M","M","M","$","M","R","E","?","T","E","M","M","R","?","R","B",null,"M","M","$","M","M","R","E","$","T","M","R","M","M","E","R","B"],"character_chosen":"DEFECT","items_purchased":["Steam","Trip","Membership Card"],"campfire_rested":3,"item_purchase_floors":[4,20,25],"current_hp_per_floor":[80,80,79,79,79,79,54,54,54,46,46,44,44,37,61,46,82,82,80,80,80,82,82,32,32,32,25,49,45,38,31,55,0,0],"gold":138,"neow_bonus":"TEN_PERCENT_HP_BONUS","is_daily":false,"chose_seed":false,"campfire_upgraded":3,"win_rate":0.0,"timestamp":1613538975,"path_taken":["M","M","M","$","M","R","E","?","T","E","M","M","R","?","R","BOSS","M","M","$","M","M","R","E","$","T","M","R","M","M","E","R","BOSS"],"items_purchased_type":["Card","Card","Relic"],"build_version":"2020-12-22","purchased_purges":2,"victory":false,"max_hp_per_floor":[82,82,82,82,82,82,82,82,82,82,82,82,82,82,82,82,82,82,82,82,82,82,82,82,82,82,82,82,82,82,82,82,82,82],"card_choices":[{"not_picked":["Rip and Tear","Stack"],"picked":"Streamline","floor":1},{"not_picked":["Scrape","Steam"],"picked":"Beam Cell","floor":2},{"not_picked":["Blizzard","Steam"],"picked":"Gash","floor":3},{"not_picked":["Defragment","Aggregate","Redo"],"picked":"SKIP","floor":5},{"not_picked":["Creative AI","Turbo","Redo"],"picked":"SKIP","floor":7},{"not_picked":["Turbo","Chill"],"picked":"Go for the Eyes","floor":10},{"not_picked":["Defragment","Blizzard"],"picked":"Rebound","floor":11},{"not_picked":["Turbo","Streamline","Steam"],"picked":"SKIP","floor":12},{"not_picked":["Turbo","Steam"],"picked":"Streamline","floor":12},{"not_picked":["Electrodynamics","Echo Form"],"picked":"Seek","floor":16},{"not_picked":["Barrage","Consume","Coolheaded"],"picked":"SKIP","floor":18},{"not_picked":["Auto Shields+1","Compile Driver"],"picked":"FTL","floor":19},{"not_picked":["BootSequence","Coolheaded"],"picked":"Self Repair","floor":21},{"not_picked":["Turbo","Rebound"],"picked":"Conserve Battery","floor":22},{"not_picked":["Reboot","Rip and Tear+1"],"picked":"Gash","floor":24},{"not_picked":["Sunder","Doom and Gloom"],"picked":"Gash+1","floor":27},{"not_picked":["Compile Driver","BootSequence"],"picked":"Beam Cell+1","floor":28},{"not_picked":["Beam Cell+1","Barrage","Redo"],"picked":"SKIP","floor":29},{"not_picked":["Defragment","Glacier","Sweeping Beam"],"picked":"SKIP","floor":30},{"not_picked":["Force Field+1","Defragment"],"picked":"Compile Driver+1","floor":31}],"player_experience":166293,"relics_obtained":[{"floor":7,"key":"InkBottle"},{"floor":9,"key":"White Beast Statue"},{"floor":10,"key":"Happy Flower"},{"floor":24,"key":"Dream Catcher"},{"floor":31,"key":"Vajra"}],"event_choices":[{"damage_healed":0,"gold_gain":0,"player_choice":"Grow","damage_taken":0,"max_hp_gain":0,"max_hp_loss":0,"event_name":"Living Wall","floor":8,"gold_loss":0,"cards_upgraded":["Streamline"]},{"cards_removed":["Strike_B"],"damage_healed":0,"gold_gain":0,"player_choice":"Card Removal","damage_taken":7,"max_hp_gain":0,"max_hp_loss":0,"event_name":"Golden Wing","floor":14,"gold_loss":0}],"is_beta":false,"boss_relics":[{"not_picked":["SacredBark","Astrolabe"],"picked":"Philosopher\u0027s Stone"}],"items_purged_floors":[20,25],"is_endless":false,"potions_floor_spawned":[1,7,10,11,12,16,18,19,21,22,24,27,29,30,31],"killed_by":"Collector","ascension_level":3}}