{"host":"vhifjdba66khcqwn","time":1613600420,"event":{"mods":["AchievementEnabler","BaseMod","Bestiary","Energized Spire","Minty Spire (QoL Compilation)","Practice Mode","Relic Stats","Spicy Shops","StSLib","slay the spire mod where everything is the same but ironclad has a cowboy hat"],"gold_per_floor":[111,111,111,123,88,118,118,128,180,260,290,302,314,326,358,399,428,440,525,537,549,637,649,678,701,196,210,235,235,235,252,252,276,331,331,331],"floor_reached":35,"language":"ENG","playtime":1257,"items_purged":["Injury"],"score":694,"play_id":"fec5ff52-37c4-4837-b4c7-df3f8bc1fb9a","local_time":"20210217142020","is_ascension_mode":true,"campfire_choices":[{"floor":7.0,"key":"REST"},{"floor":12.0,"key":"REST"},{"floor":18.0,"key":"REST"},{"data":"Defragment","floor":21.0,"key":"SMITH"},{"floor":30,"key":"REST"}],"circlet_count":0,"master_deck":["AscendersBane","Strike_B","Strike_B","Strike_B","Strike_B","Defend_B","Defend_B","Defend_B","Defend_B","Zap","Dualcast","Defragment+1","Sunder","Conserve Battery","Compile Driver","Leap","Glacier","White Noise","Melter","Doom and Gloom","Genetic Algorithm+1","Loop","Reinforced Body"],"relics":["Cracked Core","Emotion Chip","Tiny Chest","Shuriken","MawBank","Pantograph","Incense Burner","energizedSpire:RedRose","SacredBark","Torii","PreservedInsect","Bag of Preparation","Nunchaku"],"acts_visited":["Exordium","TheCity"],"potions_floor_usage":[29,29],"damage_taken":[{"damage":1.0,"enemies":"Cultist","floor":1.0,"turns":3.0},{"damage":5.0,"enemies":"Small Slimes","floor":4.0,"turns":3.0},{"damage":37.0,"enemies":"Lagavulin","floor":6.0,"turns":6.0},{"damage":7.0,"enemies":"Jaw Worm","floor":8.0,"turns":3.0},{"damage":7.0,"enemies":"3 Louse","floor":11.0,"turns":3.0},{"damage":11.0,"enemies":"Large Slime","floor":15.0,"turns":4.0},{"damage":39.0,"enemies":"Gremlin Nob","floor":16.0,"turns":4.0},{"damage":9.0,"enemies":"Blue Slaver","floor":17.0,"turns":5.0},{"damage":32.0,"enemies":"The Guardian","floor":19.0,"turns":16.0},{"damage":12.0,"enemies":"The Guardian","floor":22.0,"turns":11.0},{"damage":23.0,"enemies":"2 Thieves","floor":24.0,"turns":4.0},{"damage":28.0,"enemies":"Chosen","floor":25.0,"turns":5.0},{"damage":18,"enemies":"Snake Plant","floor":27,"turns":3},{"damage":10,"enemies":"3 Cultists","floor":31,"turns":4},{"damage":27,"enemies":"Centurion and Healer","floor":35,"turns":6}],"seed_played":"-9051481992900078481","potions_obtained":[{"floor":1.0,"key":"SteroidPotion"},{"floor":8.0,"key":"Swift Potion"},{"floor":15.0,"key":"LiquidMemories"},{"floor":19.0,"key":"Block Potion"},{"floor":22.0,"key":"Fruit Juice"},{"floor":25.0,"key":"SkillPotion"}],"is_trial":false,"path_per_floor":["M","$","?","M","?","E","R","M","T","T","M","R","$","?","M","E","M","R","B",null,"R","B",null,"M","M","$","M","T","E","R","M","?","T","T","M"],"character_chosen":"DEFECT","items_purchased":["Loop","Reinforced Body","Torii"],"campfire_rested":4,"item_purchase_floors":[26,26,26],"current_hp_per_floor":[63,63,52,47,64,27,48,41,41,41,34,55,55,60,49,10,1,23,16,16,16,29,74,51,23,23,5,5,5,30,20,20,20,20,0,0],"gold":331,"neow_bonus":"ONE_RARE_RELIC","is_daily":false,"chose_seed":false,"campfire_upgraded":1,"win_rate":0.0,"timestamp":1613600420,"path_taken":["M","$","?","M","?","E","R","M","T","T","M","R","?","?","M","E","M","R","BOSS","R","BOSS","M","M","$","M","?","E","R","M","?","T","T","M"],"items_purchased_type":["Card","Card","Relic"],"build_version":"2020-12-22","purchased_purges":1,"victory":false,"max_hp_per_floor":[71,71,71,71,71,71,71,71,71,71,71,71,71,76,76,76,76,76,76,76,76,76,86,86,86,86,86,86,86,86,86,86,86,86,86,86],"relic_stats":{"Emotion Chip":[58,46,10,2,0],"Nunchaku":[0],"Torii":4,"counters":[16,82],"Shuriken":[6],"Pantograph":50,"Tiny Chest":1,"PreservedInsect":41,"Bag of Preparation":[2],"MawBank":204,"obtain_stats":[{"energizedSpire:RedRose":20,"Torii":26,"SacredBark":23,"PreservedInsect":28,"Incense Burner":16,"Bag of Preparation":33,"MawBank":9,"Emotion Chip":0,"Nunchaku":34,"Shuriken":6,"Pantograph":10,"Tiny Chest":3,"Cracked Core":0},{"energizedSpire:RedRose":9,"Torii":12,"SacredBark":10,"PreservedInsect":13,"Incense Burner":7,"Bag of Preparation":15,"MawBank":4,"Emotion Chip":0,"Nunchaku":15,"Shuriken":3,"Pantograph":4,"Tiny Chest":1,"Cracked Core":0},{"energizedSpire:RedRose":47,"Torii":67,"SacredBark":58,"PreservedInsect":70,"Incense Burner":26,"Bag of Preparation":76,"MawBank":15,"Emotion Chip":0,"Nunchaku":76,"Shuriken":12,"Pantograph":15,"Tiny Chest":3,"Cracked Core":0}]},"card_choices":[{"not_picked":["Hello World","Capacitor"],"picked":"Defragment","floor":1.0},{"not_picked":["Stack","Chill"],"picked":"Sunder","floor":4.0},{"not_picked":["Chaos","Capacitor"],"picked":"Conserve Battery","floor":6.0},{"not_picked":["Gash","Beam Cell"],"picked":"Compile Driver","floor":8.0},{"not_picked":["Genetic Algorithm","Go for the Eyes"],"picked":"Leap","floor":11.0},{"not_picked":["Hologram","Rip and Tear"],"picked":"Glacier","floor":15.0},{"not_picked":["Redo","Auto Shields"],"picked":"White Noise","floor":16.0},{"not_picked":["Rebound","Lockon"],"picked":"Melter","floor":17.0},{"not_picked":["FTL","Barrage"],"picked":"Doom and Gloom","floor":24.0},{"not_picked":["Stack","Leap"],"picked":"Genetic Algorithm+1","floor":25.0},{"not_picked":["Compile Driver","Reinforced Body","Leap"],"picked":"SKIP","floor":27},{"not_picked":["Gash","Stack","Tempest"],"picked":"SKIP","floor":31}],"player_experience":1199697,"relics_obtained":[{"floor":6.0,"key":"Shuriken"},{"floor":9.0,"key":"MawBank"},{"floor":10.0,"key":"Pantograph"},{"floor":16.0,"key":"Incense Burner"},{"floor":28,"key":"PreservedInsect"},{"floor":33,"key":"Bag of Preparation"},{"floor":34,"key":"Nunchaku"}],"event_choices":[{"damage_healed":0.0,"max_hp_gain":0.0,"max_hp_loss":0.0,"gold_gain":0.0,"event_name":"Scrap Ooze","player_choice":"Success","floor":3.0,"gold_loss":0.0,"damage_taken":11.0,"relics_obtained":["Tiny Chest"]},{"damage_healed":17.0,"max_hp_gain":0.0,"max_hp_loss":0.0,"gold_gain":0.0,"event_name":"The Cleric","player_choice":"Healed","floor":5.0,"gold_loss":35.0,"damage_taken":0.0},{"damage_healed":0.0,"max_hp_gain":5.0,"max_hp_loss":0.0,"gold_gain":0.0,"event_name":"Big Fish","player_choice":"Donut","floor":14.0,"gold_loss":0.0,"damage_taken":0.0},{"damage_healed":0,"gold_gain":0,"player_choice":"Ignored","damage_taken":0,"max_hp_gain":0,"max_hp_loss":0,"event_name":"Cursed Tome","floor":32,"gold_loss":0}],"is_beta":false,"boss_relics":[{"not_picked":["energizedSpire:OldTV","Runic Pyramid"],"picked":"energizedSpire:RedRose"},{"not_picked":["Busted Crown","Coffee Dripper"],"picked":"SacredBark"}],"items_purged_floors":[26],"is_endless":false,"potions_floor_spawned":[1,8,15,19,22,25,27],"killed_by":"Centurion and Healer","ascension_level":18}}