{"host":"xp5rvh2jwe2ejyfm","time":1613522081,"event":{"mods":["2.2 Compatiblity","Aspiration","BaseMod","Better Altar","Better Match","Better Note","Better Sensory Stone","Better Skull","BetterRewards","Colored Powertips","Conspire","Downfall","GifTheSpireLib","Gremlin Mod","GungeonMod","Hermit","Hubris","Jorbs\u0027s Wanderer Trilogy","Minty Spire (QoL Compilation)","Potionbrewer","Quick Restart","Replay The Spire","Robot Space Explorer","Shade Mod","Somnambulant","StSLib","The Bug Knight","The Clintock","The Construct","The Cursed","The Disciple","The Forsaken","The Hierophant","The Marked","The Necromancer","The Runesmith","The Servant 0.9.4","The Valiant","The Witch","TheFirefly","thorton"],"gold_per_floor":[213,54,54,71,128,156,156,166,212,229,257,257,277,295,295,390,390,403,403,44,56,56,56,56,56,56,86,102,122,134,154,154,255,255,267,174,193,204,204,204,218,218,218,248,248,263,263,263,263,263,263,263,12,42,42,42],"floor_reached":55,"language":"ENG","playtime":1566,"items_purged":[],"score":1156,"play_id":"2705e903-ebb7-4b6a-a58f-6e88cb2b8445","local_time":"20210216193441","is_ascension_mode":false,"campfire_choices":[{"data":"Shade:AnimateDead","floor":7,"key":"SMITH"},{"data":"Shade:FleshToFlesh","floor":15,"key":"SMITH"},{"data":"1","floor":23,"key":"LIFT"},{"data":"2","floor":25,"key":"LIFT"},{"floor":32,"key":"RECALL"},{"floor":40,"key":"REST"},{"data":"3","floor":42,"key":"LIFT"},{"floor":47,"key":"REST"},{"floor":49,"key":"REST"},{"floor":52,"key":"REST"}],"circlet_count":0,"master_deck":["Shade:Strike_Shade","Shade:Strike_Shade","Shade:Strike_Shade","Shade:Strike_Shade","Shade:Defend_Shade","Shade:Defend_Shade","Shade:Defend_Shade","Shade:Defend_Shade","Shade:AnimateDead+1","Shade:CarefulCut","Shade:ScuttlingHand","Shade:SpectralStrikes+1","Shade:CommandSoldier+1","Shade:ClawBack","Shade:FingerOfDeath","Shade:Carnophage","Shade:FleshToFlesh+1","Shade:FeralStrike","Shade:Bonestorm+1","Shade:FingerOfDeath+1","Shade:GraveStillness+1","Shade:OneIsEnough","Shade:GraveStillness+1","Shade:Bonestorm+1","Shade:PressTheAttack+1","Shade:FreshBones+1","Shade:Bonestorm+1","Shade:SkeletonHug+1","Shade:Bonestorm+1","Shade:AuraOfUnlife","Shade:DarkOfNight","Shade:Asphyxiate","Shade:FeralStrike+1","Shade:FreshBones+1","Shade:SkeletonArmy","Shade:Bonestorm+1","Shade:CommandSoldier+1","Shade:GraveStillness+1","Shade:AuraOfUnlife+1","Shade:CommandSoldier+1","Shade:WallOfFlesh+1","Shade:FreshBones+1","Shade:Trample+1"],"relics":["Shade:YorickSkull","Ancient Tea Set","theForsaken:HumbleEgg","Replay:Grab Bag","bronze:MakeshiftBattery","Fusion Hammer","SlaversCollar","Girya","aspiration:FetidBarrel","DemoMod:JetPack","construct:WeddingRing","Strawberry","Smiling Mask","hubris:Towel","potionbrewer:Keyblade","construct:BoolHorns"],"acts_visited":["Exordium","TheCity","TheBeyond","TheEnding"],"potions_floor_usage":[6,44,50,50,50],"damage_taken":[{"damage":0,"enemies":"Cultist","floor":1,"turns":3},{"damage":0,"enemies":"Small Slimes","floor":4,"turns":2},{"damage":14,"enemies":"3 Sentries","floor":6,"turns":6},{"damage":0,"enemies":"2 Louse","floor":8,"turns":2},{"damage":7,"enemies":"Blue Slaver","floor":10,"turns":3},{"damage":6,"enemies":"Lagavulin","floor":11,"turns":5},{"damage":0,"enemies":"Large Slime","floor":13,"turns":4},{"damage":0,"enemies":"3 Louse","floor":14,"turns":3},{"damage":0,"enemies":"Slime Boss","floor":16,"turns":5},{"damage":0,"enemies":"Spheric Guardian","floor":18,"turns":3},{"damage":0,"enemies":"Chosen","floor":21,"turns":3},{"damage":2,"enemies":"Book of Stabbing","floor":27,"turns":4},{"damage":0,"enemies":"3 Cultists","floor":28,"turns":3},{"damage":0,"enemies":"Sentry and Sphere","floor":29,"turns":3},{"damage":17,"enemies":"Snake Plant","floor":30,"turns":2},{"damage":2,"enemies":"Snecko","floor":31,"turns":3},{"damage":2,"enemies":"Pondfish","floor":33,"turns":8},{"damage":5,"enemies":"Orb Walker","floor":35,"turns":3},{"damage":15,"enemies":"3 Darklings","floor":37,"turns":3},{"damage":18,"enemies":"Maw","floor":38,"turns":6},{"damage":1,"enemies":"Jaw Worm Horde","floor":39,"turns":3},{"damage":2,"enemies":"4 Shapes","floor":41,"turns":2},{"damage":0,"enemies":"Nemesis","floor":44,"turns":3},{"damage":28,"enemies":"Writhing Mass","floor":46,"turns":4},{"damage":26,"enemies":"Donu and Deca","floor":50,"turns":6},{"damage":63,"enemies":"Shield and Spear","floor":54,"turns":4},{"damage":34,"enemies":"The Heart","floor":55,"turns":2}],"seed_played":"-6467665011646557105","potions_obtained":[{"floor":1,"key":"Swift Potion"},{"floor":4,"key":"Energy Potion"},{"floor":11,"key":"LifebloodPotion"},{"floor":27,"key":"DistilledChaos"},{"floor":28,"key":"BlessingOfTheForge"},{"floor":46,"key":"SkillPotion"}],"is_trial":false,"path_per_floor":["M","$","?","M","?","E","R","M","T","M","E","?","M","M","R","B",null,"M","?","$","M","?","R","?","R","T","E","M","M","M","M","R","B",null,"M","$","M","M","M","R","M","R","T","E","?","M","R","?","R","B",null,"R","$","E","B"],"character_chosen":"SHADE","items_purchased":["Shade:SpectralStrikes+1","Shade:CommandSoldier","Shade:ClawBack","Girya","Shade:Bonestorm+1","Shade:FeralStrike+1","Shade:FreshBones+1","potionbrewer:Keyblade","Shade:WallOfFlesh+1","Shade:FreshBones+1"],"campfire_rested":4,"item_purchase_floors":[2,2,2,20,20,36,36,53,53,53],"current_hp_per_floor":[65,65,65,65,65,51,51,51,51,44,38,59,59,59,59,59,65,65,65,65,65,65,65,65,65,65,63,63,63,46,44,44,42,65,60,60,45,27,26,45,43,43,50,50,50,22,43,43,64,38,72,72,72,9,0,0],"gold":42,"neow_bonus":"HUNDRED_GOLD","is_daily":false,"chose_seed":false,"campfire_upgraded":2,"win_rate":0.0,"timestamp":1613522081,"path_taken":["M","$","?","M","?","E","R","M","T","M","E","?","M","M","R","BOSS","M","?","$","M","?","R","?","R","T","E","M","M","M","M","R","BOSS","M","$","M","M","M","R","M","R","T","E","?","M","R","?","R","BOSS","R","$","E","BOSS"],"items_purchased_type":["Card","Card","Card","Relic","Card","Card","Card","Relic","Card","Card"],"build_version":"2020-12-22","purchased_purges":0,"victory":false,"max_hp_per_floor":[65,65,65,65,65,65,65,65,65,65,65,65,65,65,65,65,65,65,65,65,65,65,65,65,65,65,65,65,65,65,65,65,65,65,65,65,65,65,65,65,65,65,72,72,72,72,72,72,72,72,72,72,72,72,72,72],"card_choices":[{"not_picked":["Shade:CallOfTheGrave","Shade:CloudOfShrapnel"],"picked":"Shade:ScuttlingHand","floor":1},{"not_picked":["Shade:Frenzy","Shade:Patience"],"picked":"Shade:FingerOfDeath","floor":4},{"not_picked":["Shade:RavenousHorde","Shade:AncientSpear"],"picked":"Shade:Carnophage","floor":6},{"not_picked":["Shade:CommandSoldier","Shade:Premonition"],"picked":"Shade:FleshToFlesh","floor":8},{"not_picked":["Shade:SanguineRitual","Shade:PotionOfRestlessness"],"picked":"Shade:FeralStrike","floor":10},{"not_picked":["Shade:FleshToFlesh+1","Shade:FingerOfDeath+1"],"picked":"Shade:Bonestorm+1","floor":11},{"not_picked":["Shade:TouchOfTheGrave","Shade:AncientSpear+1"],"picked":"Shade:FingerOfDeath+1","floor":13},{"not_picked":["Shade:FleshLikeOak","Shade:CallWraith"],"picked":"Shade:GraveStillness+1","floor":14},{"not_picked":["Shade:Consume","Shade:LoseControl"],"picked":"Shade:OneIsEnough","floor":16},{"not_picked":["Shade:ExtraLimbs+1","Shade:ClawBack+1"],"picked":"Shade:GraveStillness+1","floor":18},{"not_picked":["Shade:AncientSpear+1","Shade:CloudOfShrapnel"],"picked":"Shade:PressTheAttack","floor":21},{"not_picked":["Shade:GreyBargain+1","Shade:Excise"],"picked":"Shade:FreshBones+1","floor":27},{"not_picked":["Shade:Premonition+1","Shade:WallOfFlesh+1"],"picked":"Shade:Bonestorm+1","floor":28},{"not_picked":["Shade:CallOfTheGrave+1","Shade:GreyBargain+1"],"picked":"Shade:SkeletonHug+1","floor":29},{"not_picked":["Shade:Frenzy+1","Shade:Asphyxiate"],"picked":"Shade:Bonestorm+1","floor":30},{"not_picked":["Shade:FleshOffering","Shade:FingerOfDeath+1"],"picked":"Shade:AuraOfUnlife","floor":31},{"not_picked":["Shade:OneIsEnough","Shade:MadHubris"],"picked":"Shade:DarkOfNight","floor":33},{"not_picked":["Shade:Awaken","Shade:FuneraryArmor+1"],"picked":"Shade:Asphyxiate","floor":35},{"not_picked":["Shade:CloudOfShrapnel","Shade:FleshToFlesh+1"],"picked":"Shade:SkeletonArmy","floor":37},{"not_picked":["Shade:CoffinDance+1","Shade:PoundOfFlesh+1"],"picked":"Shade:Bonestorm+1","floor":38},{"not_picked":["Shade:SkeletonHug+1","Shade:OpenGraves+1"],"picked":"Shade:CommandSoldier+1","floor":39},{"not_picked":["Shade:FingerOfDeath+1","Shade:SpectralStrikes"],"picked":"Shade:GraveStillness+1","floor":41},{"not_picked":["Shade:SkeletonHug+1","Shade:ScuttlingHand+1"],"picked":"Shade:AuraOfUnlife+1","floor":44},{"not_picked":["Shade:SanguineRitual+1","Shade:Frenzy+1"],"picked":"Shade:CommandSoldier+1","floor":46},{"not_picked":["Shade:FleshToFlesh+1","Shade:CommandSoldier+1"],"picked":"Shade:Trample+1","floor":54}],"player_experience":518122,"relics_obtained":[{"floor":6,"key":"Ancient Tea Set"},{"floor":11,"key":"theForsaken:HumbleEgg"},{"floor":26,"key":"aspiration:FetidBarrel"},{"floor":27,"key":"DemoMod:JetPack"},{"floor":43,"key":"Strawberry"},{"floor":44,"key":"Smiling Mask"},{"floor":54,"key":"construct:BoolHorns"}],"event_choices":[{"damage_healed":0,"gold_gain":57,"player_choice":"Gained Gold","damage_taken":0,"max_hp_gain":0,"max_hp_loss":0,"event_name":"Golden Wing","floor":5,"gold_loss":0},{"damage_healed":21,"gold_gain":0,"player_choice":"Banana","damage_taken":0,"max_hp_gain":0,"max_hp_loss":0,"event_name":"Big Fish","floor":12,"gold_loss":0},{"damage_healed":0,"gold_gain":0,"player_choice":"Ignored","damage_taken":0,"max_hp_gain":0,"max_hp_loss":0,"event_name":"betterNote:BetterNote","floor":19,"gold_loss":0,"cards_obtained":["hermit:Headshot"]},{"damage_healed":0,"gold_gain":0,"player_choice":"Ignored","damage_taken":0,"max_hp_gain":0,"max_hp_loss":0,"event_name":"Falling","floor":48,"gold_loss":0}],"is_beta":false,"boss_relics":[{"not_picked":["hubris:GrandSneckoEye","hubris:HollowSoul"],"picked":"Replay:Grab Bag"},{"not_picked":["Ectoplasm","ReplayTheSpireMod:Onyx Gauntlets"],"picked":"bronze:MakeshiftBattery"},{"not_picked":["Abe\u0027s Treasure","hubris:CrackedHourglass"],"picked":"Fusion Hammer"},{"not_picked":["SacredBark","aspiration:RunicSpoon"],"picked":"SlaversCollar"},{"not_picked":["Tiny House","Honey Jar"],"picked":"construct:WeddingRing"}],"items_purged_floors":[],"is_endless":false,"potions_floor_spawned":[1,4,11,27,28,31,37,38,41,46],"killed_by":"The Heart","ascension_level":0}}