{"host":"nsc6ozq3atyrdr3m","time":1613596358,"event":{"mods":["BaseMod","Colored Map","Minty Spire (QoL Compilation)"],"gold_per_floor":[18,18,30,30,47,47,82,14,14,49,67,67,86,96,96,191,191,211,229,244,244,254,254,254,33,84,101,25,39,68,68,68,68,68],"floor_reached":33,"language":"FRA","playtime":889,"items_purged":["Decay"],"score":349,"play_id":"0ea9425b-e258-4686-a65c-b535fbc00805","local_time":"20210217221238","is_ascension_mode":true,"campfire_choices":[{"data":"Rebound","floor":6,"key":"SMITH"},{"data":"Hologram","floor":12,"key":"SMITH"},{"data":"Reinforced Body","floor":15,"key":"SMITH"},{"data":"Beam Cell","floor":23,"key":"SMITH"},{"floor":32,"key":"REST"}],"circlet_count":0,"master_deck":["Strike_B","Strike_B","Strike_B","Defend_B","Defend_B","Defend_B","Defend_B","Zap","Dualcast","Hyperbeam+1","Leap","Rebound+1","Hologram+1","Sweeping Beam","BootSequence","Reinforced Body+1","Auto Shields","Beam Cell+1","Go for the Eyes","Conserve Battery","FTL","Beam Cell","Turbo+1","Necronomicurse"],"relics":["Cracked Core","Ornamental Fan","Meat on the Bone","Shuriken","HornCleat","Runic Dome","Chemical X","PreservedInsect","MealTicket","Necronomicon"],"acts_visited":["Exordium","TheCity"],"potions_floor_usage":[16,20,30,33,33],"damage_taken":[{"damage":12,"enemies":"Jaw Worm","floor":1,"turns":2},{"damage":0,"enemies":"Small Slimes","floor":3,"turns":1},{"damage":0,"enemies":"Cultist","floor":5,"turns":1},{"damage":37,"enemies":"Gremlin Nob","floor":7,"turns":4},{"damage":1,"enemies":"3 Sentries","floor":10,"turns":3},{"damage":4,"enemies":"Large Slime","floor":11,"turns":4},{"damage":0,"enemies":"Exordium Thugs","floor":13,"turns":3},{"damage":0,"enemies":"2 Fungi Beasts","floor":14,"turns":2},{"damage":18,"enemies":"The Guardian","floor":16,"turns":14},{"damage":0,"enemies":"Spheric Guardian","floor":18,"turns":3},{"damage":27,"enemies":"Shell Parasite","floor":19,"turns":10},{"damage":23,"enemies":"Shelled Parasite and Fungi","floor":20,"turns":7},{"damage":0,"enemies":"3 Cultists","floor":22,"turns":3},{"damage":0,"enemies":"Centurion and Healer","floor":27,"turns":5},{"damage":15,"enemies":"Sentry and Sphere","floor":29,"turns":4},{"damage":10,"enemies":"Book of Stabbing","floor":30,"turns":4},{"damage":53,"enemies":"Automaton","floor":33,"turns":6}],"seed_played":"-1530138020229829663","potions_obtained":[{"floor":3,"key":"LiquidBronze"},{"floor":10,"key":"Fire Potion"},{"floor":16,"key":"DistilledChaos"},{"floor":19,"key":"GamblersBrew"},{"floor":20,"key":"Block Potion"}],"is_trial":false,"path_per_floor":["M","?","M","?","M","R","E","$","T","E","M","R","M","M","R","B",null,"M","M","M","?","M","R","?","$","T","M","$","M","E","?","R","B"],"character_chosen":"DEFECT","items_purchased":["BootSequence","Chemical X","FTL"],"campfire_rested":1,"item_purchase_floors":[8,25,28],"current_hp_per_floor":[63,63,63,51,51,51,14,14,14,25,33,33,45,45,45,39,66,66,39,28,28,40,40,40,40,40,40,40,37,39,23,45,0,0],"gold":68,"neow_bonus":"THREE_RARE_CARDS","is_daily":false,"chose_seed":false,"campfire_upgraded":4,"win_rate":0.0,"timestamp":1613596358,"path_taken":["M","?","M","?","M","R","E","$","T","E","M","R","M","M","R","BOSS","M","M","M","?","?","R","?","$","T","M","?","?","E","?","R","BOSS"],"items_purchased_type":["Card","Relic","Card"],"build_version":"2020-12-22","purchased_purges":1,"victory":false,"max_hp_per_floor":[75,75,75,75,75,75,75,75,75,75,75,75,75,75,75,75,75,75,75,75,75,75,75,75,75,75,75,75,75,75,75,75,75,75],"card_choices":[{"not_picked":["Multi-Cast","Machine Learning"],"picked":"Hyperbeam","floor":0},{"not_picked":["Barrage","Redo"],"picked":"Leap","floor":1},{"not_picked":["Steam","Melter"],"picked":"Rebound","floor":3},{"not_picked":["Streamline","Stack"],"picked":"Hologram","floor":5},{"not_picked":["Coolheaded","Double Energy"],"picked":"Sweeping Beam","floor":7},{"not_picked":["Leap","Compile Driver","Rebound"],"picked":"SKIP","floor":10},{"not_picked":["Compile Driver","Gash"],"picked":"Reinforced Body","floor":11},{"not_picked":["Chill","Ball Lightning","Blizzard"],"picked":"SKIP","floor":13},{"not_picked":["Stack","Glacier"],"picked":"Auto Shields","floor":14},{"not_picked":["Compile Driver","Coolheaded"],"picked":"Beam Cell","floor":18},{"not_picked":["Meteor Strike","Coolheaded+1","Chaos"],"picked":"SKIP","floor":19},{"not_picked":["Rip and Tear","Coolheaded"],"picked":"Go for the Eyes","floor":20},{"not_picked":["Compile Driver","Go for the Eyes"],"picked":"Conserve Battery","floor":22},{"not_picked":["Ball Lightning","Coolheaded+1","Compile Driver"],"picked":"SKIP","floor":27},{"not_picked":["Compile Driver","Barrage+1"],"picked":"Beam Cell","floor":29},{"not_picked":["Doom and Gloom","Consume+1"],"picked":"Turbo+1","floor":30}],"player_experience":425769,"relics_obtained":[{"floor":7,"key":"Meat on the Bone"},{"floor":9,"key":"Shuriken"},{"floor":10,"key":"HornCleat"},{"floor":26,"key":"PreservedInsect"},{"floor":30,"key":"MealTicket"},{"floor":31,"key":"Necronomicon"}],"event_choices":[{"damage_healed":0,"gold_gain":0,"player_choice":"Grow","damage_taken":0,"max_hp_gain":0,"max_hp_loss":0,"event_name":"Living Wall","floor":2,"gold_loss":0,"cards_upgraded":["Hyperbeam"]},{"damage_healed":0,"gold_gain":0,"player_choice":"Success","damage_taken":12,"relics_obtained":["Ornamental Fan"],"max_hp_gain":0,"max_hp_loss":0,"event_name":"Scrap Ooze","floor":4,"gold_loss":0},{"cards_removed":["Strike_B"],"damage_healed":0,"gold_gain":0,"player_choice":"Offered Basic","damage_taken":0,"max_hp_gain":0,"max_hp_loss":0,"event_name":"Bonfire Elementals","floor":21,"gold_loss":0},{"damage_healed":0,"gold_gain":0,"player_choice":"Cursed","damage_taken":0,"max_hp_gain":0,"max_hp_loss":0,"event_name":"Wheel of Change","floor":24,"gold_loss":0,"cards_obtained":["Decay"]},{"damage_healed":0,"gold_gain":0,"player_choice":"Obtained Book","damage_taken":16,"max_hp_gain":0,"max_hp_loss":0,"event_name":"Cursed Tome","floor":31,"gold_loss":0}],"is_beta":false,"boss_relics":[{"not_picked":["FrozenCore","Coffee Dripper"],"picked":"Runic Dome"}],"items_purged_floors":[25],"is_endless":false,"potions_floor_spawned":[3,10,16,19,20,22,29],"killed_by":"Automaton","ascension_level":5}}