{"host":"8n3a40idg6eftpiu","time":1613559068,"event":{"mods":["AchievementEnabler","Act Like it!","BaseMod","BetterRewards","Block Reminder","Colored Map","Colored Powertips","Conspire","DeckTracker","Dota2Spire","Downfall","Energized Spire","GungeonMod","Hallownest","Highlight Path","Hubris","Minty Spire (QoL Compilation)","Quick Restart","Relic Filter Mod","Reliquary","StS++","StSLib","The Blue Laboratory","The Bug Knight","The Necromancer","Wandering Minibosses"],"gold_per_floor":[118,138,156,173,173,173,190,190,190,215,215,247,32,43,43,148,148,160,160,160],"floor_reached":19,"language":"POL","playtime":890,"items_purged":["Shame"],"score":169,"play_id":"578dd76a-7812-4195-8377-47c43f53c707","local_time":"20210217115108","is_ascension_mode":false,"campfire_choices":[{"floor":6.0,"key":"RECALL"},{"data":"Terror","floor":15.0,"key":"SMITH"}],"circlet_count":0,"master_deck":["Strike_G","Strike_G","Strike_G","Strike_G","Strike_G","Defend_G","Defend_G","Defend_G","Defend_G","Defend_G","Survivor","Neutralize","Catalyst","Terror+1","Deflect","Poisoned Stab","Poisoned Stab","Noxious Fumes","Noxious Fumes","Blade Dance"],"relics":["Ring of the Snake","DemoMod:PinkGuonStone","conspire:TreasureMap","HornCleat","reliquary:KillPill","Dota2Spire:EchoSabre","reliquary:ExpiredCoupon","StSpp:TwinEgg","hubris:HerbalPaste","reliquary:RedCape"],"acts_visited":["Exordium","TheCity"],"potions_floor_usage":[],"damage_taken":[{"damage":0.0,"enemies":"Cultist","floor":1.0,"turns":4.0},{"damage":0.0,"enemies":"2 Louse","floor":2.0,"turns":4.0},{"damage":0.0,"enemies":"Jaw Worm","floor":3.0,"turns":4.0},{"damage":0.0,"enemies":"Looter","floor":4.0,"turns":4.0},{"damage":7.0,"enemies":"Exordium Wildlife","floor":7.0,"turns":6.0},{"damage":8.0,"enemies":"HollowMod:MossKnight","floor":10.0,"turns":6.0},{"damage":5.0,"enemies":"conspire:MimicChest","floor":12.0,"turns":6.0},{"damage":0.0,"enemies":"Large Slime","floor":14.0,"turns":3.0},{"damage":24.0,"enemies":"Slime Boss","floor":16.0,"turns":5.0},{"damage":14.0,"enemies":"3 Byrds","floor":18.0,"turns":4.0},{"damage":0,"enemies":"Spheric Guardian","floor":19,"turns":1}],"seed_played":"-15618480928354051","potions_obtained":[{"floor":2.0,"key":"SpeedPotion"},{"floor":3.0,"key":"Poison Potion"},{"floor":14.0,"key":"blueLaboratory:NullPotion"},{"floor":16.0,"key":"Guardian:BlockOnCardUsePotion"}],"is_trial":false,"path_per_floor":["M","M","M","M","?","R","M","?","T","E","$","?","$","M","R","B",null,"M","M"],"character_chosen":"THE_SILENT","items_purchased":["DemoMod:PinkGuonStone","Catalyst","Terror","conspire:TreasureMap","hubris:HerbalPaste","Noxious Fumes"],"campfire_rested":0,"item_purchase_floors":[0,0,0,0,13,13],"current_hp_per_floor":[77,77,77,77,77,77,70,52,52,44,44,39,39,44,44,26,77,66,66,66],"gold":160,"neow_bonus":"","is_daily":false,"chose_seed":false,"campfire_upgraded":1,"win_rate":0.0,"timestamp":1613559068,"path_taken":["M","M","M","M","?","R","?","?","T","E","$","?","?","M","R","BOSS","M","M"],"items_purchased_type":["Relic","Card","Card","Relic","Relic","Card"],"build_version":"2020-12-22","purchased_purges":1,"victory":false,"max_hp_per_floor":[77,77,77,77,77,77,77,77,77,77,77,77,77,77,77,77,77,77,77,77],"card_choices":[{"not_picked":["hubris:SlightOfHand","StSpp:Dive","hubris:TrickCloak"],"picked":"SKIP","floor":1.0},{"not_picked":["Skewer","Expertise","Bane"],"picked":"SKIP","floor":2.0},{"not_picked":["Setup","hubris:Sniper"],"picked":"Deflect","floor":3.0},{"not_picked":["Backstab","Endless Agony"],"picked":"Poisoned Stab","floor":4.0},{"not_picked":["hubris:SlightOfHand","Flying Knee"],"picked":"Poisoned Stab","floor":7.0},{"not_picked":["Bullet Time","Sucker Punch","Outmaneuver"],"picked":"SKIP","floor":10.0},{"not_picked":["Bouncing Flask","Endless Agony"],"picked":"Noxious Fumes","floor":12.0},{"not_picked":["Bane","StSpp:Lure","hubris:SlightOfHand"],"picked":"SKIP","floor":14.0},{"not_picked":["Backstab","Dagger Throw"],"picked":"Blade Dance","floor":18.0}],"player_experience":259441,"relics_obtained":[{"floor":9.0,"key":"Dota2Spire:EchoSabre"},{"floor":10.0,"key":"reliquary:ExpiredCoupon"},{"floor":12.0,"key":"StSpp:TwinEgg"}],"event_choices":[{"damage_healed":0.0,"max_hp_gain":0.0,"max_hp_loss":0.0,"gold_gain":0.0,"event_name":"WeMeetAgain","player_choice":"Gave Potion","floor":5.0,"gold_loss":0.0,"damage_taken":0.0,"relics_obtained":["HornCleat"]},{"damage_healed":0.0,"max_hp_gain":0.0,"max_hp_loss":0.0,"gold_gain":0.0,"event_name":"Scrap Ooze","player_choice":"Success","floor":8.0,"gold_loss":0.0,"damage_taken":18.0,"relics_obtained":["reliquary:KillPill"]}],"is_beta":false,"boss_relics":[{"not_picked":["hubris:BlackHole","Astrolabe"],"picked":"reliquary:RedCape"}],"items_purged_floors":[0],"is_endless":false,"potions_floor_spawned":[2,3,12,14,16],"killed_by":"Spheric Guardian","ascension_level":0}}