{"host":"2ty4h143nj8vwezc","time":1613532463,"event":{"mods":["BaseMod","Colored Map","Googly Eyes","Highlight Path","Minty Spire (QoL Compilation)","Quick Restart","StSLib"],"gold_per_floor":[112,39,51,51,69,69,104,104,104,104,104,118,146,166,166,262,262,281,309,309,336,251,251,271,304,328,43,61,77,22,49,49,154,154,174,174,190,206,222,222,240,259,283,283,283],"floor_reached":44,"language":"ENG","playtime":1893,"items_purged":["Strike_B"],"score":776,"play_id":"41ab2edb-89f4-4980-a3df-3ce42866dfbb","local_time":"20210216222743","is_ascension_mode":true,"campfire_choices":[{"data":"White Noise","floor":6.0,"key":"SMITH"},{"data":"Biased Cognition","floor":8.0,"key":"SMITH"},{"data":"White Noise","floor":10.0,"key":"SMITH"},{"floor":15.0,"key":"REST"},{"floor":23,"key":"REST"},{"floor":32,"key":"REST"},{"data":"Amplify","floor":40,"key":"SMITH"}],"circlet_count":0,"master_deck":["AscendersBane","Defend_B","Defend_B","Defend_B","Defend_B","Zap","Steam","Storm+1","Self Repair","White Noise+1","White Noise+1","Biased Cognition+1","Force Field","Capacitor","Auto Shields","Machine Learning","Storm","Loop","Go for the Eyes","Turbo","Leap","Chill","Loop","Amplify","Lockon","Amplify+1","Leap+1","Echo Form","Self Repair","Chill","Parasite"],"relics":["Cracked Core","The Courier","Anchor","Pen Nib","Red Mask","MealTicket","Strawberry","Question Card","Dream Catcher","HornCleat","Blood Vial","Philosopher\u0027s Stone","Art of War"],"acts_visited":["Exordium","TheCity","TheBeyond"],"potions_floor_usage":[19,33,41,44],"damage_taken":[{"damage":4.0,"enemies":"Small Slimes","floor":1.0,"turns":3.0},{"damage":1.0,"enemies":"Cultist","floor":3.0,"turns":4.0},{"damage":1.0,"enemies":"Jaw Worm","floor":5.0,"turns":3.0},{"damage":40.0,"enemies":"Gremlin Nob","floor":7.0,"turns":4.0},{"damage":0.0,"enemies":"Blue Slaver","floor":12.0,"turns":2.0},{"damage":0.0,"enemies":"3 Sentries","floor":13.0,"turns":1.0},{"damage":1.0,"enemies":"Looter","floor":14.0,"turns":2.0},{"damage":13.0,"enemies":"The Guardian","floor":16.0,"turns":8.0},{"damage":12.0,"enemies":"2 Thieves","floor":18.0,"turns":3.0},{"damage":57,"enemies":"Masked Bandits","floor":19,"turns":4},{"damage":6,"enemies":"3 Byrds","floor":24,"turns":4},{"damage":18,"enemies":"Slavers","floor":25,"turns":3},{"damage":0,"enemies":"3 Cultists","floor":28,"turns":3},{"damage":0,"enemies":"Chosen and Byrds","floor":29,"turns":4},{"damage":26,"enemies":"Book of Stabbing","floor":31,"turns":4},{"damage":24,"enemies":"Automaton","floor":33,"turns":5},{"damage":8,"enemies":"3 Darklings","floor":35,"turns":4},{"damage":0,"enemies":"3 Shapes","floor":37,"turns":4},{"damage":0,"enemies":"Spire Growth","floor":38,"turns":3},{"damage":55,"enemies":"Writhing Mass","floor":39,"turns":5},{"damage":27,"enemies":"Jaw Worm Horde","floor":41,"turns":4},{"damage":0,"enemies":"Maw","floor":42,"turns":4},{"damage":39,"enemies":"4 Shapes","floor":44,"turns":3}],"seed_played":"8941714007222401952","potions_obtained":[{"floor":1.0,"key":"ColorlessPotion"},{"floor":7.0,"key":"SpeedPotion"},{"floor":12.0,"key":"BlessingOfTheForge"},{"floor":16.0,"key":"FearPotion"},{"floor":24,"key":"Fire Potion"},{"floor":25,"key":"ColorlessPotion"},{"floor":39,"key":"EssenceOfSteel"},{"floor":41,"key":"Block Potion"}],"is_trial":false,"path_per_floor":["M","$","M","?","M","R","E","R","T","R","?","M","E","M","R","B",null,"M","?","?","T","?","R","M","E","T","$","M","M","$","E","R","B",null,"M","?","M","M","M","R","M","M","T","M"],"character_chosen":"DEFECT","items_purchased":["Self Repair","Chill","HornCleat","Lockon"],"campfire_rested":3,"item_purchase_floors":[2,27,27,30],"current_hp_per_floor":[64,64,70,70,75,75,42,42,42,42,42,42,42,48,70,67,73,61,4,4,4,11,35,36,25,25,40,40,47,62,43,67,52,75,69,69,82,82,41,41,16,25,25,0,0],"gold":283,"neow_bonus":"TRANSFORM_CARD","is_daily":false,"chose_seed":false,"campfire_upgraded":4,"win_rate":0.0,"timestamp":1613532463,"path_taken":["M","$","M","?","M","R","E","R","T","R","?","?","E","M","R","BOSS","M","?","?","?","?","R","M","E","T","$","M","?","$","E","R","BOSS","M","?","M","M","?","R","M","M","T","M"],"items_purchased_type":["Card","Card","Relic","Card"],"build_version":"2020-12-22","purchased_purges":1,"victory":false,"max_hp_per_floor":[75,75,75,75,75,75,75,75,75,75,75,75,75,75,75,75,75,75,75,75,75,82,82,82,82,82,82,82,82,82,82,82,82,82,82,82,82,82,82,82,82,82,82,82,82],"card_choices":[{"not_picked":["Hello World","Fusion"],"picked":"Storm","floor":1.0},{"not_picked":["Turbo","Ball Lightning"],"picked":"White Noise","floor":3.0},{"not_picked":["Turbo","Chaos"],"picked":"White Noise","floor":5.0},{"not_picked":["FTL","Ball Lightning"],"picked":"Biased Cognition","floor":7.0},{"not_picked":["Undo","BootSequence"],"picked":"Force Field","floor":12.0},{"not_picked":["Chill","Ball Lightning"],"picked":"Capacitor","floor":13.0},{"not_picked":["Conserve Battery","Stack"],"picked":"Auto Shields","floor":14.0},{"not_picked":["Reboot","Fission"],"picked":"Machine Learning","floor":16.0},{"not_picked":["Coolheaded","Turbo"],"picked":"Storm","floor":18.0},{"not_picked":["Sunder","Steam"],"picked":"Loop","floor":19},{"not_picked":["Static Discharge","Redo"],"picked":"Leap","floor":24},{"not_picked":["Rebound","Sweeping Beam","Gash"],"picked":"SKIP","floor":25},{"not_picked":["Aggregate","Cold Snap","Melter"],"picked":"Loop","floor":28},{"not_picked":["Turbo","Gash","Stack"],"picked":"Amplify","floor":29},{"not_picked":["Gash","Rebound","Coolheaded+1"],"picked":"Amplify","floor":31},{"not_picked":["Scrape","Heatsinks","Darkness"],"picked":"Leap+1","floor":32},{"not_picked":["Fission","Biased Cognition","Machine Learning"],"picked":"Echo Form","floor":33},{"not_picked":["Redo+1","Conserve Battery","Hello World"],"picked":"Self Repair","floor":35},{"not_picked":["Leap","Beam Cell","White Noise","Conserve Battery"],"picked":"SKIP","floor":37},{"not_picked":["Scrape","Steam","Go for the Eyes"],"picked":"Chill","floor":38},{"not_picked":["Streamline+1","Self Repair","Ball Lightning","Tempest+1"],"picked":"SKIP","floor":39},{"not_picked":["Scrape","Rebound","Tempest","Hologram"],"picked":"SKIP","floor":41},{"not_picked":["Skim","Stack+1","Compile Driver","Coolheaded+1"],"picked":"SKIP","floor":42}],"player_experience":433154,"relics_obtained":[{"floor":7.0,"key":"The Courier"},{"floor":9.0,"key":"Anchor"},{"floor":13.0,"key":"Pen Nib"},{"floor":19,"key":"Red Mask"},{"floor":21,"key":"MealTicket"},{"floor":25,"key":"Question Card"},{"floor":26,"key":"Dream Catcher"},{"floor":31,"key":"Blood Vial"},{"floor":43,"key":"Art of War"}],"event_choices":[{"damage_healed":0.0,"max_hp_gain":0.0,"max_hp_loss":0.0,"gold_gain":0.0,"event_name":"Living Wall","player_choice":"Grow","floor":4.0,"gold_loss":0.0,"damage_taken":0.0,"cards_upgraded":["Storm"]},{"damage_healed":0.0,"max_hp_gain":0.0,"max_hp_loss":0.0,"gold_gain":0.0,"event_name":"Match and Keep!","player_choice":"0 cards matched","floor":11.0,"gold_loss":0.0,"damage_taken":0.0,"cards_obtained":[]},{"damage_healed":0,"gold_gain":0,"player_choice":"Fought Bandits","damage_taken":0,"max_hp_gain":0,"max_hp_loss":0,"event_name":"Masked Bandits","floor":19,"gold_loss":0},{"damage_healed":0,"gold_gain":0,"cards_transformed":["Strike_B","Strike_B"],"player_choice":"Became Test Subject","damage_taken":0,"max_hp_gain":0,"max_hp_loss":0,"event_name":"Drug Dealer","floor":20,"gold_loss":0,"cards_obtained":["Go for the Eyes","Turbo"]},{"damage_healed":0,"gold_gain":0,"player_choice":"Obtained Relic","damage_taken":0,"relics_obtained":["Strawberry"],"max_hp_gain":0,"max_hp_loss":0,"event_name":"Addict","floor":22,"gold_loss":85},{"cards_removed":["Dualcast"],"damage_healed":0,"gold_gain":0,"player_choice":"Offered Basic","damage_taken":0,"max_hp_gain":0,"max_hp_loss":0,"event_name":"Bonfire Elementals","floor":36,"gold_loss":0}],"is_beta":false,"boss_relics":[{"not_picked":["Ectoplasm","Fusion Hammer","Runic Pyramid"]},{"not_picked":["Calling Bell","Empty Cage"],"picked":"Philosopher\u0027s Stone"}],"items_purged_floors":[27],"is_endless":false,"potions_floor_spawned":[1,7,12,16,18,24,25,29,39,41],"killed_by":"4 Shapes","ascension_level":12}}