{"host":"test","time":1613568447,"event":{"mods":["BaseMod","Colored Map","Colored Powertips","Minty Spire (QoL Compilation)","Relic Stats","SpireBot","StSLib","ojb\u0027s Better Paths Mod","ojb\u0027s Info Mod"],"gold_per_floor":[109,109,122,135,151,151,182,182,182,232,259,274,274,15,15,88,88,98,111,111,23,23,23,52,52,52,81,100,110,25,25,25,101,101,112,124,136,136,150,179,179,209,209,209,221,221,246,3,3,3,3,3],"floor_reached":51,"language":"JPN","playtime":3039,"items_purged":["Strike_R"],"score":1791,"play_id":"4b7ff7eb-555b-4f32-9e42-f2f3005026bf","local_time":"20210217222727","is_ascension_mode":true,"campfire_choices":[{"floor":6.0,"key":"REST"},{"floor":8.0,"key":"REST"},{"data":"Bash","floor":13.0,"key":"SMITH"},{"data":"Disarm","floor":15.0,"key":"SMITH"},{"data":"Corruption","floor":23.0,"key":"SMITH"},{"floor":25.0,"key":"REST"},{"data":"Barricade","floor":32.0,"key":"SMITH"},{"data":"Ghostly","floor":41,"key":"SMITH"},{"floor":44,"key":"RECALL"},{"data":"Ghostly","floor":49,"key":"SMITH"}],"circlet_count":0,"master_deck":["AscendersBane","Strike_R","Strike_R","Strike_R","Defend_R","Defend_R","Defend_R+1","Defend_R+1","Bash+1","CurseOfTheBell","Anger","Cleave","Twin Strike","Iron Wave","Hemokinesis","Fiend Fire","Second Wind","Barricade+1","Disarm+1","Corruption+1","Feel No Pain+1","Flame Barrier","Seeing Red","Shrug It Off+1","Pommel Strike+1","Impervious","Ghostly+1","Ghostly+1","Ghostly","Offering","Armaments+1","True Grit","Body Slam+1","Shrug It Off","Flame Barrier","Madness","Madness"],"relics":["Calling Bell","Toy Ornithopter","Question Card","Unceasing Top","Strawberry","Ice Cream","Runic Pyramid","Blood Vial","Bottled Lightning","Molten Egg 2","Matryoshka","Runic Dome","Mercury Hourglass","Orichalcum","Regal Pillow","Pear","Torii","ClockworkSouvenir"],"acts_visited":["TheCity","TheBeyond"],"potions_floor_usage":[51],"damage_taken":[{"damage":14.0,"enemies":"Jaw Worm","floor":1.0,"turns":4.0},{"damage":10.0,"enemies":"2 Louse","floor":3.0,"turns":2.0},{"damage":0.0,"enemies":"Cultist","floor":4.0,"turns":4.0},{"damage":13.0,"enemies":"Large Slime","floor":5.0,"turns":5.0},{"damage":24.0,"enemies":"Lagavulin","floor":7.0,"turns":7.0},{"damage":19.0,"enemies":"3 Sentries","floor":11.0,"turns":6.0},{"damage":21.0,"enemies":"Gremlin Gang","floor":12.0,"turns":5.0},{"damage":9.0,"enemies":"Hexaghost","floor":16.0,"turns":12.0},{"damage":9.0,"enemies":"3 Byrds","floor":18.0,"turns":7.0},{"damage":19.0,"enemies":"Shell Parasite","floor":19.0,"turns":3.0},{"damage":16.0,"enemies":"Book of Stabbing","floor":24.0,"turns":7.0},{"damage":31.0,"enemies":"Gremlin Leader","floor":27.0,"turns":8.0},{"damage":5.0,"enemies":"Snake Plant","floor":28.0,"turns":6.0},{"damage":7.0,"enemies":"Centurion and Healer","floor":29.0,"turns":7.0},{"damage":3.0,"enemies":"Collector","floor":33.0,"turns":10.0},{"damage":0.0,"enemies":"Orb Walker","floor":35.0,"turns":4.0},{"damage":7.0,"enemies":"3 Darklings","floor":36.0,"turns":7.0},{"damage":0.0,"enemies":"Maw","floor":37.0,"turns":7.0},{"damage":1.0,"enemies":"Transient","floor":39.0,"turns":6.0},{"damage":10,"enemies":"Nemesis","floor":40,"turns":7},{"damage":6,"enemies":"Giant Head","floor":42,"turns":4},{"damage":0,"enemies":"Sphere and 2 Shapes","floor":45,"turns":8},{"damage":3,"enemies":"Reptomancer","floor":47,"turns":7},{"damage":20,"enemies":"Donu and Deca","floor":50,"turns":9},{"damage":21,"enemies":"Time Eater","floor":51,"turns":1}],"seed_played":"-1236980436344121083","potions_obtained":[{"floor":1.0,"key":"GamblersBrew"},{"floor":5.0,"key":"LiquidMemories"},{"floor":7.0,"key":"LiquidMemories"},{"floor":16.0,"key":"SteroidPotion"},{"floor":24.0,"key":"Swift Potion"},{"floor":33.0,"key":"EssenceOfSteel"},{"floor":36.0,"key":"DuplicationPotion"},{"floor":45,"key":"DuplicationPotion"}],"is_trial":false,"path_per_floor":["M","?","M","M","M","R","E","R","T","?","E","M","R","$","R","B",null,"M","M","$","$","?","R","E","R","T","E","M","M","?","?","R","B",null,"M","M","M","?","M","E","R","E","T","R","M","?","E","$","R","B","B"],"character_chosen":"IRONCLAD","items_purchased":["Barricade","Disarm","BloodPotion","FearPotion","Seeing Red","ClockworkSouvenir"],"campfire_rested":3,"item_purchase_floors":[14,14,14,14,21,48],"current_hp_per_floor":[54,31,21,21,13,35,23,47,47,39,25,4,4,4,4,21,67,58,39,39,39,39,39,23,47,47,23,20,15,15,15,15,19,36,38,33,35,35,36,28,28,24,34,34,36,27,26,26,26,8,0,0],"gold":3,"neow_bonus":"BOSS_RELIC","is_daily":false,"chose_seed":true,"campfire_upgraded":6,"win_rate":0.0,"timestamp":1613568447,"path_taken":["M","?","M","M","M","R","E","R","T","?","E","M","R","$","R","BOSS","M","M","?","$","?","R","E","R","T","E","?","M","?","?","R","BOSS","M","M","M","?","M","E","R","E","T","R","?","?","E","$","R","BOSS","BOSS"],"items_purchased_type":["Card","Card","Potion","Potion","Card","Relic"],"build_version":"2020-12-18","purchased_purges":1,"victory":false,"max_hp_per_floor":[75,75,75,75,75,75,82,82,82,82,82,82,82,82,82,82,82,82,82,82,82,82,82,82,82,82,82,82,82,82,41,41,41,41,41,41,41,41,41,41,41,41,51,51,51,51,51,51,51,51,51,51],"relic_stats":{"Blood Vial":28,"Regal Pillow":0,"Torii":0,"counters":[25,153],"Orichalcum":[6],"Question Card":23,"obtain_stats":[{"Ice Cream":11,"Regal Pillow":43,"Pear":43,"Torii":47,"Orichalcum":42,"Question Card":0,"Burning Blood":0,"Mercury Hourglass":40,"ClockworkSouvenir":48,"Calling Bell":0,"Blood Vial":24,"Runic Dome":34,"Matryoshka":30,"Strawberry":7,"Molten Egg 2":27,"Bottled Lightning":26,"Toy Ornithopter":0,"Unceasing Top":0,"Runic Pyramid":17},{"Ice Cream":6,"Regal Pillow":21,"Pear":21,"Torii":23,"Orichalcum":21,"Question Card":0,"Burning Blood":0,"Mercury Hourglass":20,"ClockworkSouvenir":23,"Calling Bell":0,"Blood Vial":11,"Runic Dome":15,"Matryoshka":14,"Strawberry":5,"Molten Egg 2":12,"Bottled Lightning":11,"Toy Ornithopter":0,"Unceasing Top":0,"Runic Pyramid":8},{"Ice Cream":28,"Regal Pillow":128,"Pear":128,"Torii":143,"Orichalcum":128,"Question Card":0,"Burning Blood":0,"Mercury Hourglass":124,"ClockworkSouvenir":143,"Calling Bell":0,"Blood Vial":62,"Runic Dome":93,"Matryoshka":83,"Strawberry":22,"Molten Egg 2":70,"Bottled Lightning":62,"Toy Ornithopter":0,"Unceasing Top":0,"Runic Pyramid":45}],"Toy Ornithopter":40,"Unceasing Top":[55],"Mercury Hourglass":[105]},"card_choices":[{"not_picked":["Twin Strike","True Grit","Evolve"],"picked":"Anger","floor":1.0},{"not_picked":["Heavy Blade","Thunderclap","Fire Breathing"],"picked":"Cleave","floor":3.0},{"not_picked":["Dropkick","Clash","Warcry"],"picked":"Twin Strike","floor":4.0},{"not_picked":["Twin Strike","Reckless Charge","True Grit"],"picked":"Iron Wave","floor":5.0},{"not_picked":["Pommel Strike","Limit Break","Warcry"],"picked":"Hemokinesis","floor":7.0},{"not_picked":["Flex","Headbutt","Iron Wave"],"picked":"Fiend Fire","floor":11.0},{"not_picked":["Iron Wave","Anger","Sword Boomerang"],"picked":"Second Wind","floor":12.0},{"not_picked":["Barricade","Juggernaut","Feed"],"picked":"Corruption","floor":16.0},{"not_picked":["Rupture","Battle Trance+1","Heavy Blade"],"picked":"Feel No Pain+1","floor":18.0},{"not_picked":["Pommel Strike","Havoc","Twin Strike"],"picked":"Flame Barrier","floor":19.0},{"not_picked":["True Grit","Sever Soul","Carnage"],"picked":"Shrug It Off+1","floor":24.0},{"not_picked":["Sever Soul+1","Clothesline+1","Carnage+1"],"picked":"Pommel Strike+1","floor":27.0},{"not_picked":["Thunderclap+1","Twin Strike+1","Cleave+1","Clothesline+1"],"picked":"SKIP","floor":28.0},{"not_picked":["Thunderclap+1","Twin Strike+1","Cleave+1","Clothesline+1"],"picked":"SKIP","floor":28.0},{"not_picked":["Thunderclap+1","Flex","Twin Strike+1"],"picked":"Impervious","floor":29.0},{"not_picked":["Brutality","Impervious","Corruption"],"picked":"Offering","floor":33.0},{"not_picked":["Iron Wave+1","Pommel Strike+1","Clothesline+1"],"picked":"Armaments","floor":35.0},{"not_picked":["Cleave+1","Seeing Red","Bludgeon+1"],"picked":"True Grit","floor":36.0},{"not_picked":["Whirlwind+1","Armaments","Heavy Blade+1"],"picked":"Body Slam+1","floor":37.0},{"not_picked":["Fire Breathing","Havoc","Cleave+1"],"picked":"Shrug It Off","floor":39.0},{"not_picked":["Armaments","Hemokinesis+1","Wild Strike+1","Sever Soul+1"],"picked":"SKIP","floor":40},{"not_picked":["Armaments","Hemokinesis+1","Wild Strike+1","Sever Soul+1"],"picked":"SKIP","floor":40},{"not_picked":["Ghostly Armor","Twin Strike+1","Blood for Blood+1"],"picked":"Flame Barrier","floor":42},{"not_picked":["Cleave+1","Hemokinesis+1","Wild Strike+1","Havoc"],"picked":"SKIP","floor":45},{"not_picked":["Anger+1","Limit Break","Twin Strike+1","Clothesline+1"],"picked":"SKIP","floor":47}],"player_experience":2059864,"relics_obtained":[{"floor":0.0,"key":"Toy Ornithopter"},{"floor":0.0,"key":"Question Card"},{"floor":0.0,"key":"Unceasing Top"},{"floor":7.0,"key":"Strawberry"},{"floor":11.0,"key":"Ice Cream"},{"floor":24.0,"key":"Blood Vial"},{"floor":26.0,"key":"Bottled Lightning"},{"floor":27.0,"key":"Molten Egg 2"},{"floor":40,"key":"Mercury Hourglass"},{"floor":42,"key":"Orichalcum"},{"floor":43,"key":"Regal Pillow"},{"floor":43,"key":"Pear"},{"floor":47,"key":"Torii"}],"event_choices":[{"damage_healed":0.0,"max_hp_gain":0.0,"max_hp_loss":0.0,"gold_gain":0.0,"event_name":"Shining Light","player_choice":"Entered Light","floor":2.0,"gold_loss":0.0,"damage_taken":23.0,"cards_upgraded":["Defend_R","Defend_R"]},{"damage_healed":0.0,"max_hp_gain":0.0,"max_hp_loss":0.0,"gold_gain":50.0,"event_name":"FaceTrader","player_choice":"Touch","floor":10.0,"gold_loss":0.0,"damage_taken":8.0},{"cards_removed":["Strike_R"],"damage_healed":0.0,"max_hp_gain":0.0,"max_hp_loss":0.0,"gold_gain":0.0,"event_name":"Purifier","player_choice":"Purged","floor":22.0,"gold_loss":0.0,"damage_taken":0.0},{"damage_healed":0.0,"max_hp_gain":0.0,"max_hp_loss":0.0,"gold_gain":0.0,"event_name":"Addict","player_choice":"Obtained Relic","floor":30.0,"gold_loss":85.0,"damage_taken":0.0,"relics_obtained":["Matryoshka"]},{"damage_healed":0.0,"max_hp_gain":0.0,"max_hp_loss":41.0,"gold_gain":0.0,"event_name":"Ghosts","player_choice":"Became a Ghost","floor":31.0,"gold_loss":0.0,"damage_taken":0.0,"cards_obtained":["Ghostly","Ghostly","Ghostly"]},{"damage_healed":0.0,"max_hp_gain":0.0,"max_hp_loss":0.0,"gold_gain":0.0,"event_name":"Accursed Blacksmith","player_choice":"Forge","floor":38.0,"gold_loss":0.0,"damage_taken":0.0,"cards_upgraded":["Armaments"]},{"damage_healed":0,"gold_gain":0,"player_choice":"Embrace Madness","damage_taken":9,"max_hp_gain":0,"max_hp_loss":0,"event_name":"Winding Halls","floor":46,"gold_loss":0,"cards_obtained":["Madness","Madness"]}],"is_beta":true,"boss_relics":[{"not_picked":["Cursed Key","Tiny House"],"picked":"Runic Pyramid"},{"not_picked":["SlaversCollar","Runic Cube"],"picked":"Runic Dome"}],"items_purged_floors":[48],"is_endless":false,"potions_floor_spawned":[1,5,7,16,24,33,36,39,45,47],"killed_by":"Time Eater","ascension_level":20}}