{"host":"dyzdf8svqmiivg97","time":1613556947,"event":{"mods":["AchievementEnabler","BaseMod","Colored Map","DeckTracker","Minty Spire (QoL Compilation)","Quick Restart","Rare Cards Sparkle","SuperFastMode"],"gold_per_floor":[118,128,141,141,141,141,156,156,179,193,193,203,128,208,208,305,305,323,98,23,41,56,82,82,109,109,109,134,151,101,112,112,212,212,232,90,142,155,174,174,189,189,189,215,90,110,127,145,145,145],"floor_reached":51,"language":"KOR","playtime":2002,"items_purged":["Defend_P","Strike_P","Clumsy"],"score":1138,"play_id":"c90f2dda-9509-4cd7-b593-06d1ca434388","local_time":"20210217191547","is_ascension_mode":true,"campfire_choices":[{"data":"Eruption","floor":6,"key":"SMITH"},{"data":"EmptyFist","floor":8,"key":"SMITH"},{"floor":11,"key":"REST"},{"data":"Adaptation","floor":15,"key":"SMITH"},{"data":"MentalFortress","floor":27,"key":"SMITH"},{"floor":32,"key":"REST"},{"data":"Adaptation","floor":40,"key":"SMITH"},{"data":"Vault","floor":42,"key":"SMITH"},{"floor":49,"key":"REST"}],"circlet_count":0,"master_deck":["Strike_P+1","Defend_P+1","Defend_P","Defend_P","Eruption+1","Vigilance","Flash of Steel","MentalFortress","Adaptation+1","EmptyFist+1","Vault+1","CrushJoints","MentalFortress+1","Tantrum","Scrawl","EmptyMind","Adaptation+1","FearNoEvil"],"relics":["HolyWater","Anchor","White Beast Statue","Cursed Key","Bag of Preparation","Girya","Incense Burner","Shuriken","Unceasing Top","Gremlin Horn","Turnip"],"acts_visited":["Exordium","TheCity","TheBeyond"],"potions_floor_usage":[23,28,28,29,31,33,37,37,37,39,44,50],"damage_taken":[{"damage":11,"enemies":"Jaw Worm","floor":1,"turns":6},{"damage":0,"enemies":"2 Louse","floor":2,"turns":1},{"damage":0,"enemies":"Cultist","floor":3,"turns":2},{"damage":5,"enemies":"Looter","floor":7,"turns":3},{"damage":6,"enemies":"3 Louse","floor":10,"turns":3},{"damage":0,"enemies":"Gremlin Gang","floor":12,"turns":4},{"damage":15,"enemies":"The Guardian","floor":16,"turns":9},{"damage":0,"enemies":"Chosen","floor":18,"turns":4},{"damage":0,"enemies":"Shell Parasite","floor":21,"turns":2},{"damage":1,"enemies":"Centurion and Healer","floor":22,"turns":4},{"damage":0,"enemies":"Slavers","floor":23,"turns":5},{"damage":24,"enemies":"Gremlin Leader","floor":25,"turns":7},{"damage":1,"enemies":"Slavers","floor":28,"turns":8},{"damage":0,"enemies":"Shelled Parasite and Fungi","floor":29,"turns":4},{"damage":0,"enemies":"3 Cultists","floor":31,"turns":5},{"damage":1,"enemies":"Automaton","floor":33,"turns":6},{"damage":0,"enemies":"3 Shapes","floor":35,"turns":3},{"damage":21,"enemies":"2 Orb Walkers","floor":37,"turns":3},{"damage":0,"enemies":"Orb Walker","floor":38,"turns":2},{"damage":15,"enemies":"Maw","floor":39,"turns":5},{"damage":0,"enemies":"Jaw Worm Horde","floor":41,"turns":2},{"damage":0,"enemies":"Nemesis","floor":44,"turns":5},{"damage":0,"enemies":"Spire Growth","floor":46,"turns":3},{"damage":4,"enemies":"4 Shapes","floor":47,"turns":3},{"damage":0,"enemies":"Maw","floor":48,"turns":3},{"damage":0,"enemies":"Donu and Deca","floor":50,"turns":6}],"seed_played":"5976812652399704939","potions_obtained":[{"floor":1,"key":"Block Potion"},{"floor":7,"key":"GamblersBrew"},{"floor":12,"key":"Energy Potion"},{"floor":18,"key":"LiquidMemories"},{"floor":22,"key":"Fire Potion"},{"floor":23,"key":"ColorlessPotion"},{"floor":28,"key":"Block Potion"},{"floor":29,"key":"StancePotion"},{"floor":31,"key":"Ambrosia"},{"floor":33,"key":"EssenceOfSteel"},{"floor":35,"key":"EssenceOfSteel"},{"floor":37,"key":"BlessingOfTheForge"},{"floor":38,"key":"StancePotion"},{"floor":39,"key":"FairyPotion"},{"floor":41,"key":"PowerPotion"},{"floor":44,"key":"Energy Potion"},{"floor":46,"key":"LiquidMemories"}],"is_trial":false,"path_per_floor":["M","M","M","?","?","R","M","R","T","M","R","M","$","T","R","B",null,"M","$","?","M","M","E","?","E","T","R","E","M","?","M","R","B",null,"M","$","?","M","M","R","M","R","T","E","$","M","M","M","R","B",null],"character_chosen":"WATCHER","items_purchased":["CrushJoints","MentalFortress","Adaptation","FearNoEvil"],"campfire_rested":3,"item_purchase_floors":[19,19,36,36],"current_hp_per_floor":[54,54,54,47,33,33,28,28,28,22,43,43,43,43,43,28,61,61,61,61,61,60,60,60,36,36,36,35,35,35,35,56,55,68,68,68,47,47,32,32,32,32,32,32,32,32,28,28,49,49],"gold":145,"neow_bonus":"RANDOM_COLORLESS","is_daily":false,"chose_seed":false,"campfire_upgraded":6,"win_rate":0.0,"timestamp":1613556947,"path_taken":["M","M","M","?","?","R","M","R","T","M","R","M","$","?","R","BOSS","M","$","?","M","M","E","?","E","T","R","E","M","?","?","R","BOSS","M","$","?","M","M","R","M","R","T","E","$","M","M","M","R","BOSS"],"items_purchased_type":["Card","Card","Card","Card"],"build_version":"2020-12-22","purchased_purges":3,"victory":true,"max_hp_per_floor":[72,72,72,72,72,72,72,72,72,72,72,72,72,72,72,72,72,72,72,72,72,72,72,72,72,72,72,72,72,72,72,72,72,72,72,72,72,72,72,72,72,72,72,72,72,72,72,72,72,72],"card_choices":[{"not_picked":["Panacea","Good Instincts"],"picked":"Flash of Steel","floor":0},{"not_picked":["Protect","SashWhip"],"picked":"MentalFortress","floor":1},{"not_picked":["Swivel","EmptyBody"],"picked":"Adaptation","floor":2},{"not_picked":["Conclude","Protect","BowlingBash"],"picked":"SKIP","floor":3},{"not_picked":["EmptyBody","Worship"],"picked":"EmptyFist","floor":7},{"not_picked":["BowlingBash","JustLucky","EmptyBody"],"picked":"SKIP","floor":10},{"not_picked":["BowlingBash","MasterReality","Prostrate"],"picked":"SKIP","floor":12},{"not_picked":["DevaForm","Brilliance"],"picked":"Vault","floor":16},{"not_picked":["FlyingSleeves","BowlingBash+1","PathToVictory"],"picked":"SKIP","floor":18},{"not_picked":["EmptyMind+1","Crescendo","Sanctity"],"picked":"SKIP","floor":21},{"not_picked":["Halt","EmptyFist","CutThroughFate"],"picked":"SKIP","floor":22},{"not_picked":["BowlingBash","CutThroughFate+1","Evaluate+1"],"picked":"SKIP","floor":23},{"not_picked":["BattleHymn+1","ThirdEye","JustLucky+1"],"picked":"SKIP","floor":25},{"not_picked":["ConjureBlade","ThirdEye","FlyingSleeves"],"picked":"SKIP","floor":28},{"not_picked":["DeceiveReality+1","SashWhip","Prostrate"],"picked":"SKIP","floor":29},{"not_picked":["Crescendo","EmptyBody+1"],"picked":"Tantrum","floor":31},{"not_picked":["SpiritShield","LessonLearned"],"picked":"Scrawl","floor":33},{"not_picked":["JustLucky+1","ThirdEye"],"picked":"EmptyMind","floor":35},{"not_picked":["ClearTheMind","WaveOfTheHand","JustLucky"],"picked":"SKIP","floor":38},{"not_picked":["PathToVictory+1","BowlingBash","SpiritShield"],"picked":"SKIP","floor":39},{"not_picked":["Halt+1","Consecrate+1","ThirdEye+1"],"picked":"SKIP","floor":41},{"not_picked":["Collect","Wish","BowlingBash"],"picked":"SKIP","floor":44},{"not_picked":["Collect","Wish","BowlingBash"],"picked":"SKIP","floor":44},{"not_picked":["FollowUp","CutThroughFate+1","EmptyFist"],"picked":"SKIP","floor":46},{"not_picked":["FlurryOfBlows+1","CrushJoints+1","Evaluate+1"],"picked":"SKIP","floor":47},{"not_picked":["WaveOfTheHand","JustLucky+1","BowlingBash"],"picked":"SKIP","floor":48}],"player_experience":573686,"relics_obtained":[{"floor":9,"key":"Anchor"},{"floor":14,"key":"White Beast Statue"},{"floor":23,"key":"Bag of Preparation"},{"floor":25,"key":"Incense Burner"},{"floor":28,"key":"Shuriken"},{"floor":37,"key":"Unceasing Top"},{"floor":43,"key":"Gremlin Horn"},{"floor":44,"key":"Turnip"}],"event_choices":[{"cards_removed":["Strike_P"],"damage_healed":0,"gold_gain":0,"player_choice":"Card Removal","damage_taken":7,"max_hp_gain":0,"max_hp_loss":0,"event_name":"Golden Wing","floor":4,"gold_loss":0},{"damage_healed":0,"gold_gain":0,"player_choice":"Entered Light","damage_taken":14,"max_hp_gain":0,"max_hp_loss":0,"event_name":"Shining Light","floor":5,"gold_loss":0,"cards_upgraded":["Strike_P","Defend_P"]},{"cards_removed":["Strike_P"],"damage_healed":0,"gold_gain":0,"player_choice":"Gave Gold","damage_taken":0,"max_hp_gain":0,"max_hp_loss":0,"event_name":"Beggar","floor":20,"gold_loss":75},{"damage_healed":0,"gold_gain":0,"player_choice":"Opened","damage_taken":0,"relics_obtained":["Girya"],"max_hp_gain":0,"max_hp_loss":0,"event_name":"The Mausoleum","floor":24,"gold_loss":0},{"damage_healed":0,"gold_gain":0,"player_choice":"Bet on Owner","damage_taken":0,"max_hp_gain":0,"max_hp_loss":0,"event_name":"The Joust","floor":30,"gold_loss":50},{"damage_healed":0,"gold_gain":0,"player_choice":"Fight","damage_taken":0,"max_hp_gain":0,"max_hp_loss":0,"event_name":"Mysterious Sphere","floor":37,"gold_loss":0}],"is_beta":false,"boss_relics":[{"not_picked":["Sozu","Calling Bell"],"picked":"Cursed Key"},{"not_picked":["Runic Dome","Tiny House"],"picked":"HolyWater"}],"items_purged_floors":[13,19,45],"is_endless":false,"potions_floor_spawned":[1,7,12,16,18,21,22,23,25,28,29,31,33,35,37,38,39,41,44,46,47,48],"ascension_level":7}}