{"host":"mfgjat5rctdaqztb","time":1613584542,"event":{"mods":["100% Spire Juice","2.2 Compatiblity","AchievementEnabler","Act Like it!","Astrologer","BaseMod","Bestiary","Better Altar","Better Match","Better Note","Better Sensory Stone","Better Skull","Better Third Choice","Better Vampires","Block Reminder","Elementarium","Energized Spire","Fireblade Mod","Friendly Minions","Halation","Infinite Spire","Koishi","Mari Mod (Legacy)","Mari\u0027s V1 Patch","Menagerie","Minty Spire (QoL Compilation)","QueenMod","Quick Restart","Random Character Button","Rare Cards Sparkle","Shade Mod","Shop Mod","Somnambulant","Spicy Shops","StSLib","The Alterego","The Blackbeard","The Bladedancer","The Bug Knight","The Clintock","The Cursed","The Druid","The Florist","The Hayseed","The Hierophant","The Kombatant","The Marked","The Mystic","The Poker Player","The Runesmith","Uncapped","UnlockEverythingMod","Waifu the Spire","Wandering Minibosses","Yohane!","Yuri Mod","thorton"],"gold_per_floor":[111,124,139,37,312,343,358,358,358],"floor_reached":8,"language":"ENG","playtime":734,"items_purged":[],"score":58,"play_id":"239f3f91-2520-4ef7-9bd4-5b425f95f12b","local_time":"20210217125542","is_ascension_mode":false,"campfire_choices":[],"circlet_count":0,"master_deck":["theMarked:Strike","theMarked:Strike","theMarked:Strike","theMarked:Strike","theMarked:Strike","theMarked:Defend","theMarked:Defend","theMarked:Defend","theMarked:Defend","theMarked:SoldierOfQuellstein","theMarked:ElectricStrings","theMarked:Memento","theMarked:Polarize","theMarked:Frustration","theMarked:BanishingWave","Regret","theMarked:Aftermath","theMarked:Defy"],"relics":["theMarked:ArtifactOfAir","infinitespire:CheckeredPen"],"acts_visited":["Exordium"],"potions_floor_usage":[8],"damage_taken":[{"damage":7.0,"enemies":"2 Louse","floor":1.0,"turns":2.0},{"damage":0.0,"enemies":"Cultist","floor":2.0,"turns":3.0},{"damage":10.0,"enemies":"Jaw Worm","floor":3.0,"turns":4.0},{"damage":42.0,"enemies":"HollowMod:MossKnight","floor":6.0,"turns":14.0},{"damage":1.0,"enemies":"2 Fungi Beasts","floor":7.0,"turns":2.0},{"damage":19,"enemies":"Lagavulin","floor":8,"turns":3}],"seed_played":"8864720005053461106","potions_obtained":[{"floor":1.0,"key":"Block Potion"},{"floor":7.0,"key":"FearPotion"}],"is_trial":false,"path_per_floor":["M","M","M","$","?","E","M","E"],"character_chosen":"THE_DEFAULT","items_purchased":["theMarked:Frustration","theMarked:BanishingWave"],"campfire_rested":0,"item_purchase_floors":[4,4],"current_hp_per_floor":[72,72,62,62,62,20,19,0,0],"gold":358,"neow_bonus":"TEN_PERCENT_HP_BONUS","is_daily":false,"chose_seed":false,"campfire_upgraded":0,"win_rate":0.0,"timestamp":1613584542,"path_taken":["M","M","M","$","?","E","?","E"],"items_purchased_type":["Card","Card"],"build_version":"2020-12-22","purchased_purges":0,"victory":false,"max_hp_per_floor":[79,79,79,79,79,79,79,79,79],"card_choices":[{"not_picked":["theMarked:Determination","theMarked:Parkour"],"picked":"theMarked:ElectricStrings","floor":1.0},{"not_picked":["theMarked:Heritage","theMarked:RepellingDischarge"],"picked":"theMarked:Memento","floor":2.0},{"not_picked":["theMarked:SwordAndMagic","theMarked:Indomitable"],"picked":"theMarked:Polarize","floor":3.0},{"not_picked":["theMarked:Overcharge","theMarked:ChainLightning"],"picked":"theMarked:Aftermath","floor":6.0},{"not_picked":["theMarked:HeightenedSenses","theMarked:PowerFlow"],"picked":"theMarked:Defy","floor":7.0}],"player_experience":428734,"relics_obtained":[{"floor":6.0,"key":"infinitespire:CheckeredPen"}],"event_choices":[{"damage_healed":0.0,"max_hp_gain":0.0,"max_hp_loss":0.0,"gold_gain":275.0,"event_name":"Golden Shrine","player_choice":"Desecrate","floor":5.0,"gold_loss":0.0,"damage_taken":0.0,"cards_obtained":["Regret"]}],"is_beta":false,"boss_relics":[],"items_purged_floors":[],"is_endless":false,"potions_floor_spawned":[1,7],"killed_by":"Lagavulin","ascension_level":0}}