{"host":"8eqe2o2g03nh9rfw","time":1613588103,"event":{"mods":["AchievementEnabler","AlwaysNeverKeys","BaseMod","Better Third Choice","Block Reminder","Colored Map","Colored Powertips","GifTheSpireLib","Minty Spire (QoL Compilation)","Permanent Neow","Quick Restart","StSLib","Weighted Paths"],"gold_per_floor":[17,35,14,33,43,43,73,73,73,93,93,110,122,136,136,136,136],"floor_reached":16,"language":"ENG","playtime":574,"items_purged":[],"score":106,"play_id":"c38b0515-bfad-4b91-975b-577bb58b1ac3","local_time":"20210217135503","is_ascension_mode":false,"campfire_choices":[{"floor":6,"key":"REST"},{"floor":8,"key":"RECALL"},{"floor":11,"key":"REST"},{"floor":15,"key":"REST"}],"circlet_count":0,"master_deck":["Strike_R","Strike_R","Strike_R","Strike_R","Strike_R","Defend_R","Defend_R","Defend_R","Defend_R","Bash","Sadistic Nature","Inflame","Cleave","Flex","Rupture","Wild Strike","Evolve","Infernal Blade","Inflame","Evolve"],"relics":["Burning Blood","betterThird:SlimedRelic","Calipers","Paper Frog"],"acts_visited":["Exordium"],"potions_floor_usage":[14,14,14],"damage_taken":[{"damage":0,"enemies":"Cultist","floor":1,"turns":4},{"damage":12,"enemies":"2 Louse","floor":2,"turns":4},{"damage":12,"enemies":"Small Slimes","floor":4,"turns":4},{"damage":4,"enemies":"Exordium Wildlife","floor":5,"turns":3},{"damage":40,"enemies":"3 Sentries","floor":7,"turns":8},{"damage":28,"enemies":"Exordium Thugs","floor":10,"turns":5},{"damage":11,"enemies":"Blue Slaver","floor":12,"turns":5},{"damage":30,"enemies":"Large Slime","floor":13,"turns":6},{"damage":18,"enemies":"Exordium Wildlife","floor":14,"turns":5},{"damage":32,"enemies":"The Guardian","floor":16,"turns":2}],"seed_played":"-6285561875590558215","potions_obtained":[{"floor":5,"key":"Ancient Potion"},{"floor":7,"key":"Weak Potion"},{"floor":10,"key":"Weak Potion"},{"floor":12,"key":"EssenceOfSteel"},{"floor":13,"key":"Fire Potion"}],"is_trial":false,"path_per_floor":["M","M","?","M","M","R","E","R","T","M","R","M","M","M","R","B"],"character_chosen":"IRONCLAD","items_purchased":[],"campfire_rested":3,"item_purchase_floors":[],"current_hp_per_floor":[80,74,63,57,59,80,46,46,46,24,48,43,19,7,31,0,0],"gold":136,"neow_bonus":"RANDOM_COLORLESS_2","is_daily":false,"chose_seed":false,"campfire_upgraded":0,"win_rate":0.0,"timestamp":1613588103,"path_taken":["M","M","?","M","M","R","E","R","T","M","R","M","M","M","R","BOSS"],"items_purchased_type":[],"build_version":"2020-12-22","purchased_purges":0,"victory":false,"max_hp_per_floor":[80,80,80,80,80,80,80,80,80,80,80,80,80,80,80,80,80],"card_choices":[{"not_picked":["Secret Technique","Transmutation"],"picked":"Sadistic Nature","floor":0},{"not_picked":["Iron Wave","Shrug It Off"],"picked":"Inflame","floor":1},{"not_picked":["Iron Wave","Headbutt"],"picked":"Cleave","floor":2},{"not_picked":["Blood for Blood","Iron Wave"],"picked":"Flex","floor":4},{"not_picked":["Battle Trance","Dropkick"],"picked":"Rupture","floor":5},{"not_picked":["Second Wind","Whirlwind"],"picked":"Wild Strike","floor":7},{"not_picked":["Pommel Strike","Clothesline"],"picked":"Evolve","floor":10},{"not_picked":["Armaments","Dark Embrace"],"picked":"Infernal Blade","floor":12},{"not_picked":["Pummel","Offering"],"picked":"Inflame","floor":13},{"not_picked":["Sword Boomerang","Shrug It Off"],"picked":"Evolve","floor":14}],"player_experience":141027,"relics_obtained":[{"floor":7,"key":"Calipers"},{"floor":9,"key":"Paper Frog"}],"event_choices":[{"damage_healed":0,"gold_gain":0,"player_choice":"Slimed","damage_taken":11,"max_hp_gain":0,"max_hp_loss":0,"event_name":"betterThird:BetterGoop","floor":3,"gold_loss":21}],"is_beta":false,"boss_relics":[],"items_purged_floors":[],"is_endless":false,"potions_floor_spawned":[5,7,10,12,13],"killed_by":"The Guardian","ascension_level":0}}