{"host":"o7j6aatxjwpw1421","time":1613574921,"event":{"mods":["2.2 Compatiblity","AchievementEnabler","BaseMod","Colored Map","DeckTracker","Highlight Path","Keyboard Shortcuts","Minty Spire (QoL Compilation)","Permanent Neow","Quick Restart","StSLib","SuperFastMode","everything is the same but u backflip on backflip"],"gold_per_floor":[116,116,116,136,21,21,33,33,33,48,48,48,61,86,86,187,187,199,199,99,99,118,118,118,128,128,91,104,115,115,134,134,231,231,243,118,118,137,152,152,170,170,197,197,232,244,256,256,256,256,256,256,106,136,136],"floor_reached":56,"language":"KOR","playtime":2513,"items_purged":["Strike_P","SignatureMove","Strike_P","Vigilance+1"],"score":1494,"play_id":"2525ee43-5ad0-4b7d-b05f-d294ba1af908","local_time":"20210218001521","is_ascension_mode":false,"campfire_choices":[{"data":"Eruption","floor":6.0,"key":"SMITH"},{"data":"Adaptation","floor":8.0,"key":"SMITH"},{"data":"Vigilance","floor":15.0,"key":"SMITH"},{"floor":23.0,"key":"RECALL"},{"floor":32.0,"key":"REST"},{"data":"Scrawl","floor":40.0,"key":"SMITH"},{"data":"InnerPeace","floor":49,"key":"SMITH"},{"floor":52,"key":"REST"}],"circlet_count":0,"master_deck":["Eruption+1","Adaptation+1","MentalFortress+1","InnerPeace+1"],"relics":["Empty Cage"],"acts_visited":["Exordium","TheCity","TheBeyond","TheEnding"],"potions_floor_usage":[50,50],"damage_taken":[{"damage":0.0,"enemies":"Jaw Worm","floor":1.0,"turns":2.0},{"damage":2.0,"enemies":"Small Slimes","floor":4.0,"turns":3.0},{"damage":0.0,"enemies":"Cultist","floor":7.0,"turns":4.0},{"damage":19.0,"enemies":"Large Slime","floor":10.0,"turns":6.0},{"damage":0.0,"enemies":"2 Fungi Beasts","floor":13.0,"turns":2.0},{"damage":1.0,"enemies":"The Guardian","floor":16.0,"turns":11.0},{"damage":6.0,"enemies":"2 Thieves","floor":18.0,"turns":3.0},{"damage":0.0,"enemies":"Chosen","floor":22.0,"turns":3.0},{"damage":10.0,"enemies":"Centurion and Healer","floor":25.0,"turns":5.0},{"damage":10.0,"enemies":"Shelled Parasite and Fungi","floor":28.0,"turns":2.0},{"damage":9.0,"enemies":"Snake Plant","floor":29.0,"turns":2.0},{"damage":13.0,"enemies":"Colosseum Slavers","floor":30.0,"turns":2.0},{"damage":3.0,"enemies":"Snecko","floor":31.0,"turns":5.0},{"damage":0.0,"enemies":"Automaton","floor":33.0,"turns":2.0},{"damage":8.0,"enemies":"3 Darklings","floor":35.0,"turns":2.0},{"damage":4.0,"enemies":"3 Shapes","floor":38.0,"turns":3.0},{"damage":5.0,"enemies":"3 Darklings","floor":39.0,"turns":2.0},{"damage":0.0,"enemies":"Sphere and 2 Shapes","floor":41.0,"turns":2.0},{"damage":0.0,"enemies":"Nemesis","floor":45.0,"turns":3.0},{"damage":0.0,"enemies":"Writhing Mass","floor":46.0,"turns":5.0},{"damage":0,"enemies":"4 Shapes","floor":47,"turns":1},{"damage":0,"enemies":"Donu and Deca","floor":50,"turns":1},{"damage":0,"enemies":"Shield and Spear","floor":54,"turns":1},{"damage":41,"enemies":"The Heart","floor":55,"turns":4}],"seed_played":"2238096632486739525","potions_obtained":[{"floor":4.0,"key":"PowerPotion"},{"floor":13.0,"key":"Energy Potion"},{"floor":16.0,"key":"BottledMiracle"},{"floor":25.0,"key":"BlessingOfTheForge"},{"floor":28.0,"key":"Dexterity Potion"},{"floor":33.0,"key":"BlessingOfTheForge"},{"floor":38.0,"key":"Swift Potion"}],"is_trial":false,"path_per_floor":["M","?","?","M","$","R","M","R","T","M","?","?","M","T","R","B",null,"M","?","$","?","M","R","$","M","T","$","M","M","?","M","R","B",null,"M","$","?","M","M","R","M","?","T","?","E","M","M","?","R","B",null,"R","$","E","B",null],"character_chosen":"WATCHER","items_purchased":["Adaptation","InnerPeace"],"campfire_rested":2,"item_purchase_floors":[5,27],"current_hp_per_floor":[72,72,72,70,70,70,70,70,70,51,56,49,49,49,49,48,77,71,71,71,71,71,71,71,61,61,61,51,42,29,26,49,49,77,69,69,69,65,60,60,60,60,60,60,60,60,60,60,60,60,73,73,73,73,32],"gold":136,"neow_bonus":"BOSS_RELIC","is_daily":false,"chose_seed":true,"campfire_upgraded":5,"win_rate":0.0,"timestamp":1613574921,"path_taken":["M","?","?","M","$","R","?","R","T","M","?","?","M","?","R","BOSS","M","?","?","?","M","R","?","?","T","$","M","?","?","M","R","BOSS","M","$","?","M","M","R","M","?","T","?","E","M","M","?","R","BOSS","R","$","E","BOSS"],"items_purchased_type":["Card","Card"],"build_version":"2020-12-22","purchased_purges":4,"victory":true,"max_hp_per_floor":[72,72,72,72,72,72,72,72,72,72,77,77,77,77,77,77,77,77,77,77,77,77,77,77,77,77,77,77,77,77,77,77,77,77,77,77,77,77,77,77,77,73,73,73,73,73,73,73,73,73,73,73,73,73,73],"card_choices":[{"not_picked":["FollowUp","Conclude","Consecrate"],"picked":"SKIP","floor":1.0},{"not_picked":["ReachHeaven","CutThroughFate"],"picked":"TalkToTheHand","floor":4.0},{"not_picked":["Protect","JustLucky","Sanctity"],"picked":"SKIP","floor":7.0},{"not_picked":["FollowUp","FlurryOfBlows","BowlingBash"],"picked":"SKIP","floor":10.0},{"not_picked":["PathToVictory","SashWhip","EmptyFist"],"picked":"SKIP","floor":13.0},{"not_picked":["WaveOfTheHand+1","Vengeance+1"],"picked":"MentalFortress+1","floor":18.0},{"not_picked":["BowlingBash+1","Prostrate+1","CutThroughFate"],"picked":"SKIP","floor":22.0},{"not_picked":["BowlingBash+1","Prostrate+1","CutThroughFate"],"picked":"SKIP","floor":22.0},{"not_picked":["BowlingBash+1","Prostrate+1","CutThroughFate"],"picked":"SKIP","floor":22.0},{"not_picked":["Crescendo","Protect","Adaptation"],"picked":"SKIP","floor":25.0},{"not_picked":["CutThroughFate","InnerPeace","Evaluate"],"picked":"SKIP","floor":28.0},{"not_picked":["CutThroughFate","InnerPeace","Evaluate"],"picked":"SKIP","floor":28.0},{"not_picked":["JustLucky","SashWhip+1","FlurryOfBlows+1"],"picked":"SKIP","floor":29.0},{"not_picked":["FollowUp","BowlingBash","Crescendo"],"picked":"SKIP","floor":31.0},{"not_picked":["LessonLearned","Establishment"],"picked":"Scrawl","floor":33.0},{"not_picked":["Protect","CarveReality","BowlingBash"],"picked":"SKIP","floor":35.0},{"not_picked":["CutThroughFate+1","WaveOfTheHand","ThirdEye+1"],"picked":"SKIP","floor":38.0},{"not_picked":["FlurryOfBlows+1","WheelKick","ClearTheMind+1"],"picked":"SKIP","floor":39.0},{"not_picked":["FlurryOfBlows+1","WheelKick","ClearTheMind+1"],"picked":"SKIP","floor":39.0},{"not_picked":["EmptyBody","CrushJoints","JustLucky+1"],"picked":"SKIP","floor":41.0},{"not_picked":["ReachHeaven+1","SashWhip","Adaptation+1"],"picked":"SKIP","floor":45.0},{"not_picked":["ReachHeaven+1","SashWhip","Adaptation+1"],"picked":"SKIP","floor":45.0},{"not_picked":["Tantrum+1","BattleHymn+1","DeceiveReality+1"],"picked":"SKIP","floor":46.0},{"not_picked":["Swivel","SpiritShield","Consecrate+1"],"picked":"SKIP","floor":47},{"not_picked":["PathToVictory","Vengeance","EmptyBody"],"picked":"SKIP","floor":54}],"player_experience":616114,"relics_obtained":[],"event_choices":[{"damage_healed":0.0,"max_hp_gain":0.0,"max_hp_loss":0.0,"gold_gain":0.0,"event_name":"Golden Idol","player_choice":"Ignored","floor":2.0,"gold_loss":0.0,"damage_taken":0.0},{"cards_removed":["Defend_P"],"damage_healed":0.0,"max_hp_gain":0.0,"max_hp_loss":0.0,"gold_gain":0.0,"event_name":"Wheel of Change","player_choice":"Card Removal","floor":3.0,"gold_loss":0.0,"damage_taken":0.0},{"damage_healed":0.0,"max_hp_gain":5.0,"max_hp_loss":0.0,"gold_gain":0.0,"event_name":"Big Fish","player_choice":"Donut","floor":11.0,"gold_loss":0.0,"damage_taken":0.0},{"cards_removed":["Strike_P"],"damage_healed":0.0,"max_hp_gain":0.0,"max_hp_loss":0.0,"gold_gain":0.0,"event_name":"Golden Wing","player_choice":"Card Removal","floor":12.0,"gold_loss":0.0,"damage_taken":7.0},{"damage_healed":0.0,"max_hp_gain":0.0,"max_hp_loss":0.0,"gold_gain":0.0,"cards_transformed":["Defend_P"],"event_name":"Transmorgrifier","player_choice":"Transformed","floor":19.0,"gold_loss":0.0,"damage_taken":0.0,"cards_obtained":["SignatureMove"]},{"damage_healed":0.0,"max_hp_gain":0.0,"max_hp_loss":0.0,"gold_gain":0.0,"event_name":"Colosseum","player_choice":"Fight","floor":30.0,"gold_loss":0.0,"damage_taken":0.0},{"damage_healed":0.0,"max_hp_gain":0.0,"max_hp_loss":0.0,"gold_gain":0.0,"event_name":"Colosseum","player_choice":"Fled From Nobs","floor":30.0,"gold_loss":0.0,"damage_taken":0.0},{"damage_healed":0.0,"max_hp_gain":0.0,"max_hp_loss":0.0,"gold_gain":0.0,"event_name":"Colosseum","player_choice":"Fled From Nobs","floor":30.0,"gold_loss":0.0,"damage_taken":0.0},{"damage_healed":0.0,"max_hp_gain":0.0,"max_hp_loss":0.0,"gold_gain":0.0,"event_name":"Tomb of Lord Red Mask","player_choice":"Ignored","floor":37.0,"gold_loss":0.0,"damage_taken":0.0},{"damage_healed":0.0,"max_hp_gain":0.0,"max_hp_loss":4.0,"gold_gain":0.0,"event_name":"Winding Halls","player_choice":"Max HP","floor":42.0,"gold_loss":0.0,"damage_taken":0.0},{"cards_removed":["Defend_P"],"damage_healed":0.0,"max_hp_gain":0.0,"max_hp_loss":0.0,"gold_gain":0.0,"event_name":"Falling","player_choice":"Removed Skill","floor":44.0,"gold_loss":0.0,"damage_taken":0.0},{"damage_healed":0,"gold_gain":0,"player_choice":"Memory 1","damage_taken":0,"max_hp_gain":0,"max_hp_loss":0,"event_name":"SensoryStone","floor":48,"gold_loss":0}],"is_beta":false,"boss_relics":[{"not_picked":["Sozu","SacredBark","SlaversCollar"]},{"not_picked":["Tiny House","Pandora\u0027s Box","VioletLotus"]}],"items_purged_floors":[5,20,36,53],"is_endless":false,"potions_floor_spawned":[4,13,16,25,28,33,38,47],"ascension_level":0}}