{"host":"s41rn2jhghpwfrvz","time":1613605901,"event":{"mods":["BaseMod","Minty Spire (QoL Compilation)","Quick Restart","Relic Stats","SuperFastMode"],"gold_per_floor":[117,192,192,192,204,234,253,288,313,313,347,365,396,409,409,483,483,502,521,317,335,354,387,387,414,438,438,438,453,473,493,493,572,572,588,588,604,554,608,608,637,670,693,710,745,775,793,818,818,818,818,818,818,388,416,416,416],"floor_reached":56,"language":"ENG","playtime":1820,"items_purged":["Prepared","Go for the Eyes","Deflect"],"score":2409,"play_id":"bb90b9f8-1747-400e-9a97-67e26725ae49","local_time":"20210218015141","daily_mods":["SealedDeck","Diverse","DeadlyEvents"],"is_ascension_mode":true,"campfire_choices":[{"data":"Body Slam","floor":10,"key":"SMITH"},{"data":"Body Slam","floor":15,"key":"SMITH"},{"data":"Coolheaded","floor":24,"key":"SMITH"},{"data":"Adrenaline","floor":27,"key":"SMITH"},{"data":"Shrug It Off","floor":32,"key":"SMITH"},{"data":"TalkToTheHand","floor":40,"key":"SMITH"},{"floor":49,"key":"RECALL"},{"floor":53,"key":"REST"}],"circlet_count":0,"master_deck":["AscendersBane","Coolheaded+1","Skewer","Calculated Gamble","Body Slam+1","Shrug It Off","Go for the Eyes","Body Slam+1","Adrenaline+1","Shrug It Off+1","TalkToTheHand+1","Bloodletting+1"],"relics":["Burning Blood","Regal Pillow","Happy Flower","Tiny Chest","Toy Ornithopter","Darkstone Periapt","Bronze Scales","Busted Crown","Membership Card","Strawberry","Centennial Puzzle","Smiling Mask","Calling Bell","MealTicket","StrikeDummy","Torii","Gambling Chip","Oddly Smooth Stone","Vajra","Bag of Marbles","Art of War","Boot","Lantern","Champion Belt","Chemical X"],"acts_visited":["Exordium","TheCity","TheBeyond","TheEnding"],"potions_floor_usage":[11,16,16,22,22,33,50,50,56,56],"damage_taken":[{"damage":0,"enemies":"Cultist","floor":1,"turns":3},{"damage":3,"enemies":"Small Slimes","floor":5,"turns":3},{"damage":9,"enemies":"Lagavulin","floor":6,"turns":7},{"damage":0,"enemies":"2 Louse","floor":7,"turns":2},{"damage":29,"enemies":"3 Sentries","floor":8,"turns":10},{"damage":12,"enemies":"Gremlin Nob","floor":11,"turns":4},{"damage":0,"enemies":"Gremlin Gang","floor":12,"turns":4},{"damage":13,"enemies":"Lagavulin","floor":13,"turns":6},{"damage":11,"enemies":"Exordium Thugs","floor":14,"turns":4},{"damage":10,"enemies":"The Guardian","floor":16,"turns":10},{"damage":5,"enemies":"Spheric Guardian","floor":18,"turns":3},{"damage":3,"enemies":"Shell Parasite","floor":19,"turns":4},{"damage":6,"enemies":"Snake Plant","floor":21,"turns":4},{"damage":0,"enemies":"Chosen and Byrds","floor":22,"turns":5},{"damage":29,"enemies":"Slavers","floor":23,"turns":5},{"damage":17,"enemies":"Gremlin Leader","floor":25,"turns":4},{"damage":0,"enemies":"Centurion and Healer","floor":29,"turns":3},{"damage":0,"enemies":"Snake Plant","floor":30,"turns":2},{"damage":0,"enemies":"Shelled Parasite and Fungi","floor":31,"turns":3},{"damage":37,"enemies":"Collector","floor":33,"turns":10},{"damage":0,"enemies":"3 Shapes","floor":35,"turns":3},{"damage":0,"enemies":"Orb Walker","floor":37,"turns":2},{"damage":1,"enemies":"Reptomancer","floor":41,"turns":4},{"damage":0,"enemies":"Giant Head","floor":42,"turns":4},{"damage":0,"enemies":"Transient","floor":44,"turns":6},{"damage":0,"enemies":"Reptomancer","floor":45,"turns":6},{"damage":6,"enemies":"Giant Head","floor":46,"turns":3},{"damage":3,"enemies":"Spire Growth","floor":47,"turns":2},{"damage":9,"enemies":"Reptomancer","floor":48,"turns":3},{"damage":70,"enemies":"Time Eater","floor":50,"turns":9},{"damage":4,"enemies":"Donu and Deca","floor":51,"turns":7},{"damage":26,"enemies":"Shield and Spear","floor":55,"turns":5},{"damage":72,"enemies":"The Heart","floor":56,"turns":5}],"seed_played":"-3319092577627006739","potions_obtained":[{"floor":1,"key":"GamblersBrew"},{"floor":5,"key":"Ancient Potion"},{"floor":6,"key":"Swift Potion"},{"floor":12,"key":"LiquidBronze"},{"floor":16,"key":"Swift Potion"},{"floor":19,"key":"Regen Potion"},{"floor":21,"key":"Swift Potion"},{"floor":30,"key":"Strength Potion"},{"floor":31,"key":"Fire Potion"},{"floor":33,"key":"Fire Potion"},{"floor":35,"key":"EntropicBrew"}],"is_trial":true,"path_per_floor":["M","?","?","?","M","E","M","E","T","R","E","M","E","M","R","B",null,"M","M","$","M","M","E","R","E","T","R","?","M","M","M","R","B",null,"M","?","M","$","T","R","E","E","T","M","E","E","M","E","R","B","B",null,"R","$","E","B"],"character_chosen":"IRONCLAD","items_purchased":["Membership Card","Lantern","Champion Belt","Chemical X","CultistPotion"],"campfire_rested":1,"item_purchase_floors":[20,54,54,54,54],"current_hp_per_floor":[74,63,45,45,48,45,51,28,28,28,27,33,26,21,21,27,63,64,67,67,67,75,59,59,48,48,48,48,54,60,66,66,40,72,78,78,82,82,82,82,82,82,82,82,82,82,82,79,79,21,23,67,82,82,62,0,0],"gold":416,"neow_bonus":"","is_daily":false,"chose_seed":false,"campfire_upgraded":6,"win_rate":0.0,"timestamp":1613605901,"path_taken":["M","?","?","?","?","E","M","E","T","R","E","M","E","M","R","BOSS","M","M","$","M","M","E","R","E","T","R","?","?","M","M","R","BOSS","M","?","M","$","?","R","E","?","T","M","?","E","M","E","R","BOSS","BOSS","R","$","E","BOSS"],"items_purchased_type":["Relic","Relic","Relic","Relic","Potion"],"build_version":"2020-12-22","purchased_purges":3,"victory":false,"max_hp_per_floor":[75,75,75,75,75,75,75,75,75,75,75,75,75,75,75,75,75,75,75,75,75,75,82,82,82,82,82,82,82,82,82,82,82,82,82,82,82,82,82,82,82,82,82,82,82,82,82,82,82,82,82,82,82,82,82,82,82],"relic_stats":{"Darkstone Periapt":0,"Regal Pillow":0,"Happy Flower":[47],"Torii":38,"counters":[33,155],"Smiling Mask":13,"Boot":[13],"Burning Blood":158,"Centennial Puzzle":[27],"Busted Crown":42,"Bronze Scales":[408],"Gambling Chip":[6],"Tiny Chest":1,"MealTicket":0,"Art of War":[1],"Champion Belt":[1],"Chemical X":[8],"obtain_stats":[{"Darkstone Periapt":11,"Regal Pillow":3,"Lantern":54,"Torii":34,"Vajra":43,"Smiling Mask":26,"Boot":48,"Burning Blood":0,"Centennial Puzzle":25,"Strawberry":23,"Gambling Chip":41,"Tiny Chest":8,"MealTicket":34,"Chemical X":54,"Happy Flower":6,"Oddly Smooth Stone":42,"Calling Bell":34,"Busted Crown":17,"Bronze Scales":13,"Bag of Marbles":45,"Art of War":46,"Membership Card":20,"Champion Belt":54,"StrikeDummy":34,"Toy Ornithopter":9},{"Darkstone Periapt":6,"Regal Pillow":1,"Lantern":31,"Torii":20,"Vajra":24,"Smiling Mask":16,"Boot":29,"Burning Blood":0,"Centennial Puzzle":16,"Strawberry":15,"Gambling Chip":23,"Tiny Chest":5,"MealTicket":20,"Chemical X":31,"Happy Flower":3,"Oddly Smooth Stone":24,"Calling Bell":20,"Busted Crown":10,"Bronze Scales":8,"Bag of Marbles":26,"Art of War":27,"Membership Card":12,"Champion Belt":31,"StrikeDummy":20,"Toy Ornithopter":5},{"Darkstone Periapt":29,"Regal Pillow":3,"Lantern":145,"Torii":96,"Vajra":109,"Smiling Mask":78,"Boot":129,"Burning Blood":0,"Centennial Puzzle":78,"Strawberry":74,"Gambling Chip":105,"Tiny Chest":25,"MealTicket":96,"Chemical X":145,"Happy Flower":13,"Oddly Smooth Stone":109,"Calling Bell":96,"Busted Crown":53,"Bronze Scales":39,"Bag of Marbles":121,"Art of War":124,"Membership Card":60,"Champion Belt":145,"StrikeDummy":96,"Toy Ornithopter":25}],"Toy Ornithopter":44},"card_choices":[{"not_picked":["Scrape","Conclude","Skewer"],"picked":"SKIP","floor":1},{"not_picked":["Underhanded Strike","Blade Dance","WindmillStrike"],"picked":"SKIP","floor":5},{"not_picked":["Sucker Punch","Warcry","Hello World"],"picked":"SKIP","floor":6},{"not_picked":["Armaments","Flex","Twin Strike"],"picked":"SKIP","floor":7},{"not_picked":["Halt","Creative AI","Poisoned Stab"],"picked":"SKIP","floor":8},{"not_picked":["Consecrate","Acrobatics"],"picked":"Body Slam","floor":11},{"not_picked":["Go for the Eyes","Blade Dance","Steam Power"],"picked":"SKIP","floor":12},{"not_picked":["Nirvana","True Grit"],"picked":"Adrenaline","floor":13},{"not_picked":["Consume","Choke","Go for the Eyes"],"picked":"SKIP","floor":14},{"not_picked":[],"picked":"Shrug It Off","floor":18},{"not_picked":["Clothesline+1"],"picked":"SKIP","floor":19},{"not_picked":["Perfected Strike+1"],"picked":"SKIP","floor":21},{"not_picked":["WindmillStrike"],"picked":"SKIP","floor":22},{"not_picked":["Armaments"],"picked":"SKIP","floor":23},{"not_picked":["Carnage+1"],"picked":"SKIP","floor":25},{"not_picked":["Reckless Charge"],"picked":"SKIP","floor":29},{"not_picked":["FollowUp"],"picked":"SKIP","floor":30},{"not_picked":["Iron Wave"],"picked":"SKIP","floor":31},{"not_picked":[],"picked":"TalkToTheHand","floor":35},{"not_picked":["Acrobatics"],"picked":"SKIP","floor":37},{"not_picked":["Acrobatics+1"],"picked":"SKIP","floor":41},{"not_picked":["Heavy Blade"],"picked":"SKIP","floor":42},{"not_picked":["LikeWater"],"picked":"SKIP","floor":44},{"not_picked":[],"picked":"Bloodletting+1","floor":45},{"not_picked":["Perseverance"],"picked":"SKIP","floor":46},{"not_picked":["Genetic Algorithm"],"picked":"SKIP","floor":47},{"not_picked":["Searing Blow"],"picked":"SKIP","floor":48},{"not_picked":["Meditate"],"picked":"SKIP","floor":55}],"player_experience":1929323,"relics_obtained":[{"floor":6,"key":"Happy Flower"},{"floor":8,"key":"Tiny Chest"},{"floor":9,"key":"Toy Ornithopter"},{"floor":11,"key":"Darkstone Periapt"},{"floor":13,"key":"Bronze Scales"},{"floor":23,"key":"Strawberry"},{"floor":25,"key":"Centennial Puzzle"},{"floor":26,"key":"Smiling Mask"},{"floor":34,"key":"MealTicket"},{"floor":34,"key":"StrikeDummy"},{"floor":34,"key":"Torii"},{"floor":41,"key":"Gambling Chip"},{"floor":42,"key":"Oddly Smooth Stone"},{"floor":43,"key":"Vajra"},{"floor":45,"key":"Bag of Marbles"},{"floor":46,"key":"Art of War"},{"floor":48,"key":"Boot"}],"event_choices":[{"damage_healed":0,"gold_gain":75,"player_choice":"Gather Gold","damage_taken":11,"max_hp_gain":0,"max_hp_loss":0,"event_name":"World of Goop","floor":2,"gold_loss":0},{"damage_healed":0,"gold_gain":0,"player_choice":"Success","damage_taken":18,"relics_obtained":["Regal Pillow"],"max_hp_gain":0,"max_hp_loss":0,"event_name":"Scrap Ooze","floor":3,"gold_loss":0},{"damage_healed":0,"gold_gain":0,"cards_transformed":["Evaluate"],"player_choice":"Transformed","damage_taken":0,"max_hp_gain":0,"max_hp_loss":0,"event_name":"Transmorgrifier","floor":4,"gold_loss":0,"cards_obtained":["Go for the Eyes"]},{"cards_removed":["Flying Knee"],"damage_healed":0,"gold_gain":0,"player_choice":"Elegance","damage_taken":0,"max_hp_gain":0,"max_hp_loss":0,"event_name":"Back to Basics","floor":28,"gold_loss":0},{"damage_healed":0,"gold_gain":0,"player_choice":"Ignored","damage_taken":0,"max_hp_gain":0,"max_hp_loss":0,"event_name":"Tomb of Lord Red Mask","floor":36,"gold_loss":0}],"is_beta":false,"boss_relics":[{"not_picked":["Mark of Pain","Black Blood"],"picked":"Busted Crown"},{"not_picked":["Snecko Eye","SacredBark"],"picked":"Calling Bell"}],"items_purged_floors":[20,38,54],"is_endless":false,"potions_floor_spawned":[1,5,6,7,12,16,19,21,30,31,33,35,37,44,47],"killed_by":"The Heart","ascension_level":20}}