{"host":"en4narc5947t7k9n","time":1613563323,"event":{"mods":["AchievementEnabler","BaseMod","Colored Map","Minty Spire (QoL Compilation)","SuperFastMode"],"gold_per_floor":[209,209,54,70,82,111,111,130,130,144,156,169,169,180,180,275,275,288,318,332,332,71,84,84,84],"floor_reached":24,"language":"KOR","playtime":1840,"items_purged":[],"score":202,"play_id":"47756e0a-c890-45b8-a353-22e742fb7345","local_time":"20210217210203","is_ascension_mode":false,"campfire_choices":[{"data":"Backstab","floor":7.0,"key":"SMITH"},{"data":"Infinite Blades","floor":13.0,"key":"SMITH"},{"data":"Neutralize","floor":15.0,"key":"SMITH"}],"circlet_count":0,"master_deck":["Strike_G","Strike_G","Strike_G","Strike_G","Strike_G","Defend_G","Defend_G","Defend_G","Defend_G","Defend_G","Survivor","Neutralize+1","Infinite Blades+1","Backstab+1","Backflip","Escape Plan","Distraction","Deflect","Corpse Explosion","Deflect","Wraith Form v2","Choke","Bane","Noxious Fumes","Prepared","Blade Dance+1"],"relics":["Ring of the Serpent","Nunchaku","Letter Opener","Kunai","Red Mask","Toxic Egg 2"],"acts_visited":["Exordium","TheCity"],"potions_floor_usage":[19],"damage_taken":[{"damage":4.0,"enemies":"Cultist","floor":1.0,"turns":5.0},{"damage":0.0,"enemies":"2 Louse","floor":4.0,"turns":3.0},{"damage":10.0,"enemies":"Jaw Worm","floor":5.0,"turns":5.0},{"damage":35.0,"enemies":"3 Sentries","floor":6.0,"turns":9.0},{"damage":2.0,"enemies":"Blue Slaver","floor":8.0,"turns":5.0},{"damage":2.0,"enemies":"Exordium Thugs","floor":10.0,"turns":5.0},{"damage":3.0,"enemies":"Large Slime","floor":11.0,"turns":6.0},{"damage":9.0,"enemies":"Gremlin Gang","floor":12.0,"turns":4.0},{"damage":0.0,"enemies":"3 Louse","floor":14.0,"turns":3.0},{"damage":1.0,"enemies":"The Guardian","floor":16.0,"turns":8.0},{"damage":15,"enemies":"2 Thieves","floor":18,"turns":5},{"damage":27,"enemies":"Masked Bandits","floor":19,"turns":4},{"damage":4,"enemies":"3 Byrds","floor":20,"turns":3},{"damage":18,"enemies":"Snecko","floor":23,"turns":6},{"damage":10,"enemies":"Shelled Parasite and Fungi","floor":24,"turns":2}],"seed_played":"5540628872175581576","potions_obtained":[{"floor":11.0,"key":"ColorlessPotion"},{"floor":12.0,"key":"BlessingOfTheForge"},{"floor":14.0,"key":"Block Potion"},{"floor":16.0,"key":"DistilledChaos"},{"floor":18,"key":"Strength Potion"}],"is_trial":false,"path_per_floor":["M","?","$","M","M","E","R","M","T","M","M","M","R","M","R","B",null,"M","?","M","?","$","M","M"],"character_chosen":"THE_SILENT","items_purchased":["Nunchaku","Toxic Egg 2"],"campfire_rested":0,"item_purchase_floors":[3,22],"current_hp_per_floor":[66,70,70,70,60,25,25,23,23,21,18,9,9,9,9,8,70,55,28,24,24,24,6,0,0],"gold":84,"neow_bonus":"HUNDRED_GOLD","is_daily":false,"chose_seed":false,"campfire_upgraded":3,"win_rate":0.0,"timestamp":1613563323,"path_taken":["M","?","$","M","M","E","R","M","T","?","M","M","R","M","R","BOSS","M","?","M","?","$","M","M"],"items_purchased_type":["Relic","Relic"],"build_version":"2020-12-22","purchased_purges":0,"victory":false,"max_hp_per_floor":[70,70,70,70,70,70,70,70,70,70,70,70,70,70,70,70,70,70,70,70,70,70,70,70,70],"card_choices":[{"not_picked":["Backflip","Outmaneuver"],"picked":"Terror","floor":1.0},{"not_picked":["Riddle With Holes","Escape Plan"],"picked":"Infinite Blades","floor":4.0},{"not_picked":["Dagger Throw","Backflip"],"picked":"Backstab","floor":5.0},{"not_picked":["Reflex","Poisoned Stab"],"picked":"Backflip","floor":6.0},{"not_picked":["Skewer","Leg Sweep"],"picked":"Escape Plan","floor":8.0},{"not_picked":["Dagger Spray","PiercingWail"],"picked":"Distraction","floor":10.0},{"not_picked":["Prepared","Dodge and Roll"],"picked":"Deflect","floor":11.0},{"not_picked":["Caltrops","Endless Agony"],"picked":"Corpse Explosion","floor":12.0},{"not_picked":["Dagger Throw","Poisoned Stab"],"picked":"Deflect","floor":14.0},{"not_picked":["Unload","Malaise"],"picked":"Wraith Form v2","floor":16.0},{"not_picked":["Outmaneuver","Dagger Throw"],"picked":"Choke","floor":18},{"not_picked":["Dagger Spray","Dodge and Roll"],"picked":"Bane","floor":19},{"not_picked":["Dodge and Roll","Acrobatics+1"],"picked":"Noxious Fumes","floor":20},{"not_picked":["Sucker Punch","Poisoned Stab+1"],"picked":"Blade Dance+1","floor":23}],"player_experience":34797,"relics_obtained":[{"floor":6.0,"key":"Letter Opener"},{"floor":9.0,"key":"Kunai"},{"floor":19,"key":"Red Mask"}],"event_choices":[{"cards_removed":["Terror"],"damage_healed":4.0,"max_hp_gain":0.0,"max_hp_loss":0.0,"gold_gain":0.0,"event_name":"Bonfire Elementals","player_choice":"Offered Uncommon","floor":2.0,"gold_loss":0.0,"damage_taken":0.0},{"damage_healed":0,"gold_gain":0,"player_choice":"Fought Bandits","damage_taken":0,"max_hp_gain":0,"max_hp_loss":0,"event_name":"Masked Bandits","floor":19,"gold_loss":0},{"damage_healed":0,"gold_gain":0,"player_choice":"Read","damage_taken":0,"max_hp_gain":0,"max_hp_loss":0,"event_name":"The Library","floor":21,"gold_loss":0,"cards_obtained":["Prepared"]}],"is_beta":false,"boss_relics":[{"not_picked":["Calling Bell","Runic Dome"],"picked":"Ring of the Serpent"}],"items_purged_floors":[],"is_endless":false,"potions_floor_spawned":[11,12,14,16,18],"killed_by":"Shelled Parasite and Fungi","ascension_level":0}}