{"host":"63uc7iyb40dnlk3k","time":1613595961,"event":{"mods":["2.2 Compatiblity","AchievementEnabler","BaseMod","Defuse TimeMaze Blight","Downfall","Jorbs\u0027s Wanderer Trilogy","Minty Spire (QoL Compilation)","Random Character Button","StSLib"],"gold_per_floor":[99,114,114,130,143,43,70,126,137,137,171,171,17,35,51,154,154,54,65,81,92,106,119,119,19,31,42,67,84,84,184,202,303,303,303,320,334,205,222,222,245,245,259,274,60,87,87,101,119,119,119,119],"floor_reached":50,"language":"ENG","playtime":5689,"items_purged":["Guardian:Defend_Guardian","Guardian:Strike_Guardian"],"score":554,"play_id":"b538868e-ffc2-40e0-8492-2c3865df2abd","local_time":"20210217230601","is_ascension_mode":false,"campfire_choices":[{"floor":1,"key":"RECALL"},{"data":"Guardian:CurlUp","floor":6,"key":"SMITH"},{"data":"Guardian:TwinSlam","floor":12,"key":"SMITH"},{"data":"Guardian:AncientConstruct","floor":18,"key":"SMITH"},{"data":"Guardian:Recover","floor":25,"key":"SMITH"},{"data":"Guardian:TimeSifter","floor":30,"key":"SMITH"},{"data":"Guardian:Emergency","floor":35,"key":"SMITH"},{"data":"Guardian:ExploitGems","floor":42,"key":"SMITH"},{"data":"Guardian:FastForward","floor":47,"key":"SMITH"}],"circlet_count":0,"master_deck":["Guardian:Strike_Guardian","Guardian:Defend_Guardian","Guardian:Defend_Guardian+1","Guardian:CurlUp+1","Guardian:TwinSlam+1","Guardian:PiercingHide+1","Guardian:Harden","Guardian:Suspension+1","Guardian:EvasiveProtocol","downfall:Malfunctioning","Guardian:ChargeCore","Guardian:TimeBomb","Guardian:SphericShield","Guardian:TimeBomb","Guardian:FloatingOrbs","Guardian:AncientConstruct+1","Guardian:RollAttack","Guardian:Recover+1","Guardian:Recover+1","Guardian:TimeSifter+1","Guardian:DecasProtection","Guardian:Clone","Guardian:Emergency+1","Guardian:ExploitGems+1","Guardian:PiercingHide","Guardian:BronzeOrb+1","Guardian:Emergency","Guardian:FastForward+1","Parasite","Guardian:Gem_Blue","Guardian:Gem_White"],"relics":["Guardian:ModeShifter","downfall:HeartBlessingRed","Toy Ornithopter","CaptainsWheel","The Courier","Philosopher\u0027s Stone","downfall:HeartBlessingGreen","downfall:HeartBlessingBlue","Ancient Tea Set","Dead Branch","Gremlin Horn","Empty Cage","Bag of Preparation","Letter Opener"],"acts_visited":["Exordium","TheCity","TheBeyond"],"potions_floor_usage":[16,20,22,29,33,39],"damage_taken":[{"damage":0,"enemies":"2 Louse","floor":2,"turns":4},{"damage":0,"enemies":"Small Slimes","floor":4,"turns":3},{"damage":8,"enemies":"Jaw Worm","floor":5,"turns":8},{"damage":11,"enemies":"Gremlin Nob","floor":8,"turns":5},{"damage":5,"enemies":"Exordium Thugs","floor":9,"turns":5},{"damage":44,"enemies":"Gremlin Nob","floor":11,"turns":7},{"damage":0,"enemies":"downfall:FleeingMerchant","floor":13,"turns":4},{"damage":0,"enemies":"Red Slaver","floor":14,"turns":5},{"damage":0,"enemies":"downfall:LooterAlt","floor":15,"turns":4},{"damage":24,"enemies":"WA_ARCHETYPE_RETAIN","floor":16,"turns":13},{"damage":11,"enemies":"Shell Parasite","floor":19,"turns":8},{"damage":12,"enemies":"downfall:LooterAlt2","floor":20,"turns":5},{"damage":0,"enemies":"Snake Plant","floor":21,"turns":5},{"damage":12,"enemies":"Shelled Parasite and Fungi","floor":22,"turns":6},{"damage":7,"enemies":"3 Cultists","floor":23,"turns":6},{"damage":5,"enemies":"Cultist and Chosen","floor":26,"turns":6},{"damage":0,"enemies":"Snecko","floor":27,"turns":5},{"damage":8,"enemies":"Book of Stabbing","floor":28,"turns":5},{"damage":0,"enemies":"Shelled Parasite and Fungi","floor":29,"turns":5},{"damage":0,"enemies":"SI_SHIV_ARCHETYPE","floor":31,"turns":6},{"damage":0,"enemies":"Snake Plant","floor":32,"turns":5},{"damage":3,"enemies":"IC_MUSHROOM_ARCHETYPE","floor":33,"turns":8},{"damage":0,"enemies":"Orb Walker","floor":36,"turns":5},{"damage":11,"enemies":"3 Darklings","floor":37,"turns":5},{"damage":0,"enemies":"downfall:FleeingMerchant","floor":38,"turns":4},{"damage":11,"enemies":"Transient","floor":39,"turns":5},{"damage":6,"enemies":"Maw","floor":43,"turns":9},{"damage":17,"enemies":"Spire Growth","floor":44,"turns":5},{"damage":0,"enemies":"downfall:FleeingMerchant","floor":45,"turns":4},{"damage":13,"enemies":"Nemesis","floor":46,"turns":7},{"damage":0,"enemies":"Writhing Mass","floor":48,"turns":5},{"damage":21,"enemies":"Maw","floor":49,"turns":8},{"damage":31,"enemies":"DF_ARCHETYPE_ORBS","floor":50,"turns":2}],"seed_played":"-2660002921410825023","potions_obtained":[{"floor":4,"key":"Ancient Potion"},{"floor":11,"key":"FearPotion"},{"floor":14,"key":"DistilledChaos"},{"floor":16,"key":"PowerPotion"},{"floor":21,"key":"CultistPotion"},{"floor":22,"key":"Fruit Juice"},{"floor":28,"key":"Swift Potion"},{"floor":29,"key":"Guardian:DefensiveModePotion"},{"floor":32,"key":"Guardian:AcceleratePotion"},{"floor":43,"key":"LiquidBronze"},{"floor":44,"key":"GamblersBrew"},{"floor":48,"key":"CultistPotion"}],"is_trial":false,"path_per_floor":["R","M","?","M","M","R","T","?","M","?","E","R","$","M","M","B",null,"R","M","M","M","M","M","T","R","M","M","E","M","R","?","M","B",null,"R","M","M","$","M","?","T","R","M","M","$","E","R","M","M","B"],"character_chosen":"GUARDIAN","items_purchased":["Guardian:TimeBomb","Guardian:SphericShield","Guardian:Gem_Yellow","Guardian:FastForward"],"campfire_rested":0,"item_purchase_floors":[13,13,38,45],"current_hp_per_floor":[88,88,88,88,80,80,80,69,64,64,20,20,20,20,20,1,88,88,77,70,70,68,61,61,71,66,66,58,63,63,63,63,65,103,103,103,92,92,86,86,86,86,80,63,63,50,50,50,29,0,0,0],"gold":119,"neow_bonus":"TEN_PERCENT_HP_BONUS","is_daily":false,"chose_seed":false,"campfire_upgraded":8,"win_rate":0.0,"timestamp":1613595961,"path_taken":["R","M","?","M","M","R","T","?","M","?","E","R","$","M","M","BOSS","R","M","M","M","M","M","T","R","M","M","E","M","R","?","M","BOSS","R","M","M","$","M","?","T","R","M","M","$","E","R","M","M","BOSS"],"items_purchased_type":["Card","Card","Card","Card"],"build_version":"2020-12-22","purchased_purges":2,"victory":false,"max_hp_per_floor":[88,88,88,88,88,88,88,88,88,88,88,88,88,88,88,88,88,88,88,88,88,93,93,93,103,103,103,103,103,103,103,103,103,103,103,103,103,103,103,103,103,103,103,103,103,103,103,103,103,103,103,103],"card_choices":[{"not_picked":["Guardian:CrystalBeam","Guardian:Reroute"],"picked":"Guardian:PiercingHide","floor":2},{"not_picked":["Guardian:FloatingOrbs","Guardian:Planning"],"picked":"Guardian:Harden","floor":4},{"not_picked":["Guardian:Reroute","Guardian:Gem_Red"],"picked":"Guardian:Gem_Purple","floor":5},{"not_picked":["Guardian:Incinerate","Guardian:DecasProtection"],"picked":"Guardian:Suspension","floor":8},{"not_picked":["Guardian:CrystalBeam","Guardian:SpikerProtocol"],"picked":"Guardian:EvasiveProtocol","floor":9},{"not_picked":["Guardian:Recover","Guardian:TimeCapacitor","Guardian:Gem_Red"],"picked":"SKIP","floor":11},{"not_picked":["Guardian:Emergency","Guardian:Preprogram"],"picked":"Guardian:ChargeCore","floor":13},{"not_picked":["Guardian:ShieldSpikes","Guardian:ChargeCore"],"picked":"Guardian:TimeBomb","floor":14},{"not_picked":["Guardian:Gem_Green","Guardian:VentSteam"],"picked":"Guardian:FloatingOrbs","floor":15},{"not_picked":["Guardian:Gem_Orange","Guardian:HyperBeam_Guardian"],"picked":"Guardian:AncientConstruct","floor":16},{"not_picked":["Guardian:PrismaticBeam+1","Guardian:Gem_Red"],"picked":"Guardian:RollAttack","floor":19},{"not_picked":["Guardian:PrimingBeam","Guardian:Suspension"],"picked":"Guardian:Recover","floor":20},{"not_picked":["Guardian:ChargeCore","Guardian:CrystalBeam"],"picked":"Guardian:Gem_Lightblue","floor":21},{"not_picked":["Guardian:VentSteam","Guardian:Gem_Red","Guardian:CrystalBeam"],"picked":"SKIP","floor":22},{"not_picked":["Guardian:VentSteam","Guardian:Gem_Red","Guardian:CrystalBeam"],"picked":"SKIP","floor":22},{"not_picked":["Guardian:BronzeArmor","Guardian:RollAttack"],"picked":"Guardian:Gem_Yellow","floor":23},{"not_picked":["Guardian:ChargeCore","Guardian:PrimingBeam"],"picked":"Guardian:Recover+1","floor":26},{"not_picked":["Guardian:BodySlam","Guardian:RollAttack+1"],"picked":"Guardian:TimeSifter","floor":27},{"not_picked":["Guardian:Recover","Guardian:PrimingBeam"],"picked":"Guardian:Gem_Yellow","floor":28},{"not_picked":["Guardian:Gem_Red","Guardian:Gem_Lightblue"],"picked":"Guardian:DecasProtection","floor":29},{"not_picked":["Guardian:Planning","Guardian:TimeCapacitor"],"picked":"Guardian:Clone","floor":31},{"not_picked":["Guardian:TimeCapacitor","Guardian:Recover"],"picked":"Guardian:Emergency","floor":32},{"not_picked":["Guardian:AncientConstruct","Guardian:BaubleBeam"],"picked":"Guardian:ExploitGems","floor":33},{"not_picked":["Guardian:Harden+1","Guardian:SpikerProtocol"],"picked":"Guardian:PiercingHide","floor":36},{"not_picked":["Guardian:Gem_Lightblue","Guardian:ShieldCharger"],"picked":"Guardian:Gem_Red","floor":37},{"not_picked":["Guardian:RollAttack","Guardian:Recover"],"picked":"Guardian:Gem_Red","floor":38},{"not_picked":["Guardian:FloatingOrbs","Guardian:PrimingBeam","Guardian:VentSteam"],"picked":"SKIP","floor":39},{"not_picked":["Guardian:PolyBeam","Guardian:TemporalStrike+1"],"picked":"Guardian:Gem_Cyan","floor":43},{"not_picked":["Guardian:CrystalBeam+1","Guardian:TimeBomb+1"],"picked":"Guardian:BronzeOrb+1","floor":44},{"not_picked":["Guardian:ShieldCharger","Guardian:Gem_Lightblue"],"picked":"Guardian:Emergency","floor":45},{"not_picked":["Guardian:TemporalShield","Guardian:AncientConstruct","Guardian:PrismaticBarrier"],"picked":"SKIP","floor":46},{"not_picked":["Guardian:WalkerClaw","Guardian:TemporalStrike+1"],"picked":"Guardian:Gem_Blue","floor":48},{"not_picked":["Guardian:Gem_Cyan","Guardian:PrismaticBeam"],"picked":"Guardian:Gem_White","floor":49}],"player_experience":391798,"relics_obtained":[{"floor":7,"key":"Toy Ornithopter"},{"floor":8,"key":"CaptainsWheel"},{"floor":11,"key":"The Courier"},{"floor":28,"key":"Ancient Tea Set"},{"floor":31,"key":"Dead Branch"},{"floor":31,"key":"Gremlin Horn"},{"floor":41,"key":"Bag of Preparation"},{"floor":46,"key":"Letter Opener"}],"event_choices":[],"is_beta":false,"boss_relics":[{"not_picked":["Tiny House","Calling Bell"],"picked":"Philosopher\u0027s Stone"},{"not_picked":["Pandora\u0027s Box","Astrolabe"],"picked":"Empty Cage"}],"items_purged_floors":[38,45],"is_endless":false,"potions_floor_spawned":[4,11,14,16,21,22,28,29,32,43,44,48,49],"killed_by":"DF_ARCHETYPE_ORBS","ascension_level":0}}