{"host":"snczp9esof91ppiq","time":1613536917,"event":{"mods":["AchievementEnabler","BaseMod","Better Match","Better Note","Better Sensory Stone","Better Skull","Colored Map","Colored Powertips","Hermit","Minty Spire (QoL Compilation)","Relic Stats","StSLib"],"gold_per_floor":[116,66,85,102,82,82,117,128,153,168,168,168,168,168,168,297,297,320,320,100,100,49,49,90,90,90,38,57,57,101,115,115,239,239,259,0,0,15,35,35,35],"floor_reached":40,"language":"ENG","playtime":2316,"items_purged":["Defend_P"],"score":561,"play_id":"00ab4e6a-de2d-433d-b729-ad470733526a","local_time":"20210216224157","is_ascension_mode":true,"campfire_choices":[{"data":"BattleHymn","floor":6.0,"key":"SMITH"},{"floor":12.0,"key":"REST"},{"floor":15.0,"key":"REST"},{"data":"Worship","floor":23,"key":"SMITH"},{"data":"Brilliance","floor":25,"key":"SMITH"},{"data":"DevaForm","floor":29,"key":"SMITH"},{"data":"Vigilance","floor":32,"key":"SMITH"}],"circlet_count":0,"master_deck":["Strike_P","Strike_P","Strike_P","Defend_P+1","Defend_P","Eruption+1","Vigilance+1","Worship+1","BattleHymn+1","SignatureMove+1","Vengeance+1","Prostrate+1","FollowUp","DevaForm+1","Evaluate+1","Prostrate+1","Brilliance+1","Indignation+1","JustLucky+1","Establishment","BattleHymn+1","WreathOfFlame","Tantrum+1","Halt+1"],"relics":["PureWater","MealTicket","War Paint","Golden Idol","Coffee Dripper","Nunchaku","Bronze Scales","Blood Vial","Mango","Sozu","Red Mask"],"acts_visited":["Exordium","TheCity","TheBeyond"],"potions_floor_usage":[24,28,28,33,33,40],"damage_taken":[{"damage":0.0,"enemies":"Jaw Worm","floor":1.0,"turns":3.0},{"damage":1.0,"enemies":"Cultist","floor":3.0,"turns":4.0},{"damage":0.0,"enemies":"Small Slimes","floor":4.0,"turns":2.0},{"damage":22.0,"enemies":"Gremlin Nob","floor":7.0,"turns":4.0},{"damage":22.0,"enemies":"Gremlin Gang","floor":8.0,"turns":3.0},{"damage":6.0,"enemies":"Looter","floor":10.0,"turns":3.0},{"damage":0.0,"enemies":"3 Louse","floor":11.0,"turns":1.0},{"damage":22.0,"enemies":"Hexaghost","floor":16.0,"turns":4.0},{"damage":0,"enemies":"Spheric Guardian","floor":18,"turns":3},{"damage":15,"enemies":"Book of Stabbing","floor":24,"turns":3},{"damage":0,"enemies":"3 Byrds","floor":28,"turns":3},{"damage":41,"enemies":"Slavers","floor":30,"turns":4},{"damage":11,"enemies":"Snecko","floor":31,"turns":4},{"damage":24,"enemies":"Champ","floor":33,"turns":6},{"damage":2,"enemies":"Orb Walker","floor":35,"turns":3},{"damage":15,"enemies":"3 Darklings","floor":38,"turns":3},{"damage":8,"enemies":"4 Shapes","floor":39,"turns":5},{"damage":50,"enemies":"Reptomancer","floor":40,"turns":2}],"seed_played":"503834567104878468","potions_obtained":[{"floor":4.0,"key":"SmokeBomb"},{"floor":5.0,"key":"SmokeBomb"},{"floor":8.0,"key":"Energy Potion"},{"floor":10.0,"key":"DuplicationPotion"},{"floor":30,"key":"Ambrosia"},{"floor":31,"key":"FearPotion"},{"floor":33,"key":"BlessingOfTheForge"}],"is_trial":false,"path_per_floor":["M","?","M","M","?","R","E","M","T","M","M","R","?","?","R","B",null,"M","?","$","?","$","R","E","R","T","$","M","R","E","M","R","B",null,"M","?","?","M","M","E"],"character_chosen":"WATCHER","items_purchased":["Brilliance","AttackPotion","Explosive Potion"],"campfire_rested":2,"item_purchase_floors":[20,22,27],"current_hp_per_floor":[72,72,71,71,71,71,49,27,27,21,21,42,28,28,48,26,57,57,57,67,53,67,67,52,52,52,67,67,67,40,31,31,9,63,63,63,63,50,44,0,0],"gold":35,"neow_bonus":"UPGRADE_CARD","is_daily":false,"chose_seed":false,"campfire_upgraded":5,"win_rate":0.0,"timestamp":1613536917,"path_taken":["M","?","?","M","?","R","E","M","T","M","?","R","?","?","R","BOSS","M","?","$","?","$","R","E","R","T","$","M","R","E","M","R","BOSS","M","?","?","?","M","E"],"items_purchased_type":["Card","Potion","Potion"],"build_version":"2020-12-22","purchased_purges":1,"victory":false,"max_hp_per_floor":[72,72,72,72,72,72,72,72,72,72,72,72,72,67,67,67,67,67,67,67,67,67,67,67,67,67,67,67,67,81,81,81,81,81,81,81,81,81,81,81,81],"relic_stats":{"Blood Vial":12,"Sozu":1,"Nunchaku":[7],"counters":[18,60],"Golden Idol":91,"Bronze Scales":[82],"MealTicket":39,"War Paint":["Vengeance","Defend_P"],"obtain_stats":[{"Blood Vial":26,"Sozu":34,"Nunchaku":21,"Golden Idol":14,"Bronze Scales":24,"MealTicket":7,"Mango":30,"Coffee Dripper":17,"Red Mask":36,"PureWater":0,"War Paint":9},{"Blood Vial":10,"Sozu":14,"Nunchaku":9,"Golden Idol":7,"Bronze Scales":10,"MealTicket":4,"Mango":12,"Coffee Dripper":8,"Red Mask":15,"PureWater":0,"War Paint":5},{"Blood Vial":30,"Sozu":47,"Nunchaku":27,"Golden Idol":20,"Bronze Scales":30,"MealTicket":13,"Mango":37,"Coffee Dripper":24,"Red Mask":50,"PureWater":0,"War Paint":16}]},"card_choices":[{"not_picked":["ThirdEye","ClearTheMind"],"picked":"Worship","floor":1.0},{"not_picked":["Weave","Evaluate"],"picked":"BattleHymn","floor":3.0},{"not_picked":["BowlingBash","PathToVictory"],"picked":"SignatureMove","floor":4.0},{"not_picked":["EmptyBody","BowlingBash"],"picked":"Vengeance","floor":7.0},{"not_picked":["JustLucky","PathToVictory"],"picked":"Prostrate","floor":8.0},{"not_picked":["SashWhip","CrushJoints"],"picked":"FollowUp","floor":10.0},{"not_picked":["Blasphemy","Scrawl"],"picked":"DevaForm","floor":16.0},{"not_picked":["JustLucky","FollowUp+1"],"picked":"Evaluate+1","floor":18},{"not_picked":["BattleHymn+1","JustLucky"],"picked":"Indignation+1","floor":24},{"not_picked":["Evaluate","Consecrate"],"picked":"JustLucky+1","floor":28},{"not_picked":["WreathOfFlame","ThirdEye","Evaluate"],"picked":"SKIP","floor":30},{"not_picked":["CarveReality","ThirdEye","Consecrate"],"picked":"SKIP","floor":31},{"not_picked":["ConjureBlade","Omniscience"],"picked":"Establishment","floor":33},{"not_picked":["Prostrate","EmptyFist"],"picked":"BattleHymn+1","floor":35},{"not_picked":["ThirdEye","SashWhip"],"picked":"Tantrum+1","floor":38},{"not_picked":["Consecrate","CutThroughFate"],"picked":"Halt+1","floor":39}],"player_experience":912433,"relics_obtained":[{"floor":7.0,"key":"MealTicket"},{"floor":9.0,"key":"War Paint"},{"floor":24,"key":"Bronze Scales"},{"floor":26,"key":"Blood Vial"},{"floor":30,"key":"Mango"}],"event_choices":[{"cards_removed":["Defend_P"],"damage_healed":0.0,"max_hp_gain":0.0,"max_hp_loss":0.0,"gold_gain":0.0,"event_name":"The Cleric","player_choice":"Card Removal","floor":2.0,"gold_loss":50.0,"damage_taken":0.0},{"damage_healed":0.0,"max_hp_gain":0.0,"max_hp_loss":0.0,"gold_gain":0.0,"event_name":"The Woman in Blue","player_choice":"Bought 1 Potion","floor":5.0,"gold_loss":0.0,"damage_taken":0.0},{"damage_healed":0.0,"max_hp_gain":0.0,"max_hp_loss":0.0,"gold_gain":0.0,"event_name":"Shining Light","player_choice":"Entered Light","floor":13.0,"gold_loss":0.0,"damage_taken":14.0,"cards_upgraded":["SignatureMove","Prostrate"]},{"damage_healed":0.0,"max_hp_gain":0.0,"max_hp_loss":5.0,"gold_gain":0.0,"event_name":"Golden Idol","player_choice":"Lose Max HP","floor":14.0,"gold_loss":0.0,"damage_taken":0.0,"relics_obtained":["Golden Idol"]},{"damage_healed":0,"gold_gain":0,"player_choice":"Copied","damage_taken":0,"max_hp_gain":0,"max_hp_loss":0,"event_name":"Duplicator","floor":19,"gold_loss":0,"cards_obtained":["Prostrate"]},{"damage_healed":0,"gold_gain":0,"player_choice":"RE ","damage_taken":16,"relics_obtained":["Nunchaku"],"max_hp_gain":0,"max_hp_loss":0,"event_name":"betterSkull:BetterSkull","floor":21,"gold_loss":0,"cards_upgraded":[]},{"damage_healed":0,"gold_gain":0,"player_choice":"Paid","damage_taken":0,"relics_obtained":["Red Mask"],"max_hp_gain":0,"max_hp_loss":0,"event_name":"Tomb of Lord Red Mask","floor":36,"gold_loss":259},{"damage_healed":0,"gold_gain":0,"cards_transformed":["Strike_P"],"player_choice":"Transformed","damage_taken":0,"max_hp_gain":0,"max_hp_loss":0,"event_name":"Transmorgrifier","floor":37,"gold_loss":0,"cards_obtained":["WreathOfFlame"]}],"is_beta":false,"boss_relics":[{"not_picked":["Velvet Choker","SacredBark"],"picked":"Coffee Dripper"},{"not_picked":["Tiny House","Runic Dome"],"picked":"Sozu"}],"items_purged_floors":[20],"is_endless":false,"potions_floor_spawned":[4,8,10,30,31,33,39],"killed_by":"Reptomancer","ascension_level":5}}