{"host":"ad59wuc8ynh8u2z6","time":1613597920,"event":{"mods":["AchievementEnabler","BaseMod","Colored Powertips","DeckTracker","Highlight Path","Minty Spire (QoL Compilation)","Permanent Neow"],"gold_per_floor":[216,216,216,231,120,159,177,213,264,303,321,361,361,387,387,510,510,526,526,546,485,505,505,505],"floor_reached":23,"language":"ENG","playtime":851,"items_purged":["Pain"],"score":285,"play_id":"f79e7565-720e-4bee-b90a-35a92adedcb1","local_time":"20210217223840","is_ascension_mode":true,"campfire_choices":[{"data":"Rampage","floor":15,"key":"SMITH"}],"circlet_count":0,"master_deck":["Strike_R","Strike_R","Strike_R","Defend_R","Defend_R","Defend_R","Defend_R","Bash","Rampage+1","Pommel Strike"],"relics":["Burning Blood","Golden Idol","WarpedTongs","HornCleat","Smiling Mask","Orichalcum","Darkstone Periapt","CaptainsWheel","Black Star","Pear"],"acts_visited":["Exordium","TheCity"],"potions_floor_usage":[12,18,22,23],"damage_taken":[{"damage":2.0,"enemies":"Jaw Worm","floor":1.0,"turns":3.0},{"damage":1.0,"enemies":"Small Slimes","floor":4.0,"turns":3.0},{"damage":22.0,"enemies":"Lagavulin","floor":6.0,"turns":7.0},{"damage":0.0,"enemies":"Cultist","floor":7.0,"turns":3.0},{"damage":20.0,"enemies":"3 Sentries","floor":8.0,"turns":8.0},{"damage":7.0,"enemies":"Lagavulin","floor":10.0,"turns":7.0},{"damage":0,"enemies":"2 Fungi Beasts","floor":11,"turns":3},{"damage":2,"enemies":"Gremlin Nob","floor":12,"turns":3},{"damage":23,"enemies":"Hexaghost","floor":16,"turns":8},{"damage":2,"enemies":"3 Byrds","floor":18,"turns":5},{"damage":13,"enemies":"Shell Parasite","floor":20,"turns":5},{"damage":7,"enemies":"Cultist and Chosen","floor":22,"turns":6},{"damage":77,"enemies":"Book of Stabbing","floor":23,"turns":7}],"seed_played":"-1640954823391425003","potions_obtained":[{"floor":4.0,"key":"LiquidMemories"},{"floor":7.0,"key":"Block Potion"},{"floor":11,"key":"DistilledChaos"},{"floor":12,"key":"BlessingOfTheForge"},{"floor":16,"key":"Explosive Potion"},{"floor":20,"key":"DuplicationPotion"},{"floor":22,"key":"BlessingOfTheForge"}],"is_trial":false,"path_per_floor":["M","?","?","M","$","E","M","E","T","E","M","E","?","T","R","B",null,"M","?","M","?","M","E"],"character_chosen":"IRONCLAD","items_purchased":["Rampage"],"campfire_rested":0,"item_purchase_floors":[5],"current_hp_per_floor":[76,56,56,61,61,45,51,37,37,36,42,46,39,39,39,22,66,70,70,63,73,72,0,0],"gold":505,"neow_bonus":"HUNDRED_GOLD","is_daily":false,"chose_seed":false,"campfire_upgraded":1,"win_rate":0.0,"timestamp":1613597920,"path_taken":["M","?","?","?","$","E","M","E","T","E","M","E","?","?","R","BOSS","M","?","?","?","?","E"],"items_purchased_type":["Card"],"build_version":"2020-12-22","purchased_purges":1,"victory":false,"max_hp_per_floor":[80,80,80,80,80,80,80,80,80,80,80,80,80,80,80,80,80,80,80,80,90,90,90,90],"card_choices":[{"not_picked":["Sword Boomerang","True Grit","Burning Pact"],"picked":"SKIP","floor":1.0},{"not_picked":["Havoc","Warcry","Iron Wave"],"picked":"SKIP","floor":4.0},{"not_picked":["Sword Boomerang","Iron Wave","Inflame"],"picked":"SKIP","floor":6.0},{"not_picked":["Clothesline","Heavy Blade","Exhume"],"picked":"SKIP","floor":7.0},{"not_picked":["Flex","Dual Wield","Thunderclap"],"picked":"SKIP","floor":8.0},{"not_picked":["Limit Break","Armaments"],"picked":"Pommel Strike","floor":10},{"not_picked":["Iron Wave","Warcry","Heavy Blade"],"picked":"SKIP","floor":11},{"not_picked":["Sentinel","Wild Strike","Entrench"],"picked":"SKIP","floor":12},{"not_picked":["Infernal Blade","Cleave","Clothesline"],"picked":"SKIP","floor":18},{"not_picked":["Headbutt","Burning Pact","Warcry"],"picked":"SKIP","floor":20},{"not_picked":["Clothesline","Flex","Pommel Strike"],"picked":"SKIP","floor":22}],"player_experience":98631,"relics_obtained":[{"floor":6.0,"key":"HornCleat"},{"floor":8.0,"key":"Smiling Mask"},{"floor":9.0,"key":"Orichalcum"},{"floor":10,"key":"Darkstone Periapt"},{"floor":12,"key":"CaptainsWheel"}],"event_choices":[{"damage_healed":0.0,"max_hp_gain":0.0,"max_hp_loss":0.0,"gold_gain":0.0,"event_name":"Golden Idol","player_choice":"Take Damage","floor":2.0,"gold_loss":0.0,"damage_taken":20.0,"relics_obtained":["Golden Idol"]},{"damage_healed":0.0,"max_hp_gain":0.0,"max_hp_loss":0.0,"gold_gain":0.0,"event_name":"Accursed Blacksmith","player_choice":"Rummage","floor":3.0,"gold_loss":0.0,"damage_taken":0.0,"relics_obtained":["WarpedTongs"],"cards_obtained":["Pain"]},{"cards_removed":["Strike_R"],"damage_healed":0,"gold_gain":0,"player_choice":"Card Removal","damage_taken":7,"max_hp_gain":0,"max_hp_loss":0,"event_name":"Golden Wing","floor":13,"gold_loss":0},{"cards_removed":["Strike_R"],"damage_healed":0,"gold_gain":0,"player_choice":"Purged","damage_taken":0,"max_hp_gain":0,"max_hp_loss":0,"event_name":"Purifier","floor":19,"gold_loss":0},{"damage_healed":0,"gold_gain":0,"player_choice":"Paid Gold","damage_taken":0,"relics_obtained":["Pear"],"max_hp_gain":0,"max_hp_loss":0,"event_name":"WeMeetAgain","floor":21,"gold_loss":61}],"is_beta":false,"boss_relics":[{"not_picked":["Fusion Hammer","Runic Pyramid"],"picked":"Black Star"}],"items_purged_floors":[5],"is_endless":false,"potions_floor_spawned":[4,7,11,12,16,20,22],"killed_by":"Book of Stabbing","ascension_level":6}}