{"host":"bxyl4n8onrqni51y","time":1613577599,"event":{"mods":["BaseMod","BetterRewards","Colored Map","Downfall","Hubris","Marisa????????","Minty Spire (QoL Compilation)","Replay The Spire","StSLib","Td1madao Mod","The Animator","The Cursed","The Jungle","The Necromancer","The Servant 0.9.4"],"gold_per_floor":[111,111,111,124,124,152,152,168,220,254,254,254,26,37,37,135,135,153,153,153,169,243,243,263,295,295,312,327,337,23,39,39,138,138,149,149,149,1,101,101,120,153,180,207,207,207,242,255,255,255,255,255,73,73,73],"floor_reached":54,"language":"ENG","playtime":4334,"items_purged":[],"score":878,"play_id":"977f5657-bc77-4647-b414-e5739dee4c1b","local_time":"20210217165959","is_ascension_mode":false,"campfire_choices":[{"floor":7,"key":"REST"},{"floor":15,"key":"REST"},{"data":"TheCursedMod:HellsGateOpen","floor":23,"key":"SMITH"},{"floor":32,"key":"RECALL"},{"floor":40,"key":"REST"},{"floor":46,"key":"REST"},{"floor":49,"key":"REST"},{"data":"TheCursedMod:ManaCirculation","floor":52,"key":"SMITH"}],"circlet_count":0,"master_deck":["TheCursedMod:Strike_TheCursed+1","TheCursedMod:Strike_TheCursed","TheCursedMod:Strike_TheCursed","TheCursedMod:Defend_TheCursed","TheCursedMod:Defend_TheCursed","TheCursedMod:Defend_TheCursed","TheCursedMod:Defend_TheCursed","TheCursedMod:CursedWand+1","TheCursedMod:CleanUpWorkshop+1","TheCursedMod:Dregs","TheCursedMod:Obscuration","TheCursedMod:Torture+1","TheCursedMod:CircleOfWindfury+1","TheCursedMod:ReleasedStrength+1","TheCursedMod:HellsGateOpen+1","TheCursedMod:Stretching","TheCursedMod:CursedShiv","TheCursedMod:SpitefulPlan","TheCursedMod:ReleasedKnowledge","TheCursedMod:DemonSword","TheCursedMod:LuckyCharm","Writhe","TheCursedMod:CircleOfCorruption","ReplayTheSpireMod:Splinters","TheCursedMod:ReleasedStrength+1","TheCursedMod:CursedBoomerang+1","TheCursedMod:VoidForm","TheCursedMod:SpitefulPray","TheCursedMod:CursedShiv","TheCursedMod:AbyssShockwave+1","TheCursedMod:ParallelWorld","TheCursedMod:Stretching+1","Decay","TheCursedMod:ManaCirculation","Regret","TheCursedMod:ManaCirculation+1","ReplayTheSpireMod:Faulty Equipment","TheCursedMod:Dregs","TheCursedMod:Stretching+1","TheCursedMod:CollectTribute","Writhe","Languid","TheCursedMod:CursedBoomerang+1","TheCursedMod:CursedSpellbook","Crow Ritual","Crow Ritual","Dark Shackles+1","TheCursedMod:CursedAmulet"],"relics":["TheCursedMod:BlackMagic101","OrangePellets","Replay:Mystery Machine","Replay:Kaleidoscope","Ice Cream","Whetstone","Replay:Bottled Eggs","Ornamental Fan","Art of War","Sozu","Replay:Bottled Steam","Strawberry","Pen Nib","hubris:Reverence","Lee\u0027s Waffle","Blood Vial","Replay:Bronze Core","Oddly Smooth Stone","Sling","Durian","downfall:ExtraCursedKey","Replay:Towering Pillar of Hats","Replay:Wax Seal","Snack Pack","Blue Doll"],"acts_visited":["Exordium","TheCity","TheBeyond","TheEnding"],"potions_floor_usage":[10,10,44],"damage_taken":[{"damage":0,"enemies":"Jaw Worm","floor":1,"turns":3},{"damage":0,"enemies":"Small Slimes","floor":4,"turns":4},{"damage":14,"enemies":"Lagavulin","floor":6,"turns":8},{"damage":0,"enemies":"2 Louse","floor":8,"turns":2},{"damage":22,"enemies":"3 Sentries","floor":10,"turns":5},{"damage":0,"enemies":"Exordium Wildlife","floor":14,"turns":4},{"damage":0,"enemies":"Fading Forest","floor":16,"turns":11},{"damage":0,"enemies":"Shell Parasite","floor":18,"turns":4},{"damage":0,"enemies":"Chosen","floor":21,"turns":4},{"damage":0,"enemies":"Centurion and Healer","floor":24,"turns":5},{"damage":24,"enemies":"Slavers","floor":25,"turns":4},{"damage":0,"enemies":"Snecko","floor":27,"turns":4},{"damage":2,"enemies":"3 Cultists","floor":28,"turns":4},{"damage":35,"enemies":"Snake Plant","floor":29,"turns":3},{"damage":6,"enemies":"Shelled Parasite and Fungi","floor":31,"turns":2},{"damage":26,"enemies":"Champ","floor":33,"turns":6},{"damage":8,"enemies":"Orb Walker","floor":35,"turns":3},{"damage":6,"enemies":"3 Shapes","floor":41,"turns":4},{"damage":8,"enemies":"R_Hoarder","floor":42,"turns":7},{"damage":34,"enemies":"Reptomancer","floor":44,"turns":5},{"damage":0,"enemies":"R_Hoarder","floor":47,"turns":5},{"damage":24,"enemies":"Sphere and 2 Shapes","floor":48,"turns":4},{"damage":21,"enemies":"Replay:Hell Engine","floor":50,"turns":8},{"damage":103,"enemies":"Shield and Spear","floor":54,"turns":6}],"seed_played":"2019495194270357432","potions_obtained":[{"floor":1,"key":"Dexterity Potion"},{"floor":6,"key":"Fire Potion"},{"floor":8,"key":"ColorlessPotion"}],"is_trial":false,"path_per_floor":["M","?","?","M","$","E","R","M","T","E","?","?","$","M","R","B",null,"M","?","?","M","?","R","M","E","T","M","M","M","$","M","R","B",null,"M","?","$","$","?","R","M","E","T","E","?","R","E","M","R","B",null,"R","$","E"],"character_chosen":"THE_CURSED","items_purchased":["OrangePellets","Replay:Mystery Machine","Replay:Kaleidoscope","TheCursedMod:Torture","TheCursedMod:SpitefulPlan","Art of War","Lee\u0027s Waffle","Blood Vial","TheCursedMod:CursedShiv","Oddly Smooth Stone","Sling","Durian","TheCursedMod:ManaCirculation","Crow Ritual","Dark Shackles+1","TheCursedMod:CursedAmulet"],"campfire_rested":5,"item_purchase_floors":[0,0,0,0,13,13,30,30,30,37,37,37,38,53,53,53],"current_hp_per_floor":[40,40,40,40,40,26,48,48,48,26,26,8,8,8,30,40,75,75,75,75,75,82,82,82,58,58,58,56,21,89,83,83,59,89,81,81,45,45,50,79,75,69,69,37,37,66,72,52,81,68,99,99,99,0,0],"gold":73,"neow_bonus":"","is_daily":false,"chose_seed":false,"campfire_upgraded":2,"win_rate":0.0,"timestamp":1613577599,"path_taken":["M","?","?","M","$","E","R","M","T","E","?","?","$","M","R","BOSS","M","?","?","M","?","R","?","E","T","M","M","M","$","M","R","BOSS","M","?","?","$","?","R","M","E","T","E","?","R","E","M","R","BOSS","R","$","E"],"items_purchased_type":["Relic","Relic","Relic","Card","Card","Relic","Relic","Relic","Card","Relic","Relic","Relic","Card","Card","Card","Card"],"build_version":"2020-12-22","purchased_purges":0,"victory":false,"max_hp_per_floor":[75,75,75,75,75,75,75,75,75,75,75,75,75,75,75,75,75,75,75,75,75,82,82,82,82,82,82,82,82,89,89,89,89,89,89,89,94,94,99,99,99,99,99,99,99,99,99,99,99,99,99,99,99,99,99],"card_choices":[{"not_picked":["TheCursedMod:Torture","TheCursedMod:SurpriseAttack"],"picked":"TheCursedMod:CircleOfWindfury","floor":1},{"not_picked":["TheCursedMod:TacticalStrike","TheCursedMod:RapidMovement"],"picked":"TheCursedMod:ReleasedStrength","floor":4},{"not_picked":["TheCursedMod:CursedSpellbook","TheCursedMod:SmokeScreen"],"picked":"TheCursedMod:HellsGateOpen","floor":6},{"not_picked":["TheCursedMod:Torture","TheCursedMod:Wield"],"picked":"TheCursedMod:Stretching","floor":8},{"not_picked":["TheCursedMod:ShockAndAwe","TheCursedMod:Wield"],"picked":"TheCursedMod:CursedShiv","floor":10},{"not_picked":["TheCursedMod:WearCloak","TheCursedMod:RapidMovement"],"picked":"TheCursedMod:ReleasedKnowledge","floor":14},{"not_picked":["TheCursedMod:DemonicPact","TheCursedMod:CollectTribute"],"picked":"TheCursedMod:DemonSword","floor":16},{"not_picked":["TheCursedMod:SaltUponWound","TheCursedMod:ReleasedStrength"],"picked":"TheCursedMod:LuckyCharm","floor":18},{"not_picked":["TheCursedMod:RavingStaff","TheCursedMod:CursedMace"],"picked":"TheCursedMod:CircleOfCorruption","floor":21},{"not_picked":["TheCursedMod:Torture","TheCursedMod:BlessingInDisguise"],"picked":"TheCursedMod:ReleasedStrength","floor":22},{"not_picked":["TheCursedMod:Wield","TheCursedMod:SpitefulPlan"],"picked":"TheCursedMod:CursedBoomerang+1","floor":24},{"not_picked":["TheCursedMod:CursedBlade","TheCursedMod:SmokeScreen"],"picked":"TheCursedMod:VoidForm","floor":25},{"not_picked":["TheCursedMod:CursedBlade+1","TheCursedMod:RapidMovement","TheCursedMod:Obscuration"],"picked":"SKIP","floor":27},{"not_picked":["TheCursedMod:RapidMovement","TheCursedMod:CursedStaff+1"],"picked":"TheCursedMod:SpitefulPray","floor":28},{"not_picked":["TheCursedMod:PrepareRite","TheCursedMod:ManaBullet","TheCursedMod:CircleOfCorruption"],"picked":"SKIP","floor":29},{"not_picked":["TheCursedMod:CircleOfFlame+1","TheCursedMod:SurpriseAttack"],"picked":"TheCursedMod:AbyssShockwave+1","floor":31},{"not_picked":["TheCursedMod:DemonSword","TheCursedMod:CircleOfAbyss"],"picked":"TheCursedMod:ParallelWorld","floor":33},{"not_picked":["TheCursedMod:FleshFromBone","TheCursedMod:SoulReap"],"picked":"TheCursedMod:Stretching+1","floor":35},{"not_picked":["TheCursedMod:WearCloak+1","TheCursedMod:Stigma+1"],"picked":"TheCursedMod:Stretching+1","floor":41},{"not_picked":["TheCursedMod:CursedArmor","TheCursedMod:Stigma"],"picked":"TheCursedMod:CollectTribute","floor":42},{"not_picked":["TheCursedMod:Evocation","TheCursedMod:EmpowerCircles+1","TheCursedMod:RapidMovement"],"picked":"SKIP","floor":44},{"not_picked":["TheCursedMod:HellsGateOpen","TheCursedMod:TacticalStrike+1"],"picked":"TheCursedMod:CursedBoomerang+1","floor":47},{"not_picked":["TheCursedMod:CircleOfCorruption+1","TheCursedMod:BlessingInDisguise+1"],"picked":"TheCursedMod:CursedSpellbook","floor":48}],"player_experience":63166,"relics_obtained":[{"floor":6,"key":"Whetstone"},{"floor":10,"key":"Replay:Bottled Eggs"},{"floor":22,"key":"Strawberry"},{"floor":25,"key":"Pen Nib"},{"floor":26,"key":"hubris:Reverence"},{"floor":42,"key":"Replay:Towering Pillar of Hats"},{"floor":43,"key":"Replay:Wax Seal"},{"floor":44,"key":"Snack Pack"},{"floor":47,"key":"Blue Doll"}],"event_choices":[{"damage_healed":0,"gold_gain":0,"player_choice":"Grow","damage_taken":0,"max_hp_gain":0,"max_hp_loss":0,"event_name":"Living Wall","floor":11,"gold_loss":0,"cards_upgraded":["TheCursedMod:CleanUpWorkshop"]},{"damage_healed":0,"gold_gain":0,"player_choice":"Success","damage_taken":18,"relics_obtained":["Ornamental Fan"],"max_hp_gain":0,"max_hp_loss":0,"event_name":"Scrap Ooze","floor":12,"gold_loss":0},{"damage_healed":0,"gold_gain":0,"player_choice":"Ignored","damage_taken":0,"max_hp_gain":0,"max_hp_loss":0,"event_name":"Vampires","floor":19,"gold_loss":0},{"damage_healed":0,"gold_gain":0,"player_choice":"Opened","damage_taken":0,"relics_obtained":["Replay:Bottled Steam"],"max_hp_gain":0,"max_hp_loss":0,"event_name":"The Mausoleum","floor":20,"gold_loss":0,"cards_obtained":["Writhe"]},{"damage_healed":0,"gold_gain":0,"player_choice":"Cursed","damage_taken":0,"max_hp_gain":0,"max_hp_loss":0,"event_name":"Wheel of Change","floor":36,"gold_loss":0,"cards_obtained":["Decay"]}],"is_beta":false,"boss_relics":[{"not_picked":["Tiny House","Replay:Wanted Poster"],"picked":"Sozu"},{"not_picked":["hubris:VirtuousBlindfold","Pandora\u0027s Box"],"picked":"Replay:Bronze Core"}],"items_purged_floors":[],"is_endless":false,"potions_floor_spawned":[1,6,8,21,27,29,31,35,41,48],"killed_by":"Shield and Spear","ascension_level":0}}