{"host":"d4km6p8r92tm3vpl","time":1613521941,"event":{"mods":["AchievementEnabler","BaseMod","Colored Map","Colored Powertips","DeckTracker","Minty Spire (QoL Compilation)","Relic Stats","StSLib"],"gold_per_floor":[214,224,239,76,94,94,107,132,132,174,174,195,222,262,262,262,262],"floor_reached":16,"language":"ENG","playtime":626,"items_purged":[],"score":253,"play_id":"4c1c9fd8-7605-451f-9bca-185663cc0c56","local_time":"20210216193221","is_ascension_mode":true,"campfire_choices":[{"data":"Neutralize","floor":6,"key":"SMITH"},{"data":"Bouncing Flask","floor":11,"key":"SMITH"},{"data":"Blade Dance","floor":15,"key":"SMITH"}],"circlet_count":0,"master_deck":["AscendersBane","Strike_G","Strike_G","Strike_G","Strike_G","Strike_G","Defend_G","Defend_G","Defend_G","Defend_G","Defend_G","Survivor","Neutralize+1","Quick Slash","Endless Agony","Endless Agony","Heel Hook","Swift Strike","Flying Knee","Dagger Spray","Dagger Spray","Bouncing Flask+1","Blur","Blade Dance+1","Blur"],"relics":["Ring of the Snake","Vajra","PreservedInsect","CeramicFish","Kunai"],"acts_visited":["Exordium"],"potions_floor_usage":[8,8],"damage_taken":[{"damage":4,"enemies":"Cultist","floor":1,"turns":6},{"damage":5,"enemies":"Small Slimes","floor":2,"turns":4},{"damage":0,"enemies":"2 Louse","floor":3,"turns":2},{"damage":7,"enemies":"Large Slime","floor":5,"turns":9},{"damage":2,"enemies":"3 Louse","floor":7,"turns":3},{"damage":0,"enemies":"3 Sentries","floor":8,"turns":3},{"damage":8,"enemies":"Gremlin Nob","floor":10,"turns":3},{"damage":4,"enemies":"Blue Slaver","floor":12,"turns":3},{"damage":0,"enemies":"Exordium Wildlife","floor":13,"turns":3},{"damage":2,"enemies":"3 Sentries","floor":14,"turns":4},{"damage":27,"enemies":"Hexaghost","floor":16,"turns":7}],"seed_played":"-6117168672746302852","potions_obtained":[{"floor":2,"key":"CunningPotion"},{"floor":5,"key":"SteroidPotion"}],"is_trial":false,"path_per_floor":["M","M","M","$","M","R","M","E","T","E","R","M","M","E","R","B"],"character_chosen":"THE_SILENT","items_purchased":["Heel Hook","Swift Strike"],"campfire_rested":0,"item_purchase_floors":[4,4],"current_hp_per_floor":[55,50,50,50,43,43,41,41,41,33,33,29,29,27,27,0,0],"gold":262,"neow_bonus":"HUNDRED_GOLD","is_daily":false,"chose_seed":false,"campfire_upgraded":3,"win_rate":0.0,"timestamp":1613521941,"path_taken":["M","M","M","$","M","R","M","E","T","E","R","M","M","E","R","BOSS"],"items_purchased_type":["Card","Card"],"build_version":"2020-12-22","purchased_purges":0,"victory":false,"max_hp_per_floor":[66,66,66,66,66,66,66,66,66,66,66,66,66,66,66,66,66],"relic_stats":{"counters":[11,47],"CeramicFish":36,"PreservedInsect":56,"Kunai":[5],"obtain_stats":[{"CeramicFish":10,"Vajra":8,"PreservedInsect":9,"Kunai":14,"Ring of the Snake":0},{"CeramicFish":7,"Vajra":6,"PreservedInsect":6,"Kunai":10,"Ring of the Snake":0},{"CeramicFish":30,"Vajra":27,"PreservedInsect":27,"Kunai":40,"Ring of the Snake":0}],"Ring of the Snake":[23]},"card_choices":[{"not_picked":["Prepared","Cloak And Dagger"],"picked":"Quick Slash","floor":1},{"not_picked":["PiercingWail","Prepared"],"picked":"Endless Agony","floor":2},{"not_picked":["Setup","Outmaneuver"],"picked":"Endless Agony","floor":3},{"not_picked":["Accuracy","Tactician"],"picked":"Flying Knee","floor":5},{"not_picked":["Deflect","Escape Plan"],"picked":"Dagger Spray","floor":7},{"not_picked":["Poisoned Stab","Envenom"],"picked":"Dagger Spray","floor":8},{"not_picked":["Backflip","Dagger Spray"],"picked":"Bouncing Flask","floor":10},{"not_picked":["PiercingWail","Caltrops"],"picked":"Blur","floor":12},{"not_picked":["All Out Attack","Choke"],"picked":"Blade Dance","floor":13},{"not_picked":["Deadly Poison","Acrobatics"],"picked":"Blur","floor":14}],"player_experience":852946,"relics_obtained":[{"floor":8,"key":"Vajra"},{"floor":9,"key":"PreservedInsect"},{"floor":10,"key":"CeramicFish"},{"floor":14,"key":"Kunai"}],"event_choices":[],"is_beta":false,"boss_relics":[],"items_purged_floors":[],"is_endless":false,"potions_floor_spawned":[2,5,7],"killed_by":"Hexaghost","ascension_level":14}}