{"host":"y2bqfd80u7hqgj5z","time":1613595797,"event":{"mods":["AchievementEnabler","Act Like it!","Arknights","BaseMod","BetterRewards","CapriCore","Colored Map","Colored Powertips","Data Control","DeckTracker","Downfall","Friendly Minions","Good Game Mod","HololiveMod","Koishi","Marisa????????","Minty Spire (QoL Compilation)","Permanent Neow","RRrroohrrRGHHhhh!!","Rare Cards Sparkle","Reimu??????","Remilia??????","Replay The Spire","RumiaBox-????????","Shop Mod","Spikes Relics","StSLib","SuperFastMode","The Administrix","The Immortal","The Servant 0.9.4","The Wild Card","Transform Curses","Youmu??????"],"gold_per_floor":[10,26,26,37,48,80,100,116,143,174,174,208,228,260,260,356,356,366,386,396,413,413,438,438,463,463,483,494,513,653,653,653,756,756,775,785,801,821,821,948,958,1067,1067,1085,1185,1199,1199,1249,1249,1249],"floor_reached":51,"language":"ENG","playtime":351,"items_purged":[],"score":1238,"play_id":"0ba9c424-d534-4cab-aa0c-7dd8a08224eb","local_time":"20210217150317","is_ascension_mode":true,"campfire_choices":[{"data":"hexamod:Sear","floor":11,"key":"SMITH"},{"data":"hexamod:Float","floor":15,"key":"SMITH"},{"data":"hexamod:Strike","floor":24,"key":"SMITH"},{"data":"hexamod:Strike","floor":49,"key":"SMITH"}],"circlet_count":0,"master_deck":["hexamod:Strike","hexamod:Strike","hexamod:Strike+1","hexamod:Strike+1","hexamod:Defend","hexamod:Defend","hexamod:Defend","hexamod:Defend","hexamod:Sear+1","hexamod:Float+1","hexamod:TimeWarp+1"],"relics":["hexamod:SpiritBrand","REME:ComplimentaryCards","Mastiff:ReiMu","rorgmod:The Boot","Replay:Bandana","Potion Belt","Meat on the Bone","rorgmod:Ceramic Fish","Golden Egg","SpikesRelics:DaevaFist","Gremlin Horn","Ccalipers","Dream Catcher","MoreBug","Lizard Tail"],"acts_visited":["Exordium","TheCity","TheBeyond"],"potions_floor_usage":[],"damage_taken":[{"damage":0,"enemies":"Cultist","floor":1,"turns":1},{"damage":0,"enemies":"Jaw Worm","floor":2,"turns":1},{"damage":0,"enemies":"Small Slimes","floor":4,"turns":1},{"damage":0,"enemies":"Looter","floor":5,"turns":1},{"damage":0,"enemies":"Gremlin Nob","floor":6,"turns":1},{"damage":0,"enemies":"Exordium Thugs","floor":7,"turns":1},{"damage":0,"enemies":"3 Louse","floor":8,"turns":1},{"damage":0,"enemies":"Lagavulin","floor":10,"turns":1},{"damage":0,"enemies":"3 Sentries","floor":12,"turns":1},{"damage":0,"enemies":"2 Fungi Beasts","floor":13,"turns":1},{"damage":0,"enemies":"Gremlin Nob","floor":14,"turns":1},{"damage":0,"enemies":"Hexaghost","floor":16,"turns":1},{"damage":0,"enemies":"2 Thieves","floor":18,"turns":1},{"damage":0,"enemies":"Shell Parasite","floor":19,"turns":1},{"damage":0,"enemies":"Centurion and Healer","floor":20,"turns":1},{"damage":0,"enemies":"Snake Plant","floor":21,"turns":1},{"damage":0,"enemies":"Slavers","floor":23,"turns":1},{"damage":0,"enemies":"Gremlin Leader","floor":25,"turns":1},{"damage":0,"enemies":"Shelled Parasite and Fungi","floor":27,"turns":1},{"damage":0,"enemies":"3 Cultists","floor":28,"turns":1},{"damage":0,"enemies":"Cultist and Chosen","floor":29,"turns":1},{"damage":0,"enemies":"Slavers","floor":30,"turns":1},{"damage":0,"enemies":"Collector","floor":33,"turns":1},{"damage":0,"enemies":"3 Darklings","floor":35,"turns":1},{"damage":0,"enemies":"Orb Walker","floor":36,"turns":1},{"damage":0,"enemies":"Spire Growth","floor":37,"turns":1},{"damage":0,"enemies":"Sphere and 2 Shapes","floor":38,"turns":1},{"damage":0,"enemies":"Nemesis","floor":40,"turns":1},{"damage":0,"enemies":"Jaw Worm Horde","floor":41,"turns":1},{"damage":0,"enemies":"Giant Head","floor":42,"turns":1},{"damage":0,"enemies":"Transient","floor":44,"turns":1},{"damage":0,"enemies":"Nemesis","floor":45,"turns":1},{"damage":0,"enemies":"Sphere and 2 Shapes","floor":46,"turns":1},{"damage":0,"enemies":"2 Orb Walkers","floor":48,"turns":1},{"damage":0,"enemies":"Replay:Hell Engine","floor":50,"turns":1}],"seed_played":"3736559703659285447","potions_obtained":[{"floor":1,"key":"sneckomod:MuddlingPotion"},{"floor":2,"key":"Reflective Coating"},{"floor":6,"key":"Swift Potion"},{"floor":32,"key":"SkillPotion"},{"floor":32,"key":"LiquidBronze"}],"is_trial":false,"path_per_floor":["M","M","?","M","M","E","M","M","T","E","R","E","M","E","R","B",null,"M","M","M","M","?","E","R","E","T","M","M","M","E","$","R_BF","B",null,"M","M","M","M","$","E","M","E","T","M","E","M","?","?","R","B",null],"character_chosen":"THE_SPIRIT","items_purchased":[],"campfire_rested":0,"item_purchase_floors":[],"current_hp_per_floor":[70,70,70,70,70,70,70,70,70,70,70,70,70,70,70,70,70,70,70,70,70,70,70,70,70,70,70,70,70,70,70,70,70,70,70,70,70,70,70,70,70,70,70,70,70,70,70,70,70,70],"gold":1249,"neow_bonus":"THREE_RARE_CARDS","is_daily":false,"chose_seed":false,"campfire_upgraded":4,"win_rate":0.0,"timestamp":1613595797,"path_taken":["M","M","?","M","M","E","M","M","T","E","R","E","M","E","R","BOSS","M","M","M","M","?","E","R","E","T","M","M","M","E","$","R_BF","BOSS","M","M","M","M","$","E","M","E","T","M","E","M","?","?","R","BOSS"],"items_purchased_type":[],"build_version":"2020-12-22","purchased_purges":0,"victory":true,"max_hp_per_floor":[70,70,70,70,70,70,70,70,70,70,70,70,70,70,70,70,70,70,70,70,70,70,70,70,70,70,70,70,70,70,70,70,70,70,70,70,70,70,70,70,70,70,70,70,70,70,70,70,70,70],"card_choices":[{"not_picked":["hexamod:VolcanoVisage","hexamod:Toasty"],"picked":"hexamod:TimeWarp","floor":0},{"not_picked":["hexamod:HeatCrush","hexamod:ThermalTransfer","hexamod:Firestarter"],"picked":"SKIP","floor":1},{"not_picked":["hexamod:HauntingEcho","hexamod:GhostOfSpirePast","hexamod:BurningTouch"],"picked":"SKIP","floor":2},{"not_picked":["hexamod:FourthSeal","hexamod:AdvancingGuard","hexamod:BacktrackSmack"],"picked":"SKIP","floor":4},{"not_picked":["hexamod:RecurringNightmare","hexamod:NightmareGuise","hexamod:InspiringFlames"],"picked":"SKIP","floor":5},{"not_picked":["hexamod:SuperheatedStrike","hexamod:HauntingEcho","hexamod:NightmareStrike"],"picked":"SKIP","floor":6},{"not_picked":["hexamod:GhostShield","hexamod:EmpoweredFlame","hexamod:GhostflameInferno"],"picked":"SKIP","floor":7},{"not_picked":["hexamod:SwordOfDarkness","hexamod:SecondSeal","hexamod:FlamesFromBeyond"],"picked":"SKIP","floor":8},{"not_picked":["hexamod:TimeOfNeed","hexamod:EmpoweredFlame","hexamod:FastForward"],"picked":"SKIP","floor":10},{"not_picked":["hexamod:RainOfEmbers","hexamod:BurningTouch","hexamod:ShieldOfDarkness"],"picked":"SKIP","floor":12},{"not_picked":["hexamod:Hexaguard","hexamod:GhostLash","hexamod:EmpoweredFlame"],"picked":"SKIP","floor":13},{"not_picked":["hexamod:GhostShield","hexamod:SuperheatedStrike","hexamod:NecessarySacrifice"],"picked":"SKIP","floor":14},{"not_picked":["hexamod:SwordOfDarkness","hexamod:AdvancingGuard","hexamod:RadiantFlame"],"picked":"SKIP","floor":18},{"not_picked":["hexamod:HeatMetal","hexamod:GhostOfSpirePast+1","hexamod:Haunt"],"picked":"SKIP","floor":19},{"not_picked":["hexamod:SpectralAdrenaline","hexamod:SwordOfDarkness+1","hexamod:NightmareStrike"],"picked":"SKIP","floor":20},{"not_picked":["hexamod:BurningTouch+1","hexamod:SpectralAdrenaline","hexamod:SkipABeat"],"picked":"SKIP","floor":21},{"not_picked":["hexamod:CatchUp","hexamod:RadiantFlame","hexamod:BurningTouch"],"picked":"SKIP","floor":23},{"not_picked":["hexamod:DynamicBlow","hexamod:HexaLevel","hexamod:Hexaguard"],"picked":"SKIP","floor":25},{"not_picked":["hexamod:ShieldOfDarkness","hexamod:InspiringFlames","hexamod:Incineration"],"picked":"SKIP","floor":27},{"not_picked":["hexamod:NightmareGuise","hexamod:Rewind+1","hexamod:GhostShield+1"],"picked":"SKIP","floor":28},{"not_picked":["hexamod:Firestarter+1","hexamod:FirstSeal","hexamod:SpectralSpark"],"picked":"SKIP","floor":29},{"not_picked":["hexamod:Toasty","hexamod:RainOfEmbers","hexamod:RecurringNightmare"],"picked":"SKIP","floor":30},{"not_picked":["hexamod:ShieldOfDarkness","hexamod:InspiringFlames","hexamod:SwordOfDarkness"],"picked":"SKIP","floor":35},{"not_picked":["hexamod:BacktrackSmack+1","hexamod:HauntingEcho+1","hexamod:EtherealExpedition+1"],"picked":"SKIP","floor":36},{"not_picked":["hexamod:HeatShield+1","hexamod:SwordOfDarkness+1","hexamod:Hexaguard+1"],"picked":"SKIP","floor":37},{"not_picked":["hexamod:GiftsFromTheDead","hexamod:BacktrackSmack+1","hexamod:GhostShield"],"picked":"SKIP","floor":38},{"not_picked":["hexamod:RadiantFlame+1","hexamod:GhostOfSpirePast","hexamod:Firestarter"],"picked":"SKIP","floor":40},{"not_picked":["hexamod:RetreatToShadows","hexamod:Rewind","hexamod:SpectersWail"],"picked":"SKIP","floor":41},{"not_picked":["hexamod:HeatMetal+1","hexamod:ThirdSeal","hexamod:SpectersWail+1"],"picked":"SKIP","floor":42},{"not_picked":["hexamod:SuperheatedStrike","hexamod:HauntingEcho","hexamod:RadiantFlame+1"],"picked":"SKIP","floor":44},{"not_picked":["hexamod:SpectersWail+1","hexamod:HeatShield+1","hexamod:SpectralSpark"],"picked":"SKIP","floor":45},{"not_picked":["hexamod:BacktrackSmack","hexamod:InspiringFlames+1","hexamod:AdvancingGuard"],"picked":"SKIP","floor":46}],"player_experience":101788,"relics_obtained":[{"floor":9,"key":"Mastiff:ReiMu"},{"floor":10,"key":"rorgmod:The Boot"},{"floor":12,"key":"Replay:Bandana"},{"floor":14,"key":"Potion Belt"},{"floor":23,"key":"Meat on the Bone"},{"floor":25,"key":"rorgmod:Ceramic Fish"},{"floor":26,"key":"Golden Egg"},{"floor":30,"key":"SpikesRelics:DaevaFist"},{"floor":40,"key":"Gremlin Horn"},{"floor":42,"key":"Ccalipers"},{"floor":43,"key":"Dream Catcher"},{"floor":45,"key":"MoreBug"},{"floor":48,"key":"Lizard Tail"}],"event_choices":[{"damage_healed":0,"gold_gain":0,"player_choice":"Grow","damage_taken":0,"max_hp_gain":0,"max_hp_loss":0,"event_name":"Living Wall","floor":3,"gold_loss":0,"cards_upgraded":["hexamod:TimeWarp"]},{"damage_healed":0,"gold_gain":0,"player_choice":"Fight","damage_taken":0,"max_hp_gain":0,"max_hp_loss":0,"event_name":"Mysterious Sphere","floor":48,"gold_loss":0}],"is_beta":false,"boss_relics":[{"not_picked":[]},{"not_picked":[]}],"items_purged_floors":[],"is_endless":false,"potions_floor_spawned":[1,2,6,7,10,13,20,25,27,29,30,36,37,40,44,45,48],"ascension_level":1}}