{"host":"y36bp6mnm73x3iob","time":1613573296,"event":{"mods":["2.2 Compatiblity","BaseMod","Bossed Relics","GifTheSpireLib","Hermit","Minty Spire (QoL Compilation)","Reliquary","StSLib"],"gold_per_floor":[111,111,126,201,216,216,251,251,251,279,343,343,356,374,374,450,450,463,463,463,162,87,87,117,24,24,24,24,50,50,73,73,152,152,171,95,95,18,18,18,18,18,94,94,120,137,137,150,150,150],"floor_reached":51,"language":"ENG","playtime":2023,"items_purged":["Shame"],"score":1251,"play_id":"1f5c9a85-8fcd-4e4e-b9a1-c45664c46471","local_time":"20210217164816","is_ascension_mode":true,"campfire_choices":[{"data":"Armaments","floor":6,"key":"SMITH"},{"floor":8,"key":"REST"},{"data":"Disarm","floor":15,"key":"SMITH"},{"data":"Rupture","floor":23,"key":"SMITH"},{"data":"True Grit","floor":27,"key":"SMITH"},{"floor":30,"key":"REST"},{"floor":32,"key":"REST"},{"data":"Armaments","floor":40,"key":"SMITH"},{"data":"Disarm","floor":42,"key":"SMITH"},{"data":"Dark Embrace","floor":47,"key":"SMITH"},{"floor":49,"key":"REST"}],"circlet_count":0,"master_deck":["AscendersBane","Strike_R","Defend_R","Defend_R","Defend_R","Bash","Ghostly Armor","Dual Wield","Armaments+1","Cleave","Flame Barrier","Hemokinesis","Rupture+1","Exhume","Clothesline","Disarm+1","Immolate","Hemokinesis","Combust","Disarm+1","True Grit+1","Evolve","Rupture","Corruption","CurseOfTheBell","Armaments+1","Whirlwind+1","Dark Embrace+1","Corruption","Flame Barrier","Parasite","Burning Pact","Demon Form"],"relics":["Burning Blood","Torii","reliquary:IridiumChain","Meat on the Bone","reliquary:TridentHead","Toy Ornithopter","Runic Cube","reliquary:SilkGlove","Centennial Puzzle","WingedGreaves","Art of War","Mercury Hourglass","reliquary:FerryPass","Bag of Preparation","Calling Bell","reliquary:TatteredRug","Shuriken","Prayer Wheel","Bottled Flame","Singing Bowl"],"acts_visited":["Exordium","TheCity","TheBeyond"],"potions_floor_usage":[7,7,16,16,29,29,33,33,33,50],"damage_taken":[{"damage":3,"enemies":"2 Louse","floor":1,"turns":5},{"damage":18,"enemies":"Jaw Worm","floor":3,"turns":6},{"damage":7,"enemies":"Small Slimes","floor":5,"turns":4},{"damage":26,"enemies":"Lagavulin","floor":7,"turns":9},{"damage":21,"enemies":"Gremlin Nob","floor":10,"turns":4},{"damage":27,"enemies":"Gremlin Nob","floor":11,"turns":5},{"damage":6,"enemies":"3 Louse","floor":13,"turns":1},{"damage":1,"enemies":"2 Fungi Beasts","floor":14,"turns":4},{"damage":16,"enemies":"The Guardian","floor":16,"turns":9},{"damage":17,"enemies":"2 Thieves","floor":18,"turns":2},{"damage":50,"enemies":"Book of Stabbing","floor":24,"turns":2},{"damage":34,"enemies":"Gremlin Leader","floor":29,"turns":4},{"damage":77,"enemies":"Automaton","floor":33,"turns":7},{"damage":17,"enemies":"3 Shapes","floor":35,"turns":3},{"damage":38,"enemies":"Nemesis","floor":45,"turns":7},{"damage":14,"enemies":"Orb Walker","floor":46,"turns":4},{"damage":10,"enemies":"Writhing Mass","floor":48,"turns":5},{"damage":76,"enemies":"Awakened One","floor":50,"turns":5}],"seed_played":"8473204980401537995","potions_obtained":[{"floor":3,"key":"Weak Potion"},{"floor":5,"key":"CultistPotion"},{"floor":11,"key":"CultistPotion"},{"floor":13,"key":"FearPotion"},{"floor":18,"key":"BlessingOfTheForge"},{"floor":24,"key":"SkillPotion"},{"floor":29,"key":"EntropicBrew"},{"floor":45,"key":"LiquidBronze"},{"floor":48,"key":"BlessingOfTheForge"}],"is_trial":false,"path_per_floor":["M","?","M","?","M","R","E","R","T","E","?","?","M","M","R","B",null,"M","?","?","$","?","R","E","$","T","R","T","E","R","T","R","B",null,"M","$","?","$","?","R","$","R","T","?","E","M","R","M","R","B",null],"character_chosen":"IRONCLAD","items_purchased":["Combust","Centennial Puzzle","True Grit","Evolve","Dark Embrace","DuplicationPotion"],"campfire_rested":4,"item_purchase_floors":[21,21,25,25,36,38],"current_hp_per_floor":[75,75,63,52,51,51,31,55,55,40,31,24,36,53,53,53,73,62,62,62,62,62,62,30,30,30,30,30,24,48,48,72,28,67,56,56,56,56,56,56,56,56,56,56,38,44,44,52,76,23],"gold":150,"neow_bonus":"TRANSFORM_TWO_CARDS","is_daily":false,"chose_seed":false,"campfire_upgraded":7,"win_rate":0.0,"timestamp":1613573296,"path_taken":["M","?","M","?","?","R","E","R","T","E","?","?","M","M","R","BOSS","M","?","?","$","?","R","E","?","T","R","?","E","R","?","R","BOSS","M","$","?","$","?","R","$","R","T","?","E","M","R","?","R","BOSS"],"items_purchased_type":["Card","Relic","Card","Card","Card","Potion"],"build_version":"2020-12-22","purchased_purges":1,"victory":true,"max_hp_per_floor":[80,80,80,80,80,80,80,80,80,80,80,80,80,80,80,80,80,80,80,80,80,80,80,80,80,80,80,80,80,80,80,80,80,80,80,80,76,76,76,76,76,76,76,76,78,80,80,80,80,80],"card_choices":[{"not_picked":["Body Slam","Clothesline"],"picked":"Armaments","floor":1},{"not_picked":["Flex","Wild Strike"],"picked":"Cleave","floor":3},{"not_picked":["Seeing Red","Headbutt"],"picked":"Flame Barrier","floor":5},{"not_picked":["Intimidate","Clash"],"picked":"Hemokinesis","floor":7},{"not_picked":["Wild Strike","Shockwave"],"picked":"Rupture","floor":10},{"not_picked":["Thunderclap","Sentinel"],"picked":"Exhume","floor":11},{"not_picked":["Rupture","Second Wind"],"picked":"Clothesline","floor":13},{"not_picked":["Cleave","Uppercut"],"picked":"Disarm","floor":14},{"not_picked":["Double Tap","Fiend Fire"],"picked":"Immolate","floor":16},{"not_picked":["Clash","Cleave","Pommel Strike"],"picked":"SKIP","floor":18},{"not_picked":["Metallicize+1","Cleave"],"picked":"Disarm","floor":24},{"not_picked":["Anger","Fire Breathing"],"picked":"Rupture","floor":29},{"not_picked":["Berserk","Fiend Fire"],"picked":"Corruption","floor":33},{"not_picked":["Flex","Warcry"],"picked":"Armaments","floor":35},{"not_picked":["Reckless Charge","Headbutt"],"picked":"Whirlwind+1","floor":35},{"not_picked":["Wild Strike","Heavy Blade+1","Warcry"],"picked":"Singing Bowl","floor":45},{"not_picked":["Cleave","Thunderclap","Rage"],"picked":"Singing Bowl","floor":46},{"not_picked":["Headbutt","Ghostly Armor"],"picked":"Flame Barrier","floor":46},{"not_picked":["Cleave+1","Havoc"],"picked":"Burning Pact","floor":48},{"not_picked":["Armaments","Cleave"],"picked":"Demon Form","floor":48}],"player_experience":556558,"relics_obtained":[{"floor":7,"key":"Torii"},{"floor":9,"key":"reliquary:IridiumChain"},{"floor":10,"key":"Meat on the Bone"},{"floor":11,"key":"reliquary:TridentHead"},{"floor":24,"key":"WingedGreaves"},{"floor":26,"key":"Art of War"},{"floor":28,"key":"Mercury Hourglass"},{"floor":29,"key":"reliquary:FerryPass"},{"floor":31,"key":"Bag of Preparation"},{"floor":34,"key":"reliquary:TatteredRug"},{"floor":34,"key":"Shuriken"},{"floor":34,"key":"Prayer Wheel"},{"floor":43,"key":"Bottled Flame"},{"floor":45,"key":"Singing Bowl"}],"event_choices":[{"cards_removed":["Writhe"],"damage_healed":0,"gold_gain":0,"player_choice":"Forget","damage_taken":0,"max_hp_gain":0,"max_hp_loss":0,"event_name":"Living Wall","floor":2,"gold_loss":0},{"damage_healed":0,"gold_gain":75,"player_choice":"Gather Gold","damage_taken":11,"max_hp_gain":0,"max_hp_loss":0,"event_name":"World of Goop","floor":4,"gold_loss":0},{"damage_healed":0,"gold_gain":0,"player_choice":"Searched \u00271\u0027 times","damage_taken":0,"max_hp_gain":0,"max_hp_loss":0,"event_name":"Dead Adventurer","floor":11,"gold_loss":0},{"damage_healed":0,"gold_gain":0,"player_choice":"Success","damage_taken":7,"relics_obtained":["Toy Ornithopter"],"max_hp_gain":0,"max_hp_loss":0,"event_name":"Scrap Ooze","floor":12,"gold_loss":0},{"damage_healed":0,"gold_gain":0,"player_choice":"Stole Relic","damage_taken":0,"relics_obtained":["reliquary:SilkGlove"],"max_hp_gain":0,"max_hp_loss":0,"event_name":"Addict","floor":19,"gold_loss":0,"cards_obtained":["Shame"]},{"damage_healed":0,"gold_gain":0,"player_choice":"Read","damage_taken":0,"max_hp_gain":0,"max_hp_loss":0,"event_name":"The Library","floor":20,"gold_loss":0,"cards_obtained":["Hemokinesis"]},{"cards_removed":["Strike_R"],"damage_healed":0,"gold_gain":0,"player_choice":"Gave Gold","damage_taken":0,"max_hp_gain":0,"max_hp_loss":0,"event_name":"Beggar","floor":22,"gold_loss":75},{"damage_healed":0,"gold_gain":0,"player_choice":"Max HP","damage_taken":0,"max_hp_gain":0,"max_hp_loss":4,"event_name":"Winding Halls","floor":37,"gold_loss":0},{"cards_removed":["Defend_R"],"damage_healed":0,"gold_gain":0,"player_choice":"Removed Skill","damage_taken":0,"max_hp_gain":0,"max_hp_loss":0,"event_name":"Falling","floor":39,"gold_loss":0},{"damage_healed":0,"gold_gain":0,"cards_transformed":["Strike_R"],"player_choice":"Transformed","damage_taken":0,"max_hp_gain":0,"max_hp_loss":0,"event_name":"Transmorgrifier","floor":44,"gold_loss":0,"cards_obtained":["Corruption"]}],"is_beta":false,"boss_relics":[{"not_picked":["Black Blood","Cursed Key"],"picked":"Runic Cube"},{"not_picked":["SlaversCollar","reliquary:Ember"],"picked":"Calling Bell"}],"items_purged_floors":[21],"is_endless":false,"potions_floor_spawned":[3,5,11,13,18,24,29,45,48],"ascension_level":13}}