{"host":"m6rwrrl4vtok99e8","time":1613530266,"event":{"mods":["Act Like it!","Arknights","Aspiration","BaseMod","Colored Powertips","Downfall","KomeijiMod","LagranYue(???·?)","Lobotomy","Marisa????????","Minty Spire (QoL Compilation)","Quick Restart","Reliquary","Remilia??????","Replay The Spire","StSLib","The Bug Knight","The Hierophant","The Servant 0.9.4","Waifu the Spire","WarShipGirlsR/????R mod","Youmu??????","Yuri Mod"],"gold_per_floor":[112,112,137,137,161,161,161],"floor_reached":6,"language":"ZHS","playtime":328,"items_purged":[],"score":36,"play_id":"c4b25697-5055-47e2-b45c-494540aeb1a9","local_time":"20210217105106","is_ascension_mode":false,"campfire_choices":[],"circlet_count":0,"master_deck":["Strike_RM","Strike_RM","Strike_RM","Strike_RM","Defend_RM","Defend_RM","Defend_RM","Defend_RM","RedMoon","ScarletShoot","BloodHunter","Scarecrow","CharismaGuard","OSAHOGD","RedRainbow"],"relics":["ScarletHat","LagranYue:RandomDrawCardRelic","CogitoBucket","Golden Idol"],"acts_visited":["Exordium"],"potions_floor_usage":[],"damage_taken":[{"damage":0,"enemies":"ats:Genji","floor":1,"turns":4},{"damage":8,"enemies":"2 Louse","floor":3,"turns":4},{"damage":1,"enemies":"Cultist","floor":5,"turns":6},{"damage":8,"enemies":"Lagavulin","floor":6,"turns":5}],"seed_played":"-390787691374695274","potions_obtained":[{"floor":3,"key":"Ancient Potion"}],"is_trial":false,"path_per_floor":["M","?","M","?","M","E"],"character_chosen":"REMILIA","items_purchased":[],"campfire_rested":0,"item_purchase_floors":[],"current_hp_per_floor":[75,57,49,49,53,47,47],"gold":161,"neow_bonus":"","is_daily":false,"chose_seed":false,"campfire_upgraded":0,"win_rate":0.0,"timestamp":1613530266,"path_taken":["M","?","M","?","M","E"],"items_purchased_type":[],"build_version":"2020-12-22","purchased_purges":0,"victory":false,"max_hp_per_floor":[75,75,75,75,75,75,75],"card_choices":[{"not_picked":["UnderTheZenith","Stigmanizer"],"picked":"BloodHunter","floor":1},{"not_picked":["BeautyBeast","MeatLantern"],"picked":"Scarecrow","floor":3},{"not_picked":["DiffusionOfMisfortune","RedNightlessCastle","EternalNight"],"picked":"SKIP","floor":3},{"not_picked":[],"picked":"CharismaGuard","floor":4},{"not_picked":["BlackSwan","Murderer"],"picked":"OSAHOGD","floor":5},{"not_picked":["BloodHunter","UltimateOffering"],"picked":"RedRainbow","floor":5}],"player_experience":28416,"relics_obtained":[],"event_choices":[{"damage_healed":0,"gold_gain":0,"player_choice":"Take Damage","damage_taken":18,"relics_obtained":["Golden Idol"],"max_hp_gain":0,"max_hp_loss":0,"event_name":"Golden Idol","floor":2,"gold_loss":0}],"is_beta":false,"boss_relics":[],"items_purged_floors":[],"is_endless":false,"potions_floor_spawned":[3],"killed_by":"Lagavulin","ascension_level":0}}