{"host":"pj7egx7jkoz18hom","time":1613569977,"event":{"mods":["AchievementEnabler","BaseMod","Keyboard Shortcuts","Minty Spire (QoL Compilation)","SuperFastMode"],"gold_per_floor":[363,382,164,174,188,188,202,202,254,254,254,267,297,307,307,404,404,415,340,149,159,159,159],"floor_reached":22,"language":"KOR","playtime":732,"items_purged":["Strike_P"],"score":188,"play_id":"aeb41baf-b888-4e87-b3af-5b782c748497","local_time":"20210217225257","is_ascension_mode":false,"campfire_choices":[{"data":"Eruption","floor":6,"key":"SMITH"},{"data":"Vigilance","floor":8,"key":"SMITH"},{"floor":11,"key":"REST"},{"data":"Defend_P","floor":15,"key":"SMITH"}],"circlet_count":0,"master_deck":["Strike_P","Defend_P+1","Defend_P","Eruption+1","Vigilance+1","Scrawl"],"relics":["PureWater","Akabeko","Omamori","Frozen Egg 2","Empty Cage","Lantern"],"acts_visited":["Exordium","TheCity"],"potions_floor_usage":[7,13,13,16,16,21,22],"damage_taken":[{"damage":7,"enemies":"Cultist","floor":1,"turns":3},{"damage":0,"enemies":"2 Louse","floor":2,"turns":2},{"damage":1,"enemies":"Jaw Worm","floor":4,"turns":2},{"damage":11,"enemies":"3 Louse","floor":5,"turns":6},{"damage":1,"enemies":"2 Fungi Beasts","floor":7,"turns":2},{"damage":0,"enemies":"Large Slime","floor":12,"turns":5},{"damage":1,"enemies":"Lagavulin","floor":13,"turns":3},{"damage":0,"enemies":"Looter","floor":14,"turns":3},{"damage":40,"enemies":"Slime Boss","floor":16,"turns":8},{"damage":32,"enemies":"Chosen","floor":18,"turns":5},{"damage":6,"enemies":"Shell Parasite","floor":21,"turns":8},{"damage":39,"enemies":"Cultist and Chosen","floor":22,"turns":8}],"seed_played":"3972264012879269314","potions_obtained":[{"floor":4,"key":"FearPotion"},{"floor":5,"key":"AttackPotion"},{"floor":12,"key":"BlessingOfTheForge"},{"floor":13,"key":"PowerPotion"},{"floor":14,"key":"Energy Potion"},{"floor":18,"key":"PowerPotion"}],"is_trial":false,"path_per_floor":["M","M","$","M","M","R","M","R","T","?","R","M","E","M","R","B",null,"M","?","$","M","M"],"character_chosen":"WATCHER","items_purchased":["Akabeko","Block Potion","Lantern"],"campfire_rested":1,"item_purchase_floors":[3,20,20],"current_hp_per_floor":[58,58,58,57,46,46,45,45,45,38,57,57,56,56,56,16,65,33,33,33,27,0,0],"gold":159,"neow_bonus":"TWO_FIFTY_GOLD","is_daily":false,"chose_seed":false,"campfire_upgraded":3,"win_rate":0.0,"timestamp":1613569977,"path_taken":["M","M","?","M","M","R","M","R","T","?","R","M","E","M","R","BOSS","M","?","$","M","M"],"items_purchased_type":["Relic","Potion","Relic"],"build_version":"2020-12-22","purchased_purges":1,"victory":false,"max_hp_per_floor":[65,65,65,65,65,65,65,65,65,65,65,65,65,65,65,65,65,65,65,65,65,65,65],"card_choices":[{"not_picked":["Crescendo","Protect","FlyingSleeves"],"picked":"SKIP","floor":1},{"not_picked":["ReachHeaven","Indignation","EmptyFist"],"picked":"SKIP","floor":2},{"not_picked":["Worship","WheelKick","DeceiveReality"],"picked":"SKIP","floor":4},{"not_picked":["Protect","Wallop","JustLucky"],"picked":"SKIP","floor":5},{"not_picked":["Consecrate","SashWhip","Collect"],"picked":"SKIP","floor":7},{"not_picked":["BattleHymn","Study","Sanctity"],"picked":"SKIP","floor":12},{"not_picked":["EmptyFist","ClearTheMind","Alpha"],"picked":"SKIP","floor":13},{"not_picked":["JustLucky","Meditate","Nirvana+1"],"picked":"SKIP","floor":14},{"not_picked":["Wish","Judgement"],"picked":"Scrawl","floor":16},{"not_picked":["CrushJoints+1","WreathOfFlame+1","EmptyFist"],"picked":"SKIP","floor":18},{"not_picked":["WheelKick+1","ClearTheMind","PathToVictory+1"],"picked":"SKIP","floor":21}],"player_experience":149270,"relics_obtained":[{"floor":9,"key":"Omamori"},{"floor":13,"key":"Frozen Egg 2"}],"event_choices":[{"cards_removed":["Defend_P"],"damage_healed":0,"gold_gain":0,"player_choice":"Card Removal","damage_taken":7,"max_hp_gain":0,"max_hp_loss":0,"event_name":"Golden Wing","floor":10,"gold_loss":0},{"cards_removed":["Strike_P"],"damage_healed":0,"gold_gain":0,"player_choice":"Gave Gold","damage_taken":0,"max_hp_gain":0,"max_hp_loss":0,"event_name":"Beggar","floor":19,"gold_loss":75}],"is_beta":false,"boss_relics":[{"not_picked":["HolyWater","Coffee Dripper"],"picked":"Empty Cage"}],"items_purged_floors":[3],"is_endless":false,"potions_floor_spawned":[4,5,12,13,14,18],"killed_by":"Cultist and Chosen","ascension_level":0}}