{"host":"n43wxkei7kulhi8o","time":1613570433,"event":{"mods":["BaseMod","Bestiary","Block Reminder","Colored Map","Colored Powertips","Curses Come First","Custom Start","Dark Map","Highlight Path","Minty Spire (QoL Compilation)","Relic Stats","StSLib"],"gold_per_floor":[216,231,231,231,290,315,35,35,35,35,78,78,98,112,112,112,112],"floor_reached":16,"language":"ENG","playtime":358,"items_purged":[],"score":100,"play_id":"4864633d-c4cf-4e5b-86b9-ca4be09c2f4d","local_time":"20210217090033","is_ascension_mode":false,"campfire_choices":[{"data":"Armaments","floor":10,"key":"SMITH"},{"floor":15,"key":"REST"}],"circlet_count":0,"master_deck":["Strike_R","Strike_R","Strike_R","Strike_R+1","Strike_R+1","Defend_R","Defend_R","Defend_R","Defend_R","Bash","Carnage","Armaments+1","Headbutt","Rage","Flex"],"relics":["Burning Blood","Golden Idol","Molten Egg 2","Juzu Bracelet","Singing Bowl"],"acts_visited":["Exordium"],"potions_floor_usage":[16],"damage_taken":[{"damage":12,"enemies":"Small Slimes","floor":1,"turns":3},{"damage":0,"enemies":"2 Louse","floor":2,"turns":2},{"damage":0,"enemies":"Cultist","floor":6,"turns":4},{"damage":42,"enemies":"Gremlin Nob","floor":11,"turns":5},{"damage":8,"enemies":"Red Slaver","floor":13,"turns":2},{"damage":5,"enemies":"Looter","floor":14,"turns":2},{"damage":60,"enemies":"The Guardian","floor":16,"turns":10}],"seed_played":"-7403889078873522824","potions_obtained":[{"floor":1,"key":"BloodPotion"},{"floor":6,"key":"Regen Potion"},{"floor":11,"key":"Dexterity Potion"}],"is_trial":false,"path_per_floor":["M","M","?","$","?","M","$","?","T","R","E","?","M","M","R","B"],"character_chosen":"IRONCLAD","items_purchased":["Molten Egg 2","Rage"],"campfire_rested":1,"item_purchase_floors":[7,7],"current_hp_per_floor":[74,80,60,60,60,66,66,50,50,50,14,14,14,17,42,0,0],"gold":112,"neow_bonus":"HUNDRED_GOLD","is_daily":false,"chose_seed":false,"campfire_upgraded":1,"win_rate":0.0,"timestamp":1613570433,"path_taken":["M","M","?","$","?","M","$","?","T","R","E","?","M","M","R","BOSS"],"items_purchased_type":["Relic","Card"],"build_version":"2020-12-22","purchased_purges":0,"victory":false,"max_hp_per_floor":[80,80,80,80,80,80,80,80,80,80,80,80,82,84,84,84,84],"relic_stats":{"Singing Bowl":4,"counters":[7,28],"Golden Idol":21,"Juzu Bracelet":0,"obtain_stats":[{"Singing Bowl":11,"Golden Idol":3,"Molten Egg 2":7,"Juzu Bracelet":9,"Burning Blood":0},{"Singing Bowl":4,"Golden Idol":2,"Molten Egg 2":3,"Juzu Bracelet":3,"Burning Blood":0},{"Singing Bowl":14,"Golden Idol":5,"Molten Egg 2":9,"Juzu Bracelet":9,"Burning Blood":0}],"Burning Blood":36},"card_choices":[{"not_picked":["Sentinel","Havoc"],"picked":"Carnage","floor":1},{"not_picked":["Metallicize","Cleave"],"picked":"Armaments","floor":2},{"not_picked":["Body Slam","Thunderclap"],"picked":"Headbutt","floor":6},{"not_picked":["Double Tap","Rupture"],"picked":"Flex","floor":11},{"not_picked":["Rampage+1","Dropkick+1","Feel No Pain"],"picked":"Singing Bowl","floor":13},{"not_picked":["Sentinel","Fire Breathing","Dark Embrace"],"picked":"Singing Bowl","floor":14}],"player_experience":703384,"relics_obtained":[{"floor":9,"key":"Juzu Bracelet"},{"floor":11,"key":"Singing Bowl"}],"event_choices":[{"damage_healed":0,"gold_gain":0,"player_choice":"Take Damage","damage_taken":20,"relics_obtained":["Golden Idol"],"max_hp_gain":0,"max_hp_loss":0,"event_name":"Golden Idol","floor":3,"gold_loss":0},{"damage_healed":0,"gold_gain":59,"player_choice":"Gained Gold","damage_taken":0,"max_hp_gain":0,"max_hp_loss":0,"event_name":"Golden Wing","floor":5,"gold_loss":0},{"damage_healed":0,"gold_gain":0,"player_choice":"Entered Light","damage_taken":16,"max_hp_gain":0,"max_hp_loss":0,"event_name":"Shining Light","floor":8,"gold_loss":0,"cards_upgraded":["Strike_R","Strike_R"]},{"damage_healed":0,"gold_gain":0,"player_choice":"Ignored","damage_taken":0,"max_hp_gain":0,"max_hp_loss":0,"event_name":"NoteForYourself","floor":12,"gold_loss":0}],"is_beta":false,"boss_relics":[],"items_purged_floors":[],"is_endless":false,"potions_floor_spawned":[1,6,11,13],"killed_by":"The Guardian","ascension_level":0}}