{"host":"5z7rhcocprldured","time":1613605396,"event":{"mods":["2.2 Compatiblity","AchievementEnabler","AlwaysNeverKeys","BaseMod","Best Route Mod","Better Altar","Better Match","Better Note","Better Sensory Stone","Better Skull","Better Third Choice","BetterRewards","Block Reminder","Colored Map","Colored Powertips","Displayed Cursed Tome","Emptier Cage","Energized Spire","Marisa????????","Minty Spire (QoL Compilation)","Permanent Neow","Rare Cards Sparkle","SacredBarkPlus","Spicy Shops","StSLib","Synergy Search","The Bug Knight","Unceasing Turn Reminder"],"gold_per_floor":[109,120,137,149,74,85,85,104,104,104,131,158,178,10,10,105,105,116,116,116],"floor_reached":19,"language":"ENG","playtime":738,"items_purged":["Strike_B"],"score":171,"play_id":"84646ba3-a2a3-4bc2-95d9-f0bb6fc95947","local_time":"20210217234316","is_ascension_mode":false,"campfire_choices":[{"data":"Fission","floor":7,"key":"SMITH"},{"data":"Streamline","floor":10,"key":"SMITH"},{"floor":15,"key":"REST"}],"circlet_count":0,"master_deck":["Strike_B","Strike_B","Strike_B","Defend_B","Defend_B","Defend_B","Defend_B","Zap","Dualcast","Cold Snap","Streamline+1","Leap","Rebound","Fission+1","Ball Lightning","Coolheaded","Cold Snap","Redo","Apotheosis","All For One","Gash+1"],"relics":["Cracked Core","Kunai","Odd Mushroom","Tiny Chest","Runic Pyramid"],"acts_visited":["Exordium","TheCity"],"potions_floor_usage":[],"damage_taken":[{"damage":1,"enemies":"Cultist","floor":1,"turns":3},{"damage":5,"enemies":"Small Slimes","floor":2,"turns":3},{"damage":0,"enemies":"2 Louse","floor":3,"turns":2},{"damage":3,"enemies":"Blue Slaver","floor":4,"turns":4},{"damage":5,"enemies":"3 Louse","floor":6,"turns":2},{"damage":8,"enemies":"Lots of Slimes","floor":8,"turns":4},{"damage":14,"enemies":"The Mushroom Lair","floor":11,"turns":3},{"damage":18,"enemies":"Lagavulin","floor":12,"turns":4},{"damage":1,"enemies":"Gremlin Gang","floor":13,"turns":3},{"damage":29,"enemies":"Hexaghost","floor":16,"turns":8},{"damage":13,"enemies":"Spheric Guardian","floor":18,"turns":5},{"damage":0,"enemies":"Cultist and Chosen","floor":19,"turns":4}],"seed_played":"7023109446359429265","potions_obtained":[{"floor":6,"key":"Weak Potion"},{"floor":8,"key":"Dexterity Potion"},{"floor":13,"key":"Strength Potion"}],"is_trial":false,"path_per_floor":["M","M","M","M","$","M","R","M","T","R","?","E","M","$","R","B",null,"M","M"],"character_chosen":"DEFECT","items_purchased":["Apotheosis"],"campfire_rested":1,"item_purchase_floors":[14],"current_hp_per_floor":[81,76,76,73,73,68,68,60,60,60,46,28,27,27,51,22,82,69,69,69],"gold":116,"neow_bonus":"TEN_PERCENT_HP_BONUS","is_daily":false,"chose_seed":false,"campfire_upgraded":2,"win_rate":0.0,"timestamp":1613605396,"path_taken":["M","M","M","M","$","M","R","?","T","R","?","E","M","$","R","BOSS","M","M"],"items_purchased_type":["Card"],"build_version":"2020-12-22","purchased_purges":1,"victory":false,"max_hp_per_floor":[82,82,82,82,82,82,82,82,82,82,82,82,82,82,82,82,82,82,82,82],"card_choices":[{"not_picked":["Gash","Ball Lightning"],"picked":"Cold Snap","floor":1},{"not_picked":["Rip and Tear","Steam Power"],"picked":"Streamline","floor":2},{"not_picked":["Barrage","Streamline"],"picked":"Leap","floor":3},{"not_picked":["Turbo","Heatsinks"],"picked":"Rebound","floor":4},{"not_picked":["Redo","Beam Cell"],"picked":"Fission","floor":6},{"not_picked":["Steam","Undo"],"picked":"Ball Lightning","floor":8},{"not_picked":["Hologram","FTL"],"picked":"Coolheaded","floor":11},{"not_picked":["Fission","Turbo"],"picked":"Cold Snap","floor":12},{"not_picked":["Go for the Eyes","Rip and Tear"],"picked":"Redo","floor":13},{"not_picked":["Multi-Cast","Meteor Strike"],"picked":"All For One","floor":16},{"not_picked":["Self Repair","Turbo"],"picked":"Gash+1","floor":18}],"player_experience":206817,"relics_obtained":[{"floor":9,"key":"Kunai"},{"floor":11,"key":"Odd Mushroom"},{"floor":12,"key":"Tiny Chest"}],"event_choices":[{"damage_healed":0,"gold_gain":0,"player_choice":"Fought Mushrooms","damage_taken":0,"max_hp_gain":0,"max_hp_loss":0,"event_name":"Mushrooms","floor":11,"gold_loss":0}],"is_beta":false,"boss_relics":[{"not_picked":["energizedSpire:StickyHand","Cursed Key"],"picked":"Runic Pyramid"}],"items_purged_floors":[5],"is_endless":false,"potions_floor_spawned":[6,8,13,16],"killed_by":"Cultist and Chosen","ascension_level":0}}