{"host":"t9vqxmgmtrdkt9v9","time":1613527806,"event":{"mods":["AchievementEnabler","BaseMod","Colored Map","Minty Spire (QoL Compilation)","Permanent Neow","Relic Stats","StSLib"],"gold_per_floor":[109,128,128,45,61,61,41,72,96,96,111,138,138,157,157,235,235,252,269,269,194,194,221,231,246,246,246,266,266,266,266,266],"floor_reached":31,"language":"ENG","playtime":1814,"items_purged":[],"score":504,"play_id":"f918754b-f894-4c61-8710-b7cbdd3bce2c","local_time":"20210217121006","is_ascension_mode":true,"campfire_choices":[{"data":"Bouncing Flask","floor":6,"key":"SMITH"},{"floor":10,"key":"REST"},{"data":"Venomology","floor":13,"key":"SMITH"},{"floor":15,"key":"REST"},{"floor":29,"key":"REST"}],"circlet_count":0,"master_deck":["AscendersBane","Strike_G","Strike_G","Strike_G","Defend_G","Defend_G","Defend_G","Defend_G","Defend_G","Survivor","Neutralize","Reflex","Deadly Poison+1","Masterful Stab","Bouncing Flask+1","Venomology+1","Poisoned Stab","PiercingWail","Backflip","Adrenaline","Bane","Cloak And Dagger","Ghostly","Ghostly","Ghostly","Blur"],"relics":["Ring of the Snake","Nunchaku","Oddly Smooth Stone","Vajra","TungstenRod","Runic Pyramid","CultistMask","Peace Pipe","Shuriken"],"acts_visited":["Exordium","TheCity"],"potions_floor_usage":[8,11,11,12,14,16,16,16,19,23,23,23,24,25,25,28,31],"damage_taken":[{"damage":0,"enemies":"2 Louse","floor":1,"turns":3},{"damage":6,"enemies":"Cultist","floor":2,"turns":5},{"damage":3,"enemies":"Small Slimes","floor":5,"turns":4},{"damage":11,"enemies":"Gremlin Nob","floor":8,"turns":3},{"damage":11,"enemies":"Exordium Thugs","floor":11,"turns":4},{"damage":17,"enemies":"3 Sentries","floor":12,"turns":9},{"damage":0,"enemies":"Blue Slaver","floor":14,"turns":2},{"damage":6,"enemies":"The Guardian","floor":16,"turns":6},{"damage":1,"enemies":"3 Byrds","floor":18,"turns":6},{"damage":0,"enemies":"Spheric Guardian","floor":19,"turns":3},{"damage":6,"enemies":"Book of Stabbing","floor":23,"turns":6},{"damage":11,"enemies":"Snecko","floor":24,"turns":6},{"damage":0,"enemies":"Snake Plant","floor":25,"turns":4},{"damage":9,"enemies":"3 Cultists","floor":28,"turns":7},{"damage":32,"enemies":"Slavers","floor":31,"turns":4}],"seed_played":"-4238122811246032481","potions_obtained":[{"floor":1,"key":"Explosive Potion"},{"floor":2,"key":"Block Potion"},{"floor":8,"key":"LiquidMemories"},{"floor":14,"key":"Strength Potion"},{"floor":18,"key":"Fire Potion"},{"floor":23,"key":"AttackPotion"},{"floor":24,"key":"Fire Potion"}],"is_trial":false,"path_per_floor":["M","M","?","$","M","R","?","E","T","R","M","E","R","M","R","B",null,"M","M","?","?","?","E","M","M","T","?","M","R","?","E"],"character_chosen":"THE_SILENT","items_purchased":["Masterful Stab"],"campfire_rested":3,"item_purchase_floors":[4],"current_hp_per_floor":[59,53,53,53,50,50,50,39,39,58,47,30,30,30,49,43,60,59,59,33,33,33,27,16,16,16,16,7,16,16,0,0],"gold":266,"neow_bonus":"RANDOM_COMMON_RELIC","is_daily":false,"chose_seed":false,"campfire_upgraded":2,"win_rate":0.0,"timestamp":1613527806,"path_taken":["M","M","?","$","M","R","?","E","T","R","?","E","R","M","R","BOSS","M","M","?","?","?","E","M","?","T","?","M","R","?","E"],"items_purchased_type":["Card"],"build_version":"2020-12-22","purchased_purges":0,"victory":false,"max_hp_per_floor":[66,66,66,66,66,66,66,66,66,66,66,66,66,66,66,66,66,66,66,33,33,33,33,33,33,33,33,33,33,33,33,33],"relic_stats":{"Peace Pipe":0,"Nunchaku":[11],"counters":[15,72],"Shuriken":[1],"obtain_stats":[{"Peace Pipe":23,"Nunchaku":0,"Shuriken":26,"Oddly Smooth Stone":8,"Vajra":9,"CultistMask":22,"TungstenRod":12,"Ring of the Snake":0,"Runic Pyramid":17},{"Peace Pipe":11,"Nunchaku":0,"Shuriken":13,"Oddly Smooth Stone":4,"Vajra":4,"CultistMask":10,"TungstenRod":6,"Ring of the Snake":0,"Runic Pyramid":8},{"Peace Pipe":51,"Nunchaku":0,"Shuriken":61,"Oddly Smooth Stone":15,"Vajra":15,"CultistMask":45,"TungstenRod":28,"Ring of the Snake":0,"Runic Pyramid":36}],"TungstenRod":53,"Ring of the Snake":[30]},"card_choices":[{"not_picked":["Heel Hook","Tactician"],"picked":"Reflex","floor":1},{"not_picked":["Blur","PiercingWail"],"picked":"Deadly Poison","floor":2},{"not_picked":["Slice","Dagger Throw"],"picked":"Bouncing Flask","floor":5},{"not_picked":["Bane","Masterful Stab"],"picked":"Venomology","floor":8},{"not_picked":["Accuracy","Underhanded Strike"],"picked":"Poisoned Stab","floor":11},{"not_picked":["Outmaneuver","Deflect"],"picked":"PiercingWail","floor":12},{"not_picked":["Outmaneuver","Quick Slash"],"picked":"Backflip","floor":14},{"not_picked":["Storm of Steel","Die Die Die"],"picked":"Adrenaline","floor":16},{"not_picked":["Flechettes","Deadly Poison"],"picked":"Bane","floor":18},{"not_picked":["Flying Knee","Dagger Throw"],"picked":"Cloak And Dagger","floor":19},{"not_picked":["Prepared","Sucker Punch","Blade Dance"],"picked":"SKIP","floor":23},{"not_picked":["Concentrate","Accuracy","Deadly Poison"],"picked":"SKIP","floor":24},{"not_picked":["Poisoned Stab","Dagger Spray"],"picked":"Blur","floor":25},{"not_picked":["Flechettes","Accuracy","Riddle With Holes"],"picked":"SKIP","floor":28}],"player_experience":425414,"relics_obtained":[{"floor":8,"key":"Oddly Smooth Stone"},{"floor":9,"key":"Vajra"},{"floor":12,"key":"TungstenRod"},{"floor":23,"key":"Peace Pipe"},{"floor":26,"key":"Shuriken"}],"event_choices":[{"damage_healed":0,"gold_gain":0,"player_choice":"Grow","damage_taken":0,"max_hp_gain":0,"max_hp_loss":0,"event_name":"Living Wall","floor":3,"gold_loss":0,"cards_upgraded":["Deadly Poison"]},{"damage_healed":0,"gold_gain":0,"player_choice":"Bought 1 Potion","damage_taken":0,"max_hp_gain":0,"max_hp_loss":0,"event_name":"The Woman in Blue","floor":7,"gold_loss":0},{"damage_healed":0,"gold_gain":0,"player_choice":"Became a Ghost","damage_taken":0,"max_hp_gain":0,"max_hp_loss":33,"event_name":"Ghosts","floor":20,"gold_loss":0,"cards_obtained":["Ghostly","Ghostly","Ghostly"]},{"cards_removed":["Strike_G"],"damage_healed":0,"gold_gain":0,"player_choice":"Gave Gold","damage_taken":0,"max_hp_gain":0,"max_hp_loss":0,"event_name":"Beggar","floor":21,"gold_loss":75},{"damage_healed":0,"gold_gain":0,"player_choice":"Trade","damage_taken":0,"relics_obtained":["CultistMask"],"max_hp_gain":0,"max_hp_loss":0,"event_name":"FaceTrader","floor":22,"gold_loss":0},{"damage_healed":0,"gold_gain":0,"player_choice":"Ignored","damage_taken":0,"max_hp_gain":0,"max_hp_loss":0,"event_name":"The Mausoleum","floor":27,"gold_loss":0},{"cards_removed":["Strike_G"],"damage_healed":0,"gold_gain":0,"player_choice":"Card Removal","damage_taken":0,"max_hp_gain":0,"max_hp_loss":0,"event_name":"Wheel of Change","floor":30,"gold_loss":0}],"is_beta":false,"boss_relics":[{"not_picked":["HoveringKite","Empty Cage"],"picked":"Runic Pyramid"}],"items_purged_floors":[],"is_endless":false,"potions_floor_spawned":[1,2,8,14,18,23,24],"killed_by":"Slavers","ascension_level":18}}