{"host":"qfmqsclrfy207o1q","time":1613536987,"event":{"mods":["2.2 Compatiblity","AchievementEnabler","BaseMod","BetterRewards","Colored Map","Dark Map","Downfall","Infinite Spire","Minty Spire (QoL Compilation)","Quick Restart","Rare Cards Sparkle","Relic Stats","StSLib"],"gold_per_floor":[99,113,113,128,145,145,145,165,183,183,183,198,198,198,210,306,306,206,216,316,316,316,316],"floor_reached":21,"language":"ENG","playtime":878,"items_purged":[],"score":196,"play_id":"addc792c-2918-4d2f-a245-fc372d6d4095","local_time":"20210216214307","is_ascension_mode":false,"campfire_choices":[{"data":"Slimebound:Split","floor":1,"key":"SMITH"},{"data":"Slimebound:RainOfGoop","floor":6,"key":"SMITH"},{"data":"infinitespire:Execution","floor":18,"key":"SMITH"}],"circlet_count":0,"master_deck":["Slimebound:Strike_Slimebound","Slimebound:Strike_Slimebound","Slimebound:Tackle","Slimebound:Defend_Slimebound","Slimebound:Defend_Slimebound","Slimebound:Defend_Slimebound","Slimebound:Defend_Slimebound","Slimebound:Split+1","Slimebound:CorrosiveSpit","Slimebound:RainOfGoop+1","Slimebound:ViciousTackle","Slimebound:FinishingTackle","Slimebound:PressTheAttack","Slimebound:SamplingLick","Slimebound:Repurpose","infinitespire:Execution+1","Slimebound:MegaLick","Slimebound:MassFeed","Slimebound:SplitBruiser","Slimebound:ItLooksTasty+1"],"relics":["Slimebound:AbsorbEndCombat","infinitespire:Cupcake","downfall:HeartBlessingBlue","StoneCalendar","infinitespire:WardingShard"],"acts_visited":["Exordium","TheCity"],"potions_floor_usage":[12,16,16,16],"damage_taken":[{"damage":2,"enemies":"2 Louse","floor":2,"turns":3},{"damage":0,"enemies":"Small Slimes","floor":4,"turns":2},{"damage":1,"enemies":"Jaw Worm","floor":5,"turns":3},{"damage":9,"enemies":"Exordium Wildlife","floor":8,"turns":3},{"damage":13,"enemies":"downfall:LooterAlt","floor":9,"turns":2},{"damage":11,"enemies":"3 Louse","floor":12,"turns":2},{"damage":16,"enemies":"2 Fungi Beasts","floor":15,"turns":4},{"damage":7,"enemies":"SI_SHIV_ARCHETYPE","floor":16,"turns":3},{"damage":50,"enemies":"downfall:LooterAlt2","floor":19,"turns":4},{"damage":32,"enemies":"WA_ARCHETYPE_RETAIN","floor":20,"turns":5},{"damage":19,"enemies":"Shell Parasite","floor":21,"turns":3}],"seed_played":"3876359046450807215","potions_obtained":[{"floor":5,"key":"Explosive Potion"},{"floor":8,"key":"Slimebound:SlimyTonguePotion"},{"floor":9,"key":"DistilledChaos"},{"floor":12,"key":"champ:CounterPotion"},{"floor":15,"key":"DistilledChaos"},{"floor":20,"key":"DuplicationPotion"}],"is_trial":false,"path_per_floor":["R","M","?","M","M","R","T","M","M","?","?","M","?","?","M","B",null,"R","M","?","M"],"character_chosen":"SLIMEBOUND","items_purchased":[],"campfire_rested":0,"item_purchase_floors":[],"current_hp_per_floor":[71,71,76,76,76,76,76,71,60,60,60,55,36,36,26,25,76,86,40,16,0,0,0],"gold":316,"neow_bonus":"TEN_PERCENT_HP_BONUS","is_daily":false,"chose_seed":false,"campfire_upgraded":3,"win_rate":0.0,"timestamp":1613536987,"path_taken":["R","M","?","M","M","R","T","M","M","?","?","M","?","?","M","BOSS","R","M","?","M"],"items_purchased_type":[],"build_version":"2020-12-22","purchased_purges":0,"victory":false,"max_hp_per_floor":[71,71,76,76,76,76,76,76,76,76,76,76,76,76,76,76,76,86,86,86,86,86,86],"relic_stats":{"counters":[11,31],"StoneCalendar":[0],"obtain_stats":[{"infinitespire:WardingShard":20,"downfall:HeartBlessingBlue":18,"StoneCalendar":20,"Slimebound:AbsorbEndCombat":0,"infinitespire:Cupcake":17},{"infinitespire:WardingShard":10,"downfall:HeartBlessingBlue":8,"StoneCalendar":10,"Slimebound:AbsorbEndCombat":0,"infinitespire:Cupcake":8},{"infinitespire:WardingShard":28,"downfall:HeartBlessingBlue":20,"StoneCalendar":28,"Slimebound:AbsorbEndCombat":0,"infinitespire:Cupcake":20}]},"card_choices":[{"not_picked":["Slimebound:Prepare","Slimebound:Chomp"],"picked":"Slimebound:RainOfGoop","floor":2},{"not_picked":["Slimebound:Grow","Slimebound:SplitAcid"],"picked":"Slimebound:ViciousTackle","floor":4},{"not_picked":["Slimebound:GoopTackle","Slimebound:ComboTackle"],"picked":"Slimebound:FinishingTackle","floor":5},{"not_picked":["Slimebound:LeechingTouch","Slimebound:FlameTackle"],"picked":"Slimebound:PressTheAttack","floor":8},{"not_picked":["Slimebound:ProtectTheBoss","Slimebound:TongueLash"],"picked":"Slimebound:SamplingLick","floor":9},{"not_picked":["Slimebound:PressTheAttack","Slimebound:RainOfGoop"],"picked":"Slimebound:Repurpose","floor":12},{"not_picked":["infinitespire:Starlight","infinitespire:Collect"],"picked":"infinitespire:Execution","floor":13},{"not_picked":["Slimebound:GrowthPunch","Slimebound:SplitLeeching"],"picked":"Slimebound:MegaLick","floor":15},{"not_picked":["Slimebound:SlimeSlap","Slimebound:WasteNot"],"picked":"Slimebound:MassFeed","floor":16},{"not_picked":["Slimebound:SlimeSpikes","Slimebound:Grow"],"picked":"Slimebound:SplitBruiser","floor":19},{"not_picked":["Slimebound:SlimeTap","Slimebound:ComboTackle"],"picked":"Slimebound:ItLooksTasty+1","floor":20}],"player_experience":1564,"relics_obtained":[{"floor":20,"key":"StoneCalendar"},{"floor":20,"key":"infinitespire:WardingShard"}],"event_choices":[{"damage_healed":0,"gold_gain":0,"player_choice":"Donut","damage_taken":0,"max_hp_gain":5,"max_hp_loss":0,"event_name":"Big Fish","floor":3,"gold_loss":0}],"is_beta":false,"boss_relics":[{"not_picked":["Empty Cage","Slimebound:TarBlob"],"picked":"infinitespire:Cupcake"}],"items_purged_floors":[],"is_endless":false,"potions_floor_spawned":[5,8,9,12,15,20],"killed_by":"Shell Parasite","ascension_level":0}}