{"host":"fnndj664xgd3vavt","time":1613575049,"event":{"mods":["AchievementEnabler","BaseMod","Colored Powertips","DeckTracker","Downfall","Hermit","Highlight Path","Infinite Spire","Marisa????????","Minty Spire (QoL Compilation)","Quick Restart","Random Character Button","Replay The Spire","StSLib","The Cursed","The Servant 0.9.4"],"gold_per_floor":[99,116,126,126,126,145,145,165,82,109,129,156,56,56,69,69,69,69],"floor_reached":16,"language":"ENG","playtime":1075,"items_purged":[],"score":118,"play_id":"c95d3188-5996-4832-bd06-091243ee8405","local_time":"20210217101729","is_ascension_mode":true,"campfire_choices":[{"floor":1,"key":"RECALL"},{"floor":13,"key":"REST"}],"circlet_count":0,"master_deck":["Guardian:Strike_Guardian","Guardian:Strike_Guardian","Guardian:Defend_Guardian","Guardian:Defend_Guardian","Guardian:Defend_Guardian","Guardian:CurlUp","Guardian:TwinSlam","Guardian:PolyBeam","Guardian:Gem_Lightblue","Guardian:FloatingOrbs","Guardian:BronzeArmor","Guardian:TimeCapacitor","Guardian:Preprogram","Guardian:Gem_Yellow","Guardian:Gem_Red"],"relics":["Guardian:ModeShifter","Replay:Bottled Snecko","Regal Pillow","downfall:HeartBlessingRed"],"acts_visited":["Exordium"],"potions_floor_usage":[12],"damage_taken":[{"damage":0,"enemies":"Small Slimes","floor":2,"turns":4},{"damage":15,"enemies":"infinitespire:Voidling","floor":3,"turns":4},{"damage":1,"enemies":"Jaw Worm","floor":6,"turns":4},{"damage":18,"enemies":"Exordium Wildlife","floor":8,"turns":6},{"damage":0,"enemies":"downfall:FleeingMerchant","floor":9,"turns":4},{"damage":30,"enemies":"3 Sentries","floor":10,"turns":10},{"damage":2,"enemies":"3 Louse","floor":11,"turns":5},{"damage":25,"enemies":"Gremlin Nob","floor":12,"turns":5},{"damage":10,"enemies":"Gremlin Gang","floor":15,"turns":3},{"damage":38,"enemies":"IC_STATUS_ARCHETYPE","floor":16,"turns":8}],"seed_played":"-7971762556055149231","potions_obtained":[{"floor":3,"key":"Explosive Potion"},{"floor":15,"key":"SteroidPotion"}],"is_trial":false,"path_per_floor":["R","M","M","?","?","M","T","M","$","E","M","E","R","?","M","B"],"character_chosen":"GUARDIAN","items_purchased":["Guardian:TimeCapacitor"],"campfire_rested":1,"item_purchase_floors":[9],"current_hp_per_floor":[88,88,80,80,80,79,79,61,61,31,29,4,45,45,35,0,0,0],"gold":69,"neow_bonus":"TEN_PERCENT_HP_BONUS","is_daily":false,"chose_seed":false,"campfire_upgraded":0,"win_rate":0.0,"timestamp":1613575049,"path_taken":["R","M","M","?","?","M","T","M","$","E","?","E","R","?","M","BOSS"],"items_purchased_type":["Card"],"build_version":"2020-12-22","purchased_purges":0,"victory":false,"max_hp_per_floor":[88,88,88,88,88,88,88,88,88,88,88,88,88,88,88,88,88,88],"card_choices":[{"not_picked":["Guardian:Gem_Green","Guardian:BodySlam"],"picked":"Guardian:Gem_Crimson","floor":2},{"not_picked":["Guardian:GuardianWhirl","Guardian:VentSteam"],"picked":"Guardian:PolyBeam","floor":3},{"not_picked":["Guardian:Incinerate","Guardian:Recover"],"picked":"Guardian:Gem_Lightblue","floor":6},{"not_picked":["Guardian:Incinerate","Guardian:Gem_Red"],"picked":"Guardian:FloatingOrbs","floor":8},{"not_picked":["Guardian:Recover","Guardian:RollAttack"],"picked":"Guardian:BronzeArmor","floor":9},{"not_picked":["Guardian:PrismaticBarrier","Guardian:BronzeOrb"],"picked":"Guardian:Gem_Cyan","floor":10},{"not_picked":["Guardian:Gem_Green","Guardian:VentSteam"],"picked":"Guardian:Preprogram","floor":11},{"not_picked":["Guardian:Preprogram","Guardian:PrismaticBeam"],"picked":"Guardian:Gem_Orange","floor":12},{"not_picked":["Guardian:DecasProtection","Guardian:GuardianWhirl"],"picked":"Guardian:Gem_Red","floor":15}],"player_experience":329780,"relics_obtained":[{"floor":10,"key":"Replay:Bottled Snecko"},{"floor":12,"key":"Regal Pillow"}],"event_choices":[{"cards_removed":["Guardian:Strike_Guardian"],"damage_healed":0,"gold_gain":0,"player_choice":"Offered Basic","damage_taken":0,"max_hp_gain":0,"max_hp_loss":0,"event_name":"Bonfire Elementals","floor":5,"gold_loss":0}],"is_beta":false,"boss_relics":[],"items_purged_floors":[],"is_endless":false,"potions_floor_spawned":[3,15],"killed_by":"IC_STATUS_ARCHETYPE","ascension_level":1}}