{"host":"126yiuos2nq86se7","time":1613532444,"event":{"mods":["2.2 Compatiblity","AchievementEnabler","Act Like it!","BaseMod","Colored Map","Colored Powertips","Friendly Minions","Hermit","Highlight Path","KomeijiMod","Minty Spire (QoL Compilation)","StSLib","SuperFastMode","The Bug Knight"],"gold_per_floor":[20,95,95,71,71,71,97,97,165,175,175,29,29,48,48,143,193,210,25,40,54,54,54],"floor_reached":22,"language":"ENG","playtime":475,"items_purged":["Zap","Strike_B"],"score":250,"play_id":"42cd7aa0-0cdb-425b-b66f-22de66320049","local_time":"20210217142724","is_ascension_mode":true,"campfire_choices":[{"data":"Sweeping Beam","floor":6,"key":"SMITH"},{"floor":8,"key":"REST"},{"data":"Capacitor","floor":11,"key":"SMITH"},{"data":"Rebound","floor":15,"key":"SMITH"}],"circlet_count":0,"master_deck":["Strike_B+1","Strike_B","Strike_B","Defend_B","Defend_B","Defend_B","Defend_B","Sweeping Beam+1","Rebound+1","Gash","Capacitor+1","Sweeping Beam","Coolheaded","Gash","Reboot","Gash","Gash","Defragment","Undo","Gash"],"relics":["Cracked Core","Centennial Puzzle","Cables","Tiny House"],"acts_visited":["Exordium","TheCity"],"potions_floor_usage":[16,16],"damage_taken":[{"damage":2,"enemies":"Jaw Worm","floor":1,"turns":4},{"damage":28,"enemies":"Gremlin Nob","floor":7,"turns":4},{"damage":3,"enemies":"2 Louse","floor":10,"turns":2},{"damage":0,"enemies":"Small Slimes","floor":14,"turns":2},{"damage":35,"enemies":"The Guardian","floor":16,"turns":10},{"damage":19,"enemies":"Spheric Guardian","floor":18,"turns":4},{"damage":26,"enemies":"2 Thieves","floor":20,"turns":4},{"damage":28,"enemies":"Cultist and Chosen","floor":21,"turns":5},{"damage":29,"enemies":"Snecko","floor":22,"turns":4}],"seed_played":"104378217066692834","potions_obtained":[{"floor":13,"key":"Dexterity Potion"},{"floor":13,"key":"SteroidPotion"},{"floor":13,"key":"SmokeBomb"},{"floor":16,"key":"EssenceOfSteel"},{"floor":17,"key":"Dexterity Potion"}],"is_trial":false,"path_per_floor":["M","?","?","$","?","R","E","R","T","M","R","$","?","M","R","B",null,"M","$","M","M","M"],"character_chosen":"DEFECT","items_purchased":["Rebound","Sweeping Beam","Coolheaded","Gash","Defragment"],"campfire_rested":1,"item_purchase_floors":[4,12,12,19,19],"current_hp_per_floor":[87,76,76,76,81,81,53,81,81,78,78,78,78,78,78,43,99,80,80,54,26,0,0],"gold":54,"neow_bonus":"TWENTY_PERCENT_HP_BONUS","is_daily":false,"chose_seed":false,"campfire_upgraded":3,"win_rate":0.0,"timestamp":1613532444,"path_taken":["M","?","?","$","?","R","E","R","T","M","R","$","?","M","R","BOSS","M","$","M","?","M"],"items_purchased_type":["Card","Card","Card","Card","Card"],"build_version":"2020-12-22","purchased_purges":2,"victory":false,"max_hp_per_floor":[89,89,89,89,94,94,94,94,94,94,94,94,94,94,94,94,99,99,99,99,99,99,99],"card_choices":[{"not_picked":["Rebound","Leap"],"picked":"Sweeping Beam","floor":1},{"not_picked":["Conserve Battery","Steam"],"picked":"Gash","floor":7},{"not_picked":["Genetic Algorithm","Beam Cell"],"picked":"Capacitor","floor":10},{"not_picked":["Turbo","Leap"],"picked":"Gash","floor":14},{"not_picked":["Hyperbeam","Fission"],"picked":"Reboot","floor":16},{"not_picked":["Skim+1","Capacitor"],"picked":"Gash","floor":18},{"not_picked":["Genetic Algorithm","Conserve Battery"],"picked":"Undo","floor":20},{"not_picked":["Steam","Static Discharge"],"picked":"Gash","floor":21}],"player_experience":1539216,"relics_obtained":[{"floor":7,"key":"Centennial Puzzle"},{"floor":9,"key":"Cables"}],"event_choices":[{"damage_healed":0,"gold_gain":75,"player_choice":"Gather Gold","damage_taken":11,"max_hp_gain":0,"max_hp_loss":0,"event_name":"World of Goop","floor":2,"gold_loss":0},{"cards_removed":["Dualcast"],"damage_healed":0,"gold_gain":0,"player_choice":"Forget","damage_taken":0,"max_hp_gain":0,"max_hp_loss":0,"event_name":"Living Wall","floor":3,"gold_loss":0},{"damage_healed":0,"gold_gain":0,"player_choice":"Donut","damage_taken":0,"max_hp_gain":5,"max_hp_loss":0,"event_name":"Big Fish","floor":5,"gold_loss":0},{"damage_healed":0,"gold_gain":0,"player_choice":"Got Potions","damage_taken":0,"max_hp_gain":0,"max_hp_loss":0,"event_name":"Lab","floor":13,"gold_loss":0}],"is_beta":false,"boss_relics":[{"not_picked":["Pandora\u0027s Box","Coffee Dripper"],"picked":"Tiny House"}],"items_purged_floors":[12,19],"is_endless":false,"potions_floor_spawned":[16,18],"killed_by":"Snecko","ascension_level":2}}