{"host":"v4pe0ixo3k7iwzp0","time":1613524336,"event":{"mods":["100% Spire Juice","Ascension Reborn","BaseMod","Bestiary","Highlight Path","Minty Spire (QoL Compilation)","StSLib","Td1madao Mod","The Senshi"],"gold_per_floor":[119,193,154,154,172,172,202,221,244,244,255,61,78,88,88,191,191,205,135,150,160,260,260,272,286,310,324,160,170,18,18,18],"floor_reached":31,"language":"ENG","playtime":1851,"items_purged":["theSenshi:SailorKick"],"score":266,"play_id":"096c4e57-e05b-407d-8a1b-1c5d4fc0d502","local_time":"20210216171216","is_ascension_mode":true,"campfire_choices":[{"data":"theSenshi:MoonPrismPowerMakeUp","floor":6,"key":"SMITH"},{"data":"theSenshi:RoseThrow","floor":10,"key":"SMITH"},{"data":"theSenshi:MoonCrystalPowerMakeUp","floor":15,"key":"SMITH"},{"floor":23,"key":"REST"}],"circlet_count":0,"master_deck":["theSenshi:SailorKick","theSenshi:SailorKick","theSenshi:SailorKick","theSenshi:SailorBlock","theSenshi:SailorBlock","theSenshi:SailorBlock","theSenshi:SailorBlock","theSenshi:RoseThrow+1","theSenshi:MoonPrismPowerMakeUp+1","theSenshi:SailorVenusAssists","theSenshi:SailorChibiMoonAssists","theSenshi:SailorStarFighterAssists","theSenshi:TallSilhouette","theSenshi:SaturnsMystery","theSenshi:Sidestep","theSenshi:MoonCrystalPowerMakeUp+1","theSenshi:SailorMarsAssists","theSenshi:MoonsReflection","theSenshi:MoonGorgeousMeditation","theSenshi:MoonTiaraMagic","theSenshi:MercurysCunning","theSenshi:SailorPlanetAttack","theSenshi:SailorMercuryAssists","theSenshi:SailorUranusAssists+1","theSenshi:MoonPunch+1","theSenshi:MoonsReflection","theSenshi:MoonCosmicPowerMakeUp","theSenshi:NeptunesGrace+1","theSenshi:MoonTwilightFlash","theSenshi:CrisisMakeUp"],"relics":["theSenshi:TransformationBroochRelic","NeowsBlessing","theSenshi:CutieMoonRodRelic","Pen Nib","Philosopher\u0027s Stone","theSenshi:SailorFukuRelic"],"acts_visited":["Exordium","TheCity"],"potions_floor_usage":[16,21,25,25],"damage_taken":[{"damage":0,"enemies":"Small Slimes","floor":1,"turns":1},{"damage":0,"enemies":"2 Louse","floor":5,"turns":1},{"damage":0,"enemies":"3 Sentries","floor":7,"turns":2},{"damage":0,"enemies":"Cultist","floor":8,"turns":3},{"damage":6,"enemies":"Blue Slaver","floor":11,"turns":5},{"damage":5,"enemies":"Gremlin Gang","floor":13,"turns":5},{"damage":2,"enemies":"Lots of Slimes","floor":14,"turns":4},{"damage":54,"enemies":"Slime Boss","floor":16,"turns":13},{"damage":18,"enemies":"Spheric Guardian","floor":18,"turns":5},{"damage":2,"enemies":"Shell Parasite","floor":20,"turns":5},{"damage":31,"enemies":"Sentry and Sphere","floor":21,"turns":6},{"damage":35,"enemies":"3 Cultists","floor":24,"turns":6},{"damage":10,"enemies":"Centurion and Healer","floor":25,"turns":5},{"damage":6,"enemies":"Cultist and Chosen","floor":27,"turns":5},{"damage":10,"enemies":"3 Cultists","floor":29,"turns":4},{"damage":27,"enemies":"Sentry and Sphere","floor":31,"turns":3}],"seed_played":"-4106681763994557203","potions_obtained":[{"floor":11,"key":"Energy Potion"},{"floor":13,"key":"Strength Potion"},{"floor":14,"key":"Energy Potion"},{"floor":18,"key":"CultistPotion"},{"floor":25,"key":"SkillPotion"}],"is_trial":false,"path_per_floor":["M","?","?","?","M","R","E","M","T","R","M","$","M","M","R","B",null,"M","$","M","M","?","R","M","M","T","M","$","M","$","M"],"character_chosen":"THE_SENSHI","items_purchased":["theSenshi:Sidestep","theSenshi:MoonCrystalPowerMakeUp","theSenshi:MercurysCunning","theSenshi:MoonCosmicPowerMakeUp","CultistPotion","theSenshi:MoonTwilightFlash","theSenshi:CrisisMakeUp"],"campfire_rested":1,"item_purchase_floors":[12,12,19,28,28,30,30],"current_hp_per_floor":[75,75,75,75,75,75,75,75,75,75,69,69,72,70,70,21,75,57,57,56,36,36,58,33,23,23,29,29,19,19,0,0],"gold":18,"neow_bonus":"THREE_ENEMY_KILL","is_daily":false,"chose_seed":false,"campfire_upgraded":3,"win_rate":0.0,"timestamp":1613524336,"path_taken":["M","?","?","?","M","R","E","?","T","R","M","$","M","M","R","BOSS","M","$","M","M","?","R","M","?","T","?","?","?","$","M"],"items_purchased_type":["Card","Card","Card","Card","Potion","Card","Card"],"build_version":"2020-12-22","purchased_purges":1,"victory":false,"max_hp_per_floor":[75,75,75,75,75,75,75,75,75,75,75,75,75,75,75,75,75,75,75,75,75,75,75,75,75,75,75,75,75,75,75,75],"card_choices":[{"not_picked":["theSenshi:MoonKick","theSenshi:SailorMarsAssists"],"picked":"theSenshi:SailorVenusAssists","floor":1},{"not_picked":["theSenshi:DramaticEntrance","theSenshi:MoonPunch"],"picked":"theSenshi:SailorChibiMoonAssists","floor":5},{"not_picked":["theSenshi:MoonSpiralHeartAttack","theSenshi:GlimpseOfThePast"],"picked":"theSenshi:SailorStarFighterAssists","floor":7},{"not_picked":["theSenshi:MoonPrincessHalation","theSenshi:SailorChibiMoonAssists"],"picked":"theSenshi:TallSilhouette","floor":8},{"not_picked":["theSenshi:EncouragingSpeech","theSenshi:SailorPlanetPower"],"picked":"theSenshi:SaturnsMystery","floor":11},{"not_picked":["theSenshi:Sidestep","theSenshi:MoonCosmicPowerMakeUp"],"picked":"theSenshi:SailorMarsAssists","floor":13},{"not_picked":["theSenshi:LunasBite","theSenshi:SupersonicWaves"],"picked":"theSenshi:MoonsReflection","floor":14},{"not_picked":["theSenshi:StudyParty","theSenshi:FatedKiss"],"picked":"theSenshi:MoonGorgeousMeditation","floor":16},{"not_picked":["theSenshi:SailorVenusAssists","theSenshi:EncouragingSpeech+1"],"picked":"theSenshi:MoonTiaraMagic","floor":18},{"not_picked":["theSenshi:LateForSchool","theSenshi:SchoolBag+1"],"picked":"theSenshi:SailorPlanetAttack","floor":20},{"not_picked":["theSenshi:TuxedoSmokingBomber","theSenshi:SaturnsMystery+1"],"picked":"theSenshi:SailorMercuryAssists","floor":21},{"not_picked":["theSenshi:YouCanTalk","theSenshi:TuxedoSmokingBomber"],"picked":"theSenshi:SailorUranusAssists+1","floor":24},{"not_picked":["theSenshi:SailorChibiMoonAssists","theSenshi:SailorMarsAssists"],"picked":"theSenshi:MoonPunch+1","floor":25},{"not_picked":["theSenshi:SailorPlanetPower","theSenshi:TuxedoSmokingBomber"],"picked":"theSenshi:MoonsReflection","floor":27},{"not_picked":["theSenshi:SailorPlanetAttack","theSenshi:MoonCosmicPowerMakeUp"],"picked":"theSenshi:NeptunesGrace+1","floor":29}],"player_experience":135103,"relics_obtained":[{"floor":7,"key":"theSenshi:CutieMoonRodRelic"},{"floor":9,"key":"Pen Nib"},{"floor":26,"key":"theSenshi:SailorFukuRelic"}],"event_choices":[{"damage_healed":0,"gold_gain":74,"player_choice":"Gained Gold","damage_taken":0,"max_hp_gain":0,"max_hp_loss":0,"event_name":"Golden Wing","floor":2,"gold_loss":0},{"damage_healed":0,"gold_gain":0,"player_choice":"Left Gold","damage_taken":0,"max_hp_gain":0,"max_hp_loss":0,"event_name":"World of Goop","floor":3,"gold_loss":39},{"damage_healed":0,"gold_gain":0,"player_choice":"Bought 0 Potions","damage_taken":0,"max_hp_gain":0,"max_hp_loss":0,"event_name":"The Woman in Blue","floor":4,"gold_loss":0},{"damage_healed":0,"gold_gain":100,"player_choice":"Pray","damage_taken":0,"max_hp_gain":0,"max_hp_loss":0,"event_name":"Golden Shrine","floor":22,"gold_loss":0}],"is_beta":false,"boss_relics":[{"not_picked":["Runic Dome","Coffee Dripper"],"picked":"Philosopher\u0027s Stone"}],"items_purged_floors":[12],"is_endless":false,"potions_floor_spawned":[11,13,14,18,20,25],"killed_by":"Sentry and Sphere","ascension_level":0}}