{"host":"sp1f3sybb350mzsh","time":1613524239,"event":{"mods":["AchievementEnabler","BaseMod","Bestiary","Colored Map","Colored Powertips","Filter the Spire","Minty Spire (QoL Compilation)","Relic Stats","StSLib"],"gold_per_floor":[110,7,7,21,40,40,72,88,138,156,169,444,471,483,483,586,586,604,12,29,40,56,56,56,74,128,28,28,44,44,56,56,154,154,167,178,1177,1177,1195,1195,920,920,974,284,310,337,337,18,18,18],"floor_reached":51,"language":"ENG","playtime":3021,"items_purged":["Strike_B","Regret","Normality","Normality","Creative AI"],"score":864,"play_id":"0d7abb03-d94b-49c8-86af-c2b8767698b7","local_time":"20210216191039","is_ascension_mode":true,"campfire_choices":[{"data":"Zap","floor":6,"key":"SMITH"},{"floor":15,"key":"REST"},{"data":"Consume","floor":23,"key":"SMITH"},{"floor":28,"key":"REST"},{"data":"Self Repair","floor":30,"key":"SMITH"},{"data":"Beam Cell","floor":32,"key":"SMITH"},{"floor":40,"key":"REST"},{"floor":42,"key":"REST"},{"floor":47,"key":"REST"},{"floor":49,"key":"REST"}],"circlet_count":0,"master_deck":["Strike_B","Strike_B","Strike_B","Defend_B","Defend_B","Defend_B","Defend_B","Zap+1","Dualcast","Leap","Coolheaded","Chill+1","Gash","Static Discharge","Streamline","Ball Lightning","Hologram","Gash","Echo Form","Turbo+1","Go for the Eyes","Self Repair+1","Consume+1","Steam+1","Turbo+1","Beam Cell+1","FTL","Fission","Stack","Steam","Hologram+1","Biased Cognition","Gash","BootSequence+1","Cold Snap+1","Double Energy+1","PanicButton","Consume+1"],"relics":["Runic Dome","Question Card","Vajra","Akabeko","Inserter","Unceasing Top","Blood Vial","Tiny Chest","Fusion Hammer","Orrery","DataDisk","Orichalcum","War Paint","Bag of Marbles","StoneCalendar","DollysMirror"],"acts_visited":["Exordium","TheCity","TheBeyond"],"potions_floor_usage":[13,33,50,50,50],"damage_taken":[{"damage":3,"enemies":"2 Louse","floor":1,"turns":3},{"damage":2,"enemies":"Cultist","floor":4,"turns":4},{"damage":0,"enemies":"Jaw Worm","floor":5,"turns":3},{"damage":10,"enemies":"3 Sentries","floor":7,"turns":11},{"damage":9,"enemies":"Gremlin Gang","floor":8,"turns":5},{"damage":11,"enemies":"Looter","floor":10,"turns":4},{"damage":4,"enemies":"3 Louse","floor":11,"turns":4},{"damage":20,"enemies":"Lagavulin","floor":13,"turns":5},{"damage":4,"enemies":"Blue Slaver","floor":14,"turns":2},{"damage":20,"enemies":"Hexaghost","floor":16,"turns":9},{"damage":16,"enemies":"Shell Parasite","floor":18,"turns":5},{"damage":16,"enemies":"3 Byrds","floor":20,"turns":3},{"damage":33,"enemies":"Cultist and Chosen","floor":21,"turns":7},{"damage":8,"enemies":"Centurion and Healer","floor":22,"turns":6},{"damage":18,"enemies":"Sentry and Sphere","floor":25,"turns":4},{"damage":33,"enemies":"Shelled Parasite and Fungi","floor":29,"turns":7},{"damage":8,"enemies":"Snake Plant","floor":31,"turns":4},{"damage":45,"enemies":"Collector","floor":33,"turns":8},{"damage":50,"enemies":"3 Darklings","floor":35,"turns":7},{"damage":0,"enemies":"Orb Walker","floor":36,"turns":2},{"damage":55,"enemies":"Writhing Mass","floor":39,"turns":6},{"damage":9,"enemies":"Nemesis","floor":46,"turns":5},{"damage":37,"enemies":"Awakened One","floor":50,"turns":11}],"seed_played":"-5205516837430099467","potions_obtained":[{"floor":5,"key":"FairyPotion"},{"floor":8,"key":"ColorlessPotion"},{"floor":13,"key":"PowerPotion"},{"floor":33,"key":"Strength Potion"},{"floor":35,"key":"SteroidPotion"},{"floor":39,"key":"Regen Potion"}],"is_trial":false,"path_per_floor":["M","$","?","M","M","R","E","M","T","M","M","?","E","M","R","B",null,"M","$","M","M","M","R","?","M","T","$","R","M","R","M","R","B",null,"M","M","?","?","M","R","$","R","T","$","T","E","R","$","R","B",null],"character_chosen":"DEFECT","items_purchased":["FairyPotion","Unceasing Top","Blood Vial","Go for the Eyes","Orrery","Orichalcum","Double Energy","War Paint","DistilledChaos","PanicButton","DollysMirror"],"campfire_rested":6,"item_purchase_floors":[2,19,19,19,41,44,44,44,44,44,48],"current_hp_per_floor":[72,72,77,75,75,75,65,56,56,45,41,41,21,17,41,21,80,64,64,50,19,27,27,27,18,18,18,42,18,18,32,32,26,80,40,52,52,52,34,58,58,80,80,80,80,80,80,80,80,68],"gold":18,"neow_bonus":"BOSS_RELIC","is_daily":false,"chose_seed":false,"campfire_upgraded":4,"win_rate":0.0,"timestamp":1613524239,"path_taken":["M","$","?","M","M","R","E","M","T","M","M","?","E","M","R","BOSS","M","$","M","M","?","R","?","M","T","$","R","M","R","M","R","BOSS","M","?","?","?","M","R","$","R","T","$","?","E","R","$","R","BOSS"],"items_purchased_type":["Potion","Relic","Relic","Card","Relic","Relic","Card","Relic","Potion","Card","Relic"],"build_version":"2020-12-22","purchased_purges":5,"victory":true,"max_hp_per_floor":[75,75,80,80,80,80,80,80,80,80,80,80,80,80,80,80,80,80,80,80,80,80,80,80,80,80,80,80,80,80,80,80,80,80,80,80,80,80,80,80,80,80,80,80,80,80,80,80,80,80],"relic_stats":{"Blood Vial":18,"Inserter":[37],"counters":[23,125],"Tiny Chest":1,"StoneCalendar":[52],"Orichalcum":[12],"War Paint":["Double Energy","Chill"],"Question Card":23,"obtain_stats":[{"Inserter":17,"Vajra":9,"StoneCalendar":46,"Orichalcum":44,"War Paint":44,"Question Card":7,"Akabeko":13,"Blood Vial":19,"Runic Dome":0,"DataDisk":43,"DollysMirror":48,"Orrery":41,"Tiny Chest":26,"Fusion Hammer":34,"Bag of Marbles":45,"Cracked Core":0,"Unceasing Top":19},{"Inserter":10,"Vajra":5,"StoneCalendar":22,"Orichalcum":21,"War Paint":21,"Question Card":4,"Akabeko":8,"Blood Vial":11,"Runic Dome":0,"DataDisk":21,"DollysMirror":22,"Orrery":21,"Tiny Chest":15,"Fusion Hammer":18,"Bag of Marbles":21,"Cracked Core":0,"Unceasing Top":11},{"Inserter":50,"Vajra":26,"StoneCalendar":114,"Orichalcum":109,"War Paint":109,"Question Card":21,"Akabeko":39,"Blood Vial":55,"Runic Dome":0,"DataDisk":109,"DollysMirror":114,"Orrery":109,"Tiny Chest":75,"Fusion Hammer":94,"Bag of Marbles":109,"Cracked Core":0,"Unceasing Top":55}],"Unceasing Top":[123]},"card_choices":[{"not_picked":["Hologram","Chill"],"picked":"Leap","floor":1},{"not_picked":["Stack","Turbo"],"picked":"Coolheaded","floor":4},{"not_picked":["Coolheaded","Storm"],"picked":"Chill","floor":5},{"not_picked":["Blizzard","Beam Cell"],"picked":"Gash","floor":7},{"not_picked":["Aggregate","Compile Driver","Self Repair"],"picked":"Static Discharge","floor":8},{"not_picked":["Capacitor","Auto Shields","Gash"],"picked":"Streamline","floor":10},{"not_picked":["Fission","Beam Cell","White Noise"],"picked":"Ball Lightning","floor":11},{"not_picked":["Turbo","Streamline","Melter"],"picked":"Hologram","floor":13},{"not_picked":["Ball Lightning","Hologram","Reprogram"],"picked":"Gash","floor":14},{"not_picked":["Creative AI","Multi-Cast","Reboot"],"picked":"Echo Form","floor":16},{"not_picked":["Aggregate","Ball Lightning","Redo"],"picked":"Turbo+1","floor":18},{"not_picked":["Coolheaded","Steam","Rebound"],"picked":"Self Repair","floor":20},{"not_picked":["Cold Snap","Reboot","Compile Driver"],"picked":"Consume","floor":21},{"not_picked":["Rip and Tear+1","Storm","Coolheaded"],"picked":"Steam+1","floor":22},{"not_picked":["Streamline","Steam","Steam Power","Auto Shields"],"picked":"SKIP","floor":25},{"not_picked":["Leap","Rip and Tear","Streamline"],"picked":"Beam Cell","floor":29},{"not_picked":["Chill","Consume","Streamline+1"],"picked":"FTL","floor":31},{"not_picked":["Amplify","Machine Learning","Hyperbeam"],"picked":"Fission","floor":33},{"not_picked":["Sweeping Beam","Barrage","Hello World+1"],"picked":"Stack","floor":35},{"not_picked":["Hologram","Recycle+1","Storm","Streamline+1"],"picked":"SKIP","floor":36},{"not_picked":["Coolheaded+1","Self Repair","Recycle+1"],"picked":"Steam","floor":39},{"not_picked":["Recycle","White Noise","Cold Snap"],"picked":"Hologram+1","floor":41},{"not_picked":["Storm","Turbo","Redo"],"picked":"Biased Cognition","floor":41},{"not_picked":["Genetic Algorithm+1","Heatsinks","Fusion"],"picked":"Gash","floor":41},{"not_picked":["Tempest+1","Chaos","Streamline"],"picked":"BootSequence+1","floor":41},{"not_picked":["Gash","Tempest","Auto Shields"],"picked":"Cold Snap+1","floor":41},{"not_picked":["Turbo","Glacier","Rebound+1"],"picked":"Creative AI","floor":46}],"player_experience":177178,"relics_obtained":[{"floor":7,"key":"Question Card"},{"floor":9,"key":"Vajra"},{"floor":13,"key":"Akabeko"},{"floor":26,"key":"Tiny Chest"},{"floor":43,"key":"DataDisk"},{"floor":45,"key":"Bag of Marbles"},{"floor":46,"key":"StoneCalendar"}],"event_choices":[{"damage_healed":0,"gold_gain":0,"player_choice":"Donut","damage_taken":0,"max_hp_gain":5,"max_hp_loss":0,"event_name":"Big Fish","floor":3,"gold_loss":0},{"damage_healed":0,"gold_gain":275,"player_choice":"Desecrate","damage_taken":0,"max_hp_gain":0,"max_hp_loss":0,"event_name":"Golden Shrine","floor":12,"gold_loss":0,"cards_obtained":["Regret"]},{"damage_healed":0,"gold_gain":0,"player_choice":"Copied","damage_taken":0,"max_hp_gain":0,"max_hp_loss":0,"event_name":"Duplicator","floor":24,"gold_loss":0,"cards_obtained":["Turbo"]},{"damage_healed":0,"gold_gain":999,"player_choice":"Gold","damage_taken":0,"max_hp_gain":0,"max_hp_loss":0,"event_name":"MindBloom","floor":37,"gold_loss":0,"cards_obtained":["Normality","Normality"]},{"damage_healed":0,"gold_gain":0,"player_choice":"Ignored","damage_taken":0,"max_hp_gain":0,"max_hp_loss":0,"event_name":"Tomb of Lord Red Mask","floor":38,"gold_loss":0}],"is_beta":false,"boss_relics":[{"not_picked":["Philosopher\u0027s Stone","SacredBark"],"picked":"Inserter"},{"not_picked":["Sozu","Cursed Key"],"picked":"Fusion Hammer"}],"items_purged_floors":[19,27,41,44,48],"is_endless":false,"potions_floor_spawned":[5,8,13,14,16,18,20,29,31,33,35,39],"ascension_level":3}}