{"host":"pm6tps78s2qrawcb","time":1613601745,"event":{"mods":["BaseMod","BetterRewards","Colored Map","Downfall","Hubris","Infinite Spire","Mimic Mod","Minty Spire (QoL Compilation)","Reliquary","Replay The Spire","Shop Mod","StSLib"],"gold_per_floor":[109,126,126,126,126,126,167,167,216,216,240,255,286,311,425,544,544,558,577,677,70,70,111,126,139,189,208,252,273,273,296,296,435,435,484,484,531,582,137,137,137,137,137,137,137,137,137,137,137,137,137],"floor_reached":50,"language":"ENG","playtime":2874,"items_purged":["ReplayTheSpireMod:Splinters"],"score":904,"play_id":"bbb2b0c0-dcd3-4d91-a16c-d8a16ca0c5dd","local_time":"20210217224225","is_ascension_mode":true,"campfire_choices":[{"data":"Bash","floor":6,"key":"SMITH"},{"floor":8,"key":"REST"},{"data":"Hemogenesis","floor":30,"key":"SMITH"},{"floor":32,"key":"REST"},{"data":"1","floor":44,"key":"LIFT"},{"floor":49,"key":"REST"}],"circlet_count":0,"master_deck":["Strike_R+1","Strike_R","Strike_R+1","Strike_R","Defend_R","Defend_R+1","Defend_R","Bash+1","Inflame","Evolve","Iron Wave","Offering+1","Shrug It Off","Dropkick+1","hubris:NaturalOne","Feed+1","Double Tap","Armaments+1","Feel No Pain","Seeing Red","Headbutt+1","Sentinel","Inflame","Hemogenesis+1","Fiend Fire","ReplayTheSpireMod:Strike From Hell","Massacre+1","Heavy Blade","Rampage+1"],"relics":["infinitespire:ShieldingShard","Ring of Hypnosis","reliquary:GummyVitamins","Raider\u0027s Mask","reliquary:Boomerang","Byrd Skull","Electric Blood","Replay:Frozen Program","Ectoplasm","Sizzling Blood","champ:ChampionCrown","Sling","m_BronzeBlood","reliquary:Buckler","CloakClasp","Slimebound:SlimedTailRelic","Iron Core","NeowsBlessing","infinitespire:Chaos","Girya","reliquary:PorcupineQuills","Nunchaku","reliquary:TridentHead","PreservedInsect"],"acts_visited":["Exordium","TheCity","TheBeyond"],"potions_floor_usage":[16,23,23,24,28,33,33,33,40,46,50,50,50],"damage_taken":[{"damage":6,"enemies":"Cultist","floor":1,"turns":3},{"damage":7,"enemies":"Small Slimes","floor":2,"turns":5},{"damage":25,"enemies":"3 Sentries","floor":7,"turns":7},{"damage":20,"enemies":"Jaw Worm","floor":9,"turns":5},{"damage":6,"enemies":"Jaw Worm","floor":11,"turns":2},{"damage":6,"enemies":"2 Fungi Beasts","floor":12,"turns":3},{"damage":6,"enemies":"Gremlin Nob","floor":13,"turns":3},{"damage":20,"enemies":"Blue Slaver","floor":14,"turns":3},{"damage":44,"enemies":"The Guardian","floor":16,"turns":12},{"damage":8,"enemies":"Chosen","floor":18,"turns":4},{"damage":16,"enemies":"Shell Parasite","floor":19,"turns":3},{"damage":39,"enemies":"Slavers","floor":23,"turns":6},{"damage":10,"enemies":"Centurion and Healer","floor":24,"turns":3},{"damage":18,"enemies":"Snecko","floor":25,"turns":4},{"damage":24,"enemies":"Snake Plant","floor":27,"turns":3},{"damage":25,"enemies":"Book of Stabbing","floor":28,"turns":5},{"damage":18,"enemies":"Centurion and Healer","floor":29,"turns":5},{"damage":29,"enemies":"Cultist and Chosen","floor":31,"turns":7},{"damage":33,"enemies":"Pondfish","floor":33,"turns":7},{"damage":0,"enemies":"Orb Walker","floor":35,"turns":1},{"damage":33,"enemies":"3 Darklings","floor":37,"turns":9},{"damage":14,"enemies":"Spire Growth","floor":38,"turns":4},{"damage":0,"enemies":"Nightmare","floor":40,"turns":1},{"damage":1,"enemies":"4 Shapes","floor":41,"turns":1},{"damage":0,"enemies":"Reptomancer","floor":42,"turns":1},{"damage":37,"enemies":"Transient","floor":43,"turns":12},{"damage":22,"enemies":"Transient","floor":45,"turns":5},{"damage":50,"enemies":"R_Hoarder","floor":46,"turns":6},{"damage":32,"enemies":"Jaw Worm Horde","floor":47,"turns":4},{"damage":13,"enemies":"Spire Growth","floor":48,"turns":3},{"damage":75,"enemies":"Time Eater","floor":50,"turns":8}],"seed_played":"-3439450160909485731","potions_obtained":[{"floor":2,"key":"FearPotion"},{"floor":11,"key":"SpeedPotion"},{"floor":14,"key":"Elixir"},{"floor":16,"key":"ColorlessPotion"},{"floor":18,"key":"AttackPotion"},{"floor":23,"key":"DistilledChaos"},{"floor":24,"key":"Dexterity Potion"},{"floor":27,"key":"BlessingOfTheForge"},{"floor":31,"key":"hexamod:SoulburnPotion"},{"floor":37,"key":"LiquidMemories"},{"floor":38,"key":"Doom Potion"},{"floor":41,"key":"Guardian:BlockOnCardUsePotion"},{"floor":45,"key":"SkillPotion"},{"floor":48,"key":"Swift Potion"}],"is_trial":false,"path_per_floor":["M","M","?","?","?","R","E","R","MIM","?","M","M","E","M","R_BF","B",null,"M","M","?","$","?","E","M","M","T","M","E","M","R","M","R","B",null,"M","?","M","M","$","NM","M","E","MIM","R","M","E","M","M","R","B"],"character_chosen":"IRONCLAD","items_purchased":["Bag of Preparation","infinitespire:PuzzleCube","Feel No Pain","MerchantsRug","infinitespire:Chaos","Girya"],"campfire_rested":3,"item_purchase_floors":[21,21,21,21,39,39],"current_hp_per_floor":[80,79,79,59,43,43,24,63,49,49,49,80,80,66,66,28,80,82,76,105,105,105,76,76,64,64,50,31,19,19,8,62,43,100,100,100,80,80,84,94,103,104,85,85,81,49,31,28,60,0,0],"gold":137,"neow_bonus":"RANDOM_EVENT","is_daily":false,"chose_seed":false,"campfire_upgraded":2,"win_rate":0.0,"timestamp":1613601745,"path_taken":["M","M","?","?","?","R","E","R","MIM","?","?","?","E","M","R_BF","BOSS","M","M","?","$","?","E","?","M","T","M","E","M","R","M","R","BOSS","M","?","?","M","$","NM","?","E","MIM","R","M","E","M","M","R","BOSS"],"items_purchased_type":["Relic","Relic","Card","Relic","Relic","Relic"],"build_version":"2020-12-22","purchased_purges":1,"victory":false,"max_hp_per_floor":[80,80,80,80,80,80,80,80,80,80,80,80,80,80,80,80,80,84,88,117,117,117,121,125,125,125,129,129,129,129,133,133,133,100,100,100,100,100,104,104,104,104,104,104,104,104,108,108,108,108,108],"card_choices":[{"not_picked":["Life Link","Abandon"],"picked":"Evolve","floor":1},{"not_picked":["Headbutt","Flex"],"picked":"Iron Wave","floor":2},{"not_picked":["ReplayTheSpireMod:Corrosion Curse","hubris:ReadiedAction","hubris:SharpeningStone"],"picked":"SKIP","floor":7},{"not_picked":["ReplayTheSpireMod:Muscle Training","Infernal Blade"],"picked":"Shrug It Off","floor":9},{"not_picked":["Defy Death","Clash"],"picked":"Dropkick","floor":11},{"not_picked":["Cleave","Body Slam","True Grit"],"picked":"SKIP","floor":12},{"not_picked":["Intimidate","Evolve"],"picked":"Feed","floor":13},{"not_picked":["Run Through","Twin Strike","Perfected Strike"],"picked":"SKIP","floor":14},{"not_picked":["Juggernaut","Exhume"],"picked":"Double Tap","floor":16},{"not_picked":["Body Slam+1","Shrug It Off","Replay:Undeath\u0027s Touch"],"picked":"SKIP","floor":18},{"not_picked":["Dark Embrace","Headbutt"],"picked":"Armaments+1","floor":19},{"not_picked":["Sword Boomerang","Body Slam"],"picked":"Headbutt+1","floor":23},{"not_picked":["Replay:Undeath\u0027s Touch","Shrug It Off"],"picked":"Sentinel","floor":24},{"not_picked":["Headbutt+1","Twin Strike"],"picked":"Inflame","floor":25},{"not_picked":["Brutality","Carnage+1","Pummel+1"],"picked":"SKIP","floor":27},{"not_picked":["ReplayTheSpireMod:Strike From Hell","Run Through"],"picked":"Hemogenesis","floor":28},{"not_picked":["Combust+1","Feel No Pain","Entrench"],"picked":"SKIP","floor":29},{"not_picked":["Thunderclap+1","Heavy Blade"],"picked":"Fiend Fire","floor":31},{"not_picked":["Heavy Blade+1","Burning Pact"],"picked":"ReplayTheSpireMod:Strike From Hell","floor":35},{"not_picked":["Armaments+1","Shrug It Off","Iron Wave"],"picked":"SKIP","floor":37},{"not_picked":["Defy Death+1","Searing Blow"],"picked":"Massacre","floor":38},{"not_picked":["Heavy Blade","Body Slam+1","Ghostly Armor"],"picked":"SKIP","floor":40},{"not_picked":["Sword Boomerang+1","hubris:CleavingFinish","Dropkick"],"picked":"SKIP","floor":41},{"not_picked":["ReplayTheSpireMod:Strike From Hell","Beam Cell+1","Second Wind"],"picked":"SKIP","floor":42},{"not_picked":["Sword Boomerang+1","Feel No Pain+1"],"picked":"Heavy Blade","floor":43},{"not_picked":["bronze:BuggyMess+1","WeaponsOverheat+1","Body Slam+1"],"picked":"SKIP","floor":45},{"not_picked":["Sentinel","Cleave+1"],"picked":"Rampage+1","floor":46},{"not_picked":["Rampage+1","Metallicize+1","Fire Breathing+1"],"picked":"SKIP","floor":47},{"not_picked":["Hologram+1","bronze:Turbo+1","Cleave"],"picked":"SKIP","floor":48}],"player_experience":310964,"relics_obtained":[{"floor":7,"key":"Regal Pillow"},{"floor":9,"key":"reliquary:Stiletto"},{"floor":13,"key":"Whetstone"},{"floor":23,"key":"Oddly Smooth Stone"},{"floor":28,"key":"Red Skull"},{"floor":40,"key":"reliquary:PorcupineQuills"},{"floor":42,"key":"Nunchaku"},{"floor":43,"key":"reliquary:TridentHead"},{"floor":46,"key":"PreservedInsect"}],"event_choices":[{"damage_healed":0,"gold_gain":0,"player_choice":"Take Damage","damage_taken":20,"relics_obtained":["Golden Idol"],"max_hp_gain":0,"max_hp_loss":0,"event_name":"Golden Idol","floor":4,"gold_loss":0},{"damage_healed":0,"gold_gain":0,"player_choice":"Entered Light","damage_taken":16,"max_hp_gain":0,"max_hp_loss":0,"event_name":"Shining Light","floor":5,"gold_loss":0,"cards_upgraded":["Defend_R","Strike_R"]},{"damage_healed":0,"gold_gain":0,"player_choice":"Read","damage_taken":0,"max_hp_gain":0,"max_hp_loss":0,"event_name":"The Library","floor":22,"gold_loss":0,"cards_obtained":["Seeing Red"]},{"cards_removed":["Strike_R"],"damage_healed":0,"gold_gain":0,"player_choice":"Offered Basic","damage_taken":0,"max_hp_gain":0,"max_hp_loss":0,"event_name":"Bonfire Elementals","floor":36,"gold_loss":0}],"is_beta":false,"boss_relics":[{"not_picked":["hubris:ScarierMask","Snecko Eye"],"picked":"infinitespire:Burning Sword"},{"not_picked":["Astrolabe","reliquary:RustamsPendant"],"picked":"Replay:Grab Bag"},{"not_picked":["reliquary:Ember","Replay:Bronze Core"],"picked":"reliquary:RedCape"},{"not_picked":["reliquary:Craggleroot","hubris:RunicObelisk"],"picked":"ChewingGum"},{"not_picked":["ReplayTheSpireMod:SealedPack","Runic Pyramid"],"picked":"Replay:Drink Me"}],"items_purged_floors":[21],"is_endless":true,"potions_floor_spawned":[2,11,14,16,18,23,24,27,31,37,38,41,45,48],"killed_by":"Time Eater","ascension_level":1}}