{"host":"upxqlvf2ge1xt4sa","time":1613538204,"event":{"mods":["2.2 Compatiblity","AchievementEnabler","Act Like it!","Bard","BaseMod","Better Third Choice","BetterRewards","Colored Powertips","Curses Come First","Downfall","Energized Spire","Friendly Minions","Hallownest","Hermit","Highlight Path","Hubris","Infinite Spire","Jorbs\u0027s Wanderer Trilogy","Mad Scientist","Minty Spire (QoL Compilation)","Rare Cards Sparkle","Relic Filter","Reliquary","Shade Mod","StSLib","The Blackbeard","The Bug Knight","The Construct","The Cursed","The Disciple","The Hierophant","The Jungle","The Marked","The Mystic","The Necromancer","The Runesmith","The Servant 0.9.4"],"gold_per_floor":[109,124,299,318,23,54,66,66,91,91,118,130,156,174,174,276,276,289,289,306,323,323,323,338,357,382,78,88,106,106,14,14,118,118,134,184,184,184],"floor_reached":37,"language":"ENG","playtime":3001,"items_purged":[],"score":558,"play_id":"47042d56-3870-4b80-96fd-636c1a973bb8","local_time":"20210216210324","daily_mods":["SealedDeck"],"is_ascension_mode":true,"campfire_choices":[{"data":"Starlight","floor":8,"key":"SMITH"},{"data":"SilverBlades","floor":10,"key":"SMITH"},{"data":"Starlight","floor":15,"key":"SMITH"},{"data":"Potential","floor":23,"key":"SMITH"},{"data":"Shuttle","floor":30,"key":"SMITH"},{"data":"Starlight","floor":32,"key":"SMITH"}],"circlet_count":0,"master_deck":["Potential+1","InstantArmor","Foresight","BottledTime","SilverBlades+1","Starlight+1","TimeWarp","WasteNot","ReturningBlade","BottledTime","Moonlight","Potential","Doubt","TimeWarp","TimeWarp","Starlight+1","DualDimension","TimeWarp","InstantArmor","FlawlessForm","Starlight+1","Potential+1","Shuttle","SilverBlades+1","Moondial","Shuttle+1","Advance","ShatteredReality","RealityMarble+1","Shuttle+1","SurpressingFire","BottledTime","Embodiment","Collapse"],"relics":["Uniform","Lantern","reliquary:Boomerang","reliquary:RosewoodLute","Oddly Smooth Stone","Odd Mushroom","Smiling Mask","energizedSpire:DeadBattery","Girya","hexamod:BolsterEngine","reliquary:Bookmark","Runic Dome","Calipers"],"acts_visited":["Exordium","TheCity","TheBeyond"],"potions_floor_usage":[12,33,33],"damage_taken":[{"damage":0,"enemies":"2 Louse","floor":1,"turns":1},{"damage":5,"enemies":"Jaw Worm","floor":2,"turns":2},{"damage":0,"enemies":"Cultist","floor":4,"turns":2},{"damage":12,"enemies":"3 Sentries","floor":6,"turns":3},{"damage":7,"enemies":"Red Slaver","floor":7,"turns":2},{"damage":3,"enemies":"The Mushroom Lair","floor":11,"turns":2},{"damage":1,"enemies":"2 Fungi Beasts","floor":12,"turns":1},{"damage":0,"enemies":"Gremlin Nob","floor":13,"turns":2},{"damage":0,"enemies":"Looter","floor":14,"turns":1},{"damage":0,"enemies":"Slime Boss","floor":16,"turns":4},{"damage":0,"enemies":"Chosen","floor":18,"turns":2},{"damage":0,"enemies":"Spheric Guardian","floor":20,"turns":2},{"damage":0,"enemies":"Cultist and Chosen","floor":21,"turns":4},{"damage":0,"enemies":"3 Cultists","floor":24,"turns":4},{"damage":14,"enemies":"Centurion and Healer","floor":25,"turns":4},{"damage":0,"enemies":"Chosen and Byrds","floor":28,"turns":3},{"damage":30,"enemies":"Snake Plant","floor":29,"turns":4},{"damage":0,"enemies":"Champ","floor":33,"turns":7},{"damage":34,"enemies":"3 Shapes","floor":35,"turns":3},{"damage":19,"enemies":"Mind Bloom Boss Battle","floor":36,"turns":6},{"damage":15,"enemies":"3 Darklings","floor":37,"turns":2}],"seed_played":"2053129106615011429","potions_obtained":[{"floor":1,"key":"hexamod:SoulburnPotion"},{"floor":2,"key":"Swift Potion"},{"floor":7,"key":"construct:ShiftPotion"},{"floor":14,"key":"Explosive Potion"},{"floor":35,"key":"Block Potion"}],"is_trial":true,"path_per_floor":["M","M","?","M","$","E","M","R","T","R","?","M","E","M","R","B",null,"M","AVR","M","M","?","R","M","M","T","$","M","M","R","$","R","B",null,"M","?","M"],"character_chosen":"THE_SERVANT","items_purchased":["Lantern","reliquary:Boomerang","reliquary:Bookmark","Shuttle","Advance","ShatteredReality","SurpressingFire","BottledTime"],"campfire_rested":0,"item_purchase_floors":[5,5,27,27,27,27,31,31],"current_hp_per_floor":[65,60,60,60,60,48,41,41,41,41,38,37,37,37,37,37,65,65,65,65,65,65,65,65,51,51,51,51,21,21,21,21,21,65,31,12,0,0],"gold":184,"neow_bonus":"","is_daily":false,"chose_seed":false,"campfire_upgraded":6,"win_rate":0.0,"timestamp":1613538204,"path_taken":["M","M","?","M","$","E","M","R","T","R","?","?","E","M","R","BOSS","M","AVR","M","M","?","R","M","M","T","$","M","?","R","?","R","BOSS","M","?","M"],"items_purchased_type":["Relic","Relic","Relic","Card","Card","Card","Card","Card"],"build_version":"2020-12-22","purchased_purges":0,"victory":false,"max_hp_per_floor":[65,65,65,65,65,65,65,65,65,65,65,65,65,65,65,65,65,65,65,65,65,65,65,65,65,65,65,65,65,65,65,65,65,65,65,65,65,65],"card_choices":[{"not_picked":["DoubleEdge","Collapse"],"picked":"Moonlight","floor":1},{"not_picked":["Unruled","FastForward"],"picked":"Potential","floor":2},{"not_picked":["RealityMarble","Defy"],"picked":"TimeWarp","floor":4},{"not_picked":["Revamp","Unruled"],"picked":"TimeWarp","floor":6},{"not_picked":["Ricochet","Potential"],"picked":"Starlight","floor":7},{"not_picked":["KillingDoll","Misdirection"],"picked":"DualDimension","floor":12},{"not_picked":["Spin","FastForward"],"picked":"TimeWarp","floor":13},{"not_picked":["MoonPhase","Contraction"],"picked":"InstantArmor","floor":14},{"not_picked":["FloweringNight","TheWorld"],"picked":"FlawlessForm","floor":16},{"not_picked":["Revamp","Replace+1"],"picked":"Starlight","floor":18},{"not_picked":["TimeWarp","Rewind"],"picked":"Potential+1","floor":20},{"not_picked":["ShatteredReality","Foresight"],"picked":"Shuttle","floor":21},{"not_picked":["Rewind+1","FastForward","Defy"],"picked":"SKIP","floor":24},{"not_picked":["Starlight","WasteNot+1"],"picked":"Moondial","floor":25},{"not_picked":["Alleviate+1","Rearm+1"],"picked":"RealityMarble+1","floor":28},{"not_picked":["Moondial","Potential"],"picked":"Shuttle+1","floor":29},{"not_picked":["Duplication","Deny"],"picked":"Embodiment","floor":33},{"not_picked":["RealityMarble","Potential","Alleviate+1"],"picked":"SKIP","floor":35},{"not_picked":["FastForward+1","Advance"],"picked":"Collapse","floor":36}],"player_experience":166463,"relics_obtained":[{"floor":6,"key":"reliquary:RosewoodLute"},{"floor":9,"key":"Oddly Smooth Stone"},{"floor":11,"key":"Odd Mushroom"},{"floor":13,"key":"Smiling Mask"},{"floor":26,"key":"hexamod:BolsterEngine"},{"floor":36,"key":"Calipers"}],"event_choices":[{"damage_healed":0,"gold_gain":175,"player_choice":"AGREE","damage_taken":124,"max_hp_gain":0,"max_hp_loss":0,"event_name":"betterThird:BetterSerpent","floor":3,"gold_loss":0},{"damage_healed":0,"gold_gain":0,"player_choice":"Fought Mushrooms","damage_taken":0,"max_hp_gain":0,"max_hp_loss":0,"event_name":"Mushrooms","floor":11,"gold_loss":0},{"damage_healed":0,"gold_gain":0,"player_choice":"Copied","damage_taken":0,"max_hp_gain":0,"max_hp_loss":0,"event_name":"Duplicator","floor":22,"gold_loss":0,"cards_obtained":["SilverBlades"]},{"damage_healed":0,"gold_gain":0,"player_choice":"Fight","damage_taken":0,"max_hp_gain":0,"max_hp_loss":0,"event_name":"MindBloom","floor":36,"gold_loss":0}],"is_beta":false,"boss_relics":[{"not_picked":["energizedSpire:CursedPentagram","Velvet Choker"],"picked":"energizedSpire:DeadBattery"},{"not_picked":["SacredBark","hubris:ScarierMask"],"picked":"Runic Dome"}],"items_purged_floors":[],"is_endless":false,"potions_floor_spawned":[1,2,7,14,16,18,20,21,35],"killed_by":"3 Darklings","ascension_level":1}}