{"host":"a9gsz7kv8aebwp1f","time":1613572940,"event":{"mods":["AchievementEnabler","BaseMod","Minty Spire (QoL Compilation)"],"gold_per_floor":[110,110,123,140,215,215,233,233,233,233,233,34,34,45,45,45,45],"floor_reached":16,"language":"KOR","playtime":381,"items_purged":[],"score":140,"play_id":"06a88c68-bc49-41cd-b79d-dee710d6f555","local_time":"20210217234220","is_ascension_mode":true,"campfire_choices":[{"data":"Discovery","floor":6,"key":"SMITH"},{"data":"Armaments","floor":8,"key":"SMITH"},{"floor":11,"key":"REST"},{"data":"Armaments","floor":15,"key":"SMITH"}],"circlet_count":0,"master_deck":["AscendersBane","Strike_R","Strike_R+1","Strike_R","Strike_R","Strike_R","Defend_R","Defend_R","Bash","Discovery+1","Armaments+1","Flex","Dropkick","Flame Barrier+1","Armaments+1","Wild Strike"],"relics":["Burning Blood","Question Card","Akabeko"],"acts_visited":["Exordium"],"potions_floor_usage":[16],"damage_taken":[{"damage":5,"enemies":"Small Slimes","floor":1,"turns":3},{"damage":9,"enemies":"2 Louse","floor":3,"turns":2},{"damage":10,"enemies":"Cultist","floor":4,"turns":4},{"damage":14,"enemies":"Red Slaver","floor":7,"turns":3},{"damage":13,"enemies":"Exordium Wildlife","floor":14,"turns":3},{"damage":41,"enemies":"Slime Boss","floor":16,"turns":7}],"seed_played":"-5137511999434791888","potions_obtained":[{"floor":7,"key":"DistilledChaos"}],"is_trial":false,"path_per_floor":["M","?","M","M","?","R","M","R","T","?","R","$","?","M","R","B"],"character_chosen":"IRONCLAD","items_purchased":["Akabeko","Armaments"],"campfire_rested":1,"item_purchase_floors":[12,12],"current_hp_per_floor":[73,66,63,59,48,48,40,40,40,24,48,48,48,41,41,0,0],"gold":45,"neow_bonus":"RANDOM_COLORLESS","is_daily":false,"chose_seed":false,"campfire_upgraded":3,"win_rate":0.0,"timestamp":1613572940,"path_taken":["M","?","M","M","?","R","M","R","T","?","R","$","?","?","R","BOSS"],"items_purchased_type":["Relic","Card"],"build_version":"2020-12-22","purchased_purges":0,"victory":false,"max_hp_per_floor":[80,80,80,80,80,80,80,80,80,80,80,80,80,80,80,80,80],"card_choices":[{"not_picked":["Trip","Swift Strike"],"picked":"Discovery","floor":0},{"not_picked":["Clothesline","Flex"],"picked":"Armaments","floor":1},{"not_picked":["Heavy Blade","Clash"],"picked":"Flex","floor":3},{"not_picked":["Hemokinesis","Anger"],"picked":"Dropkick","floor":4},{"not_picked":["Warcry","Searing Blow"],"picked":"Flame Barrier","floor":7},{"not_picked":["Double Tap","Carnage","Body Slam"],"picked":"Wild Strike","floor":14}],"player_experience":462428,"relics_obtained":[{"floor":9,"key":"Question Card"}],"event_choices":[{"cards_removed":["Defend_R"],"damage_healed":0,"gold_gain":0,"player_choice":"Card Removal","damage_taken":7,"max_hp_gain":0,"max_hp_loss":0,"event_name":"Golden Wing","floor":2,"gold_loss":0},{"damage_healed":0,"gold_gain":75,"player_choice":"Gather Gold","damage_taken":11,"max_hp_gain":0,"max_hp_loss":0,"event_name":"World of Goop","floor":5,"gold_loss":0},{"damage_healed":0,"gold_gain":0,"player_choice":"Entered Light","damage_taken":16,"max_hp_gain":0,"max_hp_loss":0,"event_name":"Shining Light","floor":10,"gold_loss":0,"cards_upgraded":["Flame Barrier","Strike_R"]},{"cards_removed":["Defend_R"],"damage_healed":0,"gold_gain":0,"player_choice":"Purged","damage_taken":0,"max_hp_gain":0,"max_hp_loss":0,"event_name":"Purifier","floor":13,"gold_loss":0}],"is_beta":false,"boss_relics":[],"items_purged_floors":[],"is_endless":false,"potions_floor_spawned":[7],"killed_by":"Slime Boss","ascension_level":11}}