{"host":"2fgwwnzqc97k7iys","time":1613536571,"event":{"mods":["BaseMod","Colored Map","Minty Spire (QoL Compilation)","Quick Restart","Relic Stats"],"gold_per_floor":[113,113,9,9,29,29,72,72,99,146,172,190,217,72,72,212,212,226,33,112,126,158,158,202,230,255,170,193,214,214,313,313,313,313],"floor_reached":33,"language":"ENG","playtime":2084,"items_purged":["Strike_B","Strike_B"],"score":413,"play_id":"4dcd93a7-5db3-409b-8e0c-e99a22d764ae","local_time":"20210216223611","is_ascension_mode":true,"campfire_choices":[{"data":"Lockon","floor":6,"key":"SMITH"},{"data":"Genetic Algorithm","floor":15,"key":"SMITH"},{"data":"Fission","floor":23,"key":"SMITH"},{"data":"Capacitor","floor":32,"key":"SMITH"}],"circlet_count":0,"master_deck":["AscendersBane","Defend_B","Defend_B","Defend_B","Zap","Dualcast+1","Core Surge","Lockon+1","Ball Lightning","Leap","Aggregate","Capacitor+1","Genetic Algorithm+1","Glacier","Fission+1","Ball Lightning+1","Aggregate+1","Coolheaded+1","Skim"],"relics":["Cracked Core","Golden Idol","Mercury Hourglass","CeramicFish","Boot","DataDisk","Sozu","Membership Card","Ornamental Fan","Smiling Mask","Ancient Tea Set","MealTicket"],"acts_visited":["Exordium","TheCity"],"potions_floor_usage":[10,22,33],"damage_taken":[{"damage":12,"enemies":"2 Louse","floor":1,"turns":3},{"damage":0,"enemies":"Cultist","floor":5,"turns":2},{"damage":12,"enemies":"Gremlin Nob","floor":7,"turns":3},{"damage":21,"enemies":"Lagavulin","floor":10,"turns":4},{"damage":0,"enemies":"Small Slimes","floor":12,"turns":2},{"damage":0,"enemies":"3 Louse","floor":13,"turns":2},{"damage":2,"enemies":"Hexaghost","floor":16,"turns":9},{"damage":0,"enemies":"Chosen","floor":18,"turns":4},{"damage":24,"enemies":"3 Byrds","floor":21,"turns":4},{"damage":16,"enemies":"Snecko","floor":22,"turns":6},{"damage":25,"enemies":"Slavers","floor":24,"turns":4},{"damage":2,"enemies":"Sentry and Sphere","floor":25,"turns":6},{"damage":0,"enemies":"Cultist and Chosen","floor":28,"turns":5},{"damage":0,"enemies":"Centurion and Healer","floor":29,"turns":5},{"damage":21,"enemies":"Collector","floor":33,"turns":5}],"seed_played":"2363938483256865284","potions_obtained":[{"floor":7,"key":"FocusPotion"},{"floor":10,"key":"Regen Potion"},{"floor":13,"key":"PowerPotion"}],"is_trial":false,"path_per_floor":["M","?","$","?","M","R","E","?","T","E","T","M","M","$","R","B",null,"M","$","T","M","M","R","E","M","T","?","M","M","?","?","R","B"],"character_chosen":"DEFECT","items_purchased":["Ball Lightning","Leap","Glacier","Membership Card"],"campfire_rested":0,"item_purchase_floors":[3,3,14,19],"current_hp_per_floor":[56,56,56,49,49,49,37,37,37,16,16,16,16,16,16,14,55,55,55,55,31,29,29,4,2,2,2,2,2,2,2,2,0,0],"gold":313,"neow_bonus":"TRANSFORM_CARD","is_daily":false,"chose_seed":false,"campfire_upgraded":4,"win_rate":0.0,"timestamp":1613536571,"path_taken":["M","?","$","?","M","R","E","?","T","E","?","M","M","$","R","BOSS","M","$","?","M","M","R","E","M","T","?","M","M","?","?","R","BOSS"],"items_purchased_type":["Card","Card","Card","Relic"],"build_version":"2020-12-22","purchased_purges":2,"victory":false,"max_hp_per_floor":[75,69,69,69,69,69,69,69,69,69,69,69,69,69,69,69,69,69,69,69,69,69,69,69,69,69,69,69,69,69,69,69,69,69],"relic_stats":{"Sozu":3,"counters":[15,63],"Golden Idol":84,"Ornamental Fan":[20],"CeramicFish":72,"MealTicket":0,"Boot":[4],"Smiling Mask":0,"obtain_stats":[{"Sozu":17,"DataDisk":11,"Golden Idol":2,"Ornamental Fan":20,"CeramicFish":9,"MealTicket":27,"Membership Card":19,"Cracked Core":0,"Boot":10,"Smiling Mask":24,"Ancient Tea Set":26,"Mercury Hourglass":7},{"Sozu":7,"DataDisk":4,"Golden Idol":1,"Ornamental Fan":8,"CeramicFish":3,"MealTicket":12,"Membership Card":8,"Cracked Core":0,"Boot":4,"Smiling Mask":11,"Ancient Tea Set":12,"Mercury Hourglass":3},{"Sozu":24,"DataDisk":11,"Golden Idol":3,"Ornamental Fan":28,"CeramicFish":8,"MealTicket":48,"Membership Card":28,"Cracked Core":0,"Boot":11,"Smiling Mask":42,"Ancient Tea Set":48,"Mercury Hourglass":8}],"Mercury Hourglass":[234]},"card_choices":[{"not_picked":["Redo","Stack"],"picked":"Lockon","floor":1},{"not_picked":["Streamline","Self Repair"],"picked":"Aggregate","floor":5},{"not_picked":["Meteor Strike","Gash","Rebound"],"picked":"SKIP","floor":7},{"not_picked":["Beam Cell","Go for the Eyes"],"picked":"Capacitor","floor":10},{"not_picked":["Stack","Compile Driver","Melter"],"picked":"SKIP","floor":12},{"not_picked":["Turbo","Chaos"],"picked":"Genetic Algorithm","floor":13},{"not_picked":["Meteor Strike","All For One"],"picked":"Fission","floor":16},{"not_picked":["Loop","Melter","Steam Power"],"picked":"SKIP","floor":18},{"not_picked":["Undo","Redo","Beam Cell"],"picked":"SKIP","floor":21},{"not_picked":["Loop","Static Discharge"],"picked":"Ball Lightning+1","floor":22},{"not_picked":["All For One","Gash"],"picked":"Aggregate+1","floor":24},{"not_picked":["Hologram","Streamline+1"],"picked":"Coolheaded+1","floor":25},{"not_picked":["Sunder","Self Repair+1"],"picked":"Skim","floor":28},{"not_picked":["Streamline","Gash","Reprogram"],"picked":"SKIP","floor":29}],"player_experience":607317,"relics_obtained":[{"floor":7,"key":"Mercury Hourglass"},{"floor":9,"key":"CeramicFish"},{"floor":10,"key":"Boot"},{"floor":11,"key":"DataDisk"},{"floor":20,"key":"Ornamental Fan"},{"floor":24,"key":"Smiling Mask"},{"floor":26,"key":"Ancient Tea Set"}],"event_choices":[{"damage_healed":0,"gold_gain":0,"player_choice":"Lose Max HP","damage_taken":0,"relics_obtained":["Golden Idol"],"max_hp_gain":0,"max_hp_loss":6,"event_name":"Golden Idol","floor":2,"gold_loss":0},{"cards_removed":["Defend_B"],"damage_healed":0,"gold_gain":0,"player_choice":"Card Removal","damage_taken":7,"max_hp_gain":0,"max_hp_loss":0,"event_name":"Golden Wing","floor":4,"gold_loss":0},{"damage_healed":0,"gold_gain":0,"player_choice":"Grow","damage_taken":0,"max_hp_gain":0,"max_hp_loss":0,"event_name":"Living Wall","floor":8,"gold_loss":0,"cards_upgraded":["Dualcast"]},{"damage_healed":0,"gold_gain":0,"player_choice":"Obtained Relic","damage_taken":0,"relics_obtained":["MealTicket"],"max_hp_gain":0,"max_hp_loss":0,"event_name":"Addict","floor":27,"gold_loss":85},{"cards_removed":["Strike_B"],"damage_healed":0,"gold_gain":0,"player_choice":"Elegance","damage_taken":0,"max_hp_gain":0,"max_hp_loss":0,"event_name":"Back to Basics","floor":30,"gold_loss":0},{"damage_healed":0,"gold_gain":99,"player_choice":"Stole From Cult","damage_taken":0,"max_hp_gain":0,"max_hp_loss":0,"event_name":"Nest","floor":31,"gold_loss":0}],"is_beta":false,"boss_relics":[{"not_picked":["Astrolabe","Philosopher\u0027s Stone"],"picked":"Sozu"}],"items_purged_floors":[14,19],"is_endless":false,"potions_floor_spawned":[7,10,13,22,24,28],"killed_by":"Collector","ascension_level":10}}