{"host":"pj7egx7jkoz18hom","time":1613566934,"event":{"mods":["AchievementEnabler","BaseMod","Keyboard Shortcuts","Minty Spire (QoL Compilation)","SuperFastMode"],"gold_per_floor":[113,129,129,148,160,160,192,192,192,202,202,127,145,45,45,147,147,167,181,280,298,327,358,358,24,24,34,52,52,86,96,96,199,199,209,221,240,90,104,104,326,344,344,344,364,377,408,423,423,423,423],"floor_reached":50,"language":"KOR","playtime":3661,"items_purged":["Strike_R","Strike_R","Strike_R","Headbutt"],"score":675,"play_id":"12b1901d-6c93-4e70-9cca-0d38b6c0f7e9","local_time":"20210217220214","is_ascension_mode":true,"campfire_choices":[{"data":"Fire Breathing","floor":6,"key":"SMITH"},{"data":"Reaper","floor":8,"key":"SMITH"},{"data":"Spot Weakness","floor":11,"key":"SMITH"},{"data":"Thunderclap","floor":15,"key":"SMITH"},{"floor":24,"key":"REST"},{"data":"Fire Breathing","floor":29,"key":"SMITH"},{"floor":32,"key":"REST"},{"data":"Offering","floor":40,"key":"SMITH"},{"data":"Wild Strike","floor":49,"key":"SMITH"}],"circlet_count":0,"master_deck":["Strike_R","Strike_R","Defend_R","Defend_R","Defend_R","Bash","Fiend Fire","Fire Breathing+1","Reckless Charge","Thunderclap+1","Reaper+1","Spot Weakness+1","Fire Breathing+1","Offering+1","Burning Pact+1","Wild Strike+1","Flame Barrier+1","Impervious","Armaments+1","Warcry"],"relics":["Burning Blood","Question Card","Akabeko","Shuriken","Mark of Pain","Red Mask","Mercury Hourglass","Oddly Smooth Stone","Bag of Preparation","Blood Vial","Busted Crown","War Paint"],"acts_visited":["Exordium","TheCity","TheBeyond"],"potions_floor_usage":[16,18,19,22,23,27,28,30,37,39,48,50],"damage_taken":[{"damage":0,"enemies":"Small Slimes","floor":1,"turns":2},{"damage":1,"enemies":"2 Louse","floor":2,"turns":4},{"damage":12,"enemies":"Jaw Worm","floor":4,"turns":2},{"damage":14,"enemies":"Red Slaver","floor":5,"turns":2},{"damage":18,"enemies":"Gremlin Nob","floor":7,"turns":4},{"damage":11,"enemies":"Gremlin Gang","floor":10,"turns":3},{"damage":12,"enemies":"Looter","floor":13,"turns":3},{"damage":50,"enemies":"Hexaghost","floor":16,"turns":7},{"damage":18,"enemies":"Chosen","floor":18,"turns":2},{"damage":6,"enemies":"2 Thieves","floor":19,"turns":3},{"damage":43,"enemies":"Centurion and Healer","floor":21,"turns":5},{"damage":42,"enemies":"Masked Bandits","floor":22,"turns":4},{"damage":26,"enemies":"Slavers","floor":23,"turns":3},{"damage":32,"enemies":"Shelled Parasite and Fungi","floor":27,"turns":3},{"damage":6,"enemies":"Snake Plant","floor":28,"turns":2},{"damage":38,"enemies":"Book of Stabbing","floor":30,"turns":4},{"damage":21,"enemies":"Centurion and Healer","floor":31,"turns":4},{"damage":73,"enemies":"Automaton","floor":33,"turns":7},{"damage":12,"enemies":"3 Shapes","floor":35,"turns":3},{"damage":7,"enemies":"Orb Walker","floor":36,"turns":3},{"damage":34,"enemies":"Spire Growth","floor":37,"turns":3},{"damage":6,"enemies":"Jaw Worm Horde","floor":39,"turns":2},{"damage":6,"enemies":"3 Darklings","floor":42,"turns":2},{"damage":38,"enemies":"Writhing Mass","floor":45,"turns":3},{"damage":10,"enemies":"Sphere and 2 Shapes","floor":46,"turns":3},{"damage":27,"enemies":"Reptomancer","floor":47,"turns":4},{"damage":15,"enemies":"Transient","floor":48,"turns":5},{"damage":124,"enemies":"Awakened One","floor":50,"turns":9}],"seed_played":"-630482747153479437","potions_obtained":[{"floor":1,"key":"Fire Potion"},{"floor":7,"key":"Weak Potion"},{"floor":16,"key":"Block Potion"},{"floor":18,"key":"Fruit Juice"},{"floor":21,"key":"GamblersBrew"},{"floor":22,"key":"BloodPotion"},{"floor":27,"key":"Dexterity Potion"},{"floor":28,"key":"SneckoOil"},{"floor":36,"key":"LiquidMemories"},{"floor":45,"key":"Explosive Potion"},{"floor":47,"key":"Dexterity Potion"},{"floor":48,"key":"ElixirPotion"}],"is_trial":false,"path_per_floor":["M","M","?","M","M","R","E","R","T","M","R","$","M","$","R","B",null,"M","M","?","M","?","E","R","$","T","M","M","R","E","M","R","B",null,"M","M","M","$","M","R","?","M","T","?","M","M","E","M","R","B"],"character_chosen":"IRONCLAD","items_purchased":["Oddly Smooth Stone","BloodPotion"],"campfire_rested":2,"item_purchase_floors":[25,25],"current_hp_per_floor":[80,80,68,62,54,54,42,42,42,75,75,75,69,69,69,31,68,73,81,81,48,18,15,40,40,40,46,52,52,30,43,68,12,67,85,85,63,63,85,85,85,85,85,85,53,77,68,68,68,0,0],"gold":423,"neow_bonus":"ONE_RANDOM_RARE_CARD","is_daily":false,"chose_seed":false,"campfire_upgraded":7,"win_rate":0.0,"timestamp":1613566934,"path_taken":["M","M","?","M","M","R","E","R","T","M","R","$","M","$","R","BOSS","M","M","?","M","?","E","R","$","T","M","M","R","E","M","R","BOSS","M","M","M","$","M","R","?","M","T","?","M","M","E","?","R","BOSS"],"items_purchased_type":["Relic","Potion"],"build_version":"2020-12-22","purchased_purges":4,"victory":false,"max_hp_per_floor":[80,80,80,80,80,80,80,80,80,80,80,80,80,80,80,80,80,85,85,85,85,85,85,85,85,85,85,85,85,85,85,85,85,85,85,85,85,85,85,85,85,85,85,85,85,85,85,85,85,85,85],"card_choices":[{"not_picked":["Rampage","Whirlwind"],"picked":"Fire Breathing","floor":1},{"not_picked":["Heavy Blade","Armaments"],"picked":"Reckless Charge","floor":2},{"not_picked":["Clothesline","Armaments","Iron Wave"],"picked":"Thunderclap","floor":4},{"not_picked":["Hemokinesis","Clash","True Grit"],"picked":"Headbutt","floor":5},{"not_picked":["Clothesline","Bludgeon","Anger"],"picked":"Reaper","floor":7},{"not_picked":["Clash","Heavy Blade","Hemokinesis"],"picked":"Spot Weakness","floor":10},{"not_picked":["Pommel Strike","Havoc","Thunderclap"],"picked":"Fire Breathing","floor":13},{"not_picked":["Feed","Bludgeon","Berserk"],"picked":"Offering","floor":16},{"not_picked":["Perfected Strike","Cleave","Second Wind+1","Sentinel"],"picked":"SKIP","floor":18},{"not_picked":["Twin Strike","Shockwave","Iron Wave","Clash"],"picked":"SKIP","floor":19},{"not_picked":["Perfected Strike+1","Sever Soul+1","Second Wind"],"picked":"Burning Pact","floor":21},{"not_picked":["Barricade","Body Slam","Spot Weakness"],"picked":"Wild Strike","floor":22},{"not_picked":["True Grit+1","Sever Soul","Burning Pact+1","Metallicize"],"picked":"SKIP","floor":23},{"not_picked":["Cleave","Rage","Heavy Blade+1"],"picked":"Flame Barrier","floor":27},{"not_picked":["Havoc","Cleave","Sword Boomerang+1","Headbutt+1"],"picked":"SKIP","floor":28},{"not_picked":["Iron Wave","Demon Form","Cleave"],"picked":"Impervious","floor":30},{"not_picked":["Rage","Havoc","Carnage","Disarm+1"],"picked":"SKIP","floor":31},{"not_picked":["Bloodletting+1","Iron Wave"],"picked":"SKIP","floor":35},{"not_picked":["Sword Boomerang+1"],"picked":"Armaments+1","floor":36},{"not_picked":["Rampage+1","Shrug It Off"],"picked":"SKIP","floor":37},{"not_picked":["Twin Strike","Bludgeon"],"picked":"SKIP","floor":39},{"not_picked":["Entrench+1","Flex+1"],"picked":"SKIP","floor":42},{"not_picked":["Clothesline+1","Armaments+1"],"picked":"SKIP","floor":45},{"not_picked":["Heavy Blade+1","Flame Barrier+1"],"picked":"SKIP","floor":46},{"not_picked":["Feel No Pain","Second Wind+1"],"picked":"SKIP","floor":47},{"not_picked":["Dropkick","Twin Strike+1"],"picked":"SKIP","floor":48}],"player_experience":143615,"relics_obtained":[{"floor":7,"key":"Akabeko"},{"floor":9,"key":"Shuriken"},{"floor":22,"key":"Red Mask"},{"floor":23,"key":"Mercury Hourglass"},{"floor":26,"key":"Bag of Preparation"},{"floor":30,"key":"Blood Vial"},{"floor":47,"key":"War Paint"}],"event_choices":[{"damage_healed":0,"gold_gain":0,"player_choice":"Success","damage_taken":12,"relics_obtained":["Question Card"],"max_hp_gain":0,"max_hp_loss":0,"event_name":"Scrap Ooze","floor":3,"gold_loss":0},{"damage_healed":0,"gold_gain":99,"player_choice":"Stole From Cult","damage_taken":0,"max_hp_gain":0,"max_hp_loss":0,"event_name":"Nest","floor":20,"gold_loss":0},{"damage_healed":0,"gold_gain":0,"player_choice":"Fought Bandits","damage_taken":0,"max_hp_gain":0,"max_hp_loss":0,"event_name":"Masked Bandits","floor":22,"gold_loss":0},{"damage_healed":0,"gold_gain":222,"player_choice":"Wore Mask","damage_taken":0,"max_hp_gain":0,"max_hp_loss":0,"event_name":"Tomb of Lord Red Mask","floor":41,"gold_loss":0},{"damage_healed":0,"gold_gain":0,"cards_transformed":["Defend_R"],"player_choice":"Transformed","damage_taken":0,"max_hp_gain":0,"max_hp_loss":0,"event_name":"Transmorgrifier","floor":44,"gold_loss":0,"cards_obtained":["Warcry"]}],"is_beta":false,"boss_relics":[{"not_picked":["Pandora\u0027s Box","Black Star"],"picked":"Mark of Pain"},{"not_picked":["Black Blood","Philosopher\u0027s Stone"],"picked":"Busted Crown"}],"items_purged_floors":[12,14,25,38],"is_endless":false,"potions_floor_spawned":[1,7,16,18,21,22,27,28,36,45,47,48],"killed_by":"Awakened One","ascension_level":5}}