{"host":"3vmw6m3qsasieibr","time":1613530700,"event":{"mods":["AchievementEnabler","BaseMod","Colored Map","Colored Powertips","Highlight Path","Minty Spire (QoL Compilation)","SuperFastMode"],"gold_per_floor":[112,122,139,139,139,173,173,185,185,185,185],"floor_reached":10,"language":"ENG","playtime":344,"items_purged":[],"score":82,"play_id":"536ba1e2-a182-461d-b985-202b24c581b6","local_time":"20210217125820","is_ascension_mode":true,"campfire_choices":[{"floor":7,"key":"REST"}],"circlet_count":0,"master_deck":["Strike_G","Strike_G","Strike_G","Strike_G","Defend_G","Defend_G","Defend_G","Defend_G","Survivor","Neutralize","Cloak And Dagger","Blade Dance","Dagger Throw","Deadly Poison","Footwork"],"relics":["Ring of the Snake","NeowsBlessing","Pantograph"],"acts_visited":["Exordium"],"potions_floor_usage":[],"damage_taken":[{"damage":0,"enemies":"Jaw Worm","floor":1,"turns":1},{"damage":0,"enemies":"2 Louse","floor":2,"turns":1},{"damage":0,"enemies":"Cultist","floor":3,"turns":1},{"damage":44,"enemies":"Lagavulin","floor":6,"turns":7},{"damage":2,"enemies":"Blue Slaver","floor":8,"turns":3},{"damage":39,"enemies":"Gremlin Nob","floor":10,"turns":5}],"seed_played":"5355183118028022205","potions_obtained":[],"is_trial":false,"path_per_floor":["M","M","M","?","?","E","R","M","T","E"],"character_chosen":"THE_SILENT","items_purchased":[],"campfire_rested":1,"item_purchase_floors":[],"current_hp_per_floor":[70,70,70,63,63,19,40,38,38,0,0],"gold":185,"neow_bonus":"THREE_ENEMY_KILL","is_daily":false,"chose_seed":false,"campfire_upgraded":0,"win_rate":0.0,"timestamp":1613530700,"path_taken":["M","M","M","?","?","E","R","?","T","E"],"items_purchased_type":[],"build_version":"2020-12-22","purchased_purges":0,"victory":false,"max_hp_per_floor":[70,70,70,70,70,70,70,70,70,70,70],"card_choices":[{"not_picked":["Dagger Spray","Acrobatics"],"picked":"Cloak And Dagger","floor":1},{"not_picked":["Deadly Poison","Prepared"],"picked":"Blade Dance","floor":2},{"not_picked":["Backstab","Dagger Spray"],"picked":"Dagger Throw","floor":3},{"not_picked":["Backflip","Outmaneuver"],"picked":"Deadly Poison","floor":6},{"not_picked":["Dagger Spray","Flying Knee"],"picked":"Footwork","floor":8}],"player_experience":446468,"relics_obtained":[{"floor":6,"key":"Pantograph"}],"event_choices":[{"cards_removed":["Defend_G"],"damage_healed":0,"gold_gain":0,"player_choice":"Card Removal","damage_taken":7,"max_hp_gain":0,"max_hp_loss":0,"event_name":"Golden Wing","floor":4,"gold_loss":0},{"cards_removed":["Strike_G"],"damage_healed":0,"gold_gain":0,"player_choice":"Purged","damage_taken":0,"max_hp_gain":0,"max_hp_loss":0,"event_name":"Purifier","floor":5,"gold_loss":0}],"is_beta":false,"boss_relics":[],"items_purged_floors":[],"is_endless":false,"potions_floor_spawned":[],"killed_by":"Gremlin Nob","ascension_level":4}}