{"host":"y6zg4wwu39otf01a","time":1613593335,"event":{"mods":["Act Like it!","Aspiration","BaseMod","Better Altar","Better Match","Better Note","Better Sensory Stone","Better Skull","Better Third Choice","Challenge The Spire","Colored Map","Colored Powertips","Conspire","GifTheSpireLib","Glutton Mod","Halation","Hermit","Highlight Path","Hubris","Infinite Spire","Mimic Mod","Minty Spire (QoL Compilation)","Quick Restart","Random Character Button","Rare Cards Sparkle","Reliquary","Replay The Spire","Retaliation","Ruina","Spicy Shops","StSLib","Stuff the Spire","The Blue Laboratory","The Construct","The Jungle"],"gold_per_floor":[116,1,18,48,0,0,16,16,40,40,40,40,40,56,56,177,177,202,202,202,215,287,287,303,303,380,73,89,89,89,104,104,104,104],"floor_reached":33,"language":"ENG","playtime":1361,"items_purged":[],"score":280,"play_id":"6a2688d7-ad16-40c2-8b08-9a6742e7c630","local_time":"20210217142215","is_ascension_mode":true,"campfire_choices":[{"data":"hermit:Glare","floor":6,"key":"SMITH"},{"data":"hermit:Covet","floor":8,"key":"SMITH"},{"data":"hermit:WideOpen","floor":15,"key":"SMITH"},{"floor":23,"key":"REST"},{"data":"hermit:Quickdraw","floor":25,"key":"SMITH"},{"floor":32,"key":"REST"}],"circlet_count":0,"master_deck":["hermit:Strike_Hermit","hermit:Strike_Hermit","hermit:Strike_Hermit","hermit:Strike_Hermit","hermit:Defend_Hermit","hermit:Defend_Hermit","hermit:Defend_Hermit","hermit:Defend_Hermit","hermit:Snapshot","hermit:Covet+1","hermit:Glare+1","hermit:Headshot+1","hermit:ShadowCloak","ReplayTheSpireMod:Splinters","hermit:Quickdraw+1","hermit:Quickdraw","Injury","hermit:WideOpen+1","hermit:HeroicBravado","hermit:Gestalt+1","hermit:Snipe","hermit:Midnight"],"relics":["hermit:Momento","aspiration:Nostalgia","PureWater","halation:LostSnail","hermit:CharredGlove","ReplayFunnel","Golden Idol","Mercury Hourglass","Nilry\u0027s Codex","halation:EternalFortune","Shuriken","hermit:Horseshoe","Lee\u0027s Waffle","Happy Flower","aspiration:RitualStick"],"acts_visited":["Exordium","TheCity"],"potions_floor_usage":[18,21,33,33],"damage_taken":[{"damage":4,"enemies":"2 Louse","floor":1,"turns":3},{"damage":0,"enemies":"Small Slimes","floor":3,"turns":1},{"damage":1,"enemies":"Jaw Worm","floor":7,"turns":2},{"damage":0,"enemies":"Looter","floor":14,"turns":2},{"damage":7,"enemies":"Slime Boss","floor":16,"turns":8},{"damage":33,"enemies":"3 Byrds","floor":18,"turns":5},{"damage":2,"enemies":"Shell Parasite","floor":21,"turns":4},{"damage":22,"enemies":"3 Cultists","floor":24,"turns":5},{"damage":13,"enemies":"Snake Plant","floor":28,"turns":3},{"damage":8,"enemies":"Snecko","floor":31,"turns":4},{"damage":79,"enemies":"Collector","floor":33,"turns":7}],"seed_played":"-6836990286729267560","potions_obtained":[{"floor":1,"key":"EssenceOfSteel"},{"floor":7,"key":"SteroidPotion"},{"floor":18,"key":"blueLaboratory:BottleOfVodka"},{"floor":21,"key":"blueLaboratory:PhilterOfMotion"}],"is_trial":false,"path_per_floor":["M","$","M","?","$","R","M","R","T","?","?","$","T","M","R","B",null,"M","?","?","M","T","R","M","R","T","$","M","?","$","M","R","B"],"character_chosen":"HERMIT","items_purchased":["hermit:Headshot+1","halation:LostSnail","hermit:Quickdraw","Lee\u0027s Waffle","Happy Flower"],"campfire_rested":2,"item_purchase_floors":[2,2,5,27,27],"current_hp_per_floor":[71,71,71,71,71,71,70,70,70,70,70,70,70,70,70,63,75,42,26,29,27,27,50,28,28,28,85,72,55,55,47,72,0,0],"gold":104,"neow_bonus":"NOSTALGIA","is_daily":false,"chose_seed":false,"campfire_upgraded":4,"win_rate":0.0,"timestamp":1613593335,"path_taken":["M","$","M","?","$","R","M","R","T","?","?","$","?","M","R","BOSS","M","?","?","M","?","R","M","R","T","?","?","?","$","M","R","BOSS"],"items_purchased_type":["Card","Relic","Card","Relic","Relic"],"build_version":"2020-12-22","purchased_purges":0,"victory":false,"max_hp_per_floor":[75,75,75,75,75,75,75,75,75,75,75,75,75,75,75,75,75,75,75,78,78,78,78,78,78,78,85,85,85,85,85,85,85,85],"card_choices":[{"not_picked":["hermit:Coalescence","hermit:TrackingShot"],"picked":"hermit:Glare","floor":1},{"not_picked":["hermit:HoleUp","hermit:Coalescence"],"picked":"hermit:ShadowCloak","floor":3},{"not_picked":["hermit:Glare","hermit:Vantage"],"picked":"hermit:Quickdraw","floor":4},{"not_picked":["hermit:Ricochet","hermit:Feint","hermit:Glare"],"picked":"SKIP","floor":7},{"not_picked":["hermit:DeadMansHand","hermit:LuckOfTheDraw"],"picked":"hermit:WideOpen","floor":14},{"not_picked":["hermit:EternalForm","hermit:BlackWind"],"picked":"hermit:HeroicBravado","floor":16},{"not_picked":["hermit:HighCaliber","hermit:SprayPray"],"picked":"hermit:Gestalt+1","floor":18},{"not_picked":["hermit:Glare","hermit:ItchyTrigger"],"picked":"hermit:Snipe","floor":21},{"not_picked":["hermit:Misfire","hermit:Desperado","hermit:HeroicBravado"],"picked":"SKIP","floor":24},{"not_picked":["hermit:Feint","hermit:Dive"],"picked":"hermit:Midnight","floor":28},{"not_picked":["hermit:Headshot","hermit:NoHoldsBarred","hermit:HoleUp"],"picked":"SKIP","floor":31}],"player_experience":874021,"relics_obtained":[{"floor":4,"key":"hermit:CharredGlove"},{"floor":9,"key":"ReplayFunnel"},{"floor":13,"key":"Mercury Hourglass"},{"floor":19,"key":"Nilry\u0027s Codex"},{"floor":22,"key":"Shuriken"},{"floor":26,"key":"hermit:Horseshoe"}],"event_choices":[{"damage_healed":0,"gold_gain":0,"player_choice":"Leave","damage_taken":0,"max_hp_gain":0,"max_hp_loss":0,"event_name":"The Cleric","floor":10,"gold_loss":0},{"damage_healed":0,"gold_gain":0,"player_choice":"Take Wound","damage_taken":0,"relics_obtained":["Golden Idol"],"max_hp_gain":0,"max_hp_loss":0,"event_name":"Golden Idol","floor":11,"gold_loss":0,"cards_obtained":["Injury"]},{"damage_healed":0,"gold_gain":0,"player_choice":"Obtained Book","damage_taken":16,"max_hp_gain":0,"max_hp_loss":0,"event_name":"Cursed Tome","floor":19,"gold_loss":0}],"is_beta":false,"boss_relics":[{"not_picked":["StuffTheSpire:RunicConfusion","halation:PlatinumPhoenix","hubris:BlackHole"]}],"items_purged_floors":[],"is_endless":false,"potions_floor_spawned":[1,7,18,21],"killed_by":"Collector","ascension_level":4}}