{"host":"4cz9gr89nglr7k8k","time":1613590527,"event":{"mods":["BaseMod","Minty Spire (QoL Compilation)","Relic Stats","Slay-I"],"gold_per_floor":[116,29,29,44,44,44,44,75,75,105,105,124,399,415,415,489,489,502,529,11,25,36,69,81,106,168,180,82,121,152,214,226,309,321,348,378,390,402,414,414],"floor_reached":39,"language":"DEU","playtime":996,"items_purged":["Pain"],"score":929,"play_id":"f5c1c78c-35ed-4df1-9cce-c80173373450","local_time":"20210217203527","is_ascension_mode":true,"campfire_choices":[{"data":"Carnage","floor":6,"key":"SMITH"},{"floor":11,"key":"REST"},{"data":"1","floor":15,"key":"LIFT"},{"floor":24,"key":"REST"},{"floor":27,"key":"REST"},{"data":"2","floor":32,"key":"LIFT"}],"circlet_count":0,"master_deck":["AscendersBane","Strike_R","Strike_R","Strike_R","Strike_R+1","Strike_R","Defend_R","Defend_R","Defend_R","Defend_R","Bash","Flex","Carnage+1","Spot Weakness","Pommel Strike","Cleave","Power Through","Heavy Blade","Immolate","Second Wind+1","Sword Boomerang+1","Uppercut","Wild Strike","Whirlwind","Thunderclap","Pain","Fire Breathing","Double Tap","Limit Break+1","Heavy Blade","Sever Soul+1"],"relics":["Burning Blood","NeowsBlessing","WarpedTongs","PreservedInsect","Unceasing Top","HornCleat","Girya","Cursed Key","Red Mask","Eternal Feather","Happy Flower","MawBank","Centennial Puzzle","Orichalcum","SlaversCollar"],"acts_visited":["Exordium","TheCity","TheBeyond"],"potions_floor_usage":[16,33,33],"damage_taken":[{"damage":0,"enemies":"Small Slimes","floor":1,"turns":1},{"damage":0,"enemies":"Cultist","floor":4,"turns":1},{"damage":0,"enemies":"Gremlin Nob","floor":8,"turns":1},{"damage":29,"enemies":"Lagavulin","floor":10,"turns":4},{"damage":5,"enemies":"2 Louse","floor":12,"turns":2},{"damage":17,"enemies":"Exordium Thugs","floor":14,"turns":5},{"damage":53,"enemies":"Hexaghost","floor":16,"turns":9},{"damage":6,"enemies":"3 Byrds","floor":18,"turns":3},{"damage":19,"enemies":"Masked Bandits","floor":19,"turns":3},{"damage":2,"enemies":"Chosen","floor":21,"turns":4},{"damage":20,"enemies":"Centurion and Healer","floor":22,"turns":4},{"damage":26,"enemies":"Book of Stabbing","floor":23,"turns":4},{"damage":27,"enemies":"Snake Plant","floor":25,"turns":4},{"damage":9,"enemies":"Gremlin Leader","floor":29,"turns":2},{"damage":0,"enemies":"Cultist and Chosen","floor":30,"turns":3},{"damage":73,"enemies":"Collector","floor":33,"turns":9},{"damage":31,"enemies":"3 Darklings","floor":35,"turns":3},{"damage":2,"enemies":"Orb Walker","floor":36,"turns":2},{"damage":57,"enemies":"Writhing Mass","floor":39,"turns":3}],"seed_played":"6138635399966505366","potions_obtained":[{"floor":4,"key":"Block Potion"},{"floor":8,"key":"SkillPotion"},{"floor":14,"key":"PowerPotion"},{"floor":16,"key":"Dexterity Potion"}],"is_trial":false,"path_per_floor":["M","$","?","M","$","R","?","E","T","E","R","M","?","M","R","B",null,"M","?","$","M","M","E","R","M","T","R","?","E","M","?","R","B",null,"M","M","?","?","M"],"character_chosen":"IRONCLAD","items_purchased":["Carnage","Eternal Feather","Happy Flower"],"campfire_rested":3,"item_purchase_floors":[2,20,20],"current_hp_per_floor":[74,74,74,75,75,75,64,70,70,47,69,70,70,59,59,12,59,59,46,46,50,36,16,53,32,32,69,69,66,72,72,75,8,58,33,37,37,37,0,0],"gold":414,"neow_bonus":"THREE_ENEMY_KILL","is_daily":false,"chose_seed":false,"campfire_upgraded":1,"win_rate":0.0,"timestamp":1613590527,"path_taken":["M","$","?","M","?","R","?","E","T","E","R","M","?","?","R","BOSS","M","?","$","M","M","E","R","M","T","R","?","E","?","?","R","BOSS","M","M","?","?","?"],"items_purchased_type":["Card","Relic","Relic"],"build_version":"2020-12-22","purchased_purges":1,"victory":false,"max_hp_per_floor":[75,75,75,75,75,75,75,75,75,75,75,75,75,75,75,75,75,75,75,75,75,75,75,75,75,75,75,75,75,75,75,75,75,75,75,75,75,75,75,75],"relic_stats":{"Centennial Puzzle":[15],"Happy Flower":[12],"counters":[19,67],"Eternal Feather":33,"PreservedInsect":120,"Orichalcum":[60],"Cursed Key":1,"MawBank":192,"obtain_stats":[{"Girya":10,"NeowsBlessing":0,"Happy Flower":20,"Eternal Feather":20,"PreservedInsect":7,"Orichalcum":29,"Cursed Key":17,"MawBank":23,"Burning Blood":0,"WarpedTongs":3,"SlaversCollar":34,"Centennial Puzzle":26,"HornCleat":9,"Red Mask":19,"Unceasing Top":8},{"Girya":4,"NeowsBlessing":0,"Happy Flower":9,"Eternal Feather":9,"PreservedInsect":2,"Orichalcum":14,"Cursed Key":7,"MawBank":12,"Burning Blood":0,"WarpedTongs":1,"SlaversCollar":16,"Centennial Puzzle":13,"HornCleat":3,"Red Mask":9,"Unceasing Top":3},{"Girya":7,"NeowsBlessing":0,"Happy Flower":29,"Eternal Feather":29,"PreservedInsect":2,"Orichalcum":47,"Cursed Key":23,"MawBank":41,"Burning Blood":0,"WarpedTongs":1,"SlaversCollar":59,"Centennial Puzzle":45,"HornCleat":3,"Red Mask":29,"Unceasing Top":3}],"Burning Blood":103,"Unceasing Top":[2],"WarpedTongs":[66]},"card_choices":[{"not_picked":["Perfected Strike","Armaments"],"picked":"Flex","floor":1},{"not_picked":["Uppercut","Clothesline"],"picked":"Spot Weakness","floor":4},{"not_picked":["Combust","True Grit"],"picked":"Pommel Strike","floor":8},{"not_picked":["Barricade","Rupture"],"picked":"Cleave","floor":10},{"not_picked":["True Grit","Uppercut"],"picked":"Power Through","floor":12},{"not_picked":["Headbutt","Pommel Strike"],"picked":"Heavy Blade","floor":14},{"not_picked":["Impervious","Exhume"],"picked":"Immolate","floor":16},{"not_picked":["Armaments","Feel No Pain"],"picked":"Second Wind+1","floor":18},{"not_picked":["Reckless Charge","Pummel"],"picked":"Sword Boomerang+1","floor":19},{"not_picked":["Battle Trance","Power Through"],"picked":"Uppercut","floor":21},{"not_picked":["Sword Boomerang","Dropkick"],"picked":"Wild Strike","floor":22},{"not_picked":["Headbutt","Warcry+1"],"picked":"Whirlwind","floor":23},{"not_picked":["Warcry","Clash"],"picked":"Thunderclap","floor":25},{"not_picked":["Perfected Strike","Clothesline"],"picked":"Fire Breathing","floor":29},{"not_picked":["Rupture+1","Shockwave"],"picked":"Double Tap","floor":30},{"not_picked":["Corruption","Fiend Fire"],"picked":"Limit Break","floor":33},{"not_picked":["Second Wind","Sword Boomerang"],"picked":"Heavy Blade","floor":35},{"not_picked":["Clothesline","Clash"],"picked":"Sever Soul+1","floor":36}],"player_experience":1556775,"relics_obtained":[{"floor":8,"key":"Unceasing Top"},{"floor":9,"key":"HornCleat"},{"floor":10,"key":"Girya"},{"floor":19,"key":"Red Mask"},{"floor":23,"key":"MawBank"},{"floor":26,"key":"Centennial Puzzle"},{"floor":29,"key":"Orichalcum"}],"event_choices":[{"damage_healed":0,"gold_gain":0,"player_choice":"Rummage","damage_taken":0,"relics_obtained":["WarpedTongs"],"max_hp_gain":0,"max_hp_loss":0,"event_name":"Accursed Blacksmith","floor":3,"gold_loss":0,"cards_obtained":["Pain"]},{"damage_healed":0,"gold_gain":0,"player_choice":"Success","damage_taken":11,"relics_obtained":["PreservedInsect"],"max_hp_gain":0,"max_hp_loss":0,"event_name":"Scrap Ooze","floor":7,"gold_loss":0},{"damage_healed":0,"gold_gain":275,"player_choice":"Desecrate","damage_taken":0,"max_hp_gain":0,"max_hp_loss":0,"event_name":"Golden Shrine","floor":13,"gold_loss":0,"cards_obtained":["Regret"]},{"damage_healed":0,"gold_gain":0,"player_choice":"Fought Bandits","damage_taken":0,"max_hp_gain":0,"max_hp_loss":0,"event_name":"Masked Bandits","floor":19,"gold_loss":0},{"cards_removed":["Regret"],"damage_healed":0,"gold_gain":0,"player_choice":"Upgrade and Remove","damage_taken":0,"max_hp_gain":0,"max_hp_loss":0,"event_name":"Designer","floor":28,"gold_loss":110,"cards_upgraded":["Strike_R"]},{"damage_healed":0,"gold_gain":50,"player_choice":"Stole From Cult","damage_taken":0,"max_hp_gain":0,"max_hp_loss":0,"event_name":"Nest","floor":31,"gold_loss":0},{"damage_healed":0,"gold_gain":0,"player_choice":"Ignored","damage_taken":0,"max_hp_gain":0,"max_hp_loss":0,"event_name":"Mysterious Sphere","floor":37,"gold_loss":0},{"damage_healed":0,"gold_gain":0,"player_choice":"Upgraded","damage_taken":0,"max_hp_gain":0,"max_hp_loss":0,"event_name":"Upgrade Shrine","floor":38,"gold_loss":0,"cards_upgraded":["Limit Break"]}],"is_beta":false,"boss_relics":[{"not_picked":["Black Blood","Astrolabe"],"picked":"Cursed Key"},{"not_picked":["Empty Cage","Black Star"],"picked":"SlaversCollar"}],"items_purged_floors":[20],"is_endless":false,"potions_floor_spawned":[4,8,14,16,19,22,25,29,30],"killed_by":"Writhing Mass","ascension_level":20}}