{"host":"goj2s4fnav97bn09","time":1613587779,"event":{"mods":["AchievementEnabler","BaseMod","Colored Map","GifTheSpireLib","Minty Spire (QoL Compilation)","StSLib"],"gold_per_floor":[112,187,207,218,143,177,177,177,177,177,193,193,223,239,239,336,336,353,353,156,168,168,168],"floor_reached":22,"language":"ENG","playtime":779,"items_purged":["Strike_B","Strike_B"],"score":243,"play_id":"7c04d018-33d8-434b-bc06-0a9a77600755","local_time":"20210217124939","is_ascension_mode":true,"campfire_choices":[{"data":"Zap","floor":7,"key":"SMITH"},{"data":"Sunder","floor":10,"key":"SMITH"},{"floor":12,"key":"REST"},{"floor":15,"key":"REST"}],"circlet_count":0,"master_deck":["Defend_B","Defend_B","Defend_B","Defend_B+1","Zap+1","Dualcast+1","Coolheaded","White Noise","Conserve Battery","Sunder+1","BootSequence","Creative AI","Amplify","Redo","Blind","Cold Snap+1"],"relics":["Cracked Core","PreservedInsect","War Paint","Bottled Flame","Darkstone Periapt","Inserter"],"acts_visited":["Exordium","TheCity"],"potions_floor_usage":[13,16,16],"damage_taken":[{"damage":10,"enemies":"2 Louse","floor":1,"turns":3},{"damage":3,"enemies":"Small Slimes","floor":3,"turns":4},{"damage":0,"enemies":"Cultist","floor":4,"turns":3},{"damage":23,"enemies":"3 Sentries","floor":6,"turns":7},{"damage":11,"enemies":"Lots of Slimes","floor":11,"turns":3},{"damage":10,"enemies":"Lagavulin","floor":13,"turns":3},{"damage":12,"enemies":"3 Louse","floor":14,"turns":4},{"damage":27,"enemies":"The Guardian","floor":16,"turns":10},{"damage":16,"enemies":"Shell Parasite","floor":18,"turns":4},{"damage":20,"enemies":"Spheric Guardian","floor":21,"turns":5},{"damage":24,"enemies":"Cultist and Chosen","floor":22,"turns":4}],"seed_played":"-8903571511120508113","potions_obtained":[{"floor":3,"key":"Swift Potion"},{"floor":11,"key":"SteroidPotion"},{"floor":13,"key":"BlessingOfTheForge"},{"floor":16,"key":"BlessingOfTheForge"}],"is_trial":false,"path_per_floor":["M","?","M","M","$","E","R","?","T","R","M","R","E","M","R","B",null,"M","?","$","M","M"],"character_chosen":"DEFECT","items_purchased":["Blind"],"campfire_rested":2,"item_purchase_floors":[20],"current_hp_per_floor":[65,54,51,51,51,28,28,21,21,21,10,32,22,10,32,5,58,42,42,42,22,0,0],"gold":168,"neow_bonus":"RANDOM_COMMON_RELIC","is_daily":false,"chose_seed":false,"campfire_upgraded":2,"win_rate":0.0,"timestamp":1613587779,"path_taken":["M","?","M","M","$","E","R","?","T","R","M","R","E","M","R","BOSS","M","?","$","?","M"],"items_purchased_type":["Card"],"build_version":"2020-12-22","purchased_purges":2,"victory":false,"max_hp_per_floor":[75,75,75,75,75,75,75,75,75,75,75,75,75,75,75,75,75,75,75,75,75,75,75],"card_choices":[{"not_picked":["Consume","Turbo"],"picked":"Coolheaded","floor":1},{"not_picked":["Gash","Leap"],"picked":"White Noise","floor":3},{"not_picked":["Tempest","Turbo"],"picked":"Conserve Battery","floor":4},{"not_picked":["Stack","Ball Lightning"],"picked":"Sunder","floor":6},{"not_picked":["Compile Driver","Barrage"],"picked":"BootSequence","floor":11},{"not_picked":["Skim","Genetic Algorithm"],"picked":"Creative AI","floor":13},{"not_picked":["Conserve Battery","Stack","Hologram"],"picked":"SKIP","floor":14},{"not_picked":["Multi-Cast","Biased Cognition"],"picked":"Amplify","floor":16},{"not_picked":["BootSequence","Reprogram+1"],"picked":"Redo","floor":18},{"not_picked":["Rebound","Gash"],"picked":"Cold Snap+1","floor":21}],"player_experience":326770,"relics_obtained":[{"floor":6,"key":"War Paint"},{"floor":9,"key":"Bottled Flame"},{"floor":13,"key":"Darkstone Periapt"}],"event_choices":[{"damage_healed":0,"gold_gain":75,"player_choice":"Gather Gold","damage_taken":11,"max_hp_gain":0,"max_hp_loss":0,"event_name":"World of Goop","floor":2,"gold_loss":0},{"cards_removed":["Strike_B"],"damage_healed":0,"gold_gain":0,"player_choice":"Card Removal","damage_taken":7,"max_hp_gain":0,"max_hp_loss":0,"event_name":"Golden Wing","floor":8,"gold_loss":0},{"cards_removed":["Strike_B"],"damage_healed":0,"gold_gain":0,"player_choice":"Purged","damage_taken":0,"max_hp_gain":0,"max_hp_loss":0,"event_name":"Purifier","floor":19,"gold_loss":0}],"is_beta":false,"boss_relics":[{"not_picked":["Ectoplasm","Sozu"],"picked":"Inserter"}],"items_purged_floors":[5,20],"is_endless":false,"potions_floor_spawned":[3,11,13,16],"killed_by":"Cultist and Chosen","ascension_level":5}}