{"host":"ppqll9nf92xyjrj9","time":1613545917,"event":{"mods":["BaseMod","Bestiary","Better Third Choice","Bossed Relics","Curses Come First","Evolution","Hermit","Jorbs\u0027s Wanderer Trilogy","Keyboard Shortcuts","Marked Mod","Minty Spire (QoL Compilation)","Relic Stats","Shapeshifter Mod","StS++","StSLib","The Marked","The Runesmith"],"gold_per_floor":[116,116,131,151,165,165,165,115,115,142,142,142,165,200,200,324,324,347,272,287,287,310,348,348,348,398,60,85,125,149,163,163,293,593,611,635,659,672,74,137,137,137,137,470,470,487,258,268,268,268,268],"floor_reached":50,"language":"ENG","playtime":2687,"items_purged":["StSpp:CopyPaste"],"score":519,"play_id":"963369b3-89b1-4674-8cda-e1fb365f4d5f","local_time":"20210216231157","is_ascension_mode":false,"campfire_choices":[{"data":"Chaos","floor":6,"key":"SMITH"},{"floor":12,"key":"REST"},{"data":"Multi-Cast","floor":15,"key":"SMITH"},{"data":"Coolheaded","floor":24,"key":"SMITH"},{"floor":32,"key":"REST"},{"floor":42,"key":"REST"},{"floor":49,"key":"REST"}],"circlet_count":0,"master_deck":["Compile Driver","Compile Driver+1","Defend_B","Defend_B","Zap","Dualcast","Multi-Cast+1","Chaos+1","Iron Wave","White Noise","Coolheaded+1","Conserve Battery","StSpp:Saturation","Echo Form","Compile Driver","Redo+1","Hologram+1","Doom and Gloom","Machine Learning","CurseOfTheBell","Redo","Reinforced Body","Coolheaded+1","Glacier+1","StSpp:Saturation","Thunder Strike","Madness","Madness+1","Tempest+1","Defragment"],"relics":["Cracked Core","EVO:Axolotl","StSpp:TwinEgg","Matryoshka","Bottled Flame","StSpp:PileOfSugar","Centennial Puzzle","Potion Belt","Nunchaku","Shuriken","Pantograph","Calling Bell","Toy Ornithopter","HornCleat","Old Coin","Letter Opener","FossilizedHelix","War Paint","StSpp:SailingBoat"],"acts_visited":["Exordium","TheCity","TheBeyond"],"potions_floor_usage":[10,14,23,28,29,29,29,29,33,33],"damage_taken":[{"damage":0,"enemies":"Small Slimes","floor":1,"turns":2},{"damage":1,"enemies":"Cultist","floor":3,"turns":3},{"damage":6,"enemies":"Jaw Worm","floor":4,"turns":2},{"damage":6,"enemies":"3 Louse","floor":5,"turns":3},{"damage":9,"enemies":"3 Sentries","floor":10,"turns":5},{"damage":0,"enemies":"Large Slime","floor":13,"turns":4},{"damage":7,"enemies":"Lagavulin","floor":14,"turns":5},{"damage":15,"enemies":"Hexaghost","floor":16,"turns":8},{"damage":1,"enemies":"3 Byrds","floor":18,"turns":3},{"damage":0,"enemies":"Shell Parasite","floor":20,"turns":3},{"damage":0,"enemies":"Snecko","floor":22,"turns":4},{"damage":14,"enemies":"Book of Stabbing","floor":23,"turns":4},{"damage":6,"enemies":"Snake Plant","floor":28,"turns":3},{"damage":20,"enemies":"Slavers","floor":29,"turns":3},{"damage":722,"enemies":"Centurion and Healer","floor":30,"turns":6},{"damage":4,"enemies":"3 Cultists","floor":31,"turns":4},{"damage":64,"enemies":"Champ","floor":33,"turns":8},{"damage":11,"enemies":"3 Shapes","floor":35,"turns":3},{"damage":11,"enemies":"3 Darklings","floor":36,"turns":4},{"damage":16,"enemies":"Maw","floor":37,"turns":8},{"damage":21,"enemies":"Transient","floor":38,"turns":5},{"damage":0,"enemies":"Mind Bloom Boss Battle","floor":40,"turns":6},{"damage":1,"enemies":"3 Darklings","floor":46,"turns":4},{"damage":40,"enemies":"Writhing Mass","floor":48,"turns":5},{"damage":60,"enemies":"Time Eater","floor":50,"turns":3}],"seed_played":"-6873200890505451984","potions_obtained":[{"floor":3,"key":"DistilledChaos"},{"floor":4,"key":"Regen Potion"},{"floor":13,"key":"GamblersBrew"},{"floor":16,"key":"FairyPotion"},{"floor":22,"key":"StSpp:ScatteredPotion"},{"floor":23,"key":"StSpp:ScatteredWeakPotion"},{"floor":31,"key":"BlessingOfTheForge"},{"floor":33,"key":"Strength Potion"},{"floor":37,"key":"SpeedPotion"},{"floor":40,"key":"Ancient Potion"},{"floor":48,"key":"Swift Potion"}],"is_trial":false,"path_per_floor":["M","?","M","M","M","R","?","?","T","E","?","R","M","E","R","B",null,"M","?","M","?","M","E","R","?","T","$","M","E","M","M","R","B",null,"M","M","M","M","$","?","?","R","T","?","?","M","$","M","R","B"],"character_chosen":"DEFECT","items_purchased":["Shuriken","StSpp:CopyPaste","StSpp:Saturation","Letter Opener","Thunder Strike","Fire Potion","GamblersBrew","Defragment","DuplicationPotion"],"campfire_rested":4,"item_purchase_floors":[27,27,39,39,39,39,39,47,47],"current_hp_per_floor":[75,75,74,68,62,62,47,47,47,50,32,54,54,47,47,32,75,74,74,74,74,74,60,60,60,60,60,54,34,22,18,40,1,75,64,53,37,16,16,41,32,54,54,54,54,53,53,13,35,0,0],"gold":268,"neow_bonus":"ONE_RANDOM_RARE_CARD","is_daily":false,"chose_seed":false,"campfire_upgraded":3,"win_rate":0.0,"timestamp":1613545917,"path_taken":["M","?","M","M","?","R","?","?","T","E","?","R","M","E","R","BOSS","M","?","M","?","M","E","R","?","T","$","M","E","M","M","R","BOSS","M","M","M","M","$","?","?","R","T","?","?","M","$","M","R","BOSS"],"items_purchased_type":["Relic","Card","Card","Relic","Card","Potion","Potion","Card","Potion"],"build_version":"2020-12-22","purchased_purges":1,"victory":false,"max_hp_per_floor":[75,75,75,75,75,75,75,75,75,75,75,75,75,75,75,75,75,75,75,75,75,75,75,75,75,75,75,75,75,75,75,75,75,75,75,75,75,75,75,75,75,75,75,75,75,75,75,75,75,75,75],"relic_stats":{"Centennial Puzzle":[33],"Nunchaku":[7],"counters":[25,108],"Shuriken":[11],"Pantograph":75,"Letter Opener":[116],"War Paint":["Madness","Coolheaded"],"obtain_stats":[{"Potion Belt":26,"Golden Idol":11,"EVO:Axolotl":0,"Letter Opener":39,"StSpp:SailingBoat":43,"War Paint":43,"Old Coin":34,"Calling Bell":34,"Bottled Flame":14,"Centennial Puzzle":23,"Nunchaku":26,"Matryoshka":10,"HornCleat":34,"Shuriken":27,"Pantograph":29,"StSpp:TwinEgg":9,"StSpp:PileOfSugar":17,"Cracked Core":0,"Toy Ornithopter":34,"FossilizedHelix":40},{"Potion Belt":12,"Golden Idol":5,"EVO:Axolotl":0,"Letter Opener":21,"StSpp:SailingBoat":22,"War Paint":22,"Old Coin":17,"Calling Bell":17,"Bottled Flame":7,"Centennial Puzzle":12,"Nunchaku":12,"Matryoshka":5,"HornCleat":17,"Shuriken":12,"Pantograph":14,"StSpp:TwinEgg":4,"StSpp:PileOfSugar":8,"Cracked Core":0,"Toy Ornithopter":17,"FossilizedHelix":22},{"Potion Belt":46,"Golden Idol":15,"EVO:Axolotl":0,"Letter Opener":90,"StSpp:SailingBoat":96,"War Paint":96,"Old Coin":70,"Calling Bell":70,"Bottled Flame":24,"Centennial Puzzle":46,"Nunchaku":46,"Matryoshka":15,"HornCleat":70,"Shuriken":46,"Pantograph":52,"StSpp:TwinEgg":10,"StSpp:PileOfSugar":32,"Cracked Core":0,"Toy Ornithopter":70,"FossilizedHelix":96}],"Toy Ornithopter":0},"card_choices":[{"not_picked":["Sweeping Beam","Streamline"],"picked":"Chaos","floor":1},{"not_picked":["Ball Lightning","Static Discharge","Go for the Eyes"],"picked":"SKIP","floor":3},{"not_picked":["White Noise","Ball Lightning"],"picked":"Redo","floor":4},{"not_picked":["Sweeping Beam","Barrage"],"picked":"White Noise","floor":5},{"not_picked":["Ball Lightning","StSpp:Mask"],"picked":"Coolheaded","floor":10},{"not_picked":["Ball Lightning","Coolheaded","Gash"],"picked":"SKIP","floor":13},{"not_picked":["Ball Lightning","Coolheaded","Gash"],"picked":"SKIP","floor":13},{"not_picked":["Lockon","Chaos"],"picked":"Conserve Battery","floor":14},{"not_picked":["Echo Form","All For One"],"picked":"StSpp:Saturation","floor":16},{"not_picked":["Streamline","Conserve Battery+1","Doom and Gloom"],"picked":"SKIP","floor":18},{"not_picked":["Streamline","Cold Snap","Beam Cell"],"picked":"SKIP","floor":20},{"not_picked":["Cold Snap","Storm","Conserve Battery"],"picked":"SKIP","floor":22},{"not_picked":["StSpp:Mask","Go for the Eyes"],"picked":"Echo Form","floor":23},{"not_picked":["Rebound","Steam"],"picked":"Compile Driver","floor":28},{"not_picked":["Barrage","Beam Cell"],"picked":"Redo+1","floor":29},{"not_picked":["Fusion+1","Steam"],"picked":"Hologram+1","floor":30},{"not_picked":["Auto Shields","Stack+1"],"picked":"Doom and Gloom","floor":31},{"not_picked":["Seek","StSpp:Converter"],"picked":"Machine Learning","floor":33},{"not_picked":["Gash","Glacier"],"picked":"Redo","floor":35},{"not_picked":["Sweeping Beam","Glacier+1"],"picked":"Reinforced Body","floor":36},{"not_picked":["Steam Power","Redo"],"picked":"Coolheaded","floor":37},{"not_picked":["Rip and Tear+1","Leap"],"picked":"Glacier+1","floor":38},{"not_picked":["Coolheaded","Barrage"],"picked":"Tempest+1","floor":46},{"not_picked":["Lockon+1","Amplify","Redo"],"picked":"SKIP","floor":48}],"player_experience":77333,"relics_obtained":[{"floor":9,"key":"StSpp:TwinEgg"},{"floor":10,"key":"Matryoshka"},{"floor":14,"key":"Bottled Flame"},{"floor":23,"key":"Centennial Puzzle"},{"floor":26,"key":"Potion Belt"},{"floor":26,"key":"Nunchaku"},{"floor":29,"key":"Pantograph"},{"floor":34,"key":"Toy Ornithopter"},{"floor":34,"key":"HornCleat"},{"floor":34,"key":"Old Coin"},{"floor":40,"key":"FossilizedHelix"},{"floor":43,"key":"War Paint"},{"floor":43,"key":"StSpp:SailingBoat"}],"event_choices":[{"cards_removed":["Compile Driver"],"damage_healed":0,"gold_gain":0,"player_choice":"Took Card","damage_taken":0,"max_hp_gain":0,"max_hp_loss":0,"event_name":"NoteForYourself","floor":2,"gold_loss":0,"cards_obtained":["Iron Wave"]},{"damage_healed":62,"gold_gain":0,"player_choice":"Upgrade","damage_taken":15,"max_hp_gain":0,"max_hp_loss":75,"event_name":"betterThird:BetterShining","floor":7,"gold_loss":0,"cards_upgraded":["Compile Driver","Strike_B"]},{"cards_removed":["Defend_B"],"damage_healed":0,"gold_gain":0,"player_choice":"Card Removal","damage_taken":0,"max_hp_gain":0,"max_hp_loss":0,"event_name":"The Cleric","floor":8,"gold_loss":50},{"damage_healed":0,"gold_gain":0,"player_choice":"Take Damage","damage_taken":18,"relics_obtained":["Golden Idol"],"max_hp_gain":0,"max_hp_loss":0,"event_name":"Golden Idol","floor":11,"gold_loss":0},{"cards_removed":["Defend_B"],"damage_healed":0,"gold_gain":0,"player_choice":"Gave Gold","damage_taken":0,"max_hp_gain":0,"max_hp_loss":0,"event_name":"Beggar","floor":19,"gold_loss":75},{"cards_removed":["Strike_B"],"damage_healed":0,"gold_gain":0,"player_choice":"Purged","damage_taken":0,"max_hp_gain":0,"max_hp_loss":0,"event_name":"Purifier","floor":25,"gold_loss":0},{"damage_healed":0,"gold_gain":0,"player_choice":"Fight","damage_taken":0,"max_hp_gain":0,"max_hp_loss":0,"event_name":"MindBloom","floor":40,"gold_loss":0},{"damage_healed":0,"gold_gain":0,"player_choice":"Embrace Madness","damage_taken":9,"max_hp_gain":0,"max_hp_loss":0,"event_name":"Winding Halls","floor":41,"gold_loss":0,"cards_obtained":["Madness","Madness"]},{"damage_healed":0,"gold_gain":333,"player_choice":"Gave Idol","damage_taken":0,"max_hp_gain":0,"max_hp_loss":0,"event_name":"The Moai Head","floor":44,"relics_lost":["Golden Idol"],"gold_loss":0},{"cards_removed":["Redo"],"damage_healed":0,"gold_gain":0,"player_choice":"Removed Skill","damage_taken":0,"max_hp_gain":0,"max_hp_loss":0,"event_name":"Falling","floor":45,"gold_loss":0}],"is_beta":false,"boss_relics":[{"not_picked":["SlaversCollar","Sozu"],"picked":"StSpp:PileOfSugar"},{"not_picked":["Velvet Choker","Cursed Key"],"picked":"Calling Bell"}],"items_purged_floors":[47],"is_endless":false,"potions_floor_spawned":[3,4,13,16,22,23,31,33,37,40,48],"killed_by":"Time Eater","ascension_level":0}}