{"host":"suw5tyb7z6zbnnfs","time":1613602070,"event":{"mods":["AchievementEnabler","BaseMod","Colored Map","Minty Spire (QoL Compilation)"],"gold_per_floor":[110,123,398,410,58,58,88,101,128,162,162,176,176,176,176,176,176],"floor_reached":16,"language":"ENG","playtime":1138,"items_purged":["Regret"],"score":165,"play_id":"55b729b4-d257-431b-b693-1fe65aab26d0","local_time":"20210217174750","is_ascension_mode":true,"campfire_choices":[{"data":"Neutralize","floor":6,"key":"SMITH"},{"data":"Sucker Punch","floor":11,"key":"SMITH"},{"data":"Blade Dance","floor":13,"key":"SMITH"},{"data":"Dagger Spray","floor":15,"key":"SMITH"}],"circlet_count":0,"master_deck":["AscendersBane","Strike_G","Strike_G","Strike_G","Strike_G","Strike_G","Defend_G","Defend_G","Defend_G","Defend_G","Defend_G","Survivor","Neutralize+1","Dagger Spray+1","Sucker Punch+1","After Image","Infinite Blades","Blade Dance+1","PiercingWail"],"relics":["Ring of the Snake","OrangePellets","Centennial Puzzle","Vajra","Dream Catcher","Golden Idol"],"acts_visited":["Exordium"],"potions_floor_usage":[7,10,16],"damage_taken":[{"damage":1,"enemies":"Small Slimes","floor":1,"turns":4},{"damage":2,"enemies":"Cultist","floor":2,"turns":4},{"damage":8,"enemies":"Jaw Worm","floor":4,"turns":6},{"damage":25,"enemies":"Lagavulin","floor":7,"turns":8},{"damage":6,"enemies":"Looter","floor":8,"turns":3},{"damage":14,"enemies":"3 Sentries","floor":10,"turns":6},{"damage":1,"enemies":"Blue Slaver","floor":12,"turns":4},{"damage":32,"enemies":"Slime Boss","floor":16,"turns":9}],"seed_played":"-5546221083092525131","potions_obtained":[{"floor":4,"key":"BlessingOfTheForge"},{"floor":7,"key":"Regen Potion"},{"floor":10,"key":"EssenceOfSteel"}],"is_trial":false,"path_per_floor":["M","M","?","M","$","R","E","M","T","E","R","M","R","?","R","B"],"character_chosen":"THE_SILENT","items_purchased":["Infinite Blades","Blade Dance","OrangePellets"],"campfire_rested":0,"item_purchase_floors":[5,5,5],"current_hp_per_floor":[69,67,67,59,59,59,34,28,28,29,29,28,28,28,28,0,0],"gold":176,"neow_bonus":"TEN_PERCENT_HP_BONUS","is_daily":false,"chose_seed":false,"campfire_upgraded":4,"win_rate":0.0,"timestamp":1613602070,"path_taken":["M","M","?","M","$","R","E","?","T","E","R","M","R","?","R","BOSS"],"items_purchased_type":["Card","Card","Relic"],"build_version":"2020-12-22","purchased_purges":1,"victory":false,"max_hp_per_floor":[77,77,77,77,77,77,77,77,77,77,77,77,77,71,71,71,71],"card_choices":[{"not_picked":["Quick Slash","Bane"],"picked":"Dagger Spray","floor":1},{"not_picked":["Dagger Spray","Prepared"],"picked":"Sucker Punch","floor":2},{"not_picked":["Poisoned Stab","Acrobatics"],"picked":"After Image","floor":4},{"not_picked":["Backflip","Catalyst","Prepared"],"picked":"SKIP","floor":7},{"not_picked":["Dagger Throw","Flying Knee","Eviscerate"],"picked":"SKIP","floor":8},{"not_picked":["Underhanded Strike","Distraction"],"picked":"PiercingWail","floor":10},{"not_picked":["Acrobatics","Flechettes","Riddle With Holes"],"picked":"SKIP","floor":12}],"player_experience":933762,"relics_obtained":[{"floor":7,"key":"Centennial Puzzle"},{"floor":9,"key":"Vajra"},{"floor":10,"key":"Dream Catcher"}],"event_choices":[{"damage_healed":0,"gold_gain":275,"player_choice":"Desecrate","damage_taken":0,"max_hp_gain":0,"max_hp_loss":0,"event_name":"Golden Shrine","floor":3,"gold_loss":0,"cards_obtained":["Regret"]},{"damage_healed":0,"gold_gain":0,"player_choice":"Lose Max HP","damage_taken":0,"relics_obtained":["Golden Idol"],"max_hp_gain":0,"max_hp_loss":6,"event_name":"Golden Idol","floor":14,"gold_loss":0}],"is_beta":false,"boss_relics":[],"items_purged_floors":[5],"is_endless":false,"potions_floor_spawned":[4,7,10],"killed_by":"Slime Boss","ascension_level":10}}