{"host":"aaqofma31c3gm2hj","time":1613551086,"event":{"mods":["BaseMod","GungeonMod","Minty Spire (QoL Compilation)","Replay The Spire","Spicy Shops","StSLib"],"gold_per_floor":[114,127,127,127,127,127,159,169,184,210,210,135,146,146,146,157,157,157,236,236,253,253,253,37,37,67,67,95,120,120,120,131,131,131],"floor_reached":33,"language":"ZHS","playtime":567,"items_purged":["Strike_B","Defend_B"],"score":612,"play_id":"685c4664-3cba-47c7-a340-84fe1fbecf9f","local_time":"20210217163806","is_ascension_mode":true,"campfire_choices":[{"data":"Capacitor","floor":6.0,"key":"SMITH"},{"data":"Defragment","floor":15.0,"key":"SMITH"},{"data":"Consume","floor":17.0,"key":"SMITH"},{"data":"Heatsinks","floor":27,"key":"SMITH"},{"floor":31,"key":"REST"}],"circlet_count":0,"master_deck":["AscendersBane","Defend_B","Defend_B","Defend_B","Zap+1","Dualcast+1","Capacitor+1","Ball Lightning","Coolheaded","Defragment+1","Consume+1","Heatsinks+1","Creative AI","Glacier","Skim"],"relics":["Cracked Core","NeowsBlessing","DemoMod:WeirdEgg","DemoMod:MonsterBlood","Tiny Chest","Runic Dome","Membership Card","Gremlin Horn","DemoMod:WhiteGuonStone","Smiling Mask","DemoMod:Bottle"],"acts_visited":["Exordium","TheCity"],"potions_floor_usage":[28,28],"damage_taken":[{"damage":0.0,"enemies":"2 Louse","floor":1.0,"turns":1.0},{"damage":0.0,"enemies":"Cultist","floor":2.0,"turns":1.0},{"damage":0.0,"enemies":"3 Sentries","floor":7.0,"turns":1.0},{"damage":7.0,"enemies":"Small Slimes","floor":8.0,"turns":4.0},{"damage":7.0,"enemies":"Red Slaver","floor":9.0,"turns":3.0},{"damage":3.0,"enemies":"Exordium Wildlife","floor":13.0,"turns":2.0},{"damage":0.0,"enemies":"Large Slime","floor":16.0,"turns":5.0},{"damage":5.0,"enemies":"Hexaghost","floor":19.0,"turns":6.0},{"damage":3.0,"enemies":"Spheric Guardian","floor":21.0,"turns":4.0},{"damage":13,"enemies":"Replay:Snechameleon","floor":26,"turns":6},{"damage":44,"enemies":"Slavers","floor":28,"turns":6},{"damage":14,"enemies":"Chosen","floor":32,"turns":5}],"seed_played":"-259026243761948310","potions_obtained":[{"floor":2.0,"key":"ColorlessPotion"},{"floor":8.0,"key":"DemoMod:LeadSkinPotion"},{"floor":19.0,"key":"FearPotion"},{"floor":28,"key":"AttackPotion"},{"floor":32,"key":"AttackPotion"}],"is_trial":false,"path_per_floor":["M","M","?","?","?","R","E","M","M","T","T","$","M","?","R","M","R","R","B",null,"M","?","T","$","?","E","R","E","T","T","R","M","?"],"character_chosen":"DEFECT","items_purchased":["Membership Card"],"campfire_rested":1,"item_purchase_floors":[24],"current_hp_per_floor":[64,64,43,48,48,48,48,41,34,41,41,41,38,38,38,38,38,38,33,71,68,68,68,68,68,55,55,11,11,11,35,21,0,0],"gold":131,"neow_bonus":"THREE_ENEMY_KILL","is_daily":false,"chose_seed":false,"campfire_upgraded":4,"win_rate":0.0,"timestamp":1613551086,"path_taken":["M","M","?","?","?","R","E","?","M","T","T","$","M","?","R","?","R","R","BOSS","M","?","?","$","?","E","R","E","T","T","R","?","?"],"items_purchased_type":["Relic"],"build_version":"2020-12-22","purchased_purges":2,"victory":false,"max_hp_per_floor":[71,71,71,76,76,76,76,76,76,83,83,83,83,83,83,83,83,83,83,83,83,83,83,83,83,83,83,83,83,83,83,83,88,88],"card_choices":[{"not_picked":["Streamline","Redo","Panic Button"],"picked":"SKIP","floor":1.0},{"not_picked":["Gash","Chill"],"picked":"Capacitor","floor":2.0},{"not_picked":["Stack","Rip and Tear"],"picked":"Ball Lightning","floor":7.0},{"not_picked":["Time Bomb","ReplayTheSpireMod:Reroute Power"],"picked":"Coolheaded","floor":8.0},{"not_picked":["ReplaySolidLightProjector","Tempest"],"picked":"Defragment","floor":9.0},{"not_picked":["Compile Driver","ReplayGash","Rebound"],"picked":"SKIP","floor":13.0},{"not_picked":["BootSequence","Coolheaded"],"picked":"Consume","floor":16.0},{"not_picked":["Meteor Strike","Core Surge"],"picked":"Creative AI","floor":19.0},{"not_picked":["Go for the Eyes+1","Conserve Battery","Stack"],"picked":"SKIP","floor":21.0},{"not_picked":["Rebound","Stack","Fusion"],"picked":"SKIP","floor":26},{"not_picked":["Ball Lightning","ReplayTheSpireMod:Omega Cannon","Streamline"],"picked":"SKIP","floor":28},{"not_picked":["ReplayTheSpireMod:Repulse+1","Chaos"],"picked":"Skim","floor":32}],"player_experience":680668,"relics_obtained":[{"floor":7.0,"key":"DemoMod:WeirdEgg"},{"floor":10.0,"key":"DemoMod:MonsterBlood"},{"floor":11.0,"key":"Tiny Chest"},{"floor":26,"key":"Gremlin Horn"},{"floor":28,"key":"DemoMod:WhiteGuonStone"},{"floor":29,"key":"Smiling Mask"},{"floor":30,"key":"DemoMod:Bottle"}],"event_choices":[{"damage_healed":0.0,"max_hp_gain":0.0,"max_hp_loss":0.0,"gold_gain":0.0,"event_name":"Shining Light","player_choice":"Entered Light","floor":3.0,"gold_loss":0.0,"damage_taken":21.0,"cards_upgraded":["Dualcast","Zap"]},{"damage_healed":0.0,"max_hp_gain":5.0,"max_hp_loss":0.0,"gold_gain":0.0,"event_name":"Big Fish","player_choice":"Donut","floor":4.0,"gold_loss":0.0,"damage_taken":0.0},{"cards_removed":["Strike_B"],"damage_healed":0.0,"max_hp_gain":0.0,"max_hp_loss":0.0,"gold_gain":0.0,"event_name":"Purifier","player_choice":"Purged","floor":5.0,"gold_loss":0.0,"damage_taken":0.0},{"cards_removed":["Strike_B"],"damage_healed":0.0,"max_hp_gain":0.0,"max_hp_loss":0.0,"gold_gain":0.0,"event_name":"Bonfire Elementals","player_choice":"Offered Basic","floor":14.0,"gold_loss":0.0,"damage_taken":0.0},{"damage_healed":0.0,"max_hp_gain":0.0,"max_hp_loss":0.0,"gold_gain":0.0,"event_name":"The Library","player_choice":"Read","floor":22.0,"gold_loss":0.0,"damage_taken":0.0,"cards_obtained":["Glacier"]},{"damage_healed":0.0,"max_hp_gain":0.0,"max_hp_loss":0.0,"gold_gain":0.0,"event_name":"Cursed Tome","player_choice":"Ignored","floor":25.0,"gold_loss":0.0,"damage_taken":0.0}],"is_beta":false,"boss_relics":[{"not_picked":["Abe\u0027s Treasure","Snecko Eye"],"picked":"Runic Dome"}],"items_purged_floors":[12,24],"is_endless":false,"potions_floor_spawned":[2,8,9,19,28,32],"ascension_level":20}}