{"host":"5wwct7e0z3l0f094","time":1613535595,"event":{"mods":["AchievementEnabler","BaseMod","Downfall","Highlight Path","Minty Spire (QoL Compilation)","StSLib","SuperFastMode"],"gold_per_floor":[114,114,114,389,409,435,454,529,599,599,612,624,624,318,318,318,318],"floor_reached":16,"language":"ENG","playtime":440,"items_purged":["Regret"],"score":194,"play_id":"3ebb3e2e-4d87-4e0e-b32b-74659641e4a5","local_time":"20210216231955","is_ascension_mode":true,"campfire_choices":[{"floor":10,"key":"REST"},{"floor":15,"key":"REST"}],"circlet_count":0,"master_deck":["AscendersBane","Strike_G","Strike_G","Strike_G","Strike_G","Defend_G","Defend_G","Defend_G","Defend_G","Defend_G","Survivor","Neutralize","Blade Dance","Infinite Blades","Cloak And Dagger","Adrenaline"],"relics":["Ring of the Snake","NeowsBlessing","Art of War","The Courier","Centennial Puzzle","Orichalcum"],"acts_visited":["Exordium"],"potions_floor_usage":[16,16],"damage_taken":[{"damage":0,"enemies":"2 Louse","floor":1,"turns":1},{"damage":0,"enemies":"Small Slimes","floor":5,"turns":1},{"damage":4,"enemies":"3 Sentries","floor":6,"turns":2},{"damage":1,"enemies":"Cultist","floor":7,"turns":4},{"damage":1,"enemies":"Blue Slaver","floor":11,"turns":6},{"damage":22,"enemies":"Large Slime","floor":12,"turns":9},{"damage":63,"enemies":"Hexaghost","floor":16,"turns":16}],"seed_played":"351594815071844576","potions_obtained":[{"floor":5,"key":"Weak Potion"},{"floor":6,"key":"Dexterity Potion"}],"is_trial":false,"path_per_floor":["M","?","?","?","M","E","M","?","T","R","M","M","?","$","R","B"],"character_chosen":"THE_SILENT","items_purchased":["Centennial Puzzle","Orichalcum"],"campfire_rested":2,"item_purchase_floors":[14,14],"current_hp_per_floor":[63,63,56,56,56,52,51,40,40,61,60,38,38,38,59,0,0],"gold":318,"neow_bonus":"THREE_ENEMY_KILL","is_daily":false,"chose_seed":false,"campfire_upgraded":0,"win_rate":0.0,"timestamp":1613535595,"path_taken":["M","?","?","?","?","E","M","?","T","R","M","M","?","$","R","BOSS"],"items_purchased_type":["Relic","Relic"],"build_version":"2020-12-22","purchased_purges":1,"victory":false,"max_hp_per_floor":[70,70,70,70,70,70,70,70,70,70,70,70,70,70,70,70,70],"card_choices":[{"not_picked":["Outmaneuver","Cloak And Dagger"],"picked":"Blade Dance","floor":1},{"not_picked":["Acrobatics","Deadly Poison","Poisoned Stab"],"picked":"SKIP","floor":5},{"not_picked":["Slice","Poisoned Stab"],"picked":"Infinite Blades","floor":6},{"not_picked":["Sucker Punch","Dodge and Roll","Bane"],"picked":"SKIP","floor":7},{"not_picked":["Dodge and Roll","Underhanded Strike"],"picked":"Cloak And Dagger","floor":11},{"not_picked":["Deflect","PiercingWail"],"picked":"Adrenaline","floor":12}],"player_experience":339056,"relics_obtained":[{"floor":6,"key":"Art of War"},{"floor":9,"key":"The Courier"}],"event_choices":[{"damage_healed":0,"gold_gain":0,"player_choice":"Leave","damage_taken":0,"max_hp_gain":0,"max_hp_loss":0,"event_name":"The Cleric","floor":2,"gold_loss":0},{"cards_removed":["Strike_G"],"damage_healed":0,"gold_gain":0,"player_choice":"Card Removal","damage_taken":7,"max_hp_gain":0,"max_hp_loss":0,"event_name":"Golden Wing","floor":3,"gold_loss":0},{"damage_healed":0,"gold_gain":275,"player_choice":"Desecrate","damage_taken":0,"max_hp_gain":0,"max_hp_loss":0,"event_name":"Golden Shrine","floor":4,"gold_loss":0,"cards_obtained":["Regret"]},{"damage_healed":0,"gold_gain":75,"player_choice":"Gather Gold","damage_taken":11,"max_hp_gain":0,"max_hp_loss":0,"event_name":"World of Goop","floor":8,"gold_loss":0},{"damage_healed":0,"gold_gain":0,"player_choice":"Bought 0 Potions","damage_taken":0,"max_hp_gain":0,"max_hp_loss":0,"event_name":"The Woman in Blue","floor":13,"gold_loss":0}],"is_beta":false,"boss_relics":[],"items_purged_floors":[14],"is_endless":false,"potions_floor_spawned":[5,6],"killed_by":"Hexaghost","ascension_level":11}}