{"host":"5jdby9iqu3ct6557","time":1613520443,"event":{"mods":["BaseMod","DeckTracker","Highlight Path","Minty Spire (QoL Compilation)","Relic Stats","StSLib","ojb\u0027s Info Mod"],"gold_per_floor":[363,373,390,199,199,226,238,238,289,318,357,386,405,450,450,524,524,539,583,508,553,3,61,111,136,136,166,166],"floor_reached":27,"language":"ENG","playtime":13031,"items_purged":["Strike_P"],"score":654,"play_id":"d8827182-046c-4728-bdb3-399f507a4eee","local_time":"20210216190723","is_ascension_mode":true,"campfire_choices":[{"floor":8.0,"key":"REST"},{"data":"Collect","floor":15,"key":"SMITH"}],"circlet_count":0,"master_deck":["AscendersBane","Defend_P+1","Defend_P","Defend_P","Defend_P","Eruption","Vigilance","CarveReality+1","ThirdEye","FollowUp","Scrawl","FearNoEvil+1","Wish+1","EmptyFist","Wallop","MentalFortress","Collect+1","LessonLearned","Wallop","Alpha+1","Perseverance","Vault"],"relics":["PureWater","The Courier","Whetstone","Regal Pillow","Yang","Snecko Eye","Chemical X","Toy Ornithopter","TeardropLocket","Ancient Tea Set","Thread and Needle","Question Card"],"acts_visited":["Exordium","TheCity"],"potions_floor_usage":[19,25,27],"damage_taken":[{"damage":2.0,"enemies":"Cultist","floor":1.0,"turns":3.0},{"damage":0.0,"enemies":"Small Slimes","floor":2.0,"turns":2.0},{"damage":4.0,"enemies":"Jaw Worm","floor":3.0,"turns":4.0},{"damage":0.0,"enemies":"Gremlin Nob","floor":6.0,"turns":2.0},{"damage":0.0,"enemies":"Looter","floor":7.0,"turns":3.0},{"damage":0.0,"enemies":"Lagavulin","floor":10.0,"turns":4.0},{"damage":3.0,"enemies":"2 Fungi Beasts","floor":11.0,"turns":4.0},{"damage":5.0,"enemies":"3 Sentries","floor":12.0,"turns":6.0},{"damage":0,"enemies":"Blue Slaver","floor":13,"turns":3},{"damage":8,"enemies":"Gremlin Gang","floor":14,"turns":9},{"damage":25,"enemies":"Slime Boss","floor":16,"turns":6},{"damage":2,"enemies":"Spheric Guardian","floor":18,"turns":3},{"damage":9,"enemies":"Shell Parasite","floor":19,"turns":4},{"damage":0,"enemies":"Centurion and Healer","floor":21,"turns":7},{"damage":2,"enemies":"Book of Stabbing","floor":23,"turns":4},{"damage":5,"enemies":"Sentry and Sphere","floor":24,"turns":9},{"damage":30,"enemies":"Slavers","floor":25,"turns":6},{"damage":19,"enemies":"Gremlin Leader","floor":27,"turns":3}],"seed_played":"5151364630219953886","potions_obtained":[{"floor":1.0,"key":"LiquidMemories"},{"floor":10.0,"key":"Regen Potion"},{"floor":13,"key":"Explosive Potion"},{"floor":14,"key":"Strength Potion"},{"floor":16,"key":"DuplicationPotion"},{"floor":18,"key":"CultistPotion"},{"floor":25,"key":"AttackPotion"}],"is_trial":false,"path_per_floor":["M","M","M","$","?","E","M","R","T","E","M","E","M","M","R","B",null,"M","M","?","M","$","E","M","E","T","E"],"character_chosen":"WATCHER","items_purchased":["FollowUp","SteroidPotion","Chemical X","DuplicationPotion","Toy Ornithopter","TeardropLocket"],"campfire_rested":1,"item_purchase_floors":[4,4,22,22,22,22],"current_hp_per_floor":[41,41,37,37,37,37,37,57,57,57,63,58,58,50,50,25,57,55,46,46,46,46,44,39,14,14,0,0],"gold":166,"neow_bonus":"TWO_FIFTY_GOLD","is_daily":false,"chose_seed":false,"campfire_upgraded":1,"win_rate":0.0,"timestamp":1613520443,"path_taken":["M","?","M","$","?","E","M","R","T","E","M","E","M","?","R","BOSS","M","M","?","?","$","E","M","E","T","E"],"items_purchased_type":["Card","Potion","Relic","Potion","Relic","Relic"],"build_version":"2020-12-22","purchased_purges":1,"victory":false,"max_hp_per_floor":[68,68,68,68,68,68,68,68,68,68,68,68,68,68,68,68,68,68,68,68,68,68,68,68,68,68,68,68],"relic_stats":{"Regal Pillow":0,"counters":[18,82],"Snecko Eye":[57,68,59,67],"Yang":[91],"Whetstone":["FearNoEvil","Strike_P"],"Chemical X":[5],"Question Card":0,"obtain_stats":[{"Regal Pillow":10,"Snecko Eye":17,"Yang":12,"Thread and Needle":25,"The Courier":6,"Whetstone":9,"Chemical X":22,"TeardropLocket":22,"PureWater":0,"Ancient Tea Set":23,"Question Card":26,"Toy Ornithopter":22},{"Regal Pillow":6,"Snecko Eye":11,"Yang":8,"Thread and Needle":17,"The Courier":4,"Whetstone":5,"Chemical X":14,"TeardropLocket":14,"PureWater":0,"Ancient Tea Set":15,"Question Card":17,"Toy Ornithopter":14},{"Regal Pillow":18,"Snecko Eye":46,"Yang":28,"Thread and Needle":79,"The Courier":11,"Whetstone":14,"Chemical X":60,"TeardropLocket":60,"PureWater":0,"Ancient Tea Set":64,"Question Card":79,"Toy Ornithopter":60}],"Toy Ornithopter":10},"card_choices":[{"not_picked":["Consecrate","BattleHymn"],"picked":"CarveReality","floor":1.0},{"not_picked":["Halt","InnerPeace"],"picked":"ThirdEye","floor":2.0},{"not_picked":["EmptyBody","ClearTheMind"],"picked":"FearNoEvil","floor":6.0},{"not_picked":["SashWhip","EmptyFist"],"picked":"Wish","floor":7.0},{"not_picked":["SpiritShield","Swivel","SignatureMove"],"picked":"SKIP","floor":10.0},{"not_picked":["Swivel","PathToVictory"],"picked":"EmptyFist","floor":11.0},{"not_picked":["TalkToTheHand","Halt"],"picked":"Wallop","floor":12.0},{"not_picked":["Conclude","PathToVictory"],"picked":"MentalFortress","floor":13},{"not_picked":["BowlingBash","CrushJoints"],"picked":"Collect","floor":14},{"not_picked":["Judgement","Ragnarok"],"picked":"LessonLearned","floor":16},{"not_picked":["Perseverance","TalkToTheHand","ThirdEye"],"picked":"SKIP","floor":18},{"not_picked":["Perseverance","TalkToTheHand","ThirdEye"],"picked":"SKIP","floor":18},{"not_picked":["SashWhip","LikeWater"],"picked":"Wallop","floor":19},{"not_picked":["SashWhip","ClearTheMind"],"picked":"Vault","floor":25}],"player_experience":2771152,"relics_obtained":[{"floor":6.0,"key":"The Courier"},{"floor":9.0,"key":"Whetstone"},{"floor":10.0,"key":"Regal Pillow"},{"floor":12.0,"key":"Yang"},{"floor":23,"key":"Ancient Tea Set"},{"floor":25,"key":"Thread and Needle"},{"floor":26,"key":"Question Card"}],"event_choices":[{"damage_healed":0.0,"max_hp_gain":0.0,"max_hp_loss":0.0,"gold_gain":0.0,"cards_transformed":["Strike_P"],"event_name":"Transmorgrifier","player_choice":"Transformed","floor":5.0,"gold_loss":0.0,"damage_taken":0.0,"cards_obtained":["Scrawl"]},{"damage_healed":0,"gold_gain":0,"cards_transformed":["Strike_P","Strike_P"],"player_choice":"Transformed Cards","damage_taken":0,"max_hp_gain":0,"max_hp_loss":0,"event_name":"Designer","floor":20,"gold_loss":75,"cards_obtained":["Alpha","Perseverance"]}],"is_beta":false,"boss_relics":[{"not_picked":["Ectoplasm","SacredBark"],"picked":"Snecko Eye"}],"items_purged_floors":[4],"is_endless":false,"potions_floor_spawned":[1,10,13,14,16,18,24,25],"killed_by":"Gremlin Leader","ascension_level":20}}