{"host":"s509oin3ptw7n5v1","time":1613531280,"event":{"mods":["2.2 Compatiblity","AchievementEnabler","BaseMod","Colored Map","Colored Powertips","Highlight Path","Minty Spire (QoL Compilation)","Rare Cards Sparkle","Relic Stats","Spicy Shops","StSLib"],"gold_per_floor":[110,110,86,105,124,124,124,124,173,202,213,228,403,438,438,515,515,531,531,531,513,513,513,513,513,513,523,533,565,58,71,71,143,143,157,176,176,4,17,17,45,45,45,0,0,13,25,25,25,25,25,25,25,25,25],"floor_reached":54,"language":"ENG","playtime":5836,"items_purged":["Doubt"],"score":1156,"play_id":"1b3b09a5-4eb9-4ea5-98b1-711f8aa76001","local_time":"20210216220800","is_ascension_mode":true,"campfire_choices":[{"data":"Streamline","floor":6.0,"key":"SMITH"},{"data":"Zap","floor":8.0,"key":"SMITH"},{"data":"Conserve Battery","floor":15.0,"key":"SMITH"},{"floor":23.0,"key":"REST"},{"data":"Storm","floor":25.0,"key":"SMITH"},{"floor":32.0,"key":"REST"},{"floor":40.0,"key":"REST"},{"floor":45.0,"key":"RECALL"},{"floor":49.0,"key":"REST"},{"floor":52.0,"key":"REST"}],"circlet_count":0,"master_deck":["AscendersBane","Strike_B+1","Strike_B+1","Defend_B+1","Defend_B+1","Defend_B+1","Zap+1","Dualcast","Aggregate","Streamline+1","Glacier","Ball Lightning","Self Repair","Doom and Gloom","Conserve Battery+1","Redo","Creative AI","Steam","Writhe","Melter","Storm+1","Undo","Hello World","Seek","Static Discharge","Sweeping Beam","Loop","Capacitor","Rainbow","Beam Cell","Static Discharge+1","BootSequence","Madness","Tempest","Stack"],"relics":["Cracked Core","Art of War","StrikeDummy","Runic Pyramid","Kunai","Ornamental Fan","Dream Catcher","Potion Belt","Oddly Smooth Stone","Busted Crown","Bronze Scales","Pen Nib","Bird Faced Urn","Red Mask"],"acts_visited":["Exordium","TheCity","TheBeyond","TheEnding"],"potions_floor_usage":[],"damage_taken":[{"damage":5.0,"enemies":"Small Slimes","floor":1.0,"turns":4.0},{"damage":3.0,"enemies":"Jaw Worm","floor":4.0,"turns":4.0},{"damage":1.0,"enemies":"Cultist","floor":5.0,"turns":3.0},{"damage":10.0,"enemies":"3 Sentries","floor":10.0,"turns":8.0},{"damage":7.0,"enemies":"3 Louse","floor":11.0,"turns":3.0},{"damage":4.0,"enemies":"Blue Slaver","floor":12.0,"turns":4.0},{"damage":5.0,"enemies":"Gremlin Nob","floor":14.0,"turns":4.0},{"damage":29.0,"enemies":"Hexaghost","floor":16.0,"turns":11.0},{"damage":17.0,"enemies":"3 Byrds","floor":18.0,"turns":5.0},{"damage":15.0,"enemies":"2 Thieves","floor":21.0,"turns":4.0},{"damage":2.0,"enemies":"Chosen and Byrds","floor":27.0,"turns":6.0},{"damage":33.0,"enemies":"Centurion and Healer","floor":28.0,"turns":5.0},{"damage":42.0,"enemies":"Gremlin Leader","floor":29.0,"turns":9.0},{"damage":0.0,"enemies":"Shelled Parasite and Fungi","floor":31.0,"turns":5.0},{"damage":61.0,"enemies":"Collector","floor":33.0,"turns":12.0},{"damage":39.0,"enemies":"3 Darklings","floor":35.0,"turns":5.0},{"damage":3.0,"enemies":"Orb Walker","floor":36.0,"turns":3.0},{"damage":2.0,"enemies":"Sphere and 2 Shapes","floor":39.0,"turns":4.0},{"damage":44.0,"enemies":"Giant Head","floor":41.0,"turns":10.0},{"damage":25.0,"enemies":"4 Shapes","floor":46.0,"turns":4.0},{"damage":25.0,"enemies":"Writhing Mass","floor":47.0,"turns":4.0},{"damage":74.0,"enemies":"Donu and Deca","floor":50.0,"turns":8.0},{"damage":110,"enemies":"Shield and Spear","floor":54,"turns":5}],"seed_played":"-5624137088325525866","potions_obtained":[{"floor":1.0,"key":"Fruit Juice"},{"floor":11.0,"key":"Weak Potion"},{"floor":12.0,"key":"LiquidMemories"},{"floor":18.0,"key":"Fruit Juice"},{"floor":29.0,"key":"EntropicBrew"},{"floor":35.0,"key":"FocusPotion"},{"floor":47.0,"key":"ColorlessPotion"}],"is_trial":false,"path_per_floor":["M","?","$","M","M","R","?","R","T","E","M","M","?","E","R","B",null,"M","?","?","M","?","R","?","R","T","M","M","E","$","M","R","B",null,"M","M","?","$","M","R","E","$","T","?","R","M","M","?","R","B",null,"R","$","E"],"character_chosen":"DEFECT","items_purchased":["Streamline","Potion Belt","Static Discharge","Sweeping Beam","Oddly Smooth Stone","Bronze Scales","Beam Cell"],"campfire_rested":5,"item_purchase_floors":[3,30,30,30,30,38,38],"current_hp_per_floor":[75,68,68,65,64,64,64,64,64,61,61,64,64,66,66,44,76,71,71,71,63,45,74,74,74,74,79,53,18,18,37,66,12,76,44,48,48,48,46,75,38,38,38,38,38,34,30,30,59,18,77,97,97,0,0],"gold":25,"neow_bonus":"TEN_PERCENT_HP_BONUS","is_daily":false,"chose_seed":false,"campfire_upgraded":4,"win_rate":0.0,"timestamp":1613531280,"path_taken":["M","?","$","M","M","R","?","R","T","E","M","?","?","E","R","BOSS","M","?","?","?","?","R","?","R","T","M","M","E","$","M","R","BOSS","M","M","?","$","M","R","E","$","T","?","R","M","M","?","R","BOSS","R","$","E"],"items_purchased_type":["Card","Relic","Card","Card","Relic","Relic","Card"],"build_version":"2020-12-22","purchased_purges":1,"victory":false,"max_hp_per_floor":[87,87,87,87,87,87,87,87,87,87,87,87,87,87,87,87,87,92,92,92,92,97,97,97,97,97,97,97,97,97,97,97,97,97,97,97,97,97,97,97,97,97,97,97,97,97,97,97,97,97,97,97,97,97,97],"relic_stats":{"Dream Catcher":4,"Busted Crown":20,"counters":[23,130],"Ornamental Fan":[52],"Bronze Scales":[93],"Bird Faced Urn":[64],"Pen Nib":[1],"Art of War":[33],"Kunai":[13],"obtain_stats":[{"Potion Belt":30,"Oddly Smooth Stone":30,"Pen Nib":41,"Dream Catcher":29,"Busted Crown":34,"Ornamental Fan":26,"Bronze Scales":38,"Bird Faced Urn":43,"Art of War":10,"Red Mask":44,"Kunai":19,"Cracked Core":0,"StrikeDummy":14,"Runic Pyramid":17},{"Potion Belt":13,"Oddly Smooth Stone":13,"Pen Nib":19,"Dream Catcher":13,"Busted Crown":15,"Ornamental Fan":10,"Bronze Scales":17,"Bird Faced Urn":19,"Art of War":4,"Red Mask":19,"Kunai":9,"Cracked Core":0,"StrikeDummy":7,"Runic Pyramid":8},{"Potion Belt":70,"Oddly Smooth Stone":70,"Pen Nib":109,"Dream Catcher":70,"Busted Crown":87,"Ornamental Fan":50,"Bronze Scales":95,"Bird Faced Urn":109,"Art of War":19,"Red Mask":109,"Kunai":46,"Cracked Core":0,"StrikeDummy":30,"Runic Pyramid":41}]},"card_choices":[{"not_picked":["Beam Cell","Reprogram"],"picked":"Aggregate","floor":1.0},{"not_picked":["Conserve Battery","Leap"],"picked":"Glacier","floor":4.0},{"not_picked":["Redo","Hologram"],"picked":"Ball Lightning","floor":5.0},{"not_picked":["Gash","Ball Lightning"],"picked":"Doom and Gloom","floor":10.0},{"not_picked":["Scrape","Aggregate","Streamline"],"picked":"SKIP","floor":11.0},{"not_picked":["Gash","Auto Shields"],"picked":"Conserve Battery","floor":12.0},{"not_picked":["Rebound","Aggregate"],"picked":"Redo","floor":14.0},{"not_picked":["Fission","Buffer"],"picked":"Creative AI","floor":16.0},{"not_picked":["Recycle","Stack"],"picked":"Steam","floor":18.0},{"not_picked":["Ball Lightning","Barrage"],"picked":"Melter","floor":21.0},{"not_picked":["Streamline+1","Steam"],"picked":"Undo","floor":27.0},{"not_picked":["Rebound","Streamline"],"picked":"Hello World","floor":28.0},{"not_picked":["Steam","Undo+1"],"picked":"Seek","floor":29.0},{"not_picked":["Cold Snap","Coolheaded"],"picked":"Loop","floor":31.0},{"not_picked":["Turbo","Conserve Battery"],"picked":"Capacitor","floor":32.0},{"not_picked":["Hyperbeam","Buffer"],"picked":"Rainbow","floor":33.0},{"not_picked":["Rebound+1"],"picked":"SKIP","floor":35.0},{"not_picked":["Compile Driver"],"picked":"SKIP","floor":36.0},{"not_picked":["Steam"],"picked":"SKIP","floor":39.0},{"not_picked":[],"picked":"Static Discharge+1","floor":41.0},{"not_picked":[],"picked":"BootSequence","floor":46.0},{"not_picked":["Chaos"],"picked":"SKIP","floor":47.0},{"not_picked":[],"picked":"Madness","floor":48.0},{"not_picked":[],"picked":"Tempest","floor":49.0},{"not_picked":[],"picked":"Stack","floor":52.0}],"player_experience":1198188,"relics_obtained":[{"floor":10.0,"key":"Art of War"},{"floor":14.0,"key":"StrikeDummy"},{"floor":26.0,"key":"Ornamental Fan"},{"floor":29.0,"key":"Dream Catcher"},{"floor":41.0,"key":"Pen Nib"},{"floor":43.0,"key":"Bird Faced Urn"}],"event_choices":[{"cards_removed":["Strike_B"],"damage_healed":0.0,"max_hp_gain":0.0,"max_hp_loss":0.0,"gold_gain":0.0,"event_name":"Golden Wing","player_choice":"Card Removal","floor":2.0,"gold_loss":0.0,"damage_taken":7.0},{"damage_healed":0.0,"max_hp_gain":0.0,"max_hp_loss":0.0,"gold_gain":0.0,"cards_transformed":["Strike_B"],"event_name":"Transmorgrifier","player_choice":"Transformed","floor":7.0,"gold_loss":0.0,"damage_taken":0.0,"cards_obtained":["Self Repair"]},{"damage_healed":0.0,"max_hp_gain":0.0,"max_hp_loss":0.0,"gold_gain":175.0,"event_name":"Liars Game","player_choice":"AGREE","floor":13.0,"gold_loss":0.0,"damage_taken":0.0,"cards_obtained":["Doubt"]},{"damage_healed":0.0,"max_hp_gain":0.0,"max_hp_loss":0.0,"gold_gain":0.0,"event_name":"The Mausoleum","player_choice":"Opened","floor":19.0,"gold_loss":0.0,"damage_taken":0.0,"relics_obtained":["Kunai"],"cards_obtained":["Writhe"]},{"damage_healed":0.0,"max_hp_gain":0.0,"max_hp_loss":0.0,"gold_gain":0.0,"event_name":"Back to Basics","player_choice":"Simplicity","floor":20.0,"gold_loss":0.0,"damage_taken":0.0,"cards_upgraded":["Strike_B","Strike_B","Defend_B","Defend_B","Defend_B","Defend_B"]},{"damage_healed":0.0,"max_hp_gain":5.0,"max_hp_loss":0.0,"gold_gain":0.0,"event_name":"Forgotten Altar","player_choice":"Shed Blood","floor":22.0,"gold_loss":0.0,"damage_taken":23.0},{"damage_healed":0.0,"max_hp_gain":0.0,"max_hp_loss":0.0,"gold_gain":0.0,"event_name":"The Library","player_choice":"Read","floor":24.0,"gold_loss":0.0,"damage_taken":0.0,"cards_obtained":["Storm"]},{"cards_removed":["Defend_B"],"damage_healed":0.0,"max_hp_gain":0.0,"max_hp_loss":0.0,"gold_gain":0.0,"event_name":"Falling","player_choice":"Removed Skill","floor":37.0,"gold_loss":0.0,"damage_taken":0.0},{"damage_healed":0.0,"max_hp_gain":0.0,"max_hp_loss":0.0,"gold_gain":0.0,"event_name":"Tomb of Lord Red Mask","player_choice":"Paid","floor":44.0,"gold_loss":45.0,"damage_taken":0.0,"relics_obtained":["Red Mask"]},{"damage_healed":0.0,"max_hp_gain":0.0,"max_hp_loss":0.0,"gold_gain":0.0,"event_name":"SensoryStone","player_choice":"Memory 1","floor":48.0,"gold_loss":0.0,"damage_taken":0.0}],"is_beta":false,"boss_relics":[{"not_picked":["SacredBark","Snecko Eye"],"picked":"Runic Pyramid"},{"not_picked":["Pandora\u0027s Box","Coffee Dripper"],"picked":"Busted Crown"}],"items_purged_floors":[30],"is_endless":false,"potions_floor_spawned":[1,11,12,18,29,35,47],"killed_by":"Shield and Spear","ascension_level":13}}