{"host":"j4g6ia6asvpyu2b0","time":1613578944,"event":{"mods":["BaseMod","Colored Map","Infinite Spire","Minty Spire (QoL Compilation)","Permanent Neow","Quick Restart","Relic Stats","StSLib","Unceasing Turn Reminder"],"gold_per_floor":[10,25,25,25,44,44,74,74,74,103,119,152,152,163,163,268,268,282,282,317,317,335,364,364,395,395,423,423,457,457,45,45,144,144,164,89,364,380,380,405,405,435,435,335,368,368,379,396,396,396,396,396,106,134,134],"floor_reached":56,"language":"ENG","playtime":2969,"items_purged":["Strike_G","Regret","Strike_G","Strike_G"],"score":1647,"play_id":"5612ac44-9d16-4d08-9c5d-aa52014ed074","local_time":"20210217092224","is_ascension_mode":true,"campfire_choices":[{"data":"Skewer","floor":6.0,"key":"SMITH"},{"data":"Noxious Fumes","floor":8.0,"key":"SMITH"},{"data":"Well Laid Plans","floor":13,"key":"SMITH"},{"data":"Neutralize","floor":15,"key":"SMITH"},{"data":"infinitespire:UltimateForm","floor":24,"key":"SMITH"},{"data":"A Thousand Cuts","floor":28,"key":"SMITH"},{"data":"Acrobatics","floor":30,"key":"SMITH"},{"data":"Blur","floor":32,"key":"SMITH"},{"floor":41,"key":"RECALL"},{"data":"Tools of the Trade","floor":46,"key":"SMITH"},{"data":"Noxious Fumes","floor":49,"key":"SMITH"},{"data":"Cloak And Dagger","floor":52,"key":"SMITH"}],"circlet_count":0,"master_deck":["Strike_G+1","Defend_G","Defend_G+1","Defend_G","Defend_G","Defend_G+1","Survivor","Neutralize+1","Blade Dance","Sucker Punch+1","PiercingWail","Skewer+1","Noxious Fumes+1","Dagger Throw","Well Laid Plans+1","Blur+1","Quick Slash","A Thousand Cuts+1","Noxious Fumes+1","infinitespire:UltimateForm+1","Dagger Spray","Escape Plan","Dagger Spray","Corpse Explosion","Cloak And Dagger+1","Acrobatics+1","infinitespire:UltimateForm+1","Tools of the Trade+1","Dagger Spray","Sucker Punch+1","Terror","Footwork"],"relics":["PureWater","Incense Burner","infinitespire:Cubic Diamond","InkBottle","War Paint","Whetstone","Regal Pillow","Coffee Dripper","Philosopher\u0027s Stone","Red Mask","Mango","Happy Flower","Mummified Hand","StrikeDummy","Blood Vial","DollysMirror","Paper Crane","Busted Crown","Centennial Puzzle","Bag of Preparation","Vajra","infinitespire:Eraser"],"acts_visited":["Exordium","TheCity","TheBeyond","TheEnding"],"potions_floor_usage":[12,23,29,55,55,55],"damage_taken":[{"damage":3.0,"enemies":"2 Louse","floor":1.0,"turns":4.0},{"damage":0.0,"enemies":"Jaw Worm","floor":2.0,"turns":4.0},{"damage":0.0,"enemies":"Cultist","floor":5.0,"turns":4.0},{"damage":20.0,"enemies":"3 Sentries","floor":7.0,"turns":8.0},{"damage":0.0,"enemies":"Lagavulin","floor":10.0,"turns":6.0},{"damage":0.0,"enemies":"Lots of Slimes","floor":11.0,"turns":4.0},{"damage":1,"enemies":"3 Sentries","floor":12,"turns":5},{"damage":0,"enemies":"3 Louse","floor":14,"turns":3},{"damage":33,"enemies":"Slime Boss","floor":16,"turns":7},{"damage":3,"enemies":"Chosen","floor":18,"turns":4},{"damage":23,"enemies":"Masked Bandits","floor":20,"turns":3},{"damage":9,"enemies":"2 Thieves","floor":22,"turns":4},{"damage":11,"enemies":"Gremlin Leader","floor":23,"turns":7},{"damage":9,"enemies":"Nightmare","floor":25,"turns":8},{"damage":0,"enemies":"Gremlin Leader","floor":27,"turns":5},{"damage":1,"enemies":"Book of Stabbing","floor":29,"turns":5},{"damage":0,"enemies":"Collector","floor":33,"turns":6},{"damage":0,"enemies":"3 Shapes","floor":35,"turns":2},{"damage":4,"enemies":"3 Darklings","floor":38,"turns":4},{"damage":0,"enemies":"Nemesis","floor":40,"turns":7},{"damage":0,"enemies":"Giant Head","floor":42,"turns":6},{"damage":0,"enemies":"Nightmare","floor":45,"turns":8},{"damage":0,"enemies":"Jaw Worm Horde","floor":47,"turns":1},{"damage":6,"enemies":"4 Shapes","floor":48,"turns":4},{"damage":13,"enemies":"Awakened One","floor":50,"turns":9},{"damage":14,"enemies":"Shield and Spear","floor":54,"turns":7},{"damage":23,"enemies":"The Heart","floor":55,"turns":6}],"seed_played":"2197004960066972504","potions_obtained":[{"floor":1.0,"key":"AttackPotion"},{"floor":2.0,"key":"SpeedPotion"},{"floor":5.0,"key":"SmokeBomb"},{"floor":11,"key":"ColorlessPotion"},{"floor":22,"key":"Block Potion"},{"floor":23,"key":"EssenceOfSteel"},{"floor":25,"key":"LiquidMemories"},{"floor":35,"key":"LiquidMemories"},{"floor":38,"key":"CultistPotion"}],"is_trial":false,"path_per_floor":["M","M","?","?","M","R","E","R","T","E","M","E","R","M","R","B",null,"M","AVR","?","?","M","E","R","NM","T","E","R","E","R","$","R","B",null,"M","$","?","M","AVR","E","R","E","T","$","NM","R","M","M","R","B",null,"R","$","E","B",null],"character_chosen":"THE_SILENT","items_purchased":["DollysMirror","Paper Crane","PowerPotion","Terror","Footwork"],"campfire_rested":0,"item_purchase_floors":[31,31,53,53,53],"current_hp_per_floor":[67,67,67,67,67,67,47,47,47,47,47,46,46,46,46,13,70,67,67,44,31,22,25,25,16,16,16,16,15,15,15,15,17,89,89,89,89,85,85,87,87,89,89,89,89,89,89,83,83,72,89,89,89,75,54],"gold":134,"neow_bonus":"ONE_RARE_RELIC","is_daily":false,"chose_seed":false,"campfire_upgraded":11,"win_rate":0.0,"timestamp":1613578944,"path_taken":["M","M","?","?","?","R","E","R","T","E","M","E","R","?","R","BOSS","M","AVR","?","?","M","E","R","NM","T","E","R","E","R","?","R","BOSS","M","$","?","M","AVR","E","R","E","T","?","NM","R","?","M","R","BOSS","R","$","E","BOSS"],"items_purchased_type":["Relic","Relic","Potion","Card","Card"],"build_version":"2020-12-22","purchased_purges":4,"victory":true,"max_hp_per_floor":[70,70,70,70,70,70,70,70,70,70,70,70,70,70,70,70,70,70,70,70,75,75,89,89,89,89,89,89,89,89,89,89,89,89,89,89,89,89,89,89,89,89,89,89,89,89,89,89,89,89,89,89,89,89,89],"relic_stats":{"Blood Vial":10,"Regal Pillow":0,"Centennial Puzzle":[12],"Busted Crown":22,"Happy Flower":[23],"counters":[27,141],"Mummified Hand":[95],"Bag of Preparation":[12],"Whetstone":["Sucker Punch","Strike_G"],"War Paint":["Defend_G","Defend_G"],"obtain_stats":[{"Regal Pillow":12,"Happy Flower":25,"Vajra":45,"Mango":23,"infinitespire:Cubic Diamond":3,"Incense Burner":0,"Bag of Preparation":42,"Whetstone":10,"War Paint":9,"Paper Crane":31,"Blood Vial":29,"Centennial Puzzle":40,"Busted Crown":34,"Mummified Hand":26,"DollysMirror":31,"Philosopher\u0027s Stone":19,"Coffee Dripper":17,"Red Mask":20,"PureWater":3,"infinitespire:Eraser":54,"StrikeDummy":27,"InkBottle":7,"Ring of the Snake":0},{"Regal Pillow":7,"Happy Flower":14,"Vajra":22,"Mango":13,"infinitespire:Cubic Diamond":2,"Incense Burner":0,"Bag of Preparation":21,"Whetstone":5,"War Paint":4,"Paper Crane":16,"Blood Vial":16,"Centennial Puzzle":20,"Busted Crown":17,"Mummified Hand":14,"DollysMirror":16,"Philosopher\u0027s Stone":10,"Coffee Dripper":9,"Red Mask":11,"PureWater":2,"infinitespire:Eraser":26,"StrikeDummy":15,"InkBottle":4,"Ring of the Snake":0},{"Regal Pillow":35,"Happy Flower":71,"Vajra":114,"Mango":63,"infinitespire:Cubic Diamond":8,"Incense Burner":0,"Bag of Preparation":106,"Whetstone":26,"War Paint":20,"Paper Crane":81,"Blood Vial":81,"Centennial Puzzle":100,"Busted Crown":87,"Mummified Hand":71,"DollysMirror":81,"Philosopher\u0027s Stone":49,"Coffee Dripper":45,"Red Mask":52,"PureWater":8,"infinitespire:Eraser":135,"StrikeDummy":76,"InkBottle":20,"Ring of the Snake":0}],"InkBottle":[61]},"card_choices":[{"not_picked":["Poisoned Stab","Dagger Spray"],"picked":"Blade Dance","floor":1.0},{"not_picked":["Underhanded Strike","Prepared"],"picked":"Sucker Punch","floor":2.0},{"not_picked":["Bane","Prepared"],"picked":"Skewer","floor":5.0},{"not_picked":["Concentrate","Predator"],"picked":"Noxious Fumes","floor":7.0},{"not_picked":["Deflect","Dodge and Roll"],"picked":"Dagger Throw","floor":10.0},{"not_picked":["Blade Dance","Masterful Stab"],"picked":"Well Laid Plans","floor":11},{"not_picked":["Dagger Throw","Deadly Poison"],"picked":"Blur","floor":12},{"not_picked":["Outmaneuver","Acrobatics"],"picked":"Quick Slash","floor":14},{"not_picked":["Bullet Time","Adrenaline"],"picked":"A Thousand Cuts","floor":16},{"not_picked":["Deadly Poison","Dodge and Roll"],"picked":"Noxious Fumes","floor":18},{"not_picked":["Deflect","Tactician"],"picked":"Dagger Spray","floor":20},{"not_picked":["Poisoned Stab","Outmaneuver"],"picked":"Escape Plan","floor":22},{"not_picked":["Masterful Stab+1","Well Laid Plans"],"picked":"Dagger Spray","floor":23},{"not_picked":["Backflip","Well Laid Plans"],"picked":"Corpse Explosion","floor":25},{"not_picked":["All Out Attack","Tactician"],"picked":"Cloak And Dagger","floor":27},{"not_picked":["Expertise","Escape Plan+1"],"picked":"Acrobatics","floor":29},{"not_picked":["Grand Finale","A Thousand Cuts"],"picked":"Tools of the Trade","floor":33},{"not_picked":["Backstab+1"],"picked":"SKIP","floor":35},{"not_picked":[],"picked":"Dagger Spray","floor":38},{"not_picked":["Poisoned Stab+1"],"picked":"SKIP","floor":40},{"not_picked":["Bane"],"picked":"SKIP","floor":42},{"not_picked":["Accuracy"],"picked":"SKIP","floor":45},{"not_picked":["Setup"],"picked":"SKIP","floor":47},{"not_picked":[],"picked":"Sucker Punch+1","floor":48},{"not_picked":["Underhanded Strike"],"picked":"SKIP","floor":54}],"player_experience":1258245,"relics_obtained":[{"floor":7.0,"key":"InkBottle"},{"floor":9.0,"key":"War Paint"},{"floor":10.0,"key":"Whetstone"},{"floor":12,"key":"Regal Pillow"},{"floor":20,"key":"Red Mask"},{"floor":23,"key":"Mango"},{"floor":25,"key":"Happy Flower"},{"floor":26,"key":"Mummified Hand"},{"floor":27,"key":"StrikeDummy"},{"floor":29,"key":"Blood Vial"},{"floor":40,"key":"Centennial Puzzle"},{"floor":42,"key":"Bag of Preparation"},{"floor":45,"key":"Vajra"},{"floor":54,"key":"infinitespire:Eraser"}],"event_choices":[{"damage_healed":0.0,"max_hp_gain":0.0,"max_hp_loss":0.0,"gold_gain":0.0,"cards_transformed":["Strike_G"],"event_name":"Transmorgrifier","player_choice":"Transformed","floor":4.0,"gold_loss":0.0,"damage_taken":0.0,"cards_obtained":["PiercingWail"]},{"damage_healed":0,"gold_gain":0,"player_choice":"Fought Bandits","damage_taken":0,"max_hp_gain":0,"max_hp_loss":0,"event_name":"Masked Bandits","floor":20,"gold_loss":0},{"damage_healed":0,"gold_gain":0,"player_choice":"Shed Blood","damage_taken":18,"max_hp_gain":5,"max_hp_loss":0,"event_name":"Forgotten Altar","floor":21,"gold_loss":0},{"damage_healed":0,"gold_gain":275,"player_choice":"Desecrate","damage_taken":0,"max_hp_gain":0,"max_hp_loss":0,"event_name":"Golden Shrine","floor":37,"gold_loss":0,"cards_obtained":["Regret"]}],"is_beta":false,"boss_relics":[{"not_picked":["SlaversCollar","Black Star"],"picked":"Coffee Dripper"},{"not_picked":["Velvet Choker","SacredBark"],"picked":"Busted Crown"}],"items_purged_floors":[36,39,44,53],"is_endless":false,"potions_floor_spawned":[1,2,5,11,22,23,25,27,35,38,48],"ascension_level":2}}