{"host":"og21o26alpnbwmz8","time":1613581687,"event":{"mods":["Act Like it!","Aspiration","BaseMod","Conspire","Downfall","Gensokyo","GungeonMod","Halation","Hubris","Jedi Mod","Mimic Mod","Minty Spire (QoL Compilation)","Pale of the Ancients","Reliquary","Replay The Spire","Shop Mod","Spikes Relics","StSLib","The Alterego","The Blue Laboratory","The Florist","The Poker Player","Waifu the Spire","Yuri Mod"],"gold_per_floor":[99,109,21,6,6,21,21,21,36,356,356,375,375,391,401,503,503,503,38,58,58,72,72,72,72,97,114,114,127,127,146,160,259,259,259,271,285,299,92,92,116,16,16,16],"floor_reached":42,"language":"ENG","playtime":2018,"items_purged":[],"score":437,"play_id":"28bfd405-218f-4853-8421-9eb85803408f","local_time":"20210217120807","is_ascension_mode":false,"campfire_choices":[{"data":"sneckomod:WideSting","floor":8,"key":"SMITH"},{"data":"sneckomod:SnekBite","floor":11,"key":"SMITH"},{"data":"alterego_mod:ChallengeComplete","floor":18,"key":"SMITH"},{"data":"sneckomod:CheapStock","floor":25,"key":"SMITH"},{"data":"sneckomod:Defend","floor":30,"key":"SMITH"},{"floor":35,"key":"RECALL"}],"circlet_count":0,"master_deck":["sneckomod:Defend","sneckomod:Defend","sneckomod:Defend+1","sneckomod:SnekBite+1","sneckomod:Unknown","sneckomod:WideSting+1","Choke","Flechettes","aspiration:Lunge","sneckomod:SlitherStrike","DemoMod:Camera","sneckomod:SerpentMind","alterego_mod:ChallengeComplete+1","sneckomod:UnknownDraw","sneckomod:CheapStock+1","Carnage","alterego_mod:Skirt+1","sneckomod:QuickMove+1","sneckomod:UnknownBlock","sneckomod:UnlimitedRolls","alterego_mod:GoddessCore+1","sneckomod:SnakeSap+1","DemoMod:BSG+1","sneckomod:SoulDraw+1","Pot Of Greed","Pot Of Greed","Pot Of Greed","DemoMod:DarkMarker+1"],"relics":["sneckomod:SuperSneckoSoul","Happy Flower","halation:AfternoonTea","Bottled Lightning","Gensokyo:OccultBall","Mummified Hand","ClockworkSouvenir","The Courier","Replay:Baseball","Toy Ornithopter","hubris:TerracottaHorce","Gremlin Food","Snack Pack","Grinning Jar","Guardian:GemstoneGun","Centennial Puzzle","Potion Belt","downfall:HeartBlessingBlue"],"acts_visited":["Exordium","Gensokyo:Gensokyo","Gensokyo:Gensokyoer"],"potions_floor_usage":[22,26,33,33],"damage_taken":[{"damage":0,"enemies":"Gensokyo:3_Fairies","floor":2,"turns":4},{"damage":0,"enemies":"downfall:FleeingMerchant","floor":4,"turns":4},{"damage":0,"enemies":"Gensokyo:2_Kodama","floor":6,"turns":3},{"damage":0,"enemies":"Gensokyo:Python","floor":9,"turns":2},{"damage":0,"enemies":"Gensokyo:LivingMonolith","floor":10,"turns":3},{"damage":0,"enemies":"Gensokyo:Python_and_Kodama","floor":12,"turns":2},{"damage":9,"enemies":"Gensokyo:Gryphon_and_Rabbit","floor":14,"turns":3},{"damage":0,"enemies":"Gensokyo:Kitsune","floor":15,"turns":2},{"damage":7,"enemies":"WA_ARCHETYPE_RETAIN","floor":16,"turns":7},{"damage":0,"enemies":"downfall:FleeingMerchant","floor":19,"turns":4},{"damage":1,"enemies":"Gensokyo:3_Dogs","floor":20,"turns":4},{"damage":0,"enemies":"Gensokyo:AngelMirror","floor":22,"turns":2},{"damage":29,"enemies":"Gensokyo:Reisen","floor":26,"turns":6},{"damage":0,"enemies":"Gensokyo:Wraith","floor":27,"turns":4},{"damage":16,"enemies":"Gensokyo:Slime_Group","floor":29,"turns":3},{"damage":21,"enemies":"Gensokyo:Monolith_and_Dog","floor":31,"turns":4},{"damage":0,"enemies":"Gensokyo:3_Gloops","floor":32,"turns":2},{"damage":27,"enemies":"DF_ARCHETYPE_CLAW","floor":33,"turns":9},{"damage":31,"enemies":"Gensokyo:3_Boulders","floor":36,"turns":5},{"damage":5,"enemies":"Gensokyo:3_Bats","floor":37,"turns":4},{"damage":11,"enemies":"Gensokyo:AtlasGolem","floor":38,"turns":6},{"damage":45,"enemies":"downfall:FleeingMerchant","floor":39,"turns":4},{"damage":38,"enemies":"downfall:FleeingMerchant","floor":42,"turns":4}],"seed_played":"4538645647007605231","potions_obtained":[{"floor":2,"key":"sneckomod:DiceRollPotion"},{"floor":9,"key":"blueLaboratory:AbyssPotion"},{"floor":10,"key":"SkillPotion"},{"floor":22,"key":"Swift Potion"},{"floor":26,"key":"Toxic Potion"},{"floor":33,"key":"blueLaboratory:EnragingPotion"},{"floor":37,"key":"blueLaboratory:HorrorPotion"}],"is_trial":false,"path_per_floor":["R","M","COS","$","?","M","T","R","M","M","R","M","?","M","M","B",null,"R","$","M","?","M","?","T","R","E","M","T","M","R","M","M","B",null,"R","M","M","M","$","?","T","R"],"character_chosen":"THE_SNECKO","items_purchased":["Mummified Hand","ClockworkSouvenir","sneckomod:UnknownDraw","Gremlin Food","Snack Pack","Grinning Jar","Guardian:GemstoneGun","Centennial Puzzle","Potion Belt"],"campfire_rested":0,"item_purchase_floors":[19,19,19,39,39,39,39,39,39],"current_hp_per_floor":[90,90,90,90,90,90,90,90,90,90,90,90,90,81,81,74,90,90,90,89,89,90,90,90,90,61,61,61,45,45,24,32,15,71,71,40,71,60,15,15,15,0,0,0],"gold":16,"neow_bonus":"RANDOM_EVENT","is_daily":false,"chose_seed":false,"campfire_upgraded":5,"win_rate":0.0,"timestamp":1613581687,"path_taken":["R","M","COS","?","?","M","T","R","M","?","R","?","?","M","M","BOSS","R","$","?","?","M","?","T","R","E","M","?","M","R","M","M","BOSS","R","M","M","M","$","?","T","R"],"items_purchased_type":["Relic","Relic","Card","Relic","Relic","Relic","Relic","Relic","Relic"],"build_version":"2020-12-22","purchased_purges":0,"victory":false,"max_hp_per_floor":[90,90,90,90,90,90,90,90,90,90,90,90,90,90,90,90,90,90,90,90,90,90,90,90,90,90,90,90,90,90,90,90,90,90,90,90,90,90,90,90,90,100,100,100],"card_choices":[{"not_picked":["sneckomod:Rotation","sneckomod:UnknownClassYURI_RED","sneckomod:UnknownCommonSkill"],"picked":"SKIP","floor":2},{"not_picked":["sneckomod:DiceCrush+1","sneckomod:UnknownDraw+1"],"picked":"sneckomod:UnknownCommonAttack+1","floor":4},{"not_picked":["sneckomod:DefensiveFlair","sneckomod:UnknownDraw"],"picked":"sneckomod:WideSting","floor":4},{"not_picked":["sneckomod:Unknown1Cost","sneckomod:TrashToTreasure"],"picked":"sneckomod:Memorize","floor":6},{"not_picked":["sneckomod:QuickMove","sneckomod:UnendingSupply"],"picked":"sneckomod:UnknownUncommonPower","floor":9},{"not_picked":["sneckomod:QuickMove","sneckomod:TrashToTreasure"],"picked":"sneckomod:Unknown1Cost","floor":10},{"not_picked":["sneckomod:SnakeSap","sneckomod:UnknownDraw"],"picked":"sneckomod:SlitherStrike","floor":12},{"not_picked":["sneckomod:QuickBite","sneckomod:UnknownCommonSkill","sneckomod:TrashToTreasure"],"picked":"SKIP","floor":14},{"not_picked":["sneckomod:DangerNoodle","sneckomod:QuickMove","sneckomod:IronFang"],"picked":"SKIP","floor":15},{"not_picked":["sneckomod:Restock","sneckomod:DangerNoodle"],"picked":"sneckomod:SerpentMind","floor":16},{"not_picked":["sneckomod:UnknownX+1","sneckomod:DefensiveFlair"],"picked":"sneckomod:UnknownCommonAttack+1","floor":19},{"not_picked":["sneckomod:UnknownClassYURI_RED","sneckomod:UnknownCommonAttack","sneckomod:UnknownExhaust"],"picked":"SKIP","floor":20},{"not_picked":["sneckomod:UnknownCommonAttack","sneckomod:UnknownDraw"],"picked":"sneckomod:CheapStock","floor":22},{"not_picked":["sneckomod:Unknown0Cost","sneckomod:Rotation"],"picked":"sneckomod:QuickMove+1","floor":26},{"not_picked":["sneckomod:SoulRoll","sneckomod:Nope"],"picked":"sneckomod:UnknownBlock","floor":27},{"not_picked":["sneckomod:DiceBlock","sneckomod:UnknownClassHUNTRESS"],"picked":"sneckomod:UnlimitedRolls","floor":29},{"not_picked":["sneckomod:UnknownClassPassionlip_Purple","sneckomod:TrashToTreasure"],"picked":"sneckomod:SnakeSap+1","floor":31},{"not_picked":["sneckomod:MixItUp","sneckomod:SoulRoll"],"picked":"sneckomod:Unknown2Cost+1","floor":32},{"not_picked":["sneckomod:UnknownClassYURI_RED","sneckomod:UnknownVulnerable+1","sneckomod:UnknownUncommonSkill+1"],"picked":"SKIP","floor":36},{"not_picked":["sneckomod:WideSting","sneckomod:QuickMove+1"],"picked":"sneckomod:SoulDraw+1","floor":37},{"not_picked":["sneckomod:UnknownCommonSkill","sneckomod:SnekBeam","sneckomod:UnknownClassYURI_RED+1"],"picked":"SKIP","floor":38},{"not_picked":["sneckomod:MixItUp","sneckomod:SerpentIdol"],"picked":"sneckomod:UnknownClassHUNTRESS+1","floor":39}],"player_experience":301771,"relics_obtained":[{"floor":7,"key":"Bottled Lightning"},{"floor":14,"key":"Gensokyo:OccultBall"},{"floor":16,"key":"Gensokyo:OccultBall"},{"floor":19,"key":"Gensokyo:OccultBall"},{"floor":24,"key":"The Courier"},{"floor":26,"key":"Gensokyo:OccultBall"},{"floor":26,"key":"Replay:Baseball"},{"floor":28,"key":"Toy Ornithopter"},{"floor":33,"key":"Gensokyo:OccultBall"},{"floor":38,"key":"Gensokyo:OccultBall"}],"event_choices":[],"is_beta":false,"boss_relics":[{"not_picked":["hubris:Backtick","sneckomod:SneckoBoss"],"picked":"sneckomod:SuperSneckoSoul"},{"not_picked":["aspiration:WatcherSkillbook","reliquary:WritOfMandamus"],"picked":"hubris:TerracottaHorce"}],"items_purged_floors":[],"is_endless":false,"potions_floor_spawned":[2,9,10,15,16,22,26,31,32,33,37],"killed_by":"downfall:FleeingMerchant","ascension_level":0}}