{"host":"mvi9b5ih1d2nn41h","time":1613527828,"event":{"mods":["BaseMod","Card Forge","Minty Spire (QoL Compilation)","No Card Rewards","StSLib","UnlockEverythingMod"],"gold_per_floor":[113,128,128,75,75,100,100,100,177,42,81,94,94,117,117,246,246,269,283,298,67,67,101,125,50,50,50,10,10,23,37,37,162,162,180,204,220,220,283,283,317,317,317,348,126,126,6,30,30,30],"floor_reached":51,"language":"ENG","playtime":3492,"items_purged":["Normality","Injury","Normality","Pain"],"score":896,"play_id":"024cf6c3-74bb-4498-930e-baa2ceb31d9c","local_time":"20210216201028","is_ascension_mode":true,"campfire_choices":[{"floor":13,"key":"REST"},{"data":"Apotheosis","floor":15,"key":"SMITH"},{"floor":29,"key":"REST"},{"floor":32,"key":"REST"},{"floor":40,"key":"REST"},{"floor":42,"key":"REST"},{"floor":49,"key":"REST"}],"circlet_count":0,"master_deck":["Electrodynamics+1","Static Discharge+1","Echo Form","Creative AI","Genetic Algorithm","Gash+1","Capacitor","Buffer","Ball Lightning","Rebound","Ball Lightning","Gash","Genetic Algorithm","Apotheosis+1","Leap","Stack","Loop","Necronomicurse","Writhe","Injury","Conserve Battery","Writhe"],"relics":["Cracked Core","Cursed Key","Black Star","Orichalcum","The Courier","Golden Idol","Molten Egg 2","Torii","Vajra","SlaversCollar","Medical Kit","Necronomicon","StoneCalendar","Tiny Chest","PreservedInsect","Anchor","SacredBark","Ornamental Fan","Shovel","Centennial Puzzle","Blood Vial","Happy Flower","Question Card","DataDisk","Lantern"],"acts_visited":["Exordium","TheCity","TheBeyond"],"potions_floor_usage":[6,11,14,16,24,30,30,33,41,48,50],"damage_taken":[{"damage":6,"enemies":"2 Louse","floor":1,"turns":3},{"damage":5,"enemies":"Cultist","floor":2,"turns":3},{"damage":0,"enemies":"Gremlin Nob","floor":6,"turns":3},{"damage":12,"enemies":"3 Sentries","floor":11,"turns":3},{"damage":0,"enemies":"Small Slimes","floor":12,"turns":2},{"damage":0,"enemies":"2 Fungi Beasts","floor":14,"turns":3},{"damage":0,"enemies":"Slime Boss","floor":16,"turns":8},{"damage":14,"enemies":"3 Byrds","floor":18,"turns":4},{"damage":2,"enemies":"Spheric Guardian","floor":19,"turns":3},{"damage":1,"enemies":"3 Cultists","floor":20,"turns":4},{"damage":25,"enemies":"Book of Stabbing","floor":23,"turns":6},{"damage":1,"enemies":"Snecko","floor":24,"turns":5},{"damage":0,"enemies":"Shelled Parasite and Fungi","floor":30,"turns":4},{"damage":26,"enemies":"Cultist and Chosen","floor":31,"turns":6},{"damage":44,"enemies":"Automaton","floor":33,"turns":8},{"damage":9,"enemies":"3 Darklings","floor":35,"turns":4},{"damage":10,"enemies":"Orb Walker","floor":36,"turns":4},{"damage":6,"enemies":"4 Shapes","floor":37,"turns":4},{"damage":17,"enemies":"Mind Bloom Boss Battle","floor":39,"turns":6},{"damage":17,"enemies":"Nemesis","floor":41,"turns":7},{"damage":52,"enemies":"Giant Head","floor":44,"turns":7},{"damage":24,"enemies":"Maw","floor":48,"turns":7},{"damage":36,"enemies":"Donu and Deca","floor":50,"turns":6}],"seed_played":"-7329609533418641554","potions_obtained":[{"floor":1,"key":"AttackPotion"},{"floor":2,"key":"Regen Potion"},{"floor":6,"key":"SkillPotion"},{"floor":11,"key":"Energy Potion"},{"floor":20,"key":"Block Potion"},{"floor":24,"key":"FocusPotion"},{"floor":30,"key":"SteroidPotion"},{"floor":31,"key":"Strength Potion"},{"floor":44,"key":"SkillPotion"},{"floor":48,"key":"DuplicationPotion"}],"is_trial":true,"path_per_floor":["M","M","?","$","?","E","?","?","T","$","E","M","R","M","R","B",null,"M","M","M","$","?","E","M","?","T","T","$","R","M","M","R","B",null,"M","M","M","T","?","R","E","R","T","E","$","?","$","M","R","B",null],"character_chosen":"DEFECT","items_purchased":["Redo","Leap","Stack","Loop","Medical Kit","Fire Potion","Lantern"],"campfire_rested":6,"item_purchase_floors":[4,10,10,21,21,28,45],"current_hp_per_floor":[69,64,85,85,85,85,85,68,68,68,61,61,85,85,85,85,85,71,69,68,68,52,27,26,26,26,26,26,51,51,25,50,6,85,76,66,60,60,43,68,51,76,76,26,26,47,47,25,50,16],"gold":30,"neow_bonus":"","is_daily":false,"chose_seed":true,"campfire_upgraded":1,"win_rate":0.0,"timestamp":1613527828,"path_taken":["M","M","?","?","?","E","?","?","T","?","E","?","R","M","R","BOSS","M","?","M","?","?","E","M","?","T","?","$","R","M","?","R","BOSS","M","M","M","?","?","R","E","R","T","E","$","?","$","M","R","BOSS"],"items_purchased_type":["Card","Card","Card","Card","Relic","Potion","Relic"],"build_version":"2020-12-22","purchased_purges":4,"victory":true,"max_hp_per_floor":[75,75,85,85,85,85,85,85,85,85,85,85,85,85,85,85,85,85,85,85,85,85,85,85,85,85,85,85,85,85,85,85,85,85,85,85,85,85,85,85,85,85,85,85,85,85,85,85,85,85],"card_choices":[{"not_picked":["Rebound+1","Leap"],"picked":"Conserve Battery","floor":39}],"player_experience":190198,"relics_obtained":[{"floor":6,"key":"Orichalcum"},{"floor":6,"key":"The Courier"},{"floor":9,"key":"Molten Egg 2"},{"floor":11,"key":"Torii"},{"floor":11,"key":"Vajra"},{"floor":22,"key":"Necronomicon"},{"floor":23,"key":"StoneCalendar"},{"floor":23,"key":"Tiny Chest"},{"floor":26,"key":"PreservedInsect"},{"floor":27,"key":"Anchor"},{"floor":38,"key":"Ornamental Fan"},{"floor":39,"key":"Shovel"},{"floor":41,"key":"Centennial Puzzle"},{"floor":41,"key":"Blood Vial"},{"floor":43,"key":"Happy Flower"},{"floor":44,"key":"Question Card"},{"floor":44,"key":"DataDisk"}],"event_choices":[{"cards_removed":["Thunder Strike"],"damage_healed":11,"gold_gain":0,"player_choice":"Offered Rare","damage_taken":0,"max_hp_gain":10,"max_hp_loss":0,"event_name":"Bonfire Elementals","floor":3,"gold_loss":0},{"damage_healed":0,"gold_gain":0,"player_choice":"Grow","damage_taken":0,"max_hp_gain":0,"max_hp_loss":0,"event_name":"Living Wall","floor":5,"gold_loss":0,"cards_upgraded":["Static Discharge"]},{"damage_healed":0,"gold_gain":0,"player_choice":"Take Wound","damage_taken":0,"relics_obtained":["Golden Idol"],"max_hp_gain":0,"max_hp_loss":0,"event_name":"Golden Idol","floor":7,"gold_loss":0,"cards_obtained":["Injury"]},{"damage_healed":0,"gold_gain":0,"player_choice":"Entered Light","damage_taken":17,"max_hp_gain":0,"max_hp_loss":0,"event_name":"Shining Light","floor":8,"gold_loss":0,"cards_upgraded":["Gash","Electrodynamics"]},{"damage_healed":0,"gold_gain":0,"player_choice":"Obtained Book","damage_taken":16,"max_hp_gain":0,"max_hp_loss":0,"event_name":"Cursed Tome","floor":22,"gold_loss":0},{"cards_removed":["Redo"],"damage_healed":0,"gold_gain":0,"player_choice":"Gave Gold","damage_taken":0,"max_hp_gain":0,"max_hp_loss":0,"event_name":"Beggar","floor":25,"gold_loss":75},{"damage_healed":0,"gold_gain":0,"player_choice":"Fight","damage_taken":0,"max_hp_gain":0,"max_hp_loss":0,"event_name":"MindBloom","floor":39,"gold_loss":0},{"damage_healed":21,"gold_gain":0,"player_choice":"Writhe","damage_taken":0,"max_hp_gain":0,"max_hp_loss":0,"event_name":"Winding Halls","floor":46,"gold_loss":0,"cards_obtained":["Writhe"]}],"is_beta":false,"boss_relics":[{"not_picked":["Inserter","Velvet Choker"],"picked":"SlaversCollar"},{"not_picked":["Empty Cage","FrozenCore"],"picked":"SacredBark"}],"items_purged_floors":[10,21,45,47],"is_endless":false,"potions_floor_spawned":[1,2,6,11,20,24,30,31,44,48],"ascension_level":1}}