{"host":"sian7qp8a9pc9xwd","time":1613525604,"event":{"mods":["BaseMod","Minty Spire (QoL Compilation)","StSLib","SuperFastMode"],"gold_per_floor":[18,18,31,206,226,226,5,38,38,3,24,24,57,131,131,251,251,269,289,214,214,214,214,247,247,247,247,265,180,208,224,224,224,224],"floor_reached":33,"language":"ENG","playtime":2482,"items_purged":["Doubt"],"score":420,"play_id":"43a21532-880c-4d61-8124-09eece2c91a5","local_time":"20210216203324","is_ascension_mode":true,"campfire_choices":[{"data":"Immolate","floor":6.0,"key":"SMITH"},{"data":"Flame Barrier","floor":15.0,"key":"SMITH"},{"data":"Seeing Red","floor":23.0,"key":"SMITH"},{"data":"J.A.X.","floor":27,"key":"SMITH"},{"data":"Flame Barrier","floor":32,"key":"SMITH"}],"circlet_count":0,"master_deck":["AscendersBane","Strike_R","Strike_R+1","Strike_R","Defend_R+1","Defend_R","Defend_R+1","Bash","Headbutt","Immolate+1","Shrug It Off+1","Flame Barrier+1","Flame Barrier+1","Seeing Red+1","Berserk+1","J.A.X.+1","Decay","Battle Trance"],"relics":["Burning Blood","Bloody Idol","War Paint","Pocketwatch","CaptainsWheel","Frozen Egg 2","Question Card","Orichalcum","Bottled Lightning","Tiny Chest","Red Mask"],"acts_visited":["Exordium","TheCity"],"potions_floor_usage":[33,33],"damage_taken":[{"damage":0.0,"enemies":"2 Louse","floor":1.0,"turns":1.0},{"damage":3.0,"enemies":"Small Slimes","floor":3.0,"turns":2.0},{"damage":12.0,"enemies":"Jaw Worm","floor":5.0,"turns":3.0},{"damage":12.0,"enemies":"3 Sentries","floor":8.0,"turns":3.0},{"damage":10.0,"enemies":"Large Slime","floor":11.0,"turns":4.0},{"damage":4.0,"enemies":"Lagavulin","floor":13.0,"turns":4.0},{"damage":11.0,"enemies":"Lagavulin Event","floor":14.0,"turns":4.0},{"damage":20.0,"enemies":"The Guardian","floor":16.0,"turns":12.0},{"damage":0.0,"enemies":"Chosen","floor":18.0,"turns":5.0},{"damage":0.0,"enemies":"Spheric Guardian","floor":19.0,"turns":5.0},{"damage":37,"enemies":"Slavers","floor":24,"turns":2},{"damage":10,"enemies":"3 Cultists","floor":28,"turns":3},{"damage":4,"enemies":"Masked Bandits","floor":30,"turns":2},{"damage":6,"enemies":"Shelled Parasite and Fungi","floor":31,"turns":4},{"damage":58,"enemies":"Automaton","floor":33,"turns":8}],"seed_played":"-4462331005907700759","potions_obtained":[{"floor":3.0,"key":"ElixirPotion"},{"floor":11.0,"key":"CultistPotion"},{"floor":13.0,"key":"Ancient Potion"},{"floor":14.0,"key":"ColorlessPotion"},{"floor":18.0,"key":"BlessingOfTheForge"},{"floor":19.0,"key":"SpeedPotion"}],"is_trial":false,"path_per_floor":["M","?","M","?","M","R","$","E","T","?","M","?","E","?","R","B",null,"M","M","?","?","?","R","E","?","T","R","M","?","?","M","R","B"],"character_chosen":"IRONCLAD","items_purchased":["War Paint"],"campfire_rested":0,"item_purchase_floors":[7],"current_hp_per_floor":[78,58,61,61,55,55,55,49,49,69,65,49,51,46,46,32,68,74,80,80,80,80,80,54,54,54,54,55,55,62,67,67,9,9],"gold":224,"neow_bonus":"TRANSFORM_TWO_CARDS","is_daily":false,"chose_seed":false,"campfire_upgraded":5,"win_rate":0.0,"timestamp":1613525604,"path_taken":["M","?","M","?","M","R","$","E","T","?","M","?","E","?","R","BOSS","M","M","?","?","?","R","E","?","T","R","?","?","?","?","R","BOSS"],"items_purchased_type":["Relic"],"build_version":"2020-12-22","purchased_purges":1,"victory":false,"max_hp_per_floor":[80,80,80,80,80,80,80,80,80,80,80,80,80,80,80,80,80,80,80,80,80,80,80,80,80,80,80,80,80,80,80,80,80,80],"card_choices":[{"not_picked":["Perfected Strike","Headbutt"],"picked":"Shrug It Off","floor":1.0},{"not_picked":["Anger","Heavy Blade"],"picked":"Flame Barrier","floor":3.0},{"not_picked":["Wild Strike","Rupture","Thunderclap"],"picked":"SKIP","floor":5.0},{"not_picked":["Fire Breathing","Havoc"],"picked":"Flame Barrier","floor":8.0},{"not_picked":["Pommel Strike","Metallicize"],"picked":"Seeing Red","floor":11.0},{"not_picked":["Sword Boomerang","Burning Pact","Pommel Strike"],"picked":"SKIP","floor":13.0},{"not_picked":["Immolate","Brutality+1","Feed"],"picked":"Berserk+1","floor":16.0},{"not_picked":["Iron Wave","Pommel Strike","Reckless Charge+1","Sever Soul"],"picked":"SKIP","floor":18.0},{"not_picked":["Feel No Pain+1","Clash+1","Thunderclap","Perfected Strike"],"picked":"SKIP","floor":19.0},{"not_picked":["Cleave","Corruption+1","Anger","Blood for Blood"],"picked":"SKIP","floor":24},{"not_picked":["Intimidate","Heavy Blade","Uppercut"],"picked":"Battle Trance","floor":28},{"not_picked":["Reckless Charge+1","Iron Wave","Headbutt","Rupture+1"],"picked":"SKIP","floor":31}],"player_experience":992529,"relics_obtained":[{"floor":8.0,"key":"Pocketwatch"},{"floor":9.0,"key":"CaptainsWheel"},{"floor":13.0,"key":"Frozen Egg 2"},{"floor":14.0,"key":"Question Card"},{"floor":24,"key":"Orichalcum"},{"floor":26,"key":"Bottled Lightning"},{"floor":30,"key":"Red Mask"}],"event_choices":[{"damage_healed":0.0,"max_hp_gain":0.0,"max_hp_loss":0.0,"gold_gain":0.0,"event_name":"Golden Idol","player_choice":"Take Damage","floor":2.0,"gold_loss":0.0,"damage_taken":20.0,"relics_obtained":["Golden Idol"]},{"damage_healed":0.0,"max_hp_gain":0.0,"max_hp_loss":0.0,"gold_gain":175.0,"event_name":"Liars Game","player_choice":"AGREE","floor":4.0,"gold_loss":0.0,"damage_taken":0.0,"cards_obtained":["Doubt"]},{"damage_healed":20.0,"max_hp_gain":0.0,"max_hp_loss":0.0,"gold_gain":0.0,"event_name":"The Cleric","player_choice":"Healed","floor":10.0,"gold_loss":35.0,"damage_taken":0.0},{"damage_healed":0.0,"max_hp_gain":0.0,"max_hp_loss":0.0,"gold_gain":0.0,"event_name":"Shining Light","player_choice":"Entered Light","floor":12.0,"gold_loss":0.0,"damage_taken":16.0,"cards_upgraded":["Strike_R","Shrug It Off"]},{"damage_healed":0.0,"max_hp_gain":0.0,"max_hp_loss":0.0,"gold_gain":0.0,"event_name":"Dead Adventurer","player_choice":"Searched \u00272\u0027 times","floor":14.0,"gold_loss":0.0,"damage_taken":0.0},{"cards_removed":["Strike_R"],"damage_healed":0.0,"max_hp_gain":0.0,"max_hp_loss":0.0,"gold_gain":0.0,"event_name":"Beggar","player_choice":"Gave Gold","floor":20.0,"gold_loss":75.0,"damage_taken":0.0},{"damage_healed":0.0,"max_hp_gain":0.0,"max_hp_loss":0.0,"gold_gain":0.0,"event_name":"Forgotten Altar","player_choice":"Gave Idol","floor":21.0,"relics_lost":["Golden Idol"],"gold_loss":0.0,"damage_taken":0.0,"relics_obtained":["Bloody Idol"]},{"damage_healed":0.0,"max_hp_gain":0.0,"max_hp_loss":0.0,"gold_gain":0.0,"event_name":"Drug Dealer","player_choice":"Obtain J.A.X.","floor":22.0,"gold_loss":0.0,"damage_taken":0.0,"cards_obtained":["J.A.X."]},{"damage_healed":0,"gold_gain":0,"player_choice":"Cursed","damage_taken":0,"max_hp_gain":0,"max_hp_loss":0,"event_name":"Wheel of Change","floor":25,"gold_loss":0,"cards_obtained":["Decay"]},{"damage_healed":0,"gold_gain":0,"player_choice":"Obtained Relic","damage_taken":0,"relics_obtained":["Tiny Chest"],"max_hp_gain":0,"max_hp_loss":0,"event_name":"Addict","floor":29,"gold_loss":85},{"damage_healed":0,"gold_gain":0,"player_choice":"Fought Bandits","damage_taken":0,"max_hp_gain":0,"max_hp_loss":0,"event_name":"Masked Bandits","floor":30,"gold_loss":0}],"is_beta":false,"boss_relics":[{"not_picked":["Ectoplasm","Philosopher\u0027s Stone","Fusion Hammer"]}],"items_purged_floors":[7],"is_endless":false,"potions_floor_spawned":[3,11,13,14,18,19,24],"killed_by":"Automaton","ascension_level":11}}