{"host":"hrvs05np4ys7itky","time":1613532398,"event":{"mods":["BaseMod","Colored Map","Colored Powertips","Downfall","Emptier Cage","Hermit","Highlight Path","Minty Spire (QoL Compilation)","Permanent Neow","Rare Cards Sparkle","Relic Stats","StSLib","everything is the same but u backflip on backflip"],"gold_per_floor":[114,61,61,80,80,80,111,111,111,136,136,148,160,180,180,180,180],"floor_reached":16,"language":"ENG","playtime":682,"items_purged":[],"score":187,"play_id":"816816f1-06df-4b50-85cd-f078db005078","local_time":"20210216222638","is_ascension_mode":true,"campfire_choices":[{"data":"True Grit","floor":6,"key":"SMITH"},{"data":"Perfected Strike","floor":8,"key":"SMITH"},{"floor":15,"key":"REST"}],"circlet_count":0,"master_deck":["AscendersBane","Strike_R","Strike_R","Strike_R","Strike_R+1","Defend_R","Defend_R+1","Defend_R","Perfected Strike","Perfected Strike+1","Wild Strike","True Grit+1","True Grit","Evolve","Warcry","Inflame"],"relics":["Burning Blood","Bird Faced Urn","Pear","Ancient Tea Set"],"acts_visited":["Exordium"],"potions_floor_usage":[7,14,16],"damage_taken":[{"damage":1,"enemies":"Cultist","floor":1,"turns":3},{"damage":7,"enemies":"Jaw Worm","floor":4,"turns":3},{"damage":18,"enemies":"3 Sentries","floor":7,"turns":6},{"damage":27,"enemies":"Gremlin Nob","floor":10,"turns":4},{"damage":0,"enemies":"Small Slimes","floor":12,"turns":3},{"damage":10,"enemies":"3 Louse","floor":13,"turns":4},{"damage":20,"enemies":"Exordium Wildlife","floor":14,"turns":6},{"damage":42,"enemies":"Hexaghost","floor":16,"turns":11}],"seed_played":"1708121967135513183","potions_obtained":[{"floor":7,"key":"BloodPotion"},{"floor":10,"key":"Weak Potion"},{"floor":12,"key":"hexamod:SoulburnPotion"}],"is_trial":false,"path_per_floor":["M","$","?","M","?","R","E","R","T","E","?","M","M","M","R","B"],"character_chosen":"IRONCLAD","items_purchased":["True Grit"],"campfire_rested":1,"item_purchase_floors":[2],"current_hp_per_floor":[55,55,55,54,39,39,42,42,52,31,24,30,26,14,39,1,1],"gold":180,"neow_bonus":"TRANSFORM_TWO_CARDS","is_daily":false,"chose_seed":false,"campfire_upgraded":2,"win_rate":0.0,"timestamp":1613532398,"path_taken":["M","$","?","M","?","R","E","R","T","E","?","M","M","M","R","BOSS"],"items_purchased_type":["Card"],"build_version":"2020-12-22","purchased_purges":0,"victory":false,"max_hp_per_floor":[75,75,75,75,75,75,75,75,85,85,85,85,85,85,85,85,85],"relic_stats":{"counters":[8,40],"Bird Faced Urn":[6],"obtain_stats":[{"Pear":9,"Bird Faced Urn":7,"Ancient Tea Set":10,"Burning Blood":0},{"Pear":3,"Bird Faced Urn":3,"Ancient Tea Set":4,"Burning Blood":0},{"Pear":12,"Bird Faced Urn":12,"Ancient Tea Set":16,"Burning Blood":0}],"Burning Blood":42},"card_choices":[{"not_picked":["Clothesline","Perfected Strike"],"picked":"Wild Strike","floor":1},{"not_picked":["Blood for Blood","Thunderclap"],"picked":"True Grit","floor":4},{"not_picked":["Warcry","Second Wind","Sever Soul"],"picked":"SKIP","floor":7},{"not_picked":["Pummel","Thunderclap","Reckless Charge"],"picked":"SKIP","floor":10},{"not_picked":["Warcry","Dropkick"],"picked":"Evolve","floor":12},{"not_picked":["Uppercut","Perfected Strike"],"picked":"Warcry","floor":13},{"not_picked":["Iron Wave","True Grit"],"picked":"Inflame","floor":14}],"player_experience":1094941,"relics_obtained":[{"floor":7,"key":"Bird Faced Urn"},{"floor":9,"key":"Pear"},{"floor":10,"key":"Ancient Tea Set"}],"event_choices":[{"damage_healed":0,"gold_gain":0,"player_choice":"Ignored","damage_taken":0,"max_hp_gain":0,"max_hp_loss":0,"event_name":"Liars Game","floor":3,"gold_loss":0},{"damage_healed":0,"gold_gain":0,"player_choice":"Entered Light","damage_taken":15,"max_hp_gain":0,"max_hp_loss":0,"event_name":"Shining Light","floor":5,"gold_loss":0,"cards_upgraded":["Defend_R","Strike_R"]},{"cards_removed":["Bash"],"damage_healed":0,"gold_gain":0,"player_choice":"Card Removal","damage_taken":7,"max_hp_gain":0,"max_hp_loss":0,"event_name":"Golden Wing","floor":11,"gold_loss":0}],"is_beta":false,"boss_relics":[],"items_purged_floors":[],"is_endless":false,"potions_floor_spawned":[7,10,12],"killed_by":"Hexaghost","ascension_level":14}}