{"host":"sav7uxregyirlf69","time":1613572341,"event":{"mods":["AchievementEnabler","BaseMod","Colored Map","DeckTracker","Keyboard Shortcuts","Minty Spire (QoL Compilation)","READ ME - Guardian Mod","StSLib","SuperFastMode"],"gold_per_floor":[117,117,129,141,23,23,43,58,58,58,78,58,78,90,90,169,169,187,187,187,199,199,199,199],"floor_reached":23,"language":"KOR","playtime":438,"items_purged":["Pain"],"score":370,"play_id":"47b61b7e-8c14-45e1-a6a2-ca7cdf7c62b1","local_time":"20210217233221","is_ascension_mode":true,"campfire_choices":[{"data":"Crippling Poison","floor":6,"key":"SMITH"},{"data":"Neutralize","floor":10,"key":"SMITH"},{"data":"Phantasmal Killer","floor":15,"key":"SMITH"}],"circlet_count":0,"master_deck":["AscendersBane","Strike_G","Strike_G","Strike_G","Strike_G","Defend_G","Defend_G","Defend_G","Defend_G","Defend_G","Survivor","Neutralize+1","Bouncing Flask","Cloak And Dagger","Crippling Poison+1","All Out Attack","Blur","Phantasmal Killer+1","Adrenaline","Adrenaline","Backflip","Reflex"],"relics":["Ring of the Snake","Orichalcum","WarpedTongs","Question Card","Busted Crown"],"acts_visited":["Exordium","TheCity"],"potions_floor_usage":[13,16,16,23],"damage_taken":[{"damage":3,"enemies":"2 Louse","floor":1,"turns":3},{"damage":5,"enemies":"Cultist","floor":3,"turns":4},{"damage":6,"enemies":"Small Slimes","floor":4,"turns":6},{"damage":8,"enemies":"Gremlin Gang","floor":7,"turns":4},{"damage":2,"enemies":"Blue Slaver","floor":8,"turns":3},{"damage":4,"enemies":"Looter","floor":11,"turns":4},{"damage":0,"enemies":"Gremlin Gang","floor":13,"turns":4},{"damage":4,"enemies":"2 Fungi Beasts","floor":14,"turns":2},{"damage":20,"enemies":"Slime Boss","floor":16,"turns":7},{"damage":1,"enemies":"3 Byrds","floor":18,"turns":4},{"damage":3,"enemies":"2 Thieves","floor":21,"turns":4},{"damage":50,"enemies":"Gremlin Leader","floor":23,"turns":6}],"seed_played":"-3924580668665347397","potions_obtained":[{"floor":1,"key":"Weak Potion"},{"floor":8,"key":"Poison Potion"},{"floor":13,"key":"CunningPotion"},{"floor":14,"key":"DistilledChaos"},{"floor":21,"key":"SkillPotion"}],"is_trial":false,"path_per_floor":["M","?","M","M","$","R","M","M","T","R","M","?","M","M","R","B",null,"M","?","?","M","?","E"],"character_chosen":"THE_SILENT","items_purchased":["All Out Attack"],"campfire_rested":0,"item_purchase_floors":[5],"current_hp_per_floor":[56,56,51,45,45,45,37,35,35,35,31,31,31,27,27,7,51,50,50,50,47,47,0,0],"gold":199,"neow_bonus":"RANDOM_COMMON_RELIC","is_daily":false,"chose_seed":false,"campfire_upgraded":3,"win_rate":0.0,"timestamp":1613572341,"path_taken":["M","?","?","M","?","R","M","M","T","R","M","?","?","M","R","BOSS","M","?","?","?","?","E"],"items_purchased_type":["Card"],"build_version":"2020-12-22","purchased_purges":1,"victory":false,"max_hp_per_floor":[66,66,66,66,66,66,66,66,66,66,66,66,66,66,66,66,66,66,66,66,66,66,66,66],"card_choices":[{"not_picked":["Outmaneuver","Riddle With Holes"],"picked":"Bouncing Flask","floor":1},{"not_picked":["Setup","Endless Agony"],"picked":"Cloak And Dagger","floor":3},{"not_picked":["Blade Dance","Bane"],"picked":"Crippling Poison","floor":4},{"not_picked":["All Out Attack","Blade Dance","Sucker Punch"],"picked":"SKIP","floor":7},{"not_picked":["Prepared","Endless Agony","Dagger Throw"],"picked":"SKIP","floor":8},{"not_picked":["Flying Knee","PiercingWail","Slice"],"picked":"Blur","floor":11},{"not_picked":["Leg Sweep","Concentrate","Flying Knee","Acrobatics"],"picked":"SKIP","floor":13},{"not_picked":["Dodge and Roll","Acrobatics","Quick Slash"],"picked":"Phantasmal Killer","floor":14},{"not_picked":["Glass Knife","Tools of the Trade","Burst"],"picked":"Adrenaline","floor":16},{"not_picked":["Outmaneuver","Prepared"],"picked":"SKIP","floor":18},{"not_picked":["Dodge and Roll"],"picked":"Backflip","floor":21}],"player_experience":1599261,"relics_obtained":[{"floor":9,"key":"Question Card"}],"event_choices":[{"damage_healed":0,"gold_gain":0,"player_choice":"Rummage","damage_taken":0,"relics_obtained":["WarpedTongs"],"max_hp_gain":0,"max_hp_loss":0,"event_name":"Accursed Blacksmith","floor":2,"gold_loss":0,"cards_obtained":["Pain"]},{"damage_healed":0,"gold_gain":0,"player_choice":"Bought 1 Potion","damage_taken":0,"max_hp_gain":0,"max_hp_loss":0,"event_name":"The Woman in Blue","floor":12,"gold_loss":0},{"damage_healed":0,"gold_gain":0,"player_choice":"Ignored","damage_taken":0,"max_hp_gain":0,"max_hp_loss":0,"event_name":"Cursed Tome","floor":19,"gold_loss":0},{"damage_healed":0,"gold_gain":0,"cards_transformed":["Strike_G"],"player_choice":"Transformed","damage_taken":0,"max_hp_gain":0,"max_hp_loss":0,"event_name":"Transmorgrifier","floor":20,"gold_loss":0,"cards_obtained":["Adrenaline"]},{"damage_healed":0,"gold_gain":0,"player_choice":"Read","damage_taken":0,"max_hp_gain":0,"max_hp_loss":0,"event_name":"The Library","floor":22,"gold_loss":0,"cards_obtained":["Reflex"]}],"is_beta":false,"boss_relics":[{"not_picked":["WristBlade","Velvet Choker"],"picked":"Busted Crown"}],"items_purged_floors":[5],"is_endless":false,"potions_floor_spawned":[1,8,13,14,21],"killed_by":"Gremlin Leader","ascension_level":20}}