{"host":"v3uiz0f6o9fje2a8","time":1613594429,"event":{"mods":["AchievementEnabler","Act Like it!","BaseMod","Block Reminder","Colored Map","Colored Powertips","Downfall","Infinite Spire","Jorbs\u0027s Wanderer Trilogy","Minty Spire (QoL Compilation)","Rare Cards Sparkle","Robot Space Explorer","StSLib","The Hierophant","The Marked","The Runesmith"],"gold_per_floor":[366,366,366,366,382,382,54,54,54,73,89,89,20,34,34,130,130,143,143,242,242,242,242],"floor_reached":22,"language":"ENG","playtime":740,"items_purged":[],"score":172,"play_id":"2ad6a7ed-74ff-4069-8db5-39d1612e2337","local_time":"20210217204029","is_ascension_mode":false,"campfire_choices":[{"data":"Lockon","floor":6,"key":"SMITH"},{"data":"White Noise","floor":8,"key":"SMITH"},{"floor":15,"key":"REST"}],"circlet_count":0,"master_deck":["Strike_B","Strike_B","Strike_B","Defend_B","Defend_B","Defend_B","Defend_B","Zap","Dualcast","Lockon+1","Capacitor","Heatsinks","White Noise+1","Undo","Thunder Strike","Sweeping Beam","Heatsinks+1","Defragment","Beam Cell","Creative AI+1","Steam"],"relics":["Cracked Core","Toy Ornithopter","Blue Candle","Bottled Lightning","Empty Cage","MutagenicStrength"],"acts_visited":["Exordium","TheCity"],"potions_floor_usage":[16,16,16,16,18,18],"damage_taken":[{"damage":6,"enemies":"Cultist","floor":1,"turns":3},{"damage":9,"enemies":"Small Slimes","floor":5,"turns":3},{"damage":10,"enemies":"2 Louse","floor":10,"turns":4},{"damage":1,"enemies":"Large Slime","floor":11,"turns":4},{"damage":28,"enemies":"Looter","floor":14,"turns":4},{"damage":14,"enemies":"Slime Boss","floor":16,"turns":7},{"damage":64,"enemies":"Spheric Guardian","floor":18,"turns":9},{"damage":27,"enemies":"3 Byrds","floor":22,"turns":2}],"seed_played":"-3412163833991187257","potions_obtained":[{"floor":1,"key":"Explosive Potion"},{"floor":11,"key":"Strength Potion"},{"floor":14,"key":"AttackPotion"},{"floor":16,"key":"EntropicBrew"}],"is_trial":false,"path_per_floor":["M","?","?","?","M","R","$","R","T","M","M","?","$","M","R","B",null,"M","?","?","?","M"],"character_chosen":"DEFECT","items_purchased":["Heatsinks","White Noise","Undo","Thunder Strike","Defragment"],"campfire_rested":1,"item_purchase_floors":[7,7,7,7,13],"current_hp_per_floor":[69,69,69,64,55,55,55,55,55,45,44,44,44,16,38,44,75,21,21,21,21,0,0],"gold":242,"neow_bonus":"TWO_FIFTY_GOLD","is_daily":false,"chose_seed":false,"campfire_upgraded":2,"win_rate":0.0,"timestamp":1613594429,"path_taken":["M","?","?","?","M","R","$","R","T","M","M","?","?","M","R","BOSS","M","?","?","?","?"],"items_purchased_type":["Card","Card","Card","Card","Card"],"build_version":"2020-12-22","purchased_purges":0,"victory":false,"max_hp_per_floor":[75,75,75,75,75,75,75,75,75,75,75,75,75,75,75,75,75,75,75,75,75,75,75],"card_choices":[{"not_picked":["Turbo","Fusion"],"picked":"Lockon","floor":1},{"not_picked":["Glacier","Blizzard"],"picked":"Capacitor","floor":5},{"not_picked":["Cold Snap","Ball Lightning"],"picked":"Sweeping Beam","floor":10},{"not_picked":["Conserve Battery","Steam"],"picked":"Heatsinks","floor":11},{"not_picked":["Ball Lightning","Turbo"],"picked":"Beam Cell","floor":14},{"not_picked":["Fission","Rainbow"],"picked":"Creative AI","floor":16},{"not_picked":["Conserve Battery","Hologram+1"],"picked":"Steam","floor":18}],"player_experience":74477,"relics_obtained":[{"floor":3,"key":"Toy Ornithopter"},{"floor":9,"key":"Bottled Lightning"}],"event_choices":[{"damage_healed":0,"gold_gain":0,"player_choice":"Grow","damage_taken":0,"max_hp_gain":0,"max_hp_loss":0,"event_name":"Living Wall","floor":12,"gold_loss":0,"cards_upgraded":["Heatsinks"]},{"damage_healed":0,"gold_gain":0,"player_choice":"Inject Mutagens","damage_taken":0,"relics_obtained":["MutagenicStrength"],"max_hp_gain":0,"max_hp_loss":0,"event_name":"Drug Dealer","floor":19,"gold_loss":0},{"damage_healed":0,"gold_gain":99,"player_choice":"Stole From Cult","damage_taken":0,"max_hp_gain":0,"max_hp_loss":0,"event_name":"Nest","floor":20,"gold_loss":0},{"damage_healed":0,"gold_gain":0,"player_choice":"Forge","damage_taken":0,"max_hp_gain":0,"max_hp_loss":0,"event_name":"Accursed Blacksmith","floor":21,"gold_loss":0,"cards_upgraded":["Creative AI"]}],"is_beta":false,"boss_relics":[{"not_picked":["SlaversCollar","Runic Dome"],"picked":"Empty Cage"}],"items_purged_floors":[],"is_endless":false,"potions_floor_spawned":[1,11,14,16],"killed_by":"3 Byrds","ascension_level":0}}