{"host":"5hsgormuu0lj4iiq","time":1613531118,"event":{"mods":["AchievementEnabler","BaseMod","Colored Map","Colored Powertips","Minty Spire (QoL Compilation)","Quick Restart","Relic Stats","SuperFastMode","everything is the same but u backflip on backflip","slay the spire mod where everything is the same but ironclad has a cowboy hat"],"gold_per_floor":[119,194,206,222,1,29,29,29,29],"floor_reached":8,"language":"ENG","playtime":192,"items_purged":[],"score":92,"play_id":"e5312167-cc3b-4711-9a65-c954141ca9fc","local_time":"20210216220518","is_ascension_mode":true,"campfire_choices":[{"data":"Glacier","floor":7,"key":"SMITH"}],"circlet_count":0,"master_deck":["AscendersBane","Strike_B","Strike_B","Strike_B","Strike_B","Defend_B","Defend_B","Defend_B","Defend_B","Zap","Dualcast","Leap","FTL","Doom and Gloom","Glacier+1"],"relics":["Cracked Core","NeowsBlessing","ClockworkSouvenir","Eternal Feather"],"acts_visited":["Exordium"],"potions_floor_usage":[],"damage_taken":[{"damage":0,"enemies":"Small Slimes","floor":1,"turns":1},{"damage":0,"enemies":"2 Louse","floor":3,"turns":1},{"damage":0,"enemies":"Cultist","floor":4,"turns":1},{"damage":41,"enemies":"Gremlin Nob","floor":6,"turns":5},{"damage":16,"enemies":"Lagavulin","floor":8,"turns":4}],"seed_played":"7293994754079219339","potions_obtained":[],"is_trial":false,"path_per_floor":["M","?","M","M","$","E","R","E"],"character_chosen":"DEFECT","items_purchased":["Doom and Gloom","ClockworkSouvenir"],"campfire_rested":0,"item_purchase_floors":[5,5],"current_hp_per_floor":[68,57,57,57,57,16,25,9,9],"gold":29,"neow_bonus":"THREE_ENEMY_KILL","is_daily":false,"chose_seed":false,"campfire_upgraded":1,"win_rate":0.0,"timestamp":1613531118,"path_taken":["M","?","M","M","$","E","R","E"],"items_purchased_type":["Card","Relic"],"build_version":"2020-12-22","purchased_purges":0,"victory":false,"max_hp_per_floor":[75,75,75,75,75,75,75,75,75],"relic_stats":{"counters":[5,12],"Eternal Feather":9,"obtain_stats":[{"NeowsBlessing":0,"Eternal Feather":6,"Cracked Core":0,"ClockworkSouvenir":5},{"NeowsBlessing":0,"Eternal Feather":4,"Cracked Core":0,"ClockworkSouvenir":3},{"NeowsBlessing":0,"Eternal Feather":8,"Cracked Core":0,"ClockworkSouvenir":3}]},"card_choices":[{"not_picked":["Barrage","Turbo"],"picked":"Leap","floor":1},{"not_picked":["Lockon","Rebound"],"picked":"FTL","floor":3},{"not_picked":["Scrape","Beam Cell","Barrage"],"picked":"SKIP","floor":4},{"not_picked":["Stack","Self Repair"],"picked":"Glacier","floor":6}],"player_experience":744616,"relics_obtained":[{"floor":6,"key":"Eternal Feather"}],"event_choices":[{"damage_healed":0,"gold_gain":75,"player_choice":"Gather Gold","damage_taken":11,"max_hp_gain":0,"max_hp_loss":0,"event_name":"World of Goop","floor":2,"gold_loss":0}],"is_beta":false,"boss_relics":[],"items_purged_floors":[],"is_endless":false,"potions_floor_spawned":[],"killed_by":"Lagavulin","ascension_level":13}}