{"host":"vlqej45p0v31lhdi","time":1613561404,"event":{"mods":["AchievementEnabler","BaseMod","Bestiary","Colored Powertips","Minty Spire (QoL Compilation)","Relic Stats"],"gold_per_floor":[119,134,284,296,311,311,337,337,337,374,374,354,379,405,405,487,487,515,103,153,153,174,174,213,213,260,260,300,319,331,9,9,94,94,119,139,139,11,30,71,71,133,142,156,156,52,63,89,89,89],"floor_reached":51,"language":"ENG","playtime":11852,"items_purged":["Doubt","Regret"],"score":1418,"play_id":"71ec1147-665f-435e-95d5-3be57c6dbd91","local_time":"20210217053004","is_ascension_mode":true,"campfire_choices":[{"data":"Corruption","floor":6.0,"key":"SMITH"},{"data":"Shockwave","floor":8.0,"key":"SMITH"},{"data":"Feel No Pain","floor":15.0,"key":"SMITH"},{"data":"Whirlwind","floor":23.0,"key":"SMITH"},{"floor":25.0,"key":"REST"},{"data":"Uppercut","floor":27.0,"key":"SMITH"},{"data":"Apotheosis","floor":32.0,"key":"SMITH"},{"data":"Offering","floor":41.0,"key":"SMITH"},{"data":"True Grit","floor":49.0,"key":"SMITH"}],"circlet_count":0,"master_deck":["AscendersBane","Strike_R","Strike_R","Strike_R","Strike_R","Defend_R","Defend_R","Defend_R","Defend_R","Bash","Twin Strike","Shockwave+1","Disarm","Corruption+1","Flame Barrier","Shrug It Off+1","Uppercut+1","Feel No Pain+1","Reaper","Cleave","Feel No Pain","Second Wind","Spot Weakness+1","Metallicize","Twin Strike","Shrug It Off","Whirlwind+1","Battle Trance","Reaper","True Grit+1","Apotheosis+1","Feel No Pain","Burning Pact","Feel No Pain","Shrug It Off","Offering+1","Inflame","True Grit+1","Sentinel","Spot Weakness","True Grit+1","Metallicize","Reaper"],"relics":["Burning Blood","NeowsBlessing","StrikeDummy","Question Card","CeramicFish","Philosopher\u0027s Stone","Orrery","War Paint","The Courier","Potion Belt","Cursed Key","Strange Spoon","Singing Bowl","Ginger","Torii"],"acts_visited":["Exordium","TheCity","TheBeyond"],"potions_floor_usage":[50],"damage_taken":[{"damage":0.0,"enemies":"Cultist","floor":1.0,"turns":1.0},{"damage":0.0,"enemies":"Small Slimes","floor":2.0,"turns":1.0},{"damage":0.0,"enemies":"2 Louse","floor":4.0,"turns":1.0},{"damage":9.0,"enemies":"2 Fungi Beasts","floor":5.0,"turns":4.0},{"damage":29.0,"enemies":"Lagavulin","floor":7.0,"turns":8.0},{"damage":19.0,"enemies":"Gremlin Nob","floor":10.0,"turns":4.0},{"damage":11.0,"enemies":"Large Slime","floor":13.0,"turns":3.0},{"damage":10.0,"enemies":"Exordium Thugs","floor":14.0,"turns":5.0},{"damage":15.0,"enemies":"Hexaghost","floor":16.0,"turns":10.0},{"damage":19.0,"enemies":"Spheric Guardian","floor":18.0,"turns":6.0},{"damage":18.0,"enemies":"3 Byrds","floor":22.0,"turns":5.0},{"damage":31.0,"enemies":"Slavers","floor":24.0,"turns":3.0},{"damage":20.0,"enemies":"Book of Stabbing","floor":28.0,"turns":7.0},{"damage":32.0,"enemies":"Snecko","floor":29.0,"turns":7.0},{"damage":3.0,"enemies":"Sentry and Sphere","floor":30.0,"turns":6.0},{"damage":44.0,"enemies":"Collector","floor":33.0,"turns":12.0},{"damage":24.0,"enemies":"Orb Walker","floor":35.0,"turns":8.0},{"damage":41.0,"enemies":"3 Shapes","floor":36.0,"turns":10.0},{"damage":22.0,"enemies":"3 Darklings","floor":39.0,"turns":7.0},{"damage":23.0,"enemies":"Giant Head","floor":40.0,"turns":7.0},{"damage":62.0,"enemies":"2 Orb Walkers","floor":42.0,"turns":8.0},{"damage":22.0,"enemies":"4 Shapes","floor":44.0,"turns":11.0},{"damage":0.0,"enemies":"Reptomancer","floor":45.0,"turns":2.0},{"damage":82.0,"enemies":"Transient","floor":47.0,"turns":6.0},{"damage":22.0,"enemies":"Maw","floor":48.0,"turns":7.0},{"damage":94,"enemies":"Time Eater","floor":50,"turns":13}],"seed_played":"2482626505119652714","potions_obtained":[{"floor":2.0,"key":"Energy Potion"},{"floor":7.0,"key":"SpeedPotion"},{"floor":12.0,"key":"Swift Potion"},{"floor":13.0,"key":"Fire Potion"},{"floor":16.0,"key":"AttackPotion"},{"floor":22.0,"key":"AttackPotion"},{"floor":24.0,"key":"EssenceOfSteel"},{"floor":28.0,"key":"Regen Potion"},{"floor":33.0,"key":"SmokeBomb"},{"floor":35.0,"key":"Block Potion"},{"floor":37.0,"key":"AttackPotion"},{"floor":37.0,"key":"GamblersBrew"},{"floor":39.0,"key":"SneckoOil"},{"floor":40.0,"key":"Energy Potion"},{"floor":47.0,"key":"Strength Potion"},{"floor":48.0,"key":"DistilledChaos"}],"is_trial":false,"path_per_floor":["M","M","?","M","M","R","E","R","T","E","?","?","M","M","R","B",null,"M","$","?","?","M","R","E","R","T","R","E","M","M","$","R","B",null,"M","M","?","$","M","E","R","?","T","M","E","$","M","M","R","B",null],"character_chosen":"IRONCLAD","items_purchased":["Orrery","Shrug It Off","War Paint","Apotheosis","Feel No Pain","Burning Pact","Feel No Pain","Shrug It Off","Strange Spoon","Metallicize"],"campfire_rested":1,"item_purchase_floors":[19,19,19,31,31,31,31,31,38,46],"current_hp_per_floor":[74,75,75,75,72,72,49,49,49,36,29,29,24,20,20,11,59,49,49,49,49,45,45,20,42,42,42,28,39,57,57,57,42,67,66,62,62,62,75,75,75,29,29,60,77,77,40,47,47,71],"gold":89,"neow_bonus":"THREE_ENEMY_KILL","is_daily":false,"chose_seed":false,"campfire_upgraded":8,"win_rate":0.0,"timestamp":1613561404,"path_taken":["M","?","?","M","M","R","E","R","T","E","?","?","?","M","R","BOSS","M","$","?","?","M","R","E","R","T","R","E","M","M","$","R","BOSS","M","M","?","?","M","E","R","?","T","M","E","?","M","?","R","BOSS"],"items_purchased_type":["Relic","Card","Relic","Card","Card","Card","Card","Card","Relic","Card"],"build_version":"2020-12-22","purchased_purges":2,"victory":true,"max_hp_per_floor":[75,75,75,75,75,75,75,75,75,75,75,75,75,75,75,75,75,75,75,75,75,75,75,75,75,75,75,75,75,75,75,75,75,75,75,75,75,75,75,75,75,75,75,77,77,77,79,79,79,79],"relic_stats":{"Strange Spoon":[67],"Singing Bowl":4,"Torii":11,"counters":[26,162],"CeramicFish":261,"Ginger":[7],"War Paint":["Shrug It Off","Spot Weakness"],"Question Card":24,"Cursed Key":1,"obtain_stats":[{"Potion Belt":28,"NeowsBlessing":0,"Singing Bowl":40,"Torii":43,"CeramicFish":10,"The Courier":24,"Ginger":42,"War Paint":19,"Question Card":9,"Cursed Key":34,"Burning Blood":0,"Strange Spoon":38,"Orrery":19,"Philosopher\u0027s Stone":17,"StrikeDummy":7},{"Potion Belt":13,"NeowsBlessing":0,"Singing Bowl":20,"Torii":21,"CeramicFish":6,"The Courier":12,"Ginger":21,"War Paint":10,"Question Card":5,"Cursed Key":16,"Burning Blood":0,"Strange Spoon":18,"Orrery":10,"Philosopher\u0027s Stone":9,"StrikeDummy":5},{"Potion Belt":58,"NeowsBlessing":0,"Singing Bowl":115,"Torii":123,"CeramicFish":19,"The Courier":51,"Ginger":123,"War Paint":43,"Question Card":15,"Cursed Key":83,"Burning Blood":0,"Strange Spoon":101,"Orrery":43,"Philosopher\u0027s Stone":37,"StrikeDummy":15}],"Burning Blood":129},"card_choices":[{"not_picked":["True Grit","Clothesline"],"picked":"Twin Strike","floor":1.0},{"not_picked":["Perfected Strike","Flex"],"picked":"Shockwave","floor":2.0},{"not_picked":["Dropkick","Pommel Strike"],"picked":"Disarm","floor":4.0},{"not_picked":["Anger","Fire Breathing"],"picked":"Corruption","floor":5.0},{"not_picked":["Wild Strike","Headbutt"],"picked":"Flame Barrier","floor":7.0},{"not_picked":["Armaments","Clash","Combust"],"picked":"Shrug It Off","floor":10.0},{"not_picked":["True Grit","Sword Boomerang","Dual Wield"],"picked":"Uppercut","floor":13.0},{"not_picked":["Anger","Shrug It Off","Blood for Blood"],"picked":"Feel No Pain","floor":14.0},{"not_picked":["Demon Form","Feed","Impervious"],"picked":"Reaper","floor":16.0},{"not_picked":["Hemokinesis","Havoc","Clash+1"],"picked":"Cleave","floor":18.0},{"not_picked":["Sever Soul","Disarm","Havoc"],"picked":"Feel No Pain","floor":19.0},{"not_picked":["Heavy Blade","Corruption","Iron Wave"],"picked":"Second Wind","floor":19.0},{"not_picked":["Thunderclap","Perfected Strike","Second Wind"],"picked":"Spot Weakness","floor":19.0},{"not_picked":["Pommel Strike","Iron Wave","Thunderclap"],"picked":"Metallicize","floor":19.0},{"not_picked":["Clothesline","Clash","Fire Breathing"],"picked":"Twin Strike","floor":19.0},{"not_picked":["Ghostly Armor","Wild Strike","Warcry"],"picked":"Whirlwind","floor":22.0},{"not_picked":["Body Slam","Carnage","Wild Strike"],"picked":"Battle Trance","floor":24.0},{"not_picked":["Intimidate","Pommel Strike+1","Heavy Blade+1"],"picked":"Reaper","floor":28.0},{"not_picked":["Iron Wave","Rupture","Whirlwind"],"picked":"True Grit","floor":29.0},{"not_picked":["Warcry","Uppercut","Rupture","Pommel Strike"],"picked":"SKIP","floor":30.0},{"not_picked":["Berserk","Double Tap","Feed"],"picked":"Offering","floor":33.0},{"not_picked":["Flex","Seeing Red","Uppercut"],"picked":"Inflame","floor":35.0},{"not_picked":["Havoc","Body Slam","Power Through"],"picked":"True Grit+1","floor":36.0},{"not_picked":["Shockwave","Armaments","Warcry"],"picked":"Sentinel","floor":39.0},{"not_picked":["Iron Wave","Heavy Blade","Clash"],"picked":"Spot Weakness","floor":40.0},{"not_picked":["Intimidate","Bloodletting","Carnage"],"picked":"True Grit+1","floor":42.0},{"not_picked":["Rage","Pommel Strike","Heavy Blade","Hemokinesis+1"],"picked":"Singing Bowl","floor":44.0},{"not_picked":["Bloodletting","Pummel","Pommel Strike","Perfected Strike"],"picked":"Singing Bowl","floor":47.0},{"not_picked":["Hemokinesis+1","Heavy Blade","Twin Strike"],"picked":"Reaper","floor":48.0}],"player_experience":2983257,"relics_obtained":[{"floor":7.0,"key":"StrikeDummy"},{"floor":9.0,"key":"Question Card"},{"floor":10.0,"key":"CeramicFish"},{"floor":24.0,"key":"The Courier"},{"floor":28.0,"key":"Potion Belt"},{"floor":40.0,"key":"Singing Bowl"},{"floor":42.0,"key":"Ginger"},{"floor":43.0,"key":"Torii"}],"event_choices":[{"damage_healed":0.0,"max_hp_gain":0.0,"max_hp_loss":0.0,"gold_gain":150.0,"event_name":"Liars Game","player_choice":"AGREE","floor":3.0,"gold_loss":0.0,"damage_taken":0.0,"cards_obtained":["Doubt"]},{"cards_removed":["Strike_R"],"damage_healed":0.0,"max_hp_gain":0.0,"max_hp_loss":0.0,"gold_gain":0.0,"event_name":"Golden Wing","player_choice":"Card Removal","floor":11.0,"gold_loss":0.0,"damage_taken":7.0},{"damage_healed":0.0,"max_hp_gain":0.0,"max_hp_loss":0.0,"gold_gain":0.0,"event_name":"The Woman in Blue","player_choice":"Bought 1 Potion","floor":12.0,"gold_loss":0.0,"damage_taken":0.0},{"damage_healed":0.0,"max_hp_gain":0.0,"max_hp_loss":0.0,"gold_gain":50.0,"event_name":"Nest","player_choice":"Stole From Cult","floor":20.0,"gold_loss":0.0,"damage_taken":0.0},{"damage_healed":0.0,"max_hp_gain":0.0,"max_hp_loss":0.0,"gold_gain":0.0,"event_name":"Ghosts","player_choice":"Ignored","floor":21.0,"gold_loss":0.0,"damage_taken":0.0},{"damage_healed":0.0,"max_hp_gain":0.0,"max_hp_loss":0.0,"gold_gain":0.0,"event_name":"Lab","player_choice":"Got Potions","floor":37.0,"gold_loss":0.0,"damage_taken":0.0},{"damage_healed":0.0,"max_hp_gain":0.0,"max_hp_loss":0.0,"gold_gain":0.0,"event_name":"Mysterious Sphere","player_choice":"Fight","floor":42.0,"gold_loss":0.0,"damage_taken":0.0}],"is_beta":false,"boss_relics":[{"not_picked":["Runic Cube","SacredBark"],"picked":"Philosopher\u0027s Stone"},{"not_picked":["Tiny House","Astrolabe"],"picked":"Cursed Key"}],"items_purged_floors":[19,46],"is_endless":false,"potions_floor_spawned":[2,7,13,14,16,22,24,28,33,35,39,40,47,48],"ascension_level":18}}