{"host":"7zq0fgva91iwgkd5","time":1613521040,"event":{"mods":["AchievementEnabler","BaseMod","Bestiary","Colored Map","Curses Come First","DeckTracker","Minty Spire (QoL Compilation)","Rare Cards Sparkle","StSLib","Unceasing Turn Reminder"],"gold_per_floor":[119,119,20,20,20,55,55,65,65,79,105,115,115,34,34,135,135,148,148,148,148,49,77,77,90,90,122,139,155,184,184,184,281,281,295,275,275,291,62,62,95,95,95,161,173,173],"floor_reached":45,"language":"ENG","playtime":1743,"items_purged":["Strike_B"],"score":687,"play_id":"5d69b73b-bddd-4aa6-9afe-98615edd95bb","local_time":"20210217011720","is_ascension_mode":true,"campfire_choices":[{"data":"Streamline","floor":7,"key":"SMITH"},{"floor":13,"key":"REST"},{"floor":15,"key":"REST"},{"data":"Creative AI","floor":24,"key":"SMITH"},{"floor":32,"key":"REST"},{"floor":40,"key":"REST"},{"floor":42,"key":"REST"}],"circlet_count":0,"master_deck":["Strike_B+1","Strike_B+1","Strike_B+1","Defend_B+1","Defend_B+1","Defend_B+1","Defend_B+1","Zap","Dualcast+1","Streamline+1","Conserve Battery","Rebound","Undo","Barrage","Seek","Lockon","Electrodynamics","Ghostly","Ghostly","Ghostly","Ghostly","Ghostly","Creative AI+1","Leap","Ball Lightning","Sunder","Redo","Self Repair"],"relics":["Cracked Core","NeowsBlessing","Orichalcum","Kunai","Gremlin Horn","Busted Crown","Boot","Mummified Hand","Tiny Chest","FossilizedHelix","Nilry\u0027s Codex","Fusion Hammer","Matryoshka","Blood Vial","Strawberry","MawBank","Unceasing Top","Prayer Wheel"],"acts_visited":["Exordium","TheCity","TheBeyond"],"potions_floor_usage":[16,18,23,27,30,33,41,45,45],"damage_taken":[{"damage":0,"enemies":"2 Louse","floor":1,"turns":1},{"damage":0,"enemies":"Gremlin Nob","floor":6,"turns":1},{"damage":0,"enemies":"Jaw Worm","floor":8,"turns":1},{"damage":0,"enemies":"Cultist","floor":10,"turns":2},{"damage":32,"enemies":"Lagavulin","floor":11,"turns":6},{"damage":8,"enemies":"Lots of Slimes","floor":12,"turns":2},{"damage":43,"enemies":"The Guardian","floor":16,"turns":10},{"damage":9,"enemies":"3 Byrds","floor":18,"turns":3},{"damage":0,"enemies":"Slavers","floor":23,"turns":5},{"damage":7,"enemies":"2 Thieves","floor":25,"turns":4},{"damage":0,"enemies":"Gremlin Leader","floor":27,"turns":5},{"damage":0,"enemies":"Centurion and Healer","floor":28,"turns":5},{"damage":7,"enemies":"Shelled Parasite and Fungi","floor":29,"turns":5},{"damage":0,"enemies":"Slavers","floor":30,"turns":3},{"damage":29,"enemies":"Collector","floor":33,"turns":8},{"damage":8,"enemies":"3 Darklings","floor":35,"turns":4},{"damage":0,"enemies":"Orb Walker","floor":38,"turns":3},{"damage":0,"enemies":"Nemesis","floor":41,"turns":5},{"damage":0,"enemies":"2 Orb Walkers","floor":44,"turns":5},{"damage":84,"enemies":"Giant Head","floor":45,"turns":9}],"seed_played":"-8402223533385804925","potions_obtained":[{"floor":1,"key":"PotionOfCapacity"},{"floor":12,"key":"Regen Potion"},{"floor":16,"key":"ColorlessPotion"},{"floor":27,"key":"Regen Potion"},{"floor":30,"key":"SteroidPotion"},{"floor":33,"key":"GamblersBrew"},{"floor":36,"key":"EssenceOfSteel"},{"floor":38,"key":"FocusPotion"}],"is_trial":false,"path_per_floor":["M","?","$","?","?","E","R","M","T","M","E","M","R","$","R","B",null,"M","?","?","?","$","E","R","M","T","E","M","M","E","?","R","B",null,"M","?","T","M","$","R","E","R","T","?","E"],"character_chosen":"DEFECT","items_purchased":["Conserve Battery","Lockon","Leap","Energy Potion","Blood Vial","Self Repair"],"campfire_rested":5,"item_purchase_floors":[3,14,22,22,39,39],"current_hp_per_floor":[75,80,80,64,64,64,64,64,64,64,32,24,48,48,72,38,80,71,40,40,40,40,40,40,33,33,33,33,26,35,19,31,2,40,32,32,32,32,32,40,47,47,47,47,0,0],"gold":173,"neow_bonus":"THREE_ENEMY_KILL","is_daily":false,"chose_seed":false,"campfire_upgraded":2,"win_rate":0.0,"timestamp":1613521040,"path_taken":["M","?","$","?","?","E","R","M","T","M","E","M","R","$","R","BOSS","M","?","?","?","$","E","R","?","T","E","?","M","E","?","R","BOSS","M","?","?","M","$","R","E","R","T","?","E"],"items_purchased_type":["Card","Card","Card","Potion","Relic","Card"],"build_version":"2020-12-22","purchased_purges":1,"victory":false,"max_hp_per_floor":[75,80,80,80,80,80,80,80,80,80,80,80,80,80,80,80,80,80,40,40,40,40,40,40,40,40,40,40,40,40,40,40,40,40,40,40,40,40,40,40,47,47,47,47,47,47],"card_choices":[{"not_picked":["Glacier","Stack"],"picked":"Streamline","floor":1},{"not_picked":["Hologram","Double Energy"],"picked":"Rebound","floor":6},{"not_picked":["Turbo","Stack"],"picked":"Scrape","floor":8},{"not_picked":["Stack","Go for the Eyes"],"picked":"Undo","floor":10},{"not_picked":["Steam","Gash"],"picked":"Barrage","floor":11},{"not_picked":["Turbo","Coolheaded"],"picked":"Seek","floor":12},{"not_picked":["Reboot","Meteor Strike"],"picked":"Electrodynamics","floor":16},{"not_picked":["Heatsinks"],"picked":"SKIP","floor":18},{"not_picked":[],"picked":"Ball Lightning","floor":23},{"not_picked":["Ball Lightning+1"],"picked":"SKIP","floor":25},{"not_picked":[],"picked":"Sunder","floor":27},{"not_picked":[],"picked":"Redo","floor":28},{"not_picked":["Doom and Gloom"],"picked":"SKIP","floor":29},{"not_picked":["Redo"],"picked":"SKIP","floor":30},{"not_picked":["Conserve Battery"],"picked":"SKIP","floor":35},{"not_picked":["Undo+1"],"picked":"SKIP","floor":38},{"not_picked":["Stack+1"],"picked":"SKIP","floor":41}],"player_experience":170416,"relics_obtained":[{"floor":6,"key":"Orichalcum"},{"floor":9,"key":"Kunai"},{"floor":11,"key":"Gremlin Horn"},{"floor":23,"key":"Boot"},{"floor":26,"key":"Mummified Hand"},{"floor":27,"key":"Tiny Chest"},{"floor":30,"key":"FossilizedHelix"},{"floor":31,"key":"Nilry\u0027s Codex"},{"floor":37,"key":"Matryoshka"},{"floor":41,"key":"Strawberry"},{"floor":43,"key":"MawBank"},{"floor":43,"key":"Unceasing Top"},{"floor":44,"key":"Prayer Wheel"}],"event_choices":[{"damage_healed":0,"gold_gain":0,"player_choice":"Donut","damage_taken":0,"max_hp_gain":5,"max_hp_loss":0,"event_name":"Big Fish","floor":2,"gold_loss":0},{"damage_healed":0,"gold_gain":0,"player_choice":"Entered Light","damage_taken":16,"max_hp_gain":0,"max_hp_loss":0,"event_name":"Shining Light","floor":4,"gold_loss":0,"cards_upgraded":["Strike_B","Defend_B"]},{"damage_healed":0,"gold_gain":0,"player_choice":"Grow","damage_taken":0,"max_hp_gain":0,"max_hp_loss":0,"event_name":"Living Wall","floor":5,"gold_loss":0,"cards_upgraded":["Dualcast"]},{"damage_healed":0,"gold_gain":0,"player_choice":"Became a Ghost","damage_taken":0,"max_hp_gain":0,"max_hp_loss":40,"event_name":"Ghosts","floor":19,"gold_loss":0,"cards_obtained":["Ghostly","Ghostly","Ghostly","Ghostly","Ghostly"]},{"damage_healed":0,"gold_gain":0,"player_choice":"Simplicity","damage_taken":0,"max_hp_gain":0,"max_hp_loss":0,"event_name":"Back to Basics","floor":20,"gold_loss":0,"cards_upgraded":["Strike_B","Strike_B","Defend_B","Defend_B","Defend_B"]},{"damage_healed":0,"gold_gain":0,"cards_transformed":["Scrape"],"player_choice":"Transformed","damage_taken":0,"max_hp_gain":0,"max_hp_loss":0,"event_name":"Transmorgrifier","floor":21,"gold_loss":0,"cards_obtained":["Creative AI"]},{"damage_healed":0,"gold_gain":0,"player_choice":"Obtained Book","damage_taken":16,"max_hp_gain":0,"max_hp_loss":0,"event_name":"Cursed Tome","floor":31,"gold_loss":0},{"damage_healed":0,"gold_gain":0,"player_choice":"Bought 1 Potion","damage_taken":0,"max_hp_gain":0,"max_hp_loss":0,"event_name":"The Woman in Blue","floor":36,"gold_loss":0},{"damage_healed":0,"gold_gain":0,"player_choice":"Fight","damage_taken":0,"max_hp_gain":0,"max_hp_loss":0,"event_name":"Mysterious Sphere","floor":44,"gold_loss":0}],"is_beta":false,"boss_relics":[{"not_picked":["Ectoplasm","FrozenCore"],"picked":"Busted Crown"},{"not_picked":["Snecko Eye","Tiny House"],"picked":"Fusion Hammer"}],"items_purged_floors":[3],"is_endless":false,"potions_floor_spawned":[1,12,16,27,30,33,38],"killed_by":"Giant Head","ascension_level":1}}