{"host":"10hinapzqlh39548","time":1613560653,"event":{"mods":["BaseMod","Colored Powertips","Minty Spire (QoL Compilation)","MostiFishMod","Reliquary","Replay The Spire","StSLib","The Runesmith"],"gold_per_floor":[109,60,60,79,29,29,62,62,62,62,62,95,110,144,144,246,246,259,279,8,18,35,70,70,70,70,109,123,148,148,173,173,280,280,299,67,167,194,221,250,277,312,337,125,125,125,152,176,176,176,176,176,121,149,149],"floor_reached":56,"language":"ENG","playtime":3980,"items_purged":["Runesmith:Strike_RS","Runesmith:Strike_RS","Runesmith:Strike_RS"],"score":1728,"play_id":"f6e48c90-5a3c-4a50-88ee-70a9184fef2a","local_time":"20210217121733","is_ascension_mode":true,"campfire_choices":[{"data":"Runesmith:GrandSlam","floor":6.0,"key":"SMITH"},{"data":"Runesmith:Fortify","floor":8.0,"key":"SMITH"},{"data":"Runesmith:HammerThrow","floor":10.0,"key":"SMITH"},{"data":"Runesmith:CreatorForm","floor":15.0,"key":"SMITH"},{"data":"Runesmith:Grindstone","floor":24.0,"key":"SMITH"},{"floor":32.0,"key":"DIG"},{"floor":46.0,"key":"RECALL"},{"floor":49.0,"key":"REST"},{"floor":52,"key":"REST"}],"circlet_count":0,"master_deck":["Runesmith:Defend_RS","Runesmith:Defend_RS","Runesmith:Defend_RS","Runesmith:Defend_RS","Runesmith:CraftFirestone","Runesmith:Fortify+1","Runesmith:GrandSlam+1","Runesmith:HammerThrow+1","Runesmith:Firestorm+1","Runesmith:HammerAndChisel","Runesmith:UnstableHammer","Runesmith:PoweredAnvil","Runesmith:CreatorForm+1","Runesmith:GrandSlam","Runesmith:StaticCage+1","Master of Strategy","Runesmith:Grindstone+1","Runesmith:ChargedHammer","Runesmith:FieryHammer","Runesmith:Grindstone","Runesmith:StaticCage","Runesmith:FissionHammer","Runesmith:Grindstone","Runesmith:PoweredAnvil","Runesmith:Accelerate","Runesmith:Accelerate","Runesmith:StaticCage+1","Runesmith:StaticCage","Runesmith:RuneHurl+1","Flash of Steel","Runesmith:Grindstone+1","Runesmith:HammerThrow","Runesmith:FissionHammer"],"relics":["Runesmith:BrokenRuby","DaveBox","FeatherPendant","SynthV:TestCard","InkBottle","Garlic","reliquary:RoseTintedGlasses","MealTicket","Mirror","Painkiller Herb","CeramicFish","Runesmith:Nanobots","reliquary:TuningFork","Enchiridion","Blue Doll","StrikeDummy","Philosopher\u0027s Stone","reliquary:PorcupineQuills","Replay:Arrowhead","reliquary:NewFriend"],"acts_visited":["Exordium","TheCity","TheBeyond","TheEnding"],"potions_floor_usage":[55,55,55],"damage_taken":[{"damage":0.0,"enemies":"Jaw Worm","floor":1.0,"turns":2.0},{"damage":0.0,"enemies":"Small Slimes","floor":4.0,"turns":1.0},{"damage":0.0,"enemies":"3 Sentries","floor":7.0,"turns":5.0},{"damage":5.0,"enemies":"Replay:BlueRogue","floor":12.0,"turns":2.0},{"damage":0.0,"enemies":"Cultist","floor":13.0,"turns":2.0},{"damage":6.0,"enemies":"3 Sentries","floor":14.0,"turns":3.0},{"damage":16.0,"enemies":"The Guardian","floor":16.0,"turns":5.0},{"damage":0.0,"enemies":"Spheric Guardian","floor":18.0,"turns":1.0},{"damage":8.0,"enemies":"Shell Parasite","floor":19.0,"turns":3.0},{"damage":0.0,"enemies":"Snake Plant","floor":21.0,"turns":3.0},{"damage":0.0,"enemies":"Sentry and Sphere","floor":22.0,"turns":3.0},{"damage":0.0,"enemies":"Book of Stabbing","floor":23.0,"turns":3.0},{"damage":7.0,"enemies":"Slavers","floor":27.0,"turns":3.0},{"damage":0.0,"enemies":"Shelled Parasite and Fungi","floor":28.0,"turns":4.0},{"damage":0.0,"enemies":"Centurion and Healer","floor":29.0,"turns":4.0},{"damage":0.0,"enemies":"Gremlin Leader","floor":31.0,"turns":6.0},{"damage":6.0,"enemies":"Pondfish","floor":33.0,"turns":7.0},{"damage":0.0,"enemies":"Orb Walker","floor":35.0,"turns":2.0},{"damage":0.0,"enemies":"3 Darklings","floor":38.0,"turns":2.0},{"damage":7.0,"enemies":"Maw","floor":39.0,"turns":5.0},{"damage":0.0,"enemies":"R_Hoarder","floor":40.0,"turns":4.0},{"damage":0.0,"enemies":"Jaw Worm Horde","floor":41.0,"turns":3.0},{"damage":17.0,"enemies":"Nemesis","floor":42.0,"turns":5.0},{"damage":6.0,"enemies":"4 Shapes","floor":47.0,"turns":3.0},{"damage":10.0,"enemies":"3 Darklings","floor":48.0,"turns":2.0},{"damage":3.0,"enemies":"Time Eater","floor":50.0,"turns":6.0},{"damage":0,"enemies":"Shield and Spear","floor":54,"turns":5},{"damage":60,"enemies":"The Heart","floor":55,"turns":11}],"seed_played":"7630551249972032175","potions_obtained":[{"floor":7.0,"key":"Strength Potion"},{"floor":13.0,"key":"Milkshake"},{"floor":14.0,"key":"SmokeBomb"},{"floor":19.0,"key":"Block Potion"},{"floor":23.0,"key":"Regen Potion"},{"floor":29.0,"key":"EssenceOfSteel"},{"floor":38.0,"key":"Block Potion"},{"floor":39.0,"key":"Swift Potion"}],"is_trial":false,"path_per_floor":["M","$","?","M","?","R","E","R","T","R","?","E","M","E","R","B",null,"?","?","T","?","?","E","T","?","T","E","?","?","?","E","T","B",null,"?","T","?","?","?","E","?","E","T","T","?","T","?","?","T","B",null,"T","T","E","B",null],"character_chosen":"RUNESMITH_CLASS","items_purchased":["Runesmith:Firestorm+1","Master of Strategy","Runesmith:Grindstone","Runesmith:PoweredAnvil","Runesmith:Accelerate","Flash of Steel","Runesmith:FissionHammer"],"campfire_rested":2,"item_purchase_floors":[2,20,36,36,36,44,53],"current_hp_per_floor":[70,70,70,70,70,70,70,70,70,70,70,65,65,59,59,43,70,70,62,70,70,70,70,70,57,57,50,50,50,34,34,34,28,75,75,75,75,75,68,68,68,51,51,66,66,66,60,50,71,68,71,71,71,71,26],"gold":149,"neow_bonus":"ONE_RANDOM_RARE_CARD","is_daily":false,"chose_seed":false,"campfire_upgraded":5,"win_rate":0.0,"timestamp":1613560653,"path_taken":["M","$","?","M","?","R","E","R","T","R","?","E","M","E","R","BOSS","?","?","T","?","?","E","T","?","T","E","?","?","?","E","T","BOSS","?","T","?","?","?","E","?","E","T","T","?","T","?","?","T","BOSS","T","T","E","BOSS"],"items_purchased_type":["Card","Card","Card","Card","Card","Card","Card"],"build_version":"2020-12-22","purchased_purges":3,"victory":true,"max_hp_per_floor":[70,70,70,70,70,70,70,70,70,70,70,70,70,70,70,70,70,70,70,70,70,70,70,70,75,75,75,75,75,75,75,75,75,75,75,75,75,75,75,75,75,75,75,75,71,71,71,71,71,71,71,71,71,71,71],"card_choices":[{"not_picked":["Runesmith:CraftMagma","Runesmith:CraftProtectio"],"picked":"Runesmith:HammerThrow","floor":1.0},{"not_picked":["Runesmith:GoWithTheFlow","Runesmith:EnergizedChisel","Runesmith:Malloc","Runesmith:CraftMagma"],"picked":"Runesmith:HammerAndChisel","floor":4.0},{"not_picked":["Runesmith:HeatedChisel","Runesmith:GenerateForcefield","Runesmith:RuneHurl","Runesmith:CraftIndustria"],"picked":"Runesmith:UnstableHammer","floor":7.0},{"not_picked":["Runesmith:CraftProtectio","Runesmith:PerfectChisel","Runesmith:DuctTape","Runesmith:CraftSpiculum","Runesmith:CraftMedicinae"],"picked":"SKIP","floor":12.0},{"not_picked":["Runesmith:Repurpose","Runesmith:HeatedChisel","Runesmith:UnstableHammer","Runesmith:Attraction"],"picked":"Runesmith:PoweredAnvil","floor":13.0},{"not_picked":["Runesmith:CraftProtectio","Runesmith:Terraform","Runesmith:Reinforce","Runesmith:Grindstone"],"picked":"Runesmith:CreatorForm","floor":14.0},{"not_picked":["Runesmith:CreatorForm","Runesmith:CraftMedicinae","Runesmith:CraftPrismatica","Runesmith:LastStand"],"picked":"Runesmith:GrandSlam","floor":16.0},{"not_picked":["Runesmith:Malloc","Runesmith:Terraform+1","Runesmith:EnergizedChisel","Runesmith:EarthShield","Runesmith:CraftObretio"],"picked":"SKIP","floor":18.0},{"not_picked":["Runesmith:Electrocute","Runesmith:HeatedChisel","Runesmith:CraftProtectio","Runesmith:NegativeSpace+1"],"picked":"Runesmith:StaticCage+1","floor":19.0},{"not_picked":["Runesmith:NegativeSpace","Runesmith:CraftMagma","Runesmith:Overpower","Runesmith:HeatedChisel"],"picked":"Runesmith:Grindstone","floor":21.0},{"not_picked":["Runesmith:GoWithTheFlow+1","Runesmith:UnstableHammer+1","Runesmith:BackupBattery+1","Runesmith:Superposition"],"picked":"Runesmith:ChargedHammer","floor":22.0},{"not_picked":["Runesmith:CraftObretio","Runesmith:Attraction","Runesmith:FieryHammer","Runesmith:LastStand","Runesmith:ShiftingStrike"],"picked":"SKIP","floor":23.0},{"not_picked":["Runesmith:CraftObretio","Runesmith:Attraction","Runesmith:LastStand","Runesmith:ShiftingStrike"],"picked":"Runesmith:FieryHammer","floor":23.0},{"not_picked":["Runesmith:HeatExchange","Runesmith:Duplicate","Runesmith:HammerAndChisel","Runesmith:Augment"],"picked":"Runesmith:Grindstone","floor":27.0},{"not_picked":["Runesmith:EnergizedChisel","Runesmith:ChiselStab","Runesmith:Overpower","Runesmith:HeatExchange+1","Runesmith:Malloc+1"],"picked":"SKIP","floor":28.0},{"not_picked":["Runesmith:Electrocute+1","Runesmith:RunicBlueprint","Runesmith:ShiftingStrike","Runesmith:UnstableHammer"],"picked":"Runesmith:StaticCage","floor":29.0},{"not_picked":["Runesmith:FrozenChisel+1","Runesmith:ChiselStab","Runesmith:CraftMagma","Runesmith:BackupBattery","Runesmith:Repurpose"],"picked":"SKIP","floor":31.0},{"not_picked":["Runesmith:GenerateForcefield","Runesmith:DuctTape","Runesmith:UnlimitedPower","Runesmith:ReplicatingBarrier"],"picked":"Runesmith:FissionHammer","floor":33.0},{"not_picked":["Runesmith:NanitesCloud+1","Runesmith:CraftProtectio+1","Runesmith:ChiselStab+1","Runesmith:MakeshiftArmor","Runesmith:HeatExchange"],"picked":"SKIP","floor":35.0},{"not_picked":["Runesmith:EnergizedChisel","Runesmith:HeatedChisel+1","Runesmith:CraftIndustria","Runesmith:NegativeSpace+1"],"picked":"Runesmith:StaticCage+1","floor":38.0},{"not_picked":["Runesmith:Repurpose","Runesmith:HammerThrow","Runesmith:EnergizedChisel+1","Runesmith:Augment+1"],"picked":"Runesmith:StaticCage","floor":39.0},{"not_picked":["Runesmith:ElementalConversion","Runesmith:EnergizedChisel+1","Runesmith:ChiselStab","Runesmith:HammerAndChisel","Runesmith:RunicBlueprint"],"picked":"SKIP","floor":40.0},{"not_picked":["Runesmith:CraftMagma+1","Runesmith:StaticCage+1","Runesmith:FrozenChisel","Runesmith:HammerAndChisel+1"],"picked":"Runesmith:RuneHurl+1","floor":41.0},{"not_picked":["Runesmith:Prism+1","Runesmith:EarthShield+1","Runesmith:StaticCage","Runesmith:CraftMagma+1","Runesmith:ShiftingStrike+1"],"picked":"SKIP","floor":42.0},{"not_picked":["Runesmith:Firestorm","Runesmith:Malloc+1","Runesmith:StaticCage+1","Runesmith:ShiftingStrike+1"],"picked":"Runesmith:Grindstone+1","floor":47.0},{"not_picked":["Runesmith:CraftObretio+1","Runesmith:Overpower","Runesmith:HeatExchange","Runesmith:CraftVitae+1"],"picked":"Runesmith:HammerThrow","floor":48.0},{"not_picked":["Runesmith:CraftProtectio","Runesmith:Supernova","Runesmith:ArcReactor","Runesmith:FrozenChisel","Runesmith:Prism"],"picked":"SKIP","floor":54}],"player_experience":1219826,"relics_obtained":[{"floor":1.0,"key":"SynthV:TestCard"},{"floor":7.0,"key":"InkBottle"},{"floor":9.0,"key":"Garlic"},{"floor":12.0,"key":"MealTicket"},{"floor":14.0,"key":"Mirror"},{"floor":23.0,"key":"CeramicFish"},{"floor":26.0,"key":"Runesmith:Nanobots"},{"floor":27.0,"key":"reliquary:TuningFork"},{"floor":30.0,"key":"Enchiridion"},{"floor":31.0,"key":"Blue Doll"},{"floor":32.0,"key":"StrikeDummy"},{"floor":40.0,"key":"reliquary:PorcupineQuills"},{"floor":42.0,"key":"Replay:Arrowhead"},{"floor":54,"key":"reliquary:NewFriend"}],"event_choices":[{"damage_healed":0.0,"max_hp_gain":0.0,"max_hp_loss":0.0,"gold_gain":0.0,"event_name":"Liars Game","player_choice":"Ignored","floor":3.0,"gold_loss":0.0,"damage_taken":0.0},{"cards_removed":["Runesmith:Strike_RS"],"damage_healed":0.0,"max_hp_gain":0.0,"max_hp_loss":0.0,"gold_gain":0.0,"event_name":"The Cleric","player_choice":"Card Removal","floor":5.0,"gold_loss":50.0,"damage_taken":0.0},{"damage_healed":0.0,"max_hp_gain":0.0,"max_hp_loss":0.0,"gold_gain":0.0,"event_name":"WeMeetAgain","player_choice":"Gave Potion","floor":11.0,"gold_loss":0.0,"damage_taken":0.0,"relics_obtained":["reliquary:RoseTintedGlasses"]},{"damage_healed":0.0,"max_hp_gain":5.0,"max_hp_loss":0.0,"gold_gain":0.0,"event_name":"Forgotten Altar","player_choice":"Shed Blood","floor":25.0,"gold_loss":0.0,"damage_taken":18.0},{"damage_healed":0.0,"max_hp_gain":0.0,"max_hp_loss":0.0,"gold_gain":0.0,"event_name":"Cursed Tome","player_choice":"Obtained Book","floor":30.0,"gold_loss":0.0,"damage_taken":16.0},{"damage_healed":0.0,"max_hp_gain":0.0,"max_hp_loss":0.0,"gold_gain":100.0,"event_name":"Golden Shrine","player_choice":"Pray","floor":37.0,"gold_loss":0.0,"damage_taken":0.0},{"damage_healed":0.0,"max_hp_gain":0.0,"max_hp_loss":4.0,"gold_gain":0.0,"event_name":"Winding Halls","player_choice":"Max HP","floor":45.0,"gold_loss":0.0,"damage_taken":0.0}],"is_beta":false,"boss_relics":[{"not_picked":["ExusiaiGun","HereWithMe"],"picked":"Painkiller Herb"},{"not_picked":["Velvet Choker","Cursed Key"],"picked":"Philosopher\u0027s Stone"}],"items_purged_floors":[20,36,44],"is_endless":false,"potions_floor_spawned":[7,13,14,19,22,23,27,28,29,38,39,47,48],"ascension_level":1}}