{"host":"bgptblc1sp470rxq","time":1613579524,"event":{"mods":["BaseMod","Colored Map","Downfall","Highlight Path","Minty Spire (QoL Compilation)","Quick Restart","StSLib","Waifu the Spire"],"gold_per_floor":[99,111,123,137,137,150,150,172,172,172,172],"floor_reached":9,"language":"ZHS","playtime":326,"items_purged":[],"score":53,"play_id":"cf6a8d0c-c5a6-495b-a559-5a3fd24bc09e","local_time":"20210218003204","is_ascension_mode":false,"campfire_choices":[{"data":"Guardian:CurlUp","floor":1.0,"key":"SMITH"}],"circlet_count":0,"master_deck":["Guardian:Strike_Guardian","Guardian:Strike_Guardian","Guardian:Strike_Guardian","Guardian:Defend_Guardian","Guardian:Defend_Guardian","Guardian:Defend_Guardian","Guardian:Defend_Guardian","Guardian:CurlUp+1","Guardian:TwinSlam","Guardian:TemporalShield","Guardian:Suspension","Guardian:Gem_Green","Guardian:GuardianWhirl","Guardian:ArmoredProtocol"],"relics":["Guardian:ModeShifter","HornCleat","Odd Mushroom"],"acts_visited":["Exordium"],"potions_floor_usage":[],"damage_taken":[{"damage":7.0,"enemies":"2 Louse","floor":2.0,"turns":3.0},{"damage":3.0,"enemies":"Jaw Worm","floor":3.0,"turns":5.0},{"damage":6.0,"enemies":"Cultist","floor":4.0,"turns":4.0},{"damage":13.0,"enemies":"Exordium Thugs","floor":6.0,"turns":10.0},{"damage":4.0,"enemies":"The Mushroom Lair","floor":8.0,"turns":3.0},{"damage":0,"enemies":"3 Sentries","floor":9,"turns":1}],"seed_played":"4003734224990764986","potions_obtained":[],"is_trial":false,"path_per_floor":["R","M","M","M","?","M","T","?","E"],"character_chosen":"GUARDIAN","items_purchased":[],"campfire_rested":0,"item_purchase_floors":[],"current_hp_per_floor":[88,81,78,72,72,59,59,55,55,55,55],"gold":172,"neow_bonus":"TEN_PERCENT_HP_BONUS","is_daily":false,"chose_seed":false,"campfire_upgraded":1,"win_rate":0.0,"timestamp":1613579524,"path_taken":["R","M","M","M","?","M","T","?","E"],"items_purchased_type":[],"build_version":"2020-12-22","purchased_purges":0,"victory":false,"max_hp_per_floor":[88,88,88,88,88,88,88,88,88,88,88],"card_choices":[{"not_picked":["Guardian:Recover","Guardian:CrystalBeam"],"picked":"Guardian:TemporalShield","floor":2.0},{"not_picked":["Guardian:TimeCapacitor","Guardian:Harden"],"picked":"Guardian:Suspension","floor":3.0},{"not_picked":["Guardian:Incinerate","Guardian:PrismaticBarrier"],"picked":"Guardian:Gem_Green","floor":4.0},{"not_picked":["Guardian:Gem_Green","Guardian:ShieldCharger"],"picked":"Guardian:GuardianWhirl","floor":6.0},{"not_picked":["Guardian:Gem_Red","Guardian:Reroute"],"picked":"Guardian:ArmoredProtocol","floor":8.0}],"player_experience":269688,"relics_obtained":[{"floor":7.0,"key":"HornCleat"},{"floor":8.0,"key":"Odd Mushroom"}],"event_choices":[{"damage_healed":0.0,"max_hp_gain":0.0,"max_hp_loss":0.0,"gold_gain":0.0,"event_name":"Mushrooms","player_choice":"Fought Mushrooms","floor":8.0,"gold_loss":0.0,"damage_taken":0.0}],"is_beta":false,"boss_relics":[],"items_purged_floors":[],"is_endless":false,"potions_floor_spawned":[],"killed_by":"3 Sentries","ascension_level":0}}