{"host":"Lucas","time":1613584517,"event":{"mods":["BaseMod","Downfall","Minty Spire (QoL Compilation)","READ ME - Guardian Mod","StSLib","The Cursed","The Disciple","The Necromancer","The Servant 0.9.4"],"gold_per_floor":[99,117,117,102,113,113,138,138,157,175,193,193,239,258,271,371,371,371,382,406,406,126,126,174,174,274,303,318,318,43,84,100,204,204,204,220,236,249,265,165,165,18,18,60,83,147,47,73,107,107],"floor_reached":51,"language":"ENG","playtime":4965,"items_purged":["Writhe"],"score":897,"play_id":"6658dbc4-cf53-41d9-818a-b72af1a63193","local_time":"20210217175517","is_ascension_mode":true,"campfire_choices":[{"data":"KidneyShot","floor":1,"key":"SMITH"},{"floor":8,"key":"REST"},{"data":"SilverBlades","floor":12,"key":"SMITH"},{"data":"Initiator","floor":18,"key":"SMITH"},{"floor":35,"key":"RECALL"},{"data":"SoulSculpture","floor":40,"key":"SMITH"},{"data":"TheWorld","floor":47,"key":"SMITH"}],"circlet_count":0,"master_deck":["Strike_S","Strike_S","Strike_S","Defend_S","Defend_S","Defend_S","Defend_S","KidneyShot+1","Exchange","SilverBlades+1","SurpressingFire","Moonlight","Luminosity","FastForward","RealityMarble","Initiator+1","Reset","SoulSculpture+1","CurseOfTheBell","Defy","Barrier","Collapse","expansioncontent:StudyTheSpire","Potential+1","DualDimension","Dilation","Rearm","Snipe","BottledTime+1","Snipe+1","InstantArmor","Read","expansioncontent:DashGenerateEvil","Luminosity","Sabotage+1","KillingDoll","BottledTime+1","ShatteredReality+1","Moondial+1","Shuttle","Revamp+1","Rearm+1","TimeWarp+1","TheWorld+1","expansioncontent:AwakenDeath","Moondial+1","Foresight+1","Luminosity+1","Rewind+1"],"relics":["Uniform","Nunchaku","Oddly Smooth Stone","MealTicket","Calling Bell","White Beast Statue","Prayer Wheel","Regal Pillow","Guardian:PocketSentry","Juzu Bracelet","downfall:RedIOU","WingedGreaves","Kunai","Mercury Hourglass","Membership Card","Bag of Marbles","Vajra","PocketWatch","StoneMask","downfall:HeartBlessingRed","Lizard Tail","CeramicFish","Toy Ornithopter","Unceasing Top","downfall:HeartBlessingBlue","Potion Belt"],"acts_visited":["Exordium","TheCity","TheBeyond"],"potions_floor_usage":[16,27,33,38,38,44,46,50],"damage_taken":[{"damage":1,"enemies":"Jaw Worm","floor":2,"turns":4},{"damage":0,"enemies":"downfall:FleeingMerchant","floor":4,"turns":4},{"damage":0,"enemies":"Cultist","floor":5,"turns":3},{"damage":1,"enemies":"Small Slimes","floor":9,"turns":3},{"damage":5,"enemies":"Blue Slaver","floor":10,"turns":2},{"damage":0,"enemies":"downfall:LooterAlt","floor":11,"turns":4},{"damage":13,"enemies":"Lots of Slimes","floor":14,"turns":5},{"damage":5,"enemies":"Exordium Thugs","floor":15,"turns":4},{"damage":41,"enemies":"DF_ARCHETYPE_STREAMLINE","floor":16,"turns":9},{"damage":16,"enemies":"Shell Parasite","floor":19,"turns":4},{"damage":0,"enemies":"downfall:FleeingMerchant","floor":22,"turns":4},{"damage":0,"enemies":"Chosen","floor":23,"turns":1},{"damage":0,"enemies":"SI_SHIV_ARCHETYPE","floor":26,"turns":8},{"damage":43,"enemies":"Slavers","floor":27,"turns":7},{"damage":4,"enemies":"3 Cultists","floor":28,"turns":5},{"damage":0,"enemies":"downfall:FleeingMerchant","floor":30,"turns":4},{"damage":0,"enemies":"downfall:FleeingMerchant","floor":31,"turns":4},{"damage":0,"enemies":"Centurion and Healer","floor":32,"turns":3},{"damage":0,"enemies":"WA_ARCHETYPE_CALM","floor":33,"turns":11},{"damage":0,"enemies":"3 Darklings","floor":36,"turns":4},{"damage":0,"enemies":"Orb Walker","floor":37,"turns":2},{"damage":0,"enemies":"3 Darklings","floor":38,"turns":5},{"damage":0,"enemies":"Sphere and 2 Shapes","floor":39,"turns":3},{"damage":8,"enemies":"Giant Head","floor":44,"turns":8},{"damage":5,"enemies":"2 Orb Walkers","floor":46,"turns":4},{"damage":0,"enemies":"Jaw Worm Horde","floor":49,"turns":3},{"damage":0,"enemies":"SI_POISON_ARCHETYPE","floor":50,"turns":5}],"seed_played":"5647200044928037687","potions_obtained":[{"floor":2,"key":"Weak Potion"},{"floor":5,"key":"Fire Potion"},{"floor":9,"key":"CultistPotion"},{"floor":19,"key":"SteroidPotion"},{"floor":27,"key":"SpeedPotion"},{"floor":33,"key":"DuplicationPotion"},{"floor":38,"key":"Explosive Potion"},{"floor":39,"key":"champ:CounterPotion"},{"floor":44,"key":"SteroidPotion"},{"floor":46,"key":"Guardian:BlockOnCardUsePotion"},{"floor":49,"key":"Block Potion"}],"is_trial":false,"path_per_floor":["R","M","?","$","M","?","T","R","M","M","M","R","T","M","M","B",null,"R","M","T","?","$","M","T","?","?","E","M","?","$","$","M","B",null,"R","M","M","M","M","R","T","$","?","E","T","?","R","?","M","B",null],"character_chosen":"THE_SERVANT","items_purchased":["expansioncontent:StudyTheSpire","Membership Card","Bag of Marbles","InstantArmor","Vajra","expansioncontent:DashGenerateEvil","PocketWatch","Lizard Tail"],"campfire_rested":1,"item_purchase_floors":[22,30,30,30,31,31,31,42],"current_hp_per_floor":[71,70,45,45,45,45,45,66,65,60,60,60,60,47,42,1,71,71,55,55,55,70,70,70,70,70,27,23,23,38,53,53,53,71,71,72,73,74,77,77,77,77,77,72,72,78,88,88,93,94],"gold":107,"neow_bonus":"TEN_PERCENT_HP_BONUS","is_daily":false,"chose_seed":false,"campfire_upgraded":5,"win_rate":0.0,"timestamp":1613584517,"path_taken":["R","M","?","$","M","?","T","R","M","M","M","R","?","M","M","BOSS","R","M","?","?","?","?","T","?","?","E","M","?","$","$","M","BOSS","R","M","M","M","M","R","T","$","?","E","?","?","R","?","M","BOSS"],"items_purchased_type":["Card","Relic","Relic","Card","Relic","Card","Relic","Relic"],"build_version":"2020-12-18","purchased_purges":1,"victory":true,"max_hp_per_floor":[71,71,71,71,71,71,71,71,71,71,71,71,71,71,71,71,71,71,71,71,71,71,71,71,71,71,71,71,71,71,71,71,71,71,71,72,73,74,77,77,77,77,77,78,78,80,90,90,93,94],"card_choices":[{"not_picked":["MoonPhase","Hightail"],"picked":"SilverBlades","floor":2},{"not_picked":["Barrier","Defy"],"picked":"SurpressingFire","floor":4},{"not_picked":["ShatteredReality","FastForward"],"picked":"Moonlight","floor":5},{"not_picked":["Misdirection","ShatteredReality"],"picked":"Luminosity","floor":9},{"not_picked":["Spin","TimeWarp"],"picked":"FastForward","floor":10},{"not_picked":["Unruled","Starlight"],"picked":"RealityMarble","floor":11},{"not_picked":["Potential","FastForward"],"picked":"Initiator","floor":14},{"not_picked":["ReturningBlade","RealityMarble"],"picked":"Reset","floor":15},{"not_picked":["PendulumOfEternity","MurderousAura"],"picked":"SoulSculpture","floor":16},{"not_picked":["Alleviate","Unruled"],"picked":"Defy","floor":19},{"not_picked":["Starlight","ShatteredReality"],"picked":"Barrier","floor":19},{"not_picked":["BottledTime","DoubleEdge+1"],"picked":"Collapse","floor":22},{"not_picked":["Misdirection","DoubleEdge"],"picked":"Potential+1","floor":23},{"not_picked":["RealityMarble","Replace"],"picked":"DualDimension","floor":23},{"not_picked":["Advance","Alleviate"],"picked":"Dilation","floor":26},{"not_picked":["Defy","Revamp"],"picked":"Rearm","floor":27},{"not_picked":["FanOfKnives","Revamp"],"picked":"Snipe","floor":28},{"not_picked":["Gouge+1","ShiftingGears"],"picked":"BottledTime+1","floor":28},{"not_picked":["FloweringNight","Advance+1"],"picked":"Snipe+1","floor":30},{"not_picked":["Defy","Starlight+1"],"picked":"Read","floor":31},{"not_picked":["Barrier","Snipe"],"picked":"Luminosity","floor":32},{"not_picked":["Alleviate","Spin"],"picked":"Sabotage+1","floor":32},{"not_picked":["Deny","FloweringNight"],"picked":"KillingDoll","floor":33},{"not_picked":["TimeWarp+1","Rewind"],"picked":"BottledTime+1","floor":36},{"not_picked":["Comet+1","Gouge+1"],"picked":"ShatteredReality+1","floor":36},{"not_picked":["Unruled+1","Rewind"],"picked":"Moondial+1","floor":37},{"not_picked":["Defy+1","Alleviate+1"],"picked":"Shuttle","floor":37},{"not_picked":["SpecialFormula","Replace"],"picked":"Revamp+1","floor":38},{"not_picked":["Spin+1","Ricochet+1"],"picked":"Rearm+1","floor":38},{"not_picked":["Manipulate","Replace+1"],"picked":"TimeWarp+1","floor":39},{"not_picked":["MoonPhase","Barrier"],"picked":"TheWorld","floor":39},{"not_picked":["expansioncontent:LastStand","expansioncontent:PolyBeam"],"picked":"expansioncontent:AwakenDeath","floor":43},{"not_picked":["Contraction+1","SurpressingFire"],"picked":"Moondial+1","floor":44},{"not_picked":["Rewind","Ricochet"],"picked":"Foresight+1","floor":46},{"not_picked":["ForgedInTime","Moonlight+1"],"picked":"Luminosity+1","floor":49},{"not_picked":["Shuttle","Desolation"],"picked":"Rewind+1","floor":49}],"player_experience":1337105,"relics_obtained":[{"floor":7,"key":"Oddly Smooth Stone"},{"floor":13,"key":"MealTicket"},{"floor":17,"key":"Bag of Preparation"},{"floor":17,"key":"White Beast Statue"},{"floor":17,"key":"Prayer Wheel"},{"floor":20,"key":"Regal Pillow"},{"floor":24,"key":"Juzu Bracelet"},{"floor":26,"key":"WingedGreaves"},{"floor":26,"key":"Kunai"},{"floor":27,"key":"Mercury Hourglass"},{"floor":44,"key":"CeramicFish"},{"floor":45,"key":"Toy Ornithopter"},{"floor":46,"key":"Unceasing Top"},{"floor":48,"key":"Potion Belt"}],"event_choices":[{"damage_healed":0,"gold_gain":0,"player_choice":"Success","damage_taken":25,"relics_obtained":["Nunchaku"],"max_hp_gain":0,"max_hp_loss":0,"event_name":"Scrap Ooze","floor":3,"gold_loss":0},{"damage_healed":0,"gold_gain":0,"player_choice":"Fight","damage_taken":0,"max_hp_gain":0,"max_hp_loss":0,"event_name":"Mysterious Sphere","floor":46,"gold_loss":0}],"is_beta":true,"boss_relics":[{"not_picked":["Fusion Hammer","MysterySword"],"picked":"Calling Bell"},{"not_picked":["Snecko Eye","Philosopher\u0027s Stone"],"picked":"StoneMask"}],"items_purged_floors":[22],"is_endless":false,"potions_floor_spawned":[2,5,9,19,22,23,26,27,28,30,31,32,33,36,37,38,39,44,46,49],"ascension_level":1}}