{"host":"u4hhjc8c2w7dbcnr","time":1613587824,"event":{"mods":["BaseMod","Colored Map","Colored Powertips","Highlight Path","Minty Spire (QoL Compilation)","StSLib"],"gold_per_floor":[418,434,98,111,111,141,141,173,173,183,214,225,225,52,52,153,153,172,97,97,110,123,123,157,157,157,184,208,208,226,66,66,164,164,182,182,205,55,74,74,103,115,142,142,177,192,204,218,218,218],"floor_reached":51,"language":"ENG","playtime":2370,"items_purged":["Regret","Strike_B","Defend_B","Defend_B"],"score":878,"play_id":"e9ee5a11-bc6e-44e1-b0b8-aff1979cd366","local_time":"20210218025024","is_ascension_mode":true,"campfire_choices":[{"data":"Fusion","floor":7,"key":"SMITH"},{"data":"Self Repair","floor":13,"key":"SMITH"},{"floor":15,"key":"REST"},{"data":"Electrodynamics","floor":23,"key":"SMITH"},{"data":"Darkness","floor":25,"key":"SMITH"},{"data":"Darkness","floor":29,"key":"SMITH"},{"data":"Lockon","floor":32,"key":"SMITH"},{"data":"Rainbow","floor":40,"key":"SMITH"},{"data":"Consume","floor":44,"key":"SMITH"},{"data":"Thunder Strike","floor":49,"key":"SMITH"}],"circlet_count":0,"master_deck":["Defend_B","Defend_B","Zap","Dualcast","Cold Snap","Loop+1","Chill","Ball Lightning","Fusion+1","Self Repair+1","Redo","Darkness+1","Glacier","Consume+1","Electrodynamics+1","Darkness+1","Sunder","Reinforced Body","Chaos+1","Doom and Gloom","Leap","Thunder Strike+1","Lockon+1","Rainbow+1","White Noise+1","Darkness+1","White Noise+1","Capacitor+1"],"relics":["Cracked Core","Old Coin","Runic Capacitor","Pantograph","Mummified Hand","Mercury Hourglass","Ornamental Fan","Nuclear Battery","Girya","Orichalcum","Art of War","Ancient Tea Set","Philosopher\u0027s Stone","White Beast Statue","Happy Flower","Gambling Chip"],"acts_visited":["Exordium","TheCity","TheBeyond"],"potions_floor_usage":[6,33,33,33,45,45,50,50],"damage_taken":[{"damage":10,"enemies":"Jaw Worm","floor":1,"turns":3},{"damage":8,"enemies":"Cultist","floor":2,"turns":3},{"damage":1,"enemies":"2 Louse","floor":4,"turns":3},{"damage":3,"enemies":"3 Sentries","floor":6,"turns":7},{"damage":18,"enemies":"Lagavulin","floor":8,"turns":5},{"damage":7,"enemies":"Blue Slaver","floor":10,"turns":3},{"damage":25,"enemies":"Gremlin Nob","floor":11,"turns":4},{"damage":10,"enemies":"Exordium Wildlife","floor":12,"turns":4},{"damage":27,"enemies":"Slime Boss","floor":16,"turns":4},{"damage":19,"enemies":"3 Byrds","floor":18,"turns":4},{"damage":0,"enemies":"Chosen","floor":21,"turns":3},{"damage":6,"enemies":"Sentry and Sphere","floor":22,"turns":4},{"damage":0,"enemies":"Gremlin Leader","floor":24,"turns":4},{"damage":24,"enemies":"Book of Stabbing","floor":27,"turns":5},{"damage":10,"enemies":"Centurion and Healer","floor":30,"turns":4},{"damage":43,"enemies":"Automaton","floor":33,"turns":7},{"damage":6,"enemies":"Orb Walker","floor":35,"turns":3},{"damage":16,"enemies":"3 Darklings","floor":39,"turns":2},{"damage":7,"enemies":"Nemesis","floor":41,"turns":5},{"damage":8,"enemies":"Jaw Worm Horde","floor":42,"turns":3},{"damage":18,"enemies":"Reptomancer","floor":45,"turns":4},{"damage":4,"enemies":"Spire Growth","floor":46,"turns":4},{"damage":0,"enemies":"3 Darklings","floor":47,"turns":3},{"damage":0,"enemies":"Transient","floor":48,"turns":5},{"damage":26,"enemies":"Time Eater","floor":50,"turns":7}],"seed_played":"-4160781398917439538","potions_obtained":[{"floor":1,"key":"Block Potion"},{"floor":6,"key":"Energy Potion"},{"floor":8,"key":"ColorlessPotion"},{"floor":10,"key":"SteroidPotion"},{"floor":16,"key":"PowerPotion"},{"floor":18,"key":"ColorlessPotion"},{"floor":33,"key":"FocusPotion"},{"floor":42,"key":"Swift Potion"},{"floor":45,"key":"LiquidMemories"},{"floor":46,"key":"Strength Potion"},{"floor":47,"key":"Explosive Potion"},{"floor":48,"key":"Energy Potion"}],"is_trial":false,"path_per_floor":["M","M","$","M","?","E","R","E","T","M","E","M","R","$","R","B",null,"M","?","?","M","M","R","E","R","T","E","T","R","M","$","R","B",null,"M","?","T","$","M","R","E","M","T","R","E","M","M","M","R","B",null],"character_chosen":"DEFECT","items_purchased":["Runic Capacitor","Loop","Chill","Consume","Lockon"],"campfire_rested":1,"item_purchase_floors":[3,3,3,14,31],"current_hp_per_floor":[65,57,57,56,56,53,53,35,35,35,17,14,14,14,36,44,75,66,66,66,75,75,75,75,75,75,61,61,61,61,61,61,42,75,75,75,75,75,69,69,72,64,64,64,46,52,62,62,62,49],"gold":218,"neow_bonus":"ONE_RARE_RELIC","is_daily":false,"chose_seed":false,"campfire_upgraded":9,"win_rate":0.0,"timestamp":1613587824,"path_taken":["M","M","$","M","?","E","R","E","T","M","E","?","R","$","R","BOSS","M","?","?","M","M","R","E","R","T","E","?","R","M","?","R","BOSS","M","?","?","$","?","R","E","M","T","R","E","M","M","M","R","BOSS"],"items_purchased_type":["Relic","Card","Card","Card","Card"],"build_version":"2020-12-22","purchased_purges":4,"victory":true,"max_hp_per_floor":[75,75,75,75,75,75,75,75,75,75,75,75,75,75,75,75,75,75,75,75,75,75,75,75,75,75,75,75,75,75,75,75,75,75,75,75,75,75,75,75,75,75,75,75,75,75,75,75,75,75],"card_choices":[{"not_picked":["Streamline","Compile Driver"],"picked":"Tempest","floor":1},{"not_picked":["Compile Driver","Turbo"],"picked":"Cold Snap","floor":2},{"not_picked":["Go for the Eyes","Melter"],"picked":"Ball Lightning","floor":4},{"not_picked":["Barrage","Self Repair"],"picked":"Fusion","floor":6},{"not_picked":["Storm","Reboot"],"picked":"Self Repair","floor":8},{"not_picked":["Heatsinks","Barrage"],"picked":"Redo","floor":10},{"not_picked":["Rebound","Self Repair"],"picked":"Darkness","floor":11},{"not_picked":["Barrage","FTL"],"picked":"Glacier","floor":12},{"not_picked":["Thunder Strike","Seek"],"picked":"Electrodynamics","floor":16},{"not_picked":["Go for the Eyes+1","Streamline"],"picked":"Darkness","floor":18},{"not_picked":["Steam Power","Rip and Tear"],"picked":"Chaos+1","floor":21},{"not_picked":["Steam","Turbo"],"picked":"Doom and Gloom","floor":22},{"not_picked":["Turbo","Hello World"],"picked":"Leap","floor":24},{"not_picked":["Reprogram+1","Chill"],"picked":"Thunder Strike","floor":27},{"not_picked":["Leap+1","Gash","Scrape+1"],"picked":"SKIP","floor":30},{"not_picked":["Machine Learning","Buffer"],"picked":"Rainbow","floor":33},{"not_picked":["Stack","Gash","Go for the Eyes"],"picked":"SKIP","floor":35},{"not_picked":["Undo","Coolheaded"],"picked":"White Noise+1","floor":39},{"not_picked":["Ball Lightning","Heatsinks","Beam Cell"],"picked":"SKIP","floor":41},{"not_picked":["Hologram","Barrage+1"],"picked":"Darkness+1","floor":42},{"not_picked":["Go for the Eyes","Darkness","Gash"],"picked":"SKIP","floor":45},{"not_picked":["Barrage","Compile Driver"],"picked":"White Noise+1","floor":46},{"not_picked":["Echo Form","Beam Cell+1"],"picked":"Capacitor+1","floor":47},{"not_picked":["Conserve Battery","Steam+1","Coolheaded+1"],"picked":"SKIP","floor":48}],"player_experience":114648,"relics_obtained":[{"floor":6,"key":"Pantograph"},{"floor":8,"key":"Mummified Hand"},{"floor":9,"key":"Mercury Hourglass"},{"floor":11,"key":"Ornamental Fan"},{"floor":24,"key":"Girya"},{"floor":26,"key":"Orichalcum"},{"floor":27,"key":"Art of War"},{"floor":28,"key":"Ancient Tea Set"},{"floor":41,"key":"White Beast Statue"},{"floor":43,"key":"Happy Flower"},{"floor":45,"key":"Gambling Chip"}],"event_choices":[{"damage_healed":0,"gold_gain":0,"player_choice":"Forge","damage_taken":0,"max_hp_gain":0,"max_hp_loss":0,"event_name":"Accursed Blacksmith","floor":5,"gold_loss":0,"cards_upgraded":["Loop"]},{"cards_removed":["Strike_B"],"damage_healed":0,"gold_gain":0,"player_choice":"Gave Gold","damage_taken":0,"max_hp_gain":0,"max_hp_loss":0,"event_name":"Beggar","floor":19,"gold_loss":75},{"damage_healed":0,"gold_gain":0,"cards_transformed":["Strike_B","Strike_B"],"player_choice":"Became Test Subject","damage_taken":0,"max_hp_gain":0,"max_hp_loss":0,"event_name":"Drug Dealer","floor":20,"gold_loss":0,"cards_obtained":["Sunder","Reinforced Body"]},{"cards_removed":["Tempest"],"damage_healed":0,"gold_gain":0,"player_choice":"Removed Skill","damage_taken":0,"max_hp_gain":0,"max_hp_loss":0,"event_name":"Falling","floor":36,"gold_loss":0}],"is_beta":false,"boss_relics":[{"not_picked":["Snecko Eye","Busted Crown"],"picked":"Nuclear Battery"},{"not_picked":["Fusion Hammer","Calling Bell"],"picked":"Philosopher\u0027s Stone"}],"items_purged_floors":[3,14,31,38],"is_endless":false,"potions_floor_spawned":[1,6,8,10,16,18,22,24,33,42,45,46,47,48],"ascension_level":1}}