{"host":"5wwct7e0z3l0f094","time":1613532869,"event":{"mods":["AchievementEnabler","BaseMod","Downfall","Highlight Path","Minty Spire (QoL Compilation)","StSLib","SuperFastMode"],"gold_per_floor":[116,391,407,189,203,229,229,246,246,281,281,291,291,321,321,321,321],"floor_reached":16,"language":"ENG","playtime":423,"items_purged":["Regret"],"score":186,"play_id":"01b07c47-433c-4a17-b09d-557e057abad9","local_time":"20210216223429","is_ascension_mode":true,"campfire_choices":[{"data":"Neutralize","floor":7,"key":"SMITH"},{"floor":11,"key":"REST"},{"floor":13,"key":"REST"},{"data":"Terror","floor":15,"key":"SMITH"}],"circlet_count":0,"master_deck":["AscendersBane","Strike_G","Strike_G","Strike_G","Strike_G","Strike_G","Defend_G","Defend_G","Defend_G","Defend_G","Defend_G","Survivor","Neutralize+1","Choke","Prepared","Infinite Blades","Cloak And Dagger","Terror+1"],"relics":["Ring of the Snake","NeowsBlessing","Ancient Tea Set","Darkstone Periapt","Bird Faced Urn","Calipers","Bag of Marbles"],"acts_visited":["Exordium"],"potions_floor_usage":[6,10,10,16],"damage_taken":[{"damage":0.0,"enemies":"Jaw Worm","floor":1.0,"turns":1.0},{"damage":0.0,"enemies":"Cultist","floor":3.0,"turns":1.0},{"damage":0.0,"enemies":"2 Louse","floor":5.0,"turns":1.0},{"damage":19,"enemies":"Gremlin Nob","floor":6,"turns":4},{"damage":3,"enemies":"2 Fungi Beasts","floor":8,"turns":5},{"damage":35,"enemies":"Lagavulin","floor":10,"turns":7},{"damage":4,"enemies":"Exordium Thugs","floor":12,"turns":5},{"damage":17,"enemies":"Gremlin Nob","floor":14,"turns":4},{"damage":37,"enemies":"Slime Boss","floor":16,"turns":6}],"seed_played":"5299762027591083248","potions_obtained":[{"floor":3.0,"key":"Block Potion"},{"floor":5.0,"key":"Poison Potion"},{"floor":6,"key":"Weak Potion"},{"floor":14,"key":"LiquidMemories"}],"is_trial":false,"path_per_floor":["M","?","M","$","M","E","R","M","T","E","R","M","R","E","R","B"],"character_chosen":"THE_SILENT","items_purchased":["Ancient Tea Set"],"campfire_rested":2,"item_purchase_floors":[4],"current_hp_per_floor":[63,63,63,63,63,44,44,41,41,8,29,27,48,33,33,0,0],"gold":321,"neow_bonus":"THREE_ENEMY_KILL","is_daily":false,"chose_seed":false,"campfire_upgraded":2,"win_rate":0.0,"timestamp":1613532869,"path_taken":["M","?","M","$","?","E","R","M","T","E","R","M","R","E","R","BOSS"],"items_purchased_type":["Relic"],"build_version":"2020-12-22","purchased_purges":1,"victory":false,"max_hp_per_floor":[70,70,70,70,70,70,70,70,70,70,70,70,70,70,70,70,70],"card_choices":[{"not_picked":["Poisoned Stab","PiercingWail"],"picked":"Choke","floor":1.0},{"not_picked":["Bane","Flying Knee"],"picked":"Prepared","floor":3.0},{"not_picked":["Outmaneuver","Dodge and Roll"],"picked":"Infinite Blades","floor":5.0},{"not_picked":["Escape Plan","Bane","Dagger Spray"],"picked":"SKIP","floor":6},{"not_picked":["PiercingWail","Dagger Spray","Dash"],"picked":"SKIP","floor":8},{"not_picked":["Dagger Throw","Calculated Gamble"],"picked":"Cloak And Dagger","floor":10},{"not_picked":["Bane","Expertise","Acrobatics"],"picked":"SKIP","floor":12},{"not_picked":["Bane","Tactician"],"picked":"Terror","floor":14}],"player_experience":336546,"relics_obtained":[{"floor":6,"key":"Darkstone Periapt"},{"floor":9,"key":"Bird Faced Urn"},{"floor":10,"key":"Calipers"},{"floor":14,"key":"Bag of Marbles"}],"event_choices":[{"damage_healed":0.0,"max_hp_gain":0.0,"max_hp_loss":0.0,"gold_gain":275.0,"event_name":"Golden Shrine","player_choice":"Desecrate","floor":2.0,"gold_loss":0.0,"damage_taken":0.0,"cards_obtained":["Regret"]}],"is_beta":false,"boss_relics":[],"items_purged_floors":[4],"is_endless":false,"potions_floor_spawned":[3,5,6,14],"killed_by":"Slime Boss","ascension_level":11}}