{"host":"3uci9gpt6cwo3y1o","time":1613533531,"event":{"mods":["Aspiration","BaseMod","Bossed Relics","Energized Spire","Minty Spire (QoL Compilation)","MostiFishMod","Reliquary","StSLib","TestMod"],"gold_per_floor":[115,135,210,227,227,227,241,276,276,303,319,319,333,364,364,438,438,452,852,871,647,663,697,697,727,727,747,764,863,888,988,988,1062,1062,1075,1095,1395,1413,1413,1413,1157,1184,1252,806,806,825,850,868,868,868,868,868,403,437,437],"floor_reached":56,"language":"ZHS","playtime":2481,"items_purged":["Strike_P","Defend_P","Strike_P","Defend_P"],"score":2875,"play_id":"d2eca8f0-1e0a-4324-b19c-133a56d1049f","local_time":"20210217114531","is_ascension_mode":true,"campfire_choices":[{"floor":6.0,"key":"REST"},{"floor":12.0,"key":"REST"},{"floor":15.0,"key":"RECALL"},{"floor":24.0,"key":"REST"},{"floor":32.0,"key":"REST"},{"data":"WheelKick","floor":40.0,"key":"SMITH"},{"floor":45.0,"key":"DIG"},{"floor":49.0,"key":"DIG"},{"floor":52.0,"key":"DIG"}],"circlet_count":0,"master_deck":["AscendersBane","Strike_P","Strike_P","Defend_P","Defend_P","Eruption+1","Vigilance","MentalFortress+1","TalkToTheHand+1","Tantrum+1","Scrawl+1","MostiFishMod:Adaptation","MostiFishMod:PathToVictory+1","InnerPeace+1","CutThroughFate+1","WheelKick+1","Ragnarok+1","FearNoEvil","Prostrate+1","Indignation+1","testmod-ConditionedReflex+1"],"relics":["PureWater","DaveBox","Mango","testmod-BloodSacrificeSpiritualization","ArrowTower","SynthV:TestCard","reliquary:IvoryTrinket","White Beast Statue","Regal Pillow","aspiration:DSix","aspiration:RitualDagger","testmod-IndustrialRevolution","testmod-Brilliant","Bottled Lightning","testmod-CasingShield","testmod-RealStoneCalender","Darkstone Periapt","Tiny House","testmod-Charity","Shovel","Gremlin Horn","Bottled Tornado","reliquary:Spinner","The Courier","testmod-LifeArmor","aspiration:FrozenJewel","BionicSphere","testmod-Hope"],"acts_visited":["Exordium","TheCity","TheBeyond","TheEnding"],"potions_floor_usage":[55,55],"damage_taken":[{"damage":18.0,"enemies":"Small Slimes","floor":1.0,"turns":2.0},{"damage":10.0,"enemies":"Jaw Worm","floor":2.0,"turns":2.0},{"damage":0.0,"enemies":"2 Louse","floor":4.0,"turns":2.0},{"damage":0.0,"enemies":"2 Fungi Beasts","floor":7.0,"turns":2.0},{"damage":20.0,"enemies":"3 Sentries","floor":8.0,"turns":5.0},{"damage":15.0,"enemies":"Lagavulin","floor":10.0,"turns":4.0},{"damage":0.0,"enemies":"3 Louse","floor":11.0,"turns":3.0},{"damage":12.0,"enemies":"Large Slime","floor":13.0,"turns":4.0},{"damage":0.0,"enemies":"Gremlin Nob","floor":14.0,"turns":2.0},{"damage":18.0,"enemies":"The Guardian","floor":16.0,"turns":7.0},{"damage":28.0,"enemies":"2 Thieves","floor":18.0,"turns":4.0},{"damage":16.0,"enemies":"Chosen","floor":20.0,"turns":4.0},{"damage":45.0,"enemies":"Snake Plant","floor":22.0,"turns":3.0},{"damage":55.0,"enemies":"Slavers","floor":23.0,"turns":4.0},{"damage":17.0,"enemies":"Book of Stabbing","floor":25.0,"turns":3.0},{"damage":21.0,"enemies":"Snecko","floor":27.0,"turns":3.0},{"damage":16.0,"enemies":"Centurion and Healer","floor":28.0,"turns":2.0},{"damage":3.0,"enemies":"Slavers","floor":30.0,"turns":1.0},{"damage":3.0,"enemies":"Colosseum Slavers","floor":31.0,"turns":1.0},{"damage":3.0,"enemies":"Colosseum Nobs","floor":31.0,"turns":1.0},{"damage":23.0,"enemies":"Champ","floor":33.0,"turns":4.0},{"damage":3.0,"enemies":"3 Shapes","floor":35.0,"turns":1.0},{"damage":11.0,"enemies":"Orb Walker","floor":36.0,"turns":1.0},{"damage":3.0,"enemies":"Sphere and 2 Shapes","floor":38.0,"turns":1.0},{"damage":26.0,"enemies":"Giant Head","floor":42.0,"turns":7.0},{"damage":15.0,"enemies":"Transient","floor":46.0,"turns":5.0},{"damage":15.0,"enemies":"Nemesis","floor":47.0,"turns":5.0},{"damage":17.0,"enemies":"Writhing Mass","floor":48.0,"turns":3.0},{"damage":49.0,"enemies":"Time Eater","floor":50.0,"turns":7.0},{"damage":23,"enemies":"Shield and Spear","floor":54,"turns":5},{"damage":23,"enemies":"The Heart","floor":55,"turns":5}],"seed_played":"-5188311684795670325","potions_obtained":[{"floor":2.0,"key":"SpeedPotion"},{"floor":4.0,"key":"FairyPotion"},{"floor":8.0,"key":"Block Potion"},{"floor":10.0,"key":"Swift Potion"},{"floor":18.0,"key":"BottledMiracle"},{"floor":22.0,"key":"BottledMiracle"},{"floor":23.0,"key":"SpeedPotion"},{"floor":25.0,"key":"SpeedPotion"},{"floor":27.0,"key":"EntropicBrew"},{"floor":28.0,"key":"EntropicBrew"},{"floor":30.0,"key":"ColorlessPotion"},{"floor":33.0,"key":"Energy Potion"},{"floor":38.0,"key":"StancePotion"},{"floor":42.0,"key":"DistilledChaos"},{"floor":47.0,"key":"Strength Potion"},{"floor":48.0,"key":"PowerPotion"}],"is_trial":false,"path_per_floor":["M","M","?","M","?","R","M","E","T","E","M","R","M","E","R","B",null,"M","?","M","$","M","E","R","E","T","M","M","?","E","?","R","B",null,"M","M","?","M","?","R","$","E","T","$","R","M","E","M","R","B",null,"R","$","E","B",null],"character_chosen":"WATCHER","items_purchased":["testmod-IndustrialRevolution","testmod-Charity","FearNoEvil","Bottled Tornado","BionicSphere","Indignation","testmod-ConditionedReflex"],"campfire_rested":4,"item_purchase_floors":[21,41,44,44,53,53,53],"current_hp_per_floor":[39,29,18,18,18,42,42,22,22,7,7,46,34,34,34,16,66,38,38,22,22,1,38,77,70,70,55,43,43,42,39,78,82,82,79,75,75,72,72,72,72,77,78,78,78,81,80,76,76,62,78,78,78,73,84],"gold":437,"neow_bonus":"ONE_RARE_RELIC","is_daily":false,"chose_seed":false,"campfire_upgraded":1,"win_rate":0.0,"timestamp":1613533531,"path_taken":["M","M","?","M","?","R","M","E","T","E","M","R","M","E","R","BOSS","M","?","M","$","M","E","R","E","T","M","M","?","E","?","R","BOSS","M","M","?","M","?","R","?","E","T","$","R","M","E","M","R","BOSS","R","$","E","BOSS"],"items_purchased_type":["Relic","Relic","Card","Relic","Relic","Card","Card"],"build_version":"2020-12-22","purchased_purges":4,"victory":true,"max_hp_per_floor":[82,82,82,82,82,82,82,82,82,82,82,82,82,82,82,82,82,82,82,82,82,82,82,82,82,82,82,82,82,82,82,82,82,82,82,82,82,82,78,78,78,79,80,80,80,81,82,83,83,83,83,83,83,84,84],"card_choices":[{"not_picked":["Crescendo","ClearTheMind"],"picked":"MentalFortress","floor":1.0},{"not_picked":["BattleHymn","BowlingBash","Swivel","EmptyBody","ThirdEye"],"picked":"SKIP","floor":2.0},{"not_picked":["FlurryOfBlows","Vengeance","Consecrate","Evaluate","JustLucky"],"picked":"SKIP","floor":4.0},{"not_picked":["Consecrate","JustLucky","Prostrate","Halt"],"picked":"TalkToTheHand","floor":7.0},{"not_picked":["MostiFishMod:LegendTransform","FlyingSleeves","EmptyBody","MostiFishMod:Nomercy"],"picked":"Tantrum","floor":8.0},{"not_picked":["FlyingSleeves","Protect","Evaluate","FlurryOfBlows","Collect"],"picked":"SKIP","floor":10.0},{"not_picked":["FearNoEvil","FollowUp","Evaluate","Wallop"],"picked":"Scrawl","floor":11.0},{"not_picked":["Halt","Pray","FollowUp","FlyingSleeves","Consecrate"],"picked":"SKIP","floor":13.0},{"not_picked":["Conclude","CrushJoints","ThirdEye","Crescendo","FlyingSleeves"],"picked":"SKIP","floor":14.0},{"not_picked":["DeusExMachina","SpiritShield","MostiFishMod:Unraveling","LessonLearned"],"picked":"MostiFishMod:Adaptation","floor":16.0},{"not_picked":["Wireheading","Consecrate","FollowUp","ClearTheMind"],"picked":"MostiFishMod:PathToVictory+1","floor":18.0},{"not_picked":["Study","LikeWater","BowlingBash","SashWhip+1","Consecrate"],"picked":"SKIP","floor":20.0},{"not_picked":["EmptyFist","EmptyBody","Fasting2","FollowUp"],"picked":"InnerPeace+1","floor":22.0},{"not_picked":["MostiFishMod:StarLaLaLa","MostiFishMod:LegendTransform","SpiritShield","Protect"],"picked":"CutThroughFate","floor":23.0},{"not_picked":["ThirdEye","Meditate","EmptyFist","MostiFishMod:Nomercy","BowlingBash"],"picked":"SKIP","floor":25.0},{"not_picked":["MentalFortress","Collect","CutThroughFate","Prostrate","FlurryOfBlows"],"picked":"SKIP","floor":27.0},{"not_picked":["EmptyBody","Prostrate","JustLucky","Protect","FlurryOfBlows"],"picked":"SKIP","floor":28.0},{"not_picked":["FlyingSleeves","MostiFishMod:FlowState","Worship","Protect"],"picked":"WheelKick","floor":30.0},{"not_picked":["Alpha","Blasphemy","MostiFishMod:DustFall","Brilliance"],"picked":"Ragnarok","floor":33.0},{"not_picked":["FlyingSleeves","Protect","ThirdEye","Sanctity","Meditate"],"picked":"SKIP","floor":35.0},{"not_picked":["EmptyBody","EmptyMind+1","Evaluate","Vengeance","Crescendo"],"picked":"SKIP","floor":36.0},{"not_picked":["FlurryOfBlows+1","Consecrate+1","MostiFishMod:Nomercy+1","Pray","Perseverance+1"],"picked":"SKIP","floor":38.0},{"not_picked":["MostiFishMod:LegendTransform+1","JustLucky+1","EmptyFist","Worship","FlyingSleeves+1"],"picked":"SKIP","floor":42.0},{"not_picked":["Perseverance+1","Swivel","JustLucky+1","WaveOfTheHand","EmptyBody"],"picked":"SKIP","floor":46.0},{"not_picked":["Evaluate+1","Consecrate","MasterReality","MostiFishMod:KamiSmash"],"picked":"Prostrate","floor":47.0},{"not_picked":["FollowUp","FearNoEvil","EmptyMind+1","EmptyBody","PathToVictory"],"picked":"SKIP","floor":48.0},{"not_picked":["Tantrum","Devotion","CutThroughFate","ThirdEye+1","Halt+1"],"picked":"SKIP","floor":54}],"player_experience":913461,"relics_obtained":[{"floor":1.0,"key":"SynthV:TestCard"},{"floor":8.0,"key":"reliquary:IvoryTrinket"},{"floor":9.0,"key":"White Beast Statue"},{"floor":10.0,"key":"Regal Pillow"},{"floor":14.0,"key":"aspiration:DSix"},{"floor":23.0,"key":"testmod-Brilliant"},{"floor":25.0,"key":"Bottled Lightning"},{"floor":30.0,"key":"testmod-CasingShield"},{"floor":31.0,"key":"testmod-RealStoneCalender"},{"floor":31.0,"key":"Darkstone Periapt"},{"floor":42.0,"key":"Shovel"},{"floor":43.0,"key":"Gremlin Horn"},{"floor":45.0,"key":"reliquary:Spinner"},{"floor":47.0,"key":"The Courier"},{"floor":49.0,"key":"testmod-LifeArmor"},{"floor":52.0,"key":"aspiration:FrozenJewel"},{"floor":54,"key":"testmod-Hope"}],"event_choices":[{"damage_healed":0.0,"max_hp_gain":0.0,"max_hp_loss":0.0,"gold_gain":75.0,"event_name":"World of Goop","player_choice":"Gather Gold","floor":3.0,"gold_loss":0.0,"damage_taken":11.0},{"damage_healed":0.0,"max_hp_gain":0.0,"max_hp_loss":0.0,"gold_gain":0.0,"event_name":"Liars Game","player_choice":"Ignored","floor":5.0,"gold_loss":0.0,"damage_taken":0.0},{"damage_healed":0.0,"max_hp_gain":0.0,"max_hp_loss":0.0,"gold_gain":400.0,"event_name":"恩洛斯的盘子","player_choice":"Sell","floor":19.0,"relics_lost":["testmod-TestBox"],"gold_loss":0.0,"damage_taken":0.0},{"damage_healed":0.0,"max_hp_gain":0.0,"max_hp_loss":0.0,"gold_gain":99.0,"event_name":"Nest","player_choice":"Stole From Cult","floor":29.0,"gold_loss":0.0,"damage_taken":0.0},{"damage_healed":0.0,"max_hp_gain":0.0,"max_hp_loss":0.0,"gold_gain":0.0,"event_name":"Colosseum","player_choice":"Fight","floor":31.0,"gold_loss":0.0,"damage_taken":0.0},{"damage_healed":0.0,"max_hp_gain":0.0,"max_hp_loss":0.0,"gold_gain":0.0,"event_name":"Colosseum","player_choice":"Fought Nobs","floor":31.0,"gold_loss":0.0,"damage_taken":0.0},{"damage_healed":0.0,"max_hp_gain":0.0,"max_hp_loss":0.0,"gold_gain":0.0,"event_name":"给自己的盒子","player_choice":"Swap Relic","floor":37.0,"relics_lost":["Old Coin"],"gold_loss":0.0,"damage_taken":0.0,"relics_obtained":["Old Coin"]},{"damage_healed":0.0,"max_hp_gain":0.0,"max_hp_loss":4.0,"gold_gain":0.0,"event_name":"Winding Halls","player_choice":"Max HP","floor":39.0,"gold_loss":0.0,"damage_taken":0.0}],"is_beta":false,"boss_relics":[{"not_picked":["energizedSpire:HugeHouse","Velvet Choker"],"picked":"aspiration:RitualDagger"},{"not_picked":["PatriotShield","EE1DDrone"],"picked":"Tiny House"}],"items_purged_floors":[21,41,44,53],"is_endless":false,"potions_floor_spawned":[2,4,8,10,11,13,14,16,18,20,22,23,25,27,28,30,31,31,33,35,36,38,42,46,47,48,54],"ascension_level":14}}