{"host":"v4pe0ixo3k7iwzp0","time":1613527794,"event":{"mods":["100% Spire Juice","BaseMod","Bestiary","Highlight Path","Minty Spire (QoL Compilation)","StSLib","Td1madao Mod","The Senshi"],"gold_per_floor":[109,127,139,151,111,111,121,121,121,49,61,161,193,213,213,311,311,328,362,379,119,119,119,132,132,132,132,132],"floor_reached":27,"language":"ENG","playtime":1842,"items_purged":[],"score":215,"play_id":"e991555e-4102-46b6-b199-bef767c777e6","local_time":"20210216180954","is_ascension_mode":false,"campfire_choices":[{"data":"theSenshi:MoonPrismPowerMakeUp","floor":6.0,"key":"SMITH"},{"floor":8.0,"key":"REST"},{"floor":15.0,"key":"REST"},{"floor":23.0,"key":"REST"},{"data":"theSenshi:GlimpseOfThePast","floor":25,"key":"SMITH"}],"circlet_count":0,"master_deck":["theSenshi:SailorKick","theSenshi:SailorBlock","theSenshi:SailorBlock","theSenshi:SailorBlock","theSenshi:SailorBlock","theSenshi:RoseThrow","theSenshi:MoonPrismPowerMakeUp+1","theSenshi:Sidestep","theSenshi:MoonTwilightFlash","theSenshi:SailorVenusAssists","theSenshi:MoonlightKnight","theSenshi:MoonKick","theSenshi:MoonPunch","theSenshi:MoonPrincessHalation","theSenshi:GlimpseOfThePast+1","theSenshi:SupersonicWaves","theSenshi:MoonCosmicPowerMakeUp","theSenshi:WarriorOfTheMoon","theSenshi:Sidestep+1","theSenshi:SteeledNerves+1","theSenshi:FatedKiss+1","theSenshi:MoonTwilightFlash+1","theSenshi:MoonsReflection+1","theSenshi:MoonTiaraMagic","theSenshi:SailorChibiMoonAssists","theSenshi:SailorPlanetPower","PanicButton","Writhe","theSenshi:SailorMarsAssists+1"],"relics":["theSenshi:TransformationBroochRelic","Bottled Lightning","Lantern","Astrolabe","Red Mask","FossilizedHelix","theSenshi:CrescentMoonWandRelic"],"acts_visited":["Exordium","TheCity"],"potions_floor_usage":[27],"damage_taken":[{"damage":2.0,"enemies":"2 Louse","floor":1.0,"turns":4.0},{"damage":4.0,"enemies":"Cultist","floor":2.0,"turns":5.0},{"damage":0.0,"enemies":"Small Slimes","floor":3.0,"turns":4.0},{"damage":9.0,"enemies":"Exordium Thugs","floor":4.0,"turns":6.0},{"damage":21.0,"enemies":"Large Slime","floor":7.0,"turns":8.0},{"damage":9.0,"enemies":"Blue Slaver","floor":11.0,"turns":3.0},{"damage":35.0,"enemies":"Lagavulin","floor":13.0,"turns":7.0},{"damage":16.0,"enemies":"Exordium Thugs","floor":14.0,"turns":5.0},{"damage":28.0,"enemies":"Slime Boss","floor":16.0,"turns":10.0},{"damage":14.0,"enemies":"Shell Parasite","floor":18.0,"turns":10.0},{"damage":34.0,"enemies":"Masked Bandits","floor":19.0,"turns":7.0},{"damage":41.0,"enemies":"Chosen","floor":20.0,"turns":7.0},{"damage":5,"enemies":"Snake Plant","floor":24,"turns":5},{"damage":55,"enemies":"Chosen and Byrds","floor":27,"turns":9}],"seed_played":"-3703839107031845317","potions_obtained":[{"floor":2.0,"key":"SteroidPotion"},{"floor":3.0,"key":"Fruit Juice"},{"floor":5.0,"key":"FairyPotion"},{"floor":5.0,"key":"Dexterity Potion"},{"floor":5.0,"key":"Strength Potion"},{"floor":13.0,"key":"EntropicBrew"},{"floor":16.0,"key":"BlessingOfTheForge"},{"floor":18.0,"key":"EntropicBrew"},{"floor":19.0,"key":"SkillPotion"}],"is_trial":false,"path_per_floor":["M","M","M","M","?","R","M","R","T","$","M","?","E","M","R","B",null,"M","?","M","$","?","R","M","R","T","M"],"character_chosen":"THE_SENSHI","items_purchased":["theSenshi:MoonPunch","theSenshi:MoonPrincessHalation","theSenshi:SailorChibiMoonAssists","theSenshi:SailorPlanetPower","AttackPotion","PanicButton"],"campfire_rested":3,"item_purchase_floors":[10,10,21,21,21,21],"current_hp_per_floor":[80,76,81,72,72,72,51,77,77,77,68,68,33,17,43,15,87,73,39,26,26,26,52,47,47,47,0,0],"gold":132,"neow_bonus":"TEN_PERCENT_HP_BONUS","is_daily":false,"chose_seed":false,"campfire_upgraded":2,"win_rate":0.0,"timestamp":1613527794,"path_taken":["M","M","M","M","?","R","M","R","T","$","?","?","E","M","R","BOSS","M","?","M","$","?","R","M","R","T","M"],"items_purchased_type":["Card","Card","Card","Card","Potion","Card"],"build_version":"2020-12-22","purchased_purges":0,"victory":false,"max_hp_per_floor":[82,82,87,87,87,87,87,87,87,87,87,87,87,87,87,87,87,87,87,87,87,87,87,87,87,87,87,87],"card_choices":[{"not_picked":["theSenshi:MoonPower","theSenshi:TallSilhouette"],"picked":"theSenshi:Sidestep","floor":1.0},{"not_picked":["theSenshi:LateForSchool","theSenshi:RainbowMoonHeartAche"],"picked":"theSenshi:MoonTwilightFlash","floor":2.0},{"not_picked":["theSenshi:SailorMarsAssists","theSenshi:SailorMercuryAssists"],"picked":"theSenshi:SailorVenusAssists","floor":3.0},{"not_picked":["theSenshi:DramaticEntrance","theSenshi:TuxedoSmokingBomber"],"picked":"theSenshi:MoonlightKnight","floor":4.0},{"not_picked":["theSenshi:SailorVenusAssists","theSenshi:LateForSchool"],"picked":"theSenshi:MoonKick","floor":7.0},{"not_picked":["theSenshi:TuxedoMaskAssists","theSenshi:SailorNeptuneAssists"],"picked":"theSenshi:GlimpseOfThePast","floor":11.0},{"not_picked":["theSenshi:SailorV","theSenshi:EncouragingSpeech"],"picked":"theSenshi:SupersonicWaves","floor":13.0},{"not_picked":["theSenshi:SailorVenusAssists","theSenshi:PlutosSolemnity"],"picked":"theSenshi:MoonCosmicPowerMakeUp","floor":14.0},{"not_picked":["theSenshi:ChibiMoonsLove","theSenshi:GlimpseOfThePast"],"picked":"theSenshi:WarriorOfTheMoon","floor":16.0},{"not_picked":["theSenshi:Sidestep+1","theSenshi:SailorVenusAssists"],"picked":"theSenshi:MoonTwilightFlash+1","floor":18.0},{"not_picked":["theSenshi:MoonSpiralHeartAttack","theSenshi:MoonPrincessHalation"],"picked":"theSenshi:MoonsReflection+1","floor":19.0},{"not_picked":["theSenshi:MoonKick+1","theSenshi:SupersonicWaves"],"picked":"theSenshi:MoonTiaraMagic","floor":20.0},{"not_picked":["theSenshi:GlimpseOfThePast","theSenshi:SchoolBag"],"picked":"theSenshi:SailorMarsAssists+1","floor":24}],"player_experience":137886,"relics_obtained":[{"floor":9.0,"key":"Bottled Lightning"},{"floor":13.0,"key":"Lantern"},{"floor":19.0,"key":"Red Mask"},{"floor":26,"key":"theSenshi:CrescentMoonWandRelic"}],"event_choices":[{"damage_healed":0.0,"max_hp_gain":0.0,"max_hp_loss":0.0,"gold_gain":0.0,"event_name":"The Woman in Blue","player_choice":"Bought 3 Potions","floor":5.0,"gold_loss":0.0,"damage_taken":0.0},{"damage_healed":0.0,"max_hp_gain":0.0,"max_hp_loss":0.0,"gold_gain":100.0,"event_name":"Golden Shrine","player_choice":"Pray","floor":12.0,"gold_loss":0.0,"damage_taken":0.0},{"damage_healed":0.0,"max_hp_gain":0.0,"max_hp_loss":0.0,"gold_gain":0.0,"event_name":"Masked Bandits","player_choice":"Fought Bandits","floor":19.0,"gold_loss":0.0,"damage_taken":0.0},{"damage_healed":0.0,"max_hp_gain":0.0,"max_hp_loss":0.0,"gold_gain":0.0,"event_name":"The Mausoleum","player_choice":"Opened","floor":22.0,"gold_loss":0.0,"damage_taken":0.0,"relics_obtained":["FossilizedHelix"],"cards_obtained":["Writhe"]}],"is_beta":false,"boss_relics":[{"not_picked":["Sozu","SacredBark"],"picked":"Astrolabe"}],"items_purged_floors":[],"is_endless":false,"potions_floor_spawned":[2,3,11,13,16,18,19,24],"killed_by":"Chosen and Byrds","ascension_level":0}}