{"host":"johnydays","time":1613593062,"event":{"mods":["BaseMod","Bestiary","Block Reminder","Colored Map","Colored Powertips","Curses Come First","DeckTracker","Highlight Path","Minty Spire (QoL Compilation)","Relic Sorter","Relic Stats","StSLib","SuperFastMode","Weighted Paths"],"gold_per_floor":[118,128,148,163,163,193,193,226,226,226,260,260,280,307,319,429,441,465,477,507,519,383,415,415,432,432,442,442,469,130,145,145,243,243,261,274,274,18,36,68,68,98,98,112,132,52,52,67,67,67,67,67,28,57,57],"floor_reached":56,"language":"ENG","playtime":6931,"items_purged":["Strike_P","Strike_P"],"score":1539,"play_id":"739804cd-8eff-44d5-a03d-3cd0b834650f","local_time":"20210217201742","is_ascension_mode":true,"campfire_choices":[{"data":"CrushJoints","floor":7.0,"key":"SMITH"},{"data":"WaveOfTheHand","floor":10.0,"key":"SMITH"},{"data":"Meditate","floor":15.0,"key":"SMITH"},{"floor":28.0,"key":"REST"},{"data":"MentalFortress","floor":32.0,"key":"SMITH"},{"data":"DevaForm","floor":41,"key":"SMITH"},{"floor":47,"key":"RECALL"},{"data":"TalkToTheHand","floor":49,"key":"SMITH"},{"data":"Worship","floor":52,"key":"SMITH"}],"circlet_count":0,"master_deck":["Eruption+1","Vigilance","CrushJoints+1","Wallop","EmptyBody","FlyingSleeves","WaveOfTheHand+1","Indignation","SandsOfTime","Meditate+1","ClearTheMind","Vault","DevaForm+1","Evaluate+1","ConjureBlade","EmptyBody","MentalFortress","Adaptation","Adaptation","MentalFortress+1","DeceiveReality","MentalFortress","Tantrum","Omniscience","BattleHymn+1","Meditate+1","Judgement+1","ClearTheMind+1","ClearTheMind+1","Worship+1","Protect","Parasite","Establishment","Vault","LikeWater+1","TalkToTheHand+1","Wallop","ThirdEye+1"],"relics":["Sozu","Blood Vial","Nunchaku","InkBottle","Bottled Lightning","MawBank","VioletLotus","StoneCalendar","Singing Bowl","Damaru","Mummified Hand","Astrolabe","OrangePellets","MealTicket","Bag of Preparation","Frozen Egg 2","Pear"],"acts_visited":["Exordium","TheCity","TheBeyond","TheEnding"],"potions_floor_usage":[],"damage_taken":[{"damage":1.0,"enemies":"Jaw Worm","floor":1.0,"turns":5.0},{"damage":0.0,"enemies":"Cultist","floor":2.0,"turns":2.0},{"damage":0.0,"enemies":"2 Louse","floor":3.0,"turns":1.0},{"damage":2.0,"enemies":"Lots of Slimes","floor":4.0,"turns":6.0},{"damage":17.0,"enemies":"Lagavulin","floor":6.0,"turns":6.0},{"damage":12.0,"enemies":"Gremlin Nob","floor":8.0,"turns":3.0},{"damage":11.0,"enemies":"3 Sentries","floor":11.0,"turns":8.0},{"damage":1.0,"enemies":"Gremlin Gang","floor":13.0,"turns":3.0},{"damage":0.0,"enemies":"Lagavulin","floor":14.0,"turns":4.0},{"damage":12.0,"enemies":"The Guardian","floor":16.0,"turns":10.0},{"damage":4.0,"enemies":"3 Byrds","floor":18.0,"turns":6.0},{"damage":9.0,"enemies":"Shell Parasite","floor":20.0,"turns":3.0},{"damage":44.0,"enemies":"Slavers","floor":23.0,"turns":9.0},{"damage":0.0,"enemies":"3 Cultists","floor":25.0,"turns":5.0},{"damage":1.0,"enemies":"Centurion and Healer","floor":27.0,"turns":8.0},{"damage":28.0,"enemies":"Gremlin Leader","floor":29.0,"turns":5.0},{"damage":10.0,"enemies":"Snecko","floor":31.0,"turns":5.0},{"damage":0.0,"enemies":"Collector","floor":33.0,"turns":7.0},{"damage":0.0,"enemies":"3 Shapes","floor":35.0,"turns":3.0},{"damage":5,"enemies":"Orb Walker","floor":36,"turns":3},{"damage":12,"enemies":"Writhing Mass","floor":39,"turns":7},{"damage":0,"enemies":"Reptomancer","floor":40,"turns":5},{"damage":0,"enemies":"Giant Head","floor":42,"turns":4},{"damage":30,"enemies":"Maw","floor":44,"turns":5},{"damage":0,"enemies":"Jaw Worm Horde","floor":45,"turns":4},{"damage":0,"enemies":"Sphere and 2 Shapes","floor":48,"turns":3},{"damage":41,"enemies":"Donu and Deca","floor":50,"turns":7},{"damage":17,"enemies":"Shield and Spear","floor":54,"turns":9},{"damage":33,"enemies":"The Heart","floor":55,"turns":8}],"seed_played":"5017350821279124779","potions_obtained":[],"is_trial":false,"path_per_floor":["M","M","M","M","?","E","R","E","T","R","E","?","M","E","R","B",null,"M","?","M","?","$","E","T","M","T","M","R","E","$","M","R","B",null,"M","M","?","$","M","E","R","E","T","M","M","$","R","M","R","B",null,"R","$","E","B",null],"character_chosen":"WATCHER","items_purchased":["Adaptation","Mummified Hand","OrangePellets","Worship","Protect","LikeWater+1","Wallop"],"campfire_rested":1,"item_purchase_floors":[22,30,38,38,38,46,53],"current_hp_per_floor":[71,71,71,69,69,52,52,42,42,42,33,33,34,36,36,26,72,68,68,61,61,61,19,19,21,21,22,43,17,17,11,11,13,74,74,69,69,69,61,63,63,65,65,39,43,58,58,60,60,21,80,80,80,73,42],"gold":57,"neow_bonus":"BOSS_RELIC","is_daily":false,"chose_seed":false,"campfire_upgraded":7,"win_rate":0.0,"timestamp":1613593062,"path_taken":["M","M","M","M","?","E","R","E","T","R","E","?","M","E","R","BOSS","M","?","M","?","$","E","?","M","T","M","R","E","$","M","R","BOSS","M","M","?","?","M","E","R","E","T","M","M","$","R","M","R","BOSS","R","$","E","BOSS"],"items_purchased_type":["Card","Relic","Relic","Card","Card","Card","Card"],"build_version":"2020-12-18","purchased_purges":2,"victory":true,"max_hp_per_floor":[72,72,72,72,72,72,72,72,72,72,72,72,72,72,72,72,72,72,72,72,72,72,72,72,72,72,72,72,72,72,74,74,74,74,74,74,74,74,76,76,76,76,76,78,80,80,80,80,80,80,80,80,80,90,90],"relic_stats":{"Singing Bowl":8,"counters":[29,154],"Astrolabe":["BattleHymn","Meditate","Judgement"],"StoneCalendar":[235],"Bag of Preparation":[12],"MawBank":96,"Sozu":12,"Blood Vial":40,"OrangePellets":[11],"Nunchaku":[25],"Mummified Hand":[132],"MealTicket":15,"VioletLotus":[46],"obtain_stats":[{"Pear":54,"Singing Bowl":26,"Astrolabe":34,"Damaru":29,"StoneCalendar":23,"Bag of Preparation":42,"Frozen Egg 2":43,"MawBank":14,"Sozu":0,"Blood Vial":6,"OrangePellets":38,"Nunchaku":8,"Mummified Hand":30,"MealTicket":40,"VioletLotus":17,"Bottled Lightning":11,"PureWater":0,"InkBottle":9},{"Pear":28,"Singing Bowl":14,"Astrolabe":18,"Damaru":16,"StoneCalendar":13,"Bag of Preparation":23,"Frozen Egg 2":23,"MawBank":9,"Sozu":0,"Blood Vial":5,"OrangePellets":20,"Nunchaku":6,"Mummified Hand":16,"MealTicket":22,"VioletLotus":10,"Bottled Lightning":7,"PureWater":0,"InkBottle":6},{"Pear":146,"Singing Bowl":71,"Astrolabe":96,"Damaru":84,"StoneCalendar":66,"Bag of Preparation":118,"Frozen Egg 2":118,"MawBank":38,"Sozu":0,"Blood Vial":20,"OrangePellets":102,"Nunchaku":23,"Mummified Hand":84,"MealTicket":114,"VioletLotus":48,"Bottled Lightning":31,"PureWater":0,"InkBottle":23}],"InkBottle":[67]},"card_choices":[{"not_picked":["Weave","Study"],"picked":"CrushJoints","floor":1.0},{"not_picked":["FollowUp","JustLucky"],"picked":"Wallop","floor":2.0},{"not_picked":["Fasting2","Vengeance"],"picked":"EmptyBody","floor":3.0},{"not_picked":["Evaluate","JustLucky"],"picked":"FlyingSleeves","floor":4.0},{"not_picked":["BowlingBash","CrushJoints"],"picked":"WaveOfTheHand","floor":6.0},{"not_picked":["Consecrate","Nirvana"],"picked":"Indignation","floor":8.0},{"not_picked":["CrushJoints","Indignation"],"picked":"SandsOfTime","floor":11.0},{"not_picked":["CutThroughFate","Swivel"],"picked":"ClearTheMind","floor":13.0},{"not_picked":["WreathOfFlame","BowlingBash"],"picked":"Vault","floor":14.0},{"not_picked":["Blasphemy","MasterReality"],"picked":"DevaForm","floor":16.0},{"not_picked":["Prostrate","Crescendo"],"picked":"Evaluate+1","floor":18.0},{"not_picked":["WaveOfTheHand","PathToVictory"],"picked":"MentalFortress","floor":20.0},{"not_picked":["CutThroughFate","Nirvana"],"picked":"MentalFortress","floor":23.0},{"not_picked":["CrushJoints","SignatureMove"],"picked":"DeceiveReality","floor":25.0},{"not_picked":["ThirdEye","FearNoEvil"],"picked":"MentalFortress","floor":27.0},{"not_picked":["ReachHeaven","Conclude"],"picked":"Tantrum","floor":29.0},{"not_picked":["WaveOfTheHand","FlurryOfBlows+1","Consecrate+1"],"picked":"Singing Bowl","floor":31.0},{"not_picked":["Alpha","ConjureBlade"],"picked":"Omniscience","floor":33.0},{"not_picked":["PathToVictory+1","Protect"],"picked":"ClearTheMind+1","floor":35.0},{"not_picked":["JustLucky+1","Consecrate"],"picked":"ClearTheMind+1","floor":36},{"not_picked":["LessonLearned","Pray","Halt"],"picked":"Singing Bowl","floor":39},{"not_picked":["ReachHeaven+1","FollowUp"],"picked":"Establishment","floor":40},{"not_picked":["Crescendo","SashWhip+1"],"picked":"Vault","floor":42},{"not_picked":["SignatureMove+1","PathToVictory","Prostrate+1"],"picked":"Singing Bowl","floor":44},{"not_picked":["ClearTheMind","Wireheading+1","FlyingSleeves"],"picked":"Singing Bowl","floor":45},{"not_picked":["ClearTheMind+1","InnerPeace"],"picked":"TalkToTheHand","floor":48},{"not_picked":["Evaluate+1","Sanctity+1"],"picked":"ThirdEye+1","floor":54}],"player_experience":523830,"relics_obtained":[{"floor":6.0,"key":"Blood Vial"},{"floor":8.0,"key":"Nunchaku"},{"floor":9.0,"key":"InkBottle"},{"floor":11.0,"key":"Bottled Lightning"},{"floor":14.0,"key":"MawBank"},{"floor":23.0,"key":"StoneCalendar"},{"floor":26.0,"key":"Singing Bowl"},{"floor":29.0,"key":"Damaru"},{"floor":40,"key":"MealTicket"},{"floor":42,"key":"Bag of Preparation"},{"floor":43,"key":"Frozen Egg 2"},{"floor":54,"key":"Pear"}],"event_choices":[{"damage_healed":0.0,"max_hp_gain":0.0,"max_hp_loss":0.0,"gold_gain":0.0,"event_name":"Living Wall","player_choice":"Grow","floor":5.0,"gold_loss":0.0,"damage_taken":0.0,"cards_upgraded":["Eruption"]},{"damage_healed":0.0,"max_hp_gain":0.0,"max_hp_loss":0.0,"gold_gain":0.0,"event_name":"Match and Keep!","player_choice":"1 cards matched","floor":12.0,"gold_loss":0.0,"damage_taken":0.0,"cards_obtained":["Meditate"]},{"damage_healed":0.0,"max_hp_gain":0.0,"max_hp_loss":0.0,"gold_gain":0.0,"cards_transformed":["Strike_P","Defend_P"],"event_name":"Drug Dealer","player_choice":"Became Test Subject","floor":19.0,"gold_loss":0.0,"damage_taken":0.0,"cards_obtained":["ConjureBlade","EmptyBody"]},{"damage_healed":0.0,"max_hp_gain":0.0,"max_hp_loss":0.0,"gold_gain":0.0,"event_name":"The Library","player_choice":"Read","floor":21.0,"gold_loss":0.0,"damage_taken":0.0,"cards_obtained":["Adaptation"]},{"cards_removed":["Defend_P"],"damage_healed":0,"gold_gain":0,"player_choice":"Purged","damage_taken":0,"max_hp_gain":0,"max_hp_loss":0,"event_name":"Purifier","floor":37,"gold_loss":0}],"is_beta":true,"boss_relics":[{"not_picked":["SacredBark","Black Star"],"picked":"VioletLotus"},{"not_picked":["Coffee Dripper","SlaversCollar"],"picked":"Astrolabe"}],"items_purged_floors":[22,30],"is_endless":false,"potions_floor_spawned":[1,2,6,14,16,20,23,25,31,36,40,45,54],"ascension_level":3}}