{"host":"y4fuci1jk2rsxnep","time":1613590359,"event":{"mods":["AchievementEnabler","BaseMod","Colored Powertips","Custom Start","Defuse TimeMaze Blight","Dio Mod","Downfall","Hermit","Hero for Fun","Hubris","Hunter ??","Infinite Spire","Minty Spire (QoL Compilation)","Quick Restart","Reliquary","Remove Card Discount Mod","Replay The Spire","StSLib","The Blackbeard","The Bug Knight","The Mystic","The Runesmith"],"gold_per_floor":[114,114,134,134,147,180,197,197,197,260,272,272,286,249,249,249,249],"floor_reached":16,"language":"ENG","playtime":939,"items_purged":[],"score":119,"play_id":"27fea56c-8e08-486d-b8fd-558d6c690534","local_time":"20210217203239","is_ascension_mode":true,"campfire_choices":[{"data":"hermit:FromBeyond","floor":12,"key":"SMITH"},{"floor":15,"key":"REST"}],"circlet_count":0,"master_deck":["hermit:Strike_Hermit","hermit:Strike_Hermit","hermit:Strike_Hermit","hermit:Strike_Hermit","hermit:Defend_Hermit","hermit:Defend_Hermit+1","hermit:Snapshot","hermit:Covet","hermit:FromBeyond+1","hermit:LoneWolf","hermit:Horror","hermit:Quickdraw","hermit:Malice","hermit:Dive","hermit:Virtue"],"relics":["hermit:Momento","hubris:Icosahedron","Spirit Poop","reliquary:PorcupineQuills","Singing Bowl","reliquary:Aerogel"],"acts_visited":["Exordium"],"potions_floor_usage":[10,16],"damage_taken":[{"damage":0,"enemies":"2 Louse","floor":1,"turns":2},{"damage":22,"enemies":"Small Slimes","floor":3,"turns":3},{"damage":6,"enemies":"Cultist","floor":5,"turns":4},{"damage":20,"enemies":"Gremlin Nob","floor":6,"turns":3},{"damage":5,"enemies":"2 Fungi Beasts","floor":7,"turns":3},{"damage":5,"enemies":"Gremlin Nob","floor":10,"turns":3},{"damage":6,"enemies":"Blue Slaver","floor":11,"turns":2},{"damage":6,"enemies":"Exordium Thugs","floor":13,"turns":4},{"damage":10,"enemies":"Red Slaver","floor":14,"turns":2},{"damage":54,"enemies":"Fading Forest","floor":16,"turns":9}],"seed_played":"502716656569623226","potions_obtained":[{"floor":3,"key":"Weak Potion"},{"floor":5,"key":"LiquidBronze"},{"floor":10,"key":"AttackPotion"},{"floor":13,"key":"Strength Potion"},{"floor":14,"key":"bronze:BurnAndBuffPotion"}],"is_trial":false,"path_per_floor":["M","?","M","?","M","E","M","?","T","?","M","R","M","M","R","B"],"character_chosen":"HERMIT","items_purchased":[],"campfire_rested":1,"item_purchase_floors":[],"current_hp_per_floor":[75,75,53,53,47,27,22,22,22,19,15,15,11,3,27,0,0],"gold":249,"neow_bonus":"TRANSFORM_TWO_CARDS","is_daily":false,"chose_seed":false,"campfire_upgraded":1,"win_rate":0.0,"timestamp":1613590359,"path_taken":["M","?","M","?","?","E","M","?","T","?","M","R","M","?","R","BOSS"],"items_purchased_type":[],"build_version":"2020-12-22","purchased_purges":0,"victory":false,"max_hp_per_floor":[75,75,75,75,75,75,75,75,75,77,79,79,81,83,83,83,83],"card_choices":[{"not_picked":["hermit:Ricochet","hermit:Coalescence"],"picked":"hermit:Horror","floor":1},{"not_picked":["hermit:HighCaliber","hermit:Desperado"],"picked":"hermit:Quickdraw","floor":3},{"not_picked":["hermit:Ricochet","hermit:ItchyTrigger"],"picked":"hermit:Malice","floor":5},{"not_picked":["hermit:TakeAim","hermit:Headshot"],"picked":"hermit:Dive","floor":6},{"not_picked":["hermit:Coalescence","hermit:Glare"],"picked":"hermit:Virtue","floor":7},{"not_picked":["hermit:ItchyTrigger","hermit:BodyArmor","hermit:Snipe"],"picked":"Singing Bowl","floor":10},{"not_picked":["hermit:ItchyTrigger","hermit:GoldenBullet","hermit:Feint"],"picked":"Singing Bowl","floor":11},{"not_picked":["hermit:HighCaliber","hermit:TrackingShot","hermit:Enervate"],"picked":"Singing Bowl","floor":13},{"not_picked":["hermit:WideOpen","hermit:ItchyTrigger","hermit:Dive"],"picked":"Singing Bowl","floor":14}],"player_experience":639548,"relics_obtained":[{"floor":6,"key":"reliquary:PorcupineQuills"},{"floor":9,"key":"Singing Bowl"},{"floor":10,"key":"reliquary:Aerogel"}],"event_choices":[{"cards_removed":["downfall:Aged"],"damage_healed":0,"gold_gain":0,"player_choice":"Offered Curse","damage_taken":0,"relics_obtained":["Spirit Poop"],"max_hp_gain":0,"max_hp_loss":0,"event_name":"Bonfire Elementals","floor":4,"gold_loss":0},{"damage_healed":0,"gold_gain":30,"player_choice":"Searched \u00272\u0027 times","damage_taken":0,"max_hp_gain":0,"max_hp_loss":0,"event_name":"Dead Adventurer","floor":10,"gold_loss":0}],"is_beta":false,"boss_relics":[],"items_purged_floors":[],"is_endless":false,"potions_floor_spawned":[3,5,10,13,14],"killed_by":"Fading Forest","ascension_level":3}}