{"host":"jlz4is0nf6zo9oab","time":1613601204,"event":{"mods":["AchievementEnabler","BaseMod","Colored Map","Colored Powertips","Highlight Path","Minty Spire (QoL Compilation)","StSLib"],"gold_per_floor":[115,115,115,41,41,41,41,41,67,88,50,50,88,112,112,112,112],"floor_reached":16,"language":"SPA","playtime":360,"items_purged":[],"score":158,"play_id":"a5e0fe59-6585-4553-b028-d379cdb670e8","local_time":"20210217233324","is_ascension_mode":true,"campfire_choices":[{"floor":6,"key":"REST"},{"data":"Poisoned Stab","floor":8,"key":"SMITH"},{"floor":12,"key":"REST"},{"floor":15,"key":"REST"}],"circlet_count":0,"master_deck":["AscendersBane","Strike_G","Strike_G","Strike_G","Strike_G","Defend_G","Defend_G","Defend_G","Defend_G","Defend_G","Survivor","Neutralize","Night Terror","Poisoned Stab+1","Footwork","Cloak And Dagger","Footwork"],"relics":["Ring of the Snake","Golden Idol","Question Card","InkBottle","Blood Vial","Eternal Feather"],"acts_visited":["Exordium"],"potions_floor_usage":[16],"damage_taken":[{"damage":0,"enemies":"2 Louse","floor":1,"turns":5},{"damage":0,"enemies":"Jaw Worm","floor":10,"turns":4},{"damage":35,"enemies":"Gremlin Nob","floor":13,"turns":6},{"damage":10,"enemies":"Small Slimes","floor":14,"turns":4},{"damage":59,"enemies":"Slime Boss","floor":16,"turns":10}],"seed_played":"-5065084037499739197","potions_obtained":[{"floor":14,"key":"Block Potion"}],"is_trial":false,"path_per_floor":["M","?","T","$","?","R","?","R","T","M","$","R","E","M","R","B"],"character_chosen":"THE_SILENT","items_purchased":["Footwork","Footwork"],"campfire_rested":3,"item_purchase_floors":[4,11],"current_hp_per_floor":[63,46,46,46,28,49,42,42,42,44,44,65,32,24,54,0,0],"gold":112,"neow_bonus":"ONE_RANDOM_RARE_CARD","is_daily":false,"chose_seed":false,"campfire_upgraded":1,"win_rate":0.0,"timestamp":1613601204,"path_taken":["M","?","?","$","?","R","?","R","T","M","$","R","E","M","R","BOSS"],"items_purchased_type":["Card","Card"],"build_version":"2020-12-22","purchased_purges":0,"victory":false,"max_hp_per_floor":[70,70,70,70,70,70,70,70,70,70,70,70,70,70,70,70,70],"card_choices":[{"not_picked":["Deadly Poison","Eviscerate"],"picked":"Poisoned Stab","floor":1},{"not_picked":["Outmaneuver","Concentrate","Quick Slash"],"picked":"Cloak And Dagger","floor":10},{"not_picked":["Choke","Acrobatics","A Thousand Cuts","Quick Slash"],"picked":"SKIP","floor":13},{"not_picked":["Acrobatics","Blur","Underhanded Strike","Poisoned Stab"],"picked":"SKIP","floor":14}],"player_experience":972716,"relics_obtained":[{"floor":3,"key":"Question Card"},{"floor":9,"key":"Blood Vial"},{"floor":13,"key":"Eternal Feather"}],"event_choices":[{"damage_healed":0,"gold_gain":0,"player_choice":"Take Damage","damage_taken":17,"relics_obtained":["Golden Idol"],"max_hp_gain":0,"max_hp_loss":0,"event_name":"Golden Idol","floor":2,"gold_loss":0},{"damage_healed":0,"gold_gain":0,"player_choice":"Success","damage_taken":18,"relics_obtained":["InkBottle"],"max_hp_gain":0,"max_hp_loss":0,"event_name":"Scrap Ooze","floor":5,"gold_loss":0},{"cards_removed":["Strike_G"],"damage_healed":0,"gold_gain":0,"player_choice":"Card Removal","damage_taken":7,"max_hp_gain":0,"max_hp_loss":0,"event_name":"Golden Wing","floor":7,"gold_loss":0}],"is_beta":false,"boss_relics":[],"items_purged_floors":[],"is_endless":false,"potions_floor_spawned":[14],"killed_by":"Slime Boss","ascension_level":13}}