{"host":"jm9833yuloeli2yd","time":1613579083,"event":{"mods":["BaseMod","Better Altar","Better Match","Better Note","Better Sensory Stone","Better Skull","Better Third Choice","Better Vampires","BetterRewards","Colored Map","Colored Powertips","DeckTracker","Minty Spire (QoL Compilation)","Permanent Neow","Quick Restart","StSLib","SuperFastMode"],"gold_per_floor":[110,128,128,7,23,48,98,23,23,56,85,97,93,171,171,244,244,260,236,286,57,107,107,132,132,132],"floor_reached":25,"language":"ENG","playtime":832,"items_purged":["Strike_B","Strike_B"],"score":474,"play_id":"07c52715-76aa-4f3c-b9b3-0264a3decdc1","local_time":"20210217112443","is_ascension_mode":true,"campfire_choices":[{"floor":15,"key":"REST"},{"data":"Apotheosis","floor":23,"key":"SMITH"}],"circlet_count":0,"master_deck":["AscendersBane","Strike_B","Strike_B","Defend_B","Defend_B","Defend_B","Defend_B","Zap","Dualcast","Glacier","Go for the Eyes+1","Doom and Gloom","FTL","Static Discharge","Genetic Algorithm","White Noise+1","Auto Shields","White Noise+1","Apotheosis+1","Coolheaded"],"relics":["Cracked Core","Thread and Needle","SsserpentHead","Strawberry","WingedGreaves","Torii","Question Card","Emotion Chip","Odd Mushroom","Inserter","White Beast Statue"],"acts_visited":["Exordium","TheCity"],"potions_floor_usage":[6,10,11,14,24,24],"damage_taken":[{"damage":10,"enemies":"2 Louse","floor":1,"turns":2},{"damage":0,"enemies":"Cultist","floor":2,"turns":3},{"damage":0,"enemies":"Small Slimes","floor":5,"turns":3},{"damage":13,"enemies":"3 Sentries","floor":6,"turns":8},{"damage":2,"enemies":"Lagavulin","floor":10,"turns":10},{"damage":26,"enemies":"3 Sentries","floor":11,"turns":11},{"damage":0,"enemies":"3 Louse","floor":12,"turns":5},{"damage":1,"enemies":"The Mushroom Lair","floor":14,"turns":4},{"damage":18,"enemies":"Hexaghost","floor":16,"turns":9},{"damage":11,"enemies":"Chosen","floor":18,"turns":5},{"damage":9,"enemies":"2 Thieves","floor":19,"turns":4},{"damage":57,"enemies":"Gremlin Leader","floor":24,"turns":5},{"damage":43,"enemies":"Cultist and Chosen","floor":25,"turns":5}],"seed_played":"1083876043933541744","potions_obtained":[{"floor":1,"key":"Energy Potion"},{"floor":2,"key":"PowerPotion"},{"floor":10,"key":"Swift Potion"},{"floor":11,"key":"Weak Potion"},{"floor":16,"key":"FocusPotion"},{"floor":19,"key":"Block Potion"},{"floor":24,"key":"Regen Potion"}],"is_trial":false,"path_per_floor":["M","M","?","$","M","E","?","$","T","E","E","M","?","?","R","B",null,"M","M","?","$","?","R","E","M"],"character_chosen":"DEFECT","items_purchased":["Strawberry","Apotheosis"],"campfire_rested":1,"item_purchase_floors":[4,21],"current_hp_per_floor":[36,36,36,43,43,30,30,30,30,28,2,2,2,1,24,6,60,49,40,40,40,88,88,31,0,0],"gold":132,"neow_bonus":"ONE_RARE_RELIC","is_daily":false,"chose_seed":false,"campfire_upgraded":1,"win_rate":0.0,"timestamp":1613579083,"path_taken":["M","M","?","?","M","E","?","$","T","E","E","M","?","?","R","BOSS","M","M","?","?","?","R","E","M"],"items_purchased_type":["Relic","Card"],"build_version":"2020-12-22","purchased_purges":2,"victory":false,"max_hp_per_floor":[71,71,71,78,78,78,78,78,78,78,78,78,78,78,78,78,78,78,78,78,78,88,88,88,88,88],"card_choices":[{"not_picked":["Static Discharge","Stack"],"picked":"Glacier","floor":1},{"not_picked":["Conserve Battery","Force Field"],"picked":"Go for the Eyes","floor":2},{"not_picked":["Stack","Auto Shields"],"picked":"Doom and Gloom","floor":5},{"not_picked":["Rebound","Fusion","Creative AI"],"picked":"SKIP","floor":6},{"not_picked":["Redo","Stack","Beam Cell"],"picked":"SKIP","floor":10},{"not_picked":["BootSequence","Chill","Seek"],"picked":"FTL","floor":11},{"not_picked":["Storm","Consume","Go for the Eyes"],"picked":"Static Discharge","floor":12},{"not_picked":["Turbo","Beam Cell","Hello World"],"picked":"Genetic Algorithm","floor":14},{"not_picked":["Fission","Buffer","Seek"],"picked":"Reboot","floor":16},{"not_picked":["Undo","Streamline","Beam Cell+1"],"picked":"White Noise+1","floor":18},{"not_picked":["Fusion","Turbo","Beam Cell"],"picked":"Auto Shields","floor":19},{"not_picked":["Cold Snap","Redo","Hello World"],"picked":"Coolheaded","floor":24}],"player_experience":1372527,"relics_obtained":[{"floor":6,"key":"WingedGreaves"},{"floor":9,"key":"Torii"},{"floor":10,"key":"Question Card"},{"floor":11,"key":"Emotion Chip"},{"floor":14,"key":"Odd Mushroom"},{"floor":24,"key":"White Beast Statue"}],"event_choices":[{"damage_healed":0,"gold_gain":0,"player_choice":"Trade","damage_taken":0,"relics_obtained":["SsserpentHead"],"max_hp_gain":0,"max_hp_loss":0,"event_name":"FaceTrader","floor":3,"gold_loss":0},{"damage_healed":0,"gold_gain":0,"player_choice":"Grow","damage_taken":0,"max_hp_gain":0,"max_hp_loss":0,"event_name":"Living Wall","floor":7,"gold_loss":0,"cards_upgraded":["Go for the Eyes"]},{"damage_healed":0,"gold_gain":0,"player_choice":"Left","damage_taken":0,"max_hp_gain":0,"max_hp_loss":0,"event_name":"betterThird:BetterGoop","floor":13,"gold_loss":54},{"damage_healed":0,"gold_gain":0,"player_choice":"Fought Mushrooms","damage_taken":0,"max_hp_gain":0,"max_hp_loss":0,"event_name":"Mushrooms","floor":14,"gold_loss":0},{"damage_healed":0,"gold_gain":0,"player_choice":"Copied","damage_taken":0,"max_hp_gain":0,"max_hp_loss":0,"event_name":"Duplicator","floor":20,"gold_loss":0,"cards_obtained":["White Noise"]},{"cards_removed":["Reboot"],"damage_healed":38,"gold_gain":0,"player_choice":"Offered Rare","damage_taken":0,"max_hp_gain":10,"max_hp_loss":0,"event_name":"Bonfire Elementals","floor":22,"gold_loss":0}],"is_beta":false,"boss_relics":[{"not_picked":["Velvet Choker","SlaversCollar"],"picked":"Inserter"}],"items_purged_floors":[8,21],"is_endless":false,"potions_floor_spawned":[1,2,10,11,16,19,24],"killed_by":"Cultist and Chosen","ascension_level":20}}