{"host":"2p3jwbtacxwf1d73","time":1613599051,"event":{"mods":["BaseMod","Colored Powertips","Ekko","Hermit","Hubris","Minty Spire (QoL Compilation)","Potionbrewer","Quick Restart","Reliquary","Small Relic Pack","StSLib","The Cursed","The Death Knight","The Gatherer","The Hierophant","The Necromancer","The Servant 0.9.4"],"gold_per_floor":[110,110,110,128,39,71,21,39,39,52,52,52,65,78,78,181,181,196,196,216,216,216],"floor_reached":21,"language":"ENG","playtime":926,"items_purged":["ekkoTheBoyWhoShatteredTime:Defend"],"score":181,"play_id":"4bbef524-f7e1-4f14-a42f-67264cad348b","local_time":"20210217155731","daily_mods":["Heirloom"],"is_ascension_mode":false,"campfire_choices":[{"floor":11,"key":"REST"},{"floor":15,"key":"REST"}],"circlet_count":0,"master_deck":["ekkoTheBoyWhoShatteredTime:Strike","ekkoTheBoyWhoShatteredTime:Strike","ekkoTheBoyWhoShatteredTime:Strike","ekkoTheBoyWhoShatteredTime:Strike","ekkoTheBoyWhoShatteredTime:Defend","ekkoTheBoyWhoShatteredTime:Defend","ekkoTheBoyWhoShatteredTime:Defend","ekkoTheBoyWhoShatteredTime:TimeMaster+1","ekkoTheBoyWhoShatteredTime:Powered","ekkoTheBoyWhoShatteredTime:AfterimageTease","ekkoTheBoyWhoShatteredTime:LichBane","ekkoTheBoyWhoShatteredTime:LichBane","ekkoTheBoyWhoShatteredTime:WideSlice","ekkoTheBoyWhoShatteredTime:Vibin","ekkoTheBoyWhoShatteredTime:ItemsAfterimage","ekkoTheBoyWhoShatteredTime:Knowledge","ekkoTheBoyWhoShatteredTime:Unchained","ekkoTheBoyWhoShatteredTime:ProjectPreference","ekkoTheBoyWhoShatteredTime:TimeRecall","ekkoTheBoyWhoShatteredTime:NaggingBlow","ekkoTheBoyWhoShatteredTime:CommittedStrike"],"relics":["ekkoTheBoyWhoShatteredTime:zDriveAcademy","potionbrewer:DrinkingBird","Smiling Mask","Boot"],"acts_visited":["Exordium","TheCity"],"potions_floor_usage":[6,6,6,13,14,14,16,16,20],"damage_taken":[{"damage":1,"enemies":"2 Louse","floor":1,"turns":4},{"damage":6,"enemies":"Jaw Worm","floor":4,"turns":4},{"damage":29,"enemies":"Gremlin Nob","floor":6,"turns":4},{"damage":6,"enemies":"Cultist","floor":8,"turns":3},{"damage":13,"enemies":"Looter","floor":10,"turns":4},{"damage":18,"enemies":"Exordium Thugs","floor":13,"turns":4},{"damage":9,"enemies":"Exordium Wildlife","floor":14,"turns":3},{"damage":36,"enemies":"Slime Boss","floor":16,"turns":8},{"damage":13,"enemies":"3 Byrds","floor":18,"turns":4},{"damage":34,"enemies":"Shell Parasite","floor":20,"turns":4},{"damage":14,"enemies":"Snake Plant","floor":21,"turns":2}],"seed_played":"973581863742814408","potions_obtained":[{"floor":6,"key":"GamblersBrew"},{"floor":8,"key":"Regen Potion"},{"floor":16,"key":"ColorlessPotion"}],"is_trial":true,"path_per_floor":["M","?","?","M","$","E","$","M","T","M","R","?","M","M","R","B",null,"M","?","M","M"],"character_chosen":"EKKO_THE_BOY_WHO_SHATTERED_TIME","items_purchased":["ekkoTheBoyWhoShatteredTime:LichBane","ColorlessPotion"],"campfire_rested":2,"item_purchase_floors":[5,5],"current_hp_per_floor":[77,77,82,76,76,47,47,41,41,28,52,45,39,30,54,18,83,70,70,36,22,22],"gold":216,"neow_bonus":"","is_daily":false,"chose_seed":false,"campfire_upgraded":0,"win_rate":0.0,"timestamp":1613599051,"path_taken":["M","?","?","M","$","E","$","M","T","?","R","?","M","M","R","BOSS","M","?","M","?"],"items_purchased_type":["Card","Potion"],"build_version":"2020-12-22","purchased_purges":1,"victory":false,"max_hp_per_floor":[78,78,83,83,83,83,83,83,83,83,83,83,83,83,83,83,83,83,83,83,83,83],"card_choices":[{"not_picked":["ekkoTheBoyWhoShatteredTime:RecallingPunch","ekkoTheBoyWhoShatteredTime:AfterimageSetup"],"picked":"ekkoTheBoyWhoShatteredTime:AfterimageTease","floor":1},{"not_picked":["ekkoTheBoyWhoShatteredTime:LevelUp","ekkoTheBoyWhoShatteredTime:NaggingBlow"],"picked":"ekkoTheBoyWhoShatteredTime:LichBane","floor":4},{"not_picked":["ekkoTheBoyWhoShatteredTime:Dash","ekkoTheBoyWhoShatteredTime:PlayTheBeat"],"picked":"ekkoTheBoyWhoShatteredTime:WideSlice","floor":6},{"not_picked":["ekkoTheBoyWhoShatteredTime:RecallingPunch","ekkoTheBoyWhoShatteredTime:KneeNSwordCombo"],"picked":"ekkoTheBoyWhoShatteredTime:Vibin","floor":8},{"not_picked":["ekkoTheBoyWhoShatteredTime:FeelIt","ekkoTheBoyWhoShatteredTime:Unleashed"],"picked":"ekkoTheBoyWhoShatteredTime:ItemsAfterimage","floor":10},{"not_picked":["ekkoTheBoyWhoShatteredTime:WideSlice","ekkoTheBoyWhoShatteredTime:Backtrack"],"picked":"ekkoTheBoyWhoShatteredTime:Knowledge","floor":13},{"not_picked":["ekkoTheBoyWhoShatteredTime:TimeRecall","ekkoTheBoyWhoShatteredTime:HauntedAfterimage"],"picked":"ekkoTheBoyWhoShatteredTime:Unchained","floor":14},{"not_picked":["ekkoTheBoyWhoShatteredTime:DuplicateTimelines","ekkoTheBoyWhoShatteredTime:TrickOrTreatTrend"],"picked":"ekkoTheBoyWhoShatteredTime:ProjectPreference","floor":16},{"not_picked":["ekkoTheBoyWhoShatteredTime:NaggingBlow","ekkoTheBoyWhoShatteredTime:FluidEnergy"],"picked":"ekkoTheBoyWhoShatteredTime:TimeRecall","floor":18},{"not_picked":["ekkoTheBoyWhoShatteredTime:SneakHit","ekkoTheBoyWhoShatteredTime:WaitForKeyTiming+1"],"picked":"ekkoTheBoyWhoShatteredTime:CommittedStrike","floor":20}],"player_experience":486589,"relics_obtained":[{"floor":6,"key":"Smiling Mask"},{"floor":9,"key":"Boot"}],"event_choices":[{"damage_healed":0,"gold_gain":0,"player_choice":"Grow","damage_taken":0,"max_hp_gain":0,"max_hp_loss":0,"event_name":"Living Wall","floor":2,"gold_loss":0,"cards_upgraded":["ekkoTheBoyWhoShatteredTime:TimeMaster"]},{"damage_healed":0,"gold_gain":0,"player_choice":"Donut","damage_taken":0,"max_hp_gain":5,"max_hp_loss":0,"event_name":"Big Fish","floor":3,"gold_loss":0},{"cards_removed":["ekkoTheBoyWhoShatteredTime:Strike"],"damage_healed":0,"gold_gain":0,"player_choice":"Card Removal","damage_taken":7,"max_hp_gain":0,"max_hp_loss":0,"event_name":"Golden Wing","floor":12,"gold_loss":0},{"damage_healed":0,"gold_gain":0,"player_choice":"1 cards matched","damage_taken":0,"max_hp_gain":0,"max_hp_loss":0,"event_name":"Match and Keep!","floor":19,"gold_loss":0,"cards_obtained":["ekkoTheBoyWhoShatteredTime:NaggingBlow"]}],"is_beta":false,"boss_relics":[{"not_picked":["SlaversCollar","reliquary:ThirdArm"],"picked":"ekkoTheBoyWhoShatteredTime:zDriveAcademy"}],"items_purged_floors":[7],"is_endless":false,"potions_floor_spawned":[6,8,16],"killed_by":"Snake Plant","ascension_level":0}}