{"host":"dh4nu8nelr2izibb","time":1613543515,"event":{"mods":["BaseMod","Better Skull","Better Third Choice","Card Filter","Card Forge","Curses Come First","Displayed Cursed Tome","HololiveMod","Marisa????????","Minty Spire (QoL Compilation)","Poor People Problems","Quick Restart","Relic Filter","Reliquary","StSLib","The Servant 0.9.4","WarShipGirlsR/????R mod","Yakumo Yukari mod"],"gold_per_floor":[114,114,124,138,153,153,167,200,200,200,180,190,220,34,34,34,34],"floor_reached":16,"language":"ENG","playtime":603,"items_purged":[],"score":204,"play_id":"48f3c5ef-0814-4479-9f05-01470e302792","local_time":"20210217013155","is_ascension_mode":true,"campfire_choices":[{"data":"Neutralize","floor":6,"key":"SMITH"},{"data":"Footwork","floor":10,"key":"SMITH"},{"floor":15,"key":"REST"}],"circlet_count":0,"master_deck":["AscendersBane","Strike_G","Strike_G","Strike_G","Strike_G","Defend_G","Defend_G","Defend_G","Defend_G","Survivor","Neutralize+1","All Out Attack+1","Blur","Cloak And Dagger","Blade Dance","Calculated Gamble","Footwork+1","Blade Dance","A Thousand Cuts","Terror"],"relics":["Ring of the Snake","Hammer of Thor","Seething Fire","Anvil of the Gods","Omamori","reliquary:Aerogel","Shovel","Odd Mushroom","Membership Card"],"acts_visited":["Exordium"],"potions_floor_usage":[5,8,8],"damage_taken":[{"damage":0,"enemies":"Small Slimes","floor":1,"turns":5},{"damage":0,"enemies":"2 Louse","floor":3,"turns":2},{"damage":7,"enemies":"Cultist","floor":4,"turns":5},{"damage":6,"enemies":"Exordium Wildlife","floor":5,"turns":8},{"damage":0,"enemies":"3 Louse","floor":7,"turns":2},{"damage":12,"enemies":"3 Sentries","floor":8,"turns":7},{"damage":13,"enemies":"Exordium Thugs","floor":12,"turns":4},{"damage":0,"enemies":"The Mushroom Lair","floor":13,"turns":2},{"damage":38,"enemies":"Hexaghost","floor":16,"turns":11}],"seed_played":"-9095706428446052966","potions_obtained":[{"floor":1,"key":"EssenceOfSteel"},{"floor":5,"key":"AttackPotion"},{"floor":7,"key":"Strength Potion"},{"floor":11,"key":"FearPotion"}],"is_trial":false,"path_per_floor":["M","?","M","M","M","R","M","E","T","R","?","M","?","$","R","B"],"character_chosen":"THE_SILENT","items_purchased":["Membership Card","Terror"],"campfire_rested":1,"item_purchase_floors":[14,14],"current_hp_per_floor":[65,54,54,47,41,41,41,29,29,29,29,16,16,16,37,0,0],"gold":34,"neow_bonus":"TEN_PERCENT_HP_BONUS","is_daily":false,"chose_seed":false,"campfire_upgraded":2,"win_rate":0.0,"timestamp":1613543515,"path_taken":["M","?","M","M","M","R","M","E","T","R","?","?","?","$","R","BOSS"],"items_purchased_type":["Relic","Card"],"build_version":"2020-12-22","purchased_purges":0,"victory":false,"max_hp_per_floor":[72,72,72,72,72,72,72,72,72,72,72,72,72,72,72,72,72],"card_choices":[{"not_picked":["Outmaneuver","Poisoned Stab"],"picked":"All Out Attack","floor":1},{"not_picked":["Eviscerate","Escape Plan"],"picked":"Blur","floor":3},{"not_picked":["Escape Plan","Underhanded Strike"],"picked":"Cloak And Dagger","floor":4},{"not_picked":["Catalyst","Calculated Gamble"],"picked":"Blade Dance","floor":5},{"not_picked":["Concentrate","Deadly Poison"],"picked":"Calculated Gamble","floor":7},{"not_picked":["Underhanded Strike","Blur"],"picked":"Footwork","floor":8},{"not_picked":["Dodge and Roll","Flying Knee"],"picked":"Blade Dance","floor":12},{"not_picked":["Eviscerate","PiercingWail"],"picked":"A Thousand Cuts","floor":13}],"player_experience":1181544,"relics_obtained":[{"floor":8,"key":"reliquary:Aerogel"},{"floor":9,"key":"Shovel"},{"floor":13,"key":"Odd Mushroom"}],"event_choices":[{"damage_healed":0,"gold_gain":0,"player_choice":"Relic ","damage_taken":11,"max_hp_gain":0,"max_hp_loss":0,"event_name":"betterThird:BetterScrap","floor":2,"gold_loss":0,"cards_obtained":["Combust"]},{"damage_healed":0,"gold_gain":0,"player_choice":"Bought 1 Potion","damage_taken":0,"max_hp_gain":0,"max_hp_loss":0,"event_name":"The Woman in Blue","floor":11,"gold_loss":0},{"damage_healed":0,"gold_gain":0,"player_choice":"Fought Mushrooms","damage_taken":0,"max_hp_gain":0,"max_hp_loss":0,"event_name":"Mushrooms","floor":13,"gold_loss":0}],"is_beta":false,"boss_relics":[],"items_purged_floors":[],"is_endless":false,"potions_floor_spawned":[1,5,7],"killed_by":"Hexaghost","ascension_level":20}}