{"host":"0k7350af1t8odskw","time":1613528664,"event":{"mods":["AchievementEnabler","BaseMod","Better Vampires","BetterRewards","Colored Map","Downfall","Highlight Path","Hubris","Lobotomy","Marisa£®ÏF”Í°°ƒß¿Ì…≥£©","Minty Spire (QoL Compilation)","Quick Restart","Replay The Spire","Shop Mod","StSLib","The Administrix","The Death Knight","The Runesmith","Youmu£®ªÍ∆«—˝√Œ£©"],"gold_per_floor":[111,111,122,297,311,311,331,331,331,331,331],"floor_reached":10,"language":"ZHS","playtime":217,"items_purged":[],"score":67,"play_id":"2b09ba22-dfe5-49f3-a2b5-4831f7b7942c","local_time":"20210216182424","is_ascension_mode":true,"campfire_choices":[{"data":"Catalyst","floor":6,"key":"SMITH"},{"data":"Noxious Fumes","floor":8,"key":"SMITH"}],"circlet_count":0,"master_deck":["Strike_G","Strike_G","Strike_G","Strike_G","Strike_G+1","Defend_G","Defend_G","Defend_G","Defend_G","Defend_G","Survivor+1","Deadly Poison","Deadly Poison","Concentrate","Prepared","Doubt","Catalyst+1","Noxious Fumes+1"],"relics":["Ring of the Snake","DollysMirror","hubris:DeckOfHolding"],"acts_visited":["Exordium"],"potions_floor_usage":[],"damage_taken":[{"damage":12,"enemies":"2 Louse","floor":1,"turns":4},{"damage":2,"enemies":"Jaw Worm","floor":3,"turns":3},{"damage":0,"enemies":"Cultist","floor":5,"turns":4},{"damage":13,"enemies":"Blue Slaver","floor":7,"turns":4},{"damage":13,"enemies":"Gremlin Nob","floor":10,"turns":3}],"seed_played":"-7769497902906464220","potions_obtained":[{"floor":5,"key":"Toxic Potion"},{"floor":7,"key":"Weak Potion"}],"is_trial":false,"path_per_floor":["M","?","M","?","M","R","M","R","T","E"],"character_chosen":"THE_SILENT","items_purchased":["Deadly Poison","DollysMirror"],"campfire_rested":0,"item_purchase_floors":[0,0],"current_hp_per_floor":[49,35,33,33,33,33,20,20,20,7,7],"gold":331,"neow_bonus":"","is_daily":false,"chose_seed":false,"campfire_upgraded":2,"win_rate":0.0,"timestamp":1613528664,"path_taken":["M","?","M","?","?","R","M","R","T","E"],"items_purchased_type":["Card","Relic"],"build_version":"2020-12-22","purchased_purges":0,"victory":false,"max_hp_per_floor":[70,70,70,70,70,70,70,70,70,70,70],"card_choices":[{"not_picked":["Backflip","Eviscerate"],"picked":"Concentrate","floor":1},{"not_picked":["Accuracy","Riddle With Holes"],"picked":"Prepared","floor":3},{"not_picked":["Cloak And Dagger","Dodge and Roll"],"picked":"Catalyst","floor":5},{"not_picked":["Blade Dance","Hidden Blade"],"picked":"Noxious Fumes","floor":7}],"player_experience":171637,"relics_obtained":[{"floor":9,"key":"hubris:DeckOfHolding"}],"event_choices":[{"damage_healed":0,"gold_gain":0,"player_choice":"Entered Light","damage_taken":14,"max_hp_gain":0,"max_hp_loss":0,"event_name":"Shining Light","floor":2,"gold_loss":0,"cards_upgraded":["Strike_G","Survivor"]},{"damage_healed":0,"gold_gain":175,"player_choice":"AGREE","damage_taken":0,"max_hp_gain":0,"max_hp_loss":0,"event_name":"Liars Game","floor":4,"gold_loss":0,"cards_obtained":["Doubt"]}],"is_beta":false,"boss_relics":[],"items_purged_floors":[],"is_endless":false,"potions_floor_spawned":[5,7],"killed_by":"Gremlin Nob","ascension_level":3}}