{"host":"3qkmyeoym75lj4wn","time":1613593443,"event":{"mods":["2.2 Compatiblity","BaseMod","Block Reminder","Colored Powertips","Highlight Path","Minty Spire (QoL Compilation)","Permanent Neow","Potion Indicator Mod","Rare Cards Sparkle","Relic Stats","StSLib","Unceasing Turn Reminder"],"gold_per_floor":[116,116,132,40,58,58,85,85,85,85,101,101,44,44,44,139,139,152,168,0,18,18,18,56,56,56],"floor_reached":25,"language":"ENG","playtime":811,"items_purged":[],"score":438,"play_id":"6046759e-547f-494d-a323-e5b54f19a27e","local_time":"20210217202403","is_ascension_mode":true,"campfire_choices":[{"data":"Zap","floor":6,"key":"SMITH"},{"data":"Streamline","floor":8,"key":"SMITH"},{"floor":15,"key":"REST"},{"data":"Go for the Eyes","floor":23,"key":"SMITH"}],"circlet_count":0,"master_deck":["AscendersBane","Strike_B","Strike_B","Strike_B","Defend_B","Defend_B","Defend_B","Defend_B","Zap+1","Dualcast","Compile Driver","Go for the Eyes","Dramatic Entrance","Sunder","Streamline+1","Conserve Battery","Cold Snap","Echo Form","Gash","Coolheaded","Go for the Eyes+1","Loop"],"relics":["Cracked Core","Potion Belt","Matryoshka","Bronze Scales","Juzu Bracelet","Golden Idol","Oddly Smooth Stone","SacredBark","Lee\u0027s Waffle","Ginger"],"acts_visited":["Exordium","TheCity"],"potions_floor_usage":[16,24,25],"damage_taken":[{"damage":1,"enemies":"2 Louse","floor":1,"turns":2},{"damage":7,"enemies":"Jaw Worm","floor":3,"turns":3},{"damage":7,"enemies":"Small Slimes","floor":5,"turns":2},{"damage":28,"enemies":"Lagavulin","floor":7,"turns":6},{"damage":0,"enemies":"Exordium Wildlife","floor":11,"turns":2},{"damage":22,"enemies":"Slime Boss","floor":16,"turns":10},{"damage":3,"enemies":"Chosen","floor":18,"turns":4},{"damage":24,"enemies":"Shell Parasite","floor":19,"turns":6},{"damage":24,"enemies":"Centurion and Healer","floor":21,"turns":8},{"damage":38,"enemies":"Gremlin Leader","floor":24,"turns":6},{"damage":19,"enemies":"Cultist and Chosen","floor":25,"turns":3}],"seed_played":"7111177914462490937","potions_obtained":[{"floor":5,"key":"PotionOfCapacity"},{"floor":7,"key":"LiquidBronze"},{"floor":11,"key":"SpeedPotion"},{"floor":19,"key":"BlessingOfTheForge"}],"is_trial":false,"path_per_floor":["M","?","M","$","M","R","E","R","T","?","M","?","$","?","R","B",null,"M","M","$","M","?","R","E","M"],"character_chosen":"DEFECT","items_purchased":["Dramatic Entrance","Cold Snap","Lee\u0027s Waffle"],"campfire_rested":1,"item_purchase_floors":[4,13,20],"current_hp_per_floor":[63,68,61,61,54,54,26,26,26,26,26,8,8,8,28,6,53,50,26,76,52,52,52,14,0,0],"gold":56,"neow_bonus":"RANDOM_COMMON_RELIC","is_daily":false,"chose_seed":false,"campfire_upgraded":3,"win_rate":0.0,"timestamp":1613593443,"path_taken":["M","?","M","$","M","R","E","R","T","?","M","?","$","?","R","BOSS","M","M","$","M","?","R","E","M"],"items_purchased_type":["Card","Card","Relic"],"build_version":"2020-12-22","purchased_purges":0,"victory":false,"max_hp_per_floor":[71,76,76,76,76,76,76,76,76,69,69,69,69,69,69,69,69,69,69,76,76,76,76,76,76,76],"relic_stats":{"Lee\u0027s Waffle":50,"counters":[11,52],"Golden Idol":40,"Bronze Scales":[78],"Juzu Bracelet":0,"Ginger":[3],"obtain_stats":[{"Potion Belt":0,"Lee\u0027s Waffle":20,"Matryoshka":7,"Golden Idol":10,"Bronze Scales":9,"SacredBark":17,"Oddly Smooth Stone":12,"Juzu Bracelet":9,"Ginger":24,"Cracked Core":0},{"Potion Belt":0,"Lee\u0027s Waffle":8,"Matryoshka":4,"Golden Idol":4,"Bronze Scales":4,"SacredBark":6,"Oddly Smooth Stone":5,"Juzu Bracelet":4,"Ginger":10,"Cracked Core":0},{"Potion Belt":0,"Lee\u0027s Waffle":35,"Matryoshka":13,"Golden Idol":13,"Bronze Scales":13,"SacredBark":25,"Oddly Smooth Stone":15,"Juzu Bracelet":13,"Ginger":49,"Cracked Core":0}]},"card_choices":[{"not_picked":["Steam","Storm"],"picked":"Compile Driver","floor":1},{"not_picked":["Reprogram","Skim"],"picked":"Go for the Eyes","floor":3},{"not_picked":["Chaos","Sweeping Beam"],"picked":"Sunder","floor":5},{"not_picked":["Go for the Eyes","Barrage"],"picked":"Streamline","floor":7},{"not_picked":["White Noise","Stack"],"picked":"Conserve Battery","floor":11},{"not_picked":["Multi-Cast","Seek"],"picked":"Echo Form","floor":16},{"not_picked":["Conserve Battery","Barrage"],"picked":"Gash","floor":18},{"not_picked":["Steam","Static Discharge"],"picked":"Coolheaded","floor":19},{"not_picked":["Conserve Battery","Heatsinks"],"picked":"Go for the Eyes","floor":21},{"not_picked":["Barrage","Leap"],"picked":"Loop","floor":24}],"player_experience":1760506,"relics_obtained":[{"floor":7,"key":"Matryoshka"},{"floor":9,"key":"Bronze Scales"},{"floor":9,"key":"Juzu Bracelet"},{"floor":24,"key":"Ginger"}],"event_choices":[{"damage_healed":0,"gold_gain":0,"player_choice":"Donut","damage_taken":0,"max_hp_gain":5,"max_hp_loss":0,"event_name":"Big Fish","floor":2,"gold_loss":0},{"damage_healed":0,"gold_gain":0,"player_choice":"Lose Max HP","damage_taken":0,"relics_obtained":["Golden Idol"],"max_hp_gain":0,"max_hp_loss":7,"event_name":"Golden Idol","floor":10,"gold_loss":0},{"damage_healed":0,"gold_gain":0,"player_choice":"Success","damage_taken":18,"relics_obtained":["Oddly Smooth Stone"],"max_hp_gain":0,"max_hp_loss":0,"event_name":"Scrap Ooze","floor":12,"gold_loss":0},{"damage_healed":0,"gold_gain":0,"player_choice":"Ignored","damage_taken":0,"max_hp_gain":0,"max_hp_loss":0,"event_name":"Liars Game","floor":14,"gold_loss":0},{"cards_removed":["Strike_B"],"damage_healed":0,"gold_gain":0,"player_choice":"Card Removal","damage_taken":0,"max_hp_gain":0,"max_hp_loss":0,"event_name":"Wheel of Change","floor":22,"gold_loss":0}],"is_beta":false,"boss_relics":[{"not_picked":["Tiny House","Runic Pyramid"],"picked":"SacredBark"}],"items_purged_floors":[],"is_endless":false,"potions_floor_spawned":[5,7,11,19],"killed_by":"Cultist and Chosen","ascension_level":20}}