{"host":"9tzam4717zt8ei1o","time":1613564945,"event":{"mods":["BaseMod","Colored Map","Keyboard Shortcuts","Minty Spire (QoL Compilation)","Quick Restart","StSLib","SuperFastMode"],"gold_per_floor":[110,110,129,279,354,354,384,384,411,422,422,451,476,494,494,568,568,579,598,598,356,356,356,356,356],"floor_reached":24,"language":"KOR","playtime":540,"items_purged":["Strike_G"],"score":499,"play_id":"519d0052-ce16-425c-beb8-a0cc5994bcbf","local_time":"20210217212905","is_ascension_mode":true,"campfire_choices":[{"data":"Underhanded Strike","floor":6.0,"key":"SMITH"},{"data":"Tactician","floor":8.0,"key":"SMITH"},{"data":"Skewer","floor":11.0,"key":"SMITH"},{"data":"Neutralize","floor":15.0,"key":"SMITH"},{"data":"Night Terror","floor":23.0,"key":"SMITH"}],"circlet_count":0,"master_deck":["AscendersBane","Strike_G","Strike_G","Strike_G","Defend_G","Defend_G","Defend_G+1","Defend_G","Defend_G","Survivor+1","Neutralize+1","Well Laid Plans","Underhanded Strike+1","Tactician+1","Skewer+1","After Image","Night Terror+1","Escape Plan","Acrobatics"],"relics":["Ring of the Snake","NeowsBlessing","FossilizedHelix","War Paint","Ornamental Fan","Boot","Runic Pyramid","TheAbacus"],"acts_visited":["Exordium","TheCity"],"potions_floor_usage":[24],"damage_taken":[{"damage":0.0,"enemies":"Jaw Worm","floor":1.0,"turns":1.0},{"damage":0.0,"enemies":"Small Slimes","floor":3.0,"turns":1.0},{"damage":0.0,"enemies":"Gremlin Nob","floor":7.0,"turns":1.0},{"damage":0.0,"enemies":"2 Louse","floor":10.0,"turns":3.0},{"damage":31.0,"enemies":"3 Sentries","floor":12.0,"turns":9.0},{"damage":0.0,"enemies":"Looter","floor":14.0,"turns":3.0},{"damage":0.0,"enemies":"Slime Boss","floor":16.0,"turns":8.0},{"damage":0.0,"enemies":"3 Byrds","floor":18.0,"turns":8.0},{"damage":16.0,"enemies":"Spheric Guardian","floor":19.0,"turns":8.0},{"damage":23,"enemies":"Gremlin Leader","floor":24,"turns":14}],"seed_played":"-8122961746653457626","potions_obtained":[{"floor":3.0,"key":"Poison Potion"},{"floor":7.0,"key":"SneckoOil"},{"floor":12.0,"key":"Energy Potion"},{"floor":14.0,"key":"EntropicBrew"},{"floor":16.0,"key":"Ancient Potion"}],"is_trial":false,"path_per_floor":["M","?","M","?","?","R","E","R","T","M","R","E","T","M","R","B",null,"M","M","?","$","?","R","E"],"character_chosen":"THE_SILENT","items_purchased":["TheAbacus"],"campfire_rested":0,"item_purchase_floors":[21],"current_hp_per_floor":[59,52,52,52,41,41,41,41,41,41,41,10,10,10,10,10,52,52,36,36,36,18,18,0,0],"gold":356,"neow_bonus":"THREE_ENEMY_KILL","is_daily":false,"chose_seed":false,"campfire_upgraded":5,"win_rate":0.0,"timestamp":1613564945,"path_taken":["M","?","M","?","?","R","E","R","T","M","R","E","?","M","R","BOSS","M","M","?","$","?","R","E"],"items_purchased_type":["Relic"],"build_version":"2020-12-22","purchased_purges":1,"victory":false,"max_hp_per_floor":[66,66,66,66,66,66,66,66,66,66,66,66,66,66,66,66,66,66,66,66,66,71,71,71,71],"card_choices":[{"not_picked":["Slice","Cloak And Dagger"],"picked":"Well Laid Plans","floor":1.0},{"not_picked":["Endless Agony","Leg Sweep"],"picked":"Underhanded Strike","floor":3.0},{"not_picked":["Escape Plan","Backflip"],"picked":"Tactician","floor":7.0},{"not_picked":["Cloak And Dagger","Bane"],"picked":"Skewer","floor":10.0},{"not_picked":["Dodge and Roll","Dagger Throw"],"picked":"After Image","floor":12.0},{"not_picked":["Deadly Poison","Finisher","Dagger Spray"],"picked":"SKIP","floor":14.0},{"not_picked":["Storm of Steel","Burst"],"picked":"Night Terror","floor":16.0},{"not_picked":["Dagger Throw","Masterful Stab"],"picked":"Escape Plan","floor":18.0},{"not_picked":["PiercingWail","Backflip"],"picked":"Acrobatics","floor":19.0}],"player_experience":123417,"relics_obtained":[{"floor":7.0,"key":"FossilizedHelix"},{"floor":9.0,"key":"War Paint"},{"floor":12.0,"key":"Ornamental Fan"},{"floor":13.0,"key":"Boot"}],"event_choices":[{"cards_removed":["Strike_G"],"damage_healed":0.0,"max_hp_gain":0.0,"max_hp_loss":0.0,"gold_gain":0.0,"event_name":"Golden Wing","player_choice":"Card Removal","floor":2.0,"gold_loss":0.0,"damage_taken":7.0},{"damage_healed":0.0,"max_hp_gain":0.0,"max_hp_loss":0.0,"gold_gain":150.0,"event_name":"Liars Game","player_choice":"AGREE","floor":4.0,"gold_loss":0.0,"damage_taken":0.0,"cards_obtained":["Doubt"]},{"damage_healed":0.0,"max_hp_gain":0.0,"max_hp_loss":0.0,"gold_gain":75.0,"event_name":"World of Goop","player_choice":"Gather Gold","floor":5.0,"gold_loss":0.0,"damage_taken":11.0},{"cards_removed":["Doubt"],"damage_healed":0.0,"max_hp_gain":0.0,"max_hp_loss":0.0,"gold_gain":0.0,"event_name":"Back to Basics","player_choice":"Elegance","floor":20.0,"gold_loss":0.0,"damage_taken":0.0},{"damage_healed":0.0,"max_hp_gain":5.0,"max_hp_loss":0.0,"gold_gain":0.0,"event_name":"Forgotten Altar","player_choice":"Shed Blood","floor":22.0,"gold_loss":0.0,"damage_taken":23.0}],"is_beta":false,"boss_relics":[{"not_picked":["Tiny House","WristBlade"],"picked":"Runic Pyramid"}],"items_purged_floors":[21],"is_endless":false,"potions_floor_spawned":[3,7,12,14,16,19],"killed_by":"Gremlin Leader","ascension_level":16}}