{"host":"6hzrz31j95f2y1pa","time":1613562073,"event":{"mods":["BaseMod","Colored Map","Downfall","Minty Spire (QoL Compilation)","StSLib"],"gold_per_floor":[99,110,123,8,108,118,195,213,224,324,353,253,284,284,301,399,399,399,414,414,431,444,444,444,144,144,161,188,24,24,38,48,48,48,48],"floor_reached":33,"language":"ENG","playtime":1569,"items_purged":["champ:Defend","champ:Strike"],"score":446,"play_id":"8faba9a7-9574-42e2-b9ed-5c197043e81d","local_time":"20210217064113","is_ascension_mode":true,"campfire_choices":[{"data":"champ:Execute","floor":1,"key":"SMITH"},{"data":"champ:ShieldWall","floor":12,"key":"SMITH"},{"data":"champ:UltimateStance","floor":18,"key":"SMITH"},{"floor":23,"key":"REST"},{"data":"champ:EnchantCrown","floor":26,"key":"SMITH"},{"floor":30,"key":"REST"}],"circlet_count":0,"master_deck":["AscendersBane","champ:Strike","champ:Defend","champ:Execute+1","champ:Taunt","champ:FlashCut","champ:Haymaker","champ:StrikeOfGenius","champ:AdrenalArmor","champ:Duel","champ:DefensiveShout+1","champ:ShieldWall+1","champ:BringItOn","champ:UltimateStance+1","champ:AdrenalArmor","champ:Endure","champ:GutPunch","champ:EnchantCrown+1","champ:RecklessLeap","champ:IronFortress","champ:SwordSigil+1","champ:ShieldWall+1"],"relics":["champ:ChampionCrown","InkBottle","CloakClasp","Lantern","downfall:HeartBlessingGreen","WingedGreaves","Empty Cage","Bottled Lightning","Sling","Vajra","champ:Barbells"],"acts_visited":["Exordium","TheCity"],"potions_floor_usage":[10,16],"damage_taken":[{"damage":12,"enemies":"2 Louse","floor":2,"turns":3},{"damage":5,"enemies":"Small Slimes","floor":3,"turns":3},{"damage":10,"enemies":"downfall:FleeingMerchant","floor":4,"turns":4},{"damage":12,"enemies":"Jaw Worm","floor":6,"turns":4},{"damage":21,"enemies":"downfall:LooterAlt","floor":8,"turns":4},{"damage":10,"enemies":"2 Fungi Beasts","floor":9,"turns":3},{"damage":47,"enemies":"2 Fungi Beasts","floor":10,"turns":6},{"damage":15,"enemies":"Lagavulin","floor":11,"turns":6},{"damage":34,"enemies":"Gremlin Nob","floor":13,"turns":4},{"damage":0,"enemies":"3 Louse","floor":15,"turns":4},{"damage":23,"enemies":"IC_STATUS_ARCHETYPE","floor":16,"turns":8},{"damage":61,"enemies":"downfall:LooterAlt2","floor":19,"turns":5},{"damage":48,"enemies":"3 Byrds","floor":21,"turns":6},{"damage":68,"enemies":"Centurion and Healer","floor":22,"turns":9},{"damage":10,"enemies":"downfall:FleeingMerchant","floor":25,"turns":4},{"damage":14,"enemies":"Chosen and Byrds","floor":27,"turns":5},{"damage":30,"enemies":"Book of Stabbing","floor":28,"turns":5},{"damage":55,"enemies":"downfall:FleeingMerchant","floor":29,"turns":4},{"damage":69,"enemies":"Snake Plant","floor":31,"turns":5},{"damage":25,"enemies":"Snecko","floor":32,"turns":3},{"damage":70,"enemies":"SI_MIRROR_ARCHETYPE","floor":33,"turns":7}],"seed_played":"4443401829730775721","potions_obtained":[{"floor":3,"key":"PowerPotion"},{"floor":6,"key":"Weak Potion"},{"floor":11,"key":"champ:TechniquePotion"},{"floor":27,"key":"Guardian:BlockOnCardUsePotion"}],"is_trial":false,"path_per_floor":["R","M","M","$","?","M","T","M","M","?","E","R","E","?","M","B",null,"R","M","?","M","M","R","T","$","R","M","E","$","R","M","M","B"],"character_chosen":"THE_CHAMP","items_purchased":["champ:AdrenalArmor","champ:RecklessLeap","Sling","champ:Barbells"],"campfire_rested":2,"item_purchase_floors":[4,25,25,29],"current_hp_per_floor":[90,88,83,83,83,81,81,70,70,53,48,48,24,24,24,13,78,78,62,62,49,45,74,74,74,74,70,50,45,74,65,65,0,0,0],"gold":48,"neow_bonus":"TEN_PERCENT_HP_BONUS","is_daily":false,"chose_seed":false,"campfire_upgraded":4,"win_rate":0.0,"timestamp":1613562073,"path_taken":["R","M","M","$","?","M","T","M","M","?","E","R","E","?","M","BOSS","R","M","?","M","M","R","T","$","R","M","E","?","R","M","M","BOSS"],"items_purchased_type":["Card","Card","Relic","Relic"],"build_version":"2020-12-22","purchased_purges":2,"victory":false,"max_hp_per_floor":[99,99,99,99,99,99,99,99,99,99,99,99,99,99,99,99,99,99,99,99,99,99,99,99,99,99,99,99,99,99,99,99,99,99,99],"card_choices":[{"not_picked":["champ:PreciseThrust","champ:CrookedStrike"],"picked":"champ:FlashCut","floor":2},{"not_picked":["champ:PreemptiveStrike","champ:Circumvent"],"picked":"champ:Haymaker","floor":3},{"not_picked":["champ:SwordSigil","champ:CrownThrow"],"picked":"champ:StrikeOfGenius","floor":4},{"not_picked":["champ:StanceDance","champ:SwordSigil"],"picked":"champ:Duel","floor":6},{"not_picked":["champ:BerserkersShout","champ:BladeFlurry"],"picked":"champ:DefensiveShout","floor":8},{"not_picked":["champ:RapidStrikes","champ:StanceDance"],"picked":"champ:ShieldWall","floor":9},{"not_picked":["champ:ShieldSigil","champ:CrownThrow"],"picked":"champ:BringItOn","floor":10},{"not_picked":["champ:Encircle","champ:FanOfKnives","champ:HoldFirm"],"picked":"SKIP","floor":11},{"not_picked":["champ:BerserkerStyle","champ:Haymaker","champ:StanceDance"],"picked":"SKIP","floor":13},{"not_picked":["champ:Endure","champ:FlashCut","champ:BerserkersShout"],"picked":"SKIP","floor":15},{"not_picked":["champ:MurderStrike","champ:HoldFirm"],"picked":"champ:UltimateStance","floor":16},{"not_picked":["champ:Backstep","champ:IronFortress","champ:BladeFlurry"],"picked":"SKIP","floor":19},{"not_picked":["champ:RapidStrikes","champ:Haymaker"],"picked":"champ:GutPunch","floor":21},{"not_picked":["champ:EndlessRage","champ:FlashCut","champ:Shatter"],"picked":"SKIP","floor":22},{"not_picked":["champ:EndlessRage","champ:FlashCut","champ:Shatter"],"picked":"SKIP","floor":22},{"not_picked":["champ:Backstep+1","champ:AdrenalArmor+1"],"picked":"champ:EnchantCrown","floor":25},{"not_picked":["champ:RapidStrikes","champ:BladeFlurry","champ:RisingSlash+1"],"picked":"SKIP","floor":27},{"not_picked":["champ:PerfectedStrike","champ:PreciseThrust"],"picked":"champ:IronFortress","floor":28},{"not_picked":["champ:FocusedBerserking","champ:EnchantShield"],"picked":"champ:SwordSigil","floor":29},{"not_picked":["champ:ViciousMockery","champ:ShieldSigil","champ:Endure"],"picked":"SKIP","floor":31},{"not_picked":["champ:BringItOn","champ:Shatter"],"picked":"champ:ShieldWall+1","floor":32}],"player_experience":1460011,"relics_obtained":[{"floor":7,"key":"InkBottle"},{"floor":10,"key":"CloakClasp"},{"floor":11,"key":"Lantern"},{"floor":13,"key":"WingedGreaves"},{"floor":24,"key":"Bottled Lightning"},{"floor":28,"key":"Vajra"}],"event_choices":[{"damage_healed":0,"gold_gain":0,"player_choice":"Grow","damage_taken":0,"max_hp_gain":0,"max_hp_loss":0,"event_name":"Living Wall","floor":14,"gold_loss":0,"cards_upgraded":["champ:DefensiveShout"]},{"damage_healed":0,"gold_gain":0,"cards_transformed":["champ:Strike","champ:Defend"],"player_choice":"Became Test Subject","damage_taken":0,"max_hp_gain":0,"max_hp_loss":0,"event_name":"Drug Dealer","floor":20,"gold_loss":0,"cards_obtained":["champ:AdrenalArmor","champ:Endure"]}],"is_beta":false,"boss_relics":[{"not_picked":["bronze:MakeshiftBattery","champ:PowerArmor"],"picked":"Empty Cage"}],"items_purged_floors":[4,25],"is_endless":false,"potions_floor_spawned":[3,6,8,11,13,27,31,32],"killed_by":"SI_MIRROR_ARCHETYPE","ascension_level":12}}