{"host":"li7nr9q4d53iu1rb","time":1613525260,"event":{"mods":["AchievementEnabler","BaseMod","Colored Map","Colored Powertips","Downfall","Highlight Path","Minty Spire (QoL Compilation)","Permanent Neow","Quick Restart","Random Character Button","StSLib"],"gold_per_floor":[109,109,122,40,51,84,49,49,122,92,117,135,135,154,154,255,255,255,255],"floor_reached":18,"language":"ENG","playtime":1432,"items_purged":[],"score":196,"play_id":"faeddea3-7070-4b62-9141-0abe5fa99271","local_time":"20210216212740","is_ascension_mode":true,"campfire_choices":[{"data":"Consume","floor":8.0,"key":"SMITH"},{"floor":13,"key":"REST"},{"floor":15,"key":"REST"}],"circlet_count":0,"master_deck":["Strike_B","Strike_B","Strike_B","Defend_B","Defend_B","Defend_B","Defend_B","Zap","Dualcast","Reboot","Coolheaded","Double Energy","Aggregate","Consume+1","Gash","Recycle","Reinforced Body","Echo Form","Coolheaded","Reboot"],"relics":["Cracked Core","Smiling Mask","Shuriken","Happy Flower","Philosopher\u0027s Stone"],"acts_visited":["Exordium","TheCity"],"potions_floor_usage":[11,12],"damage_taken":[{"damage":1.0,"enemies":"Small Slimes","floor":1.0,"turns":4.0},{"damage":0.0,"enemies":"2 Louse","floor":3.0,"turns":1.0},{"damage":0.0,"enemies":"Cultist","floor":5.0,"turns":5.0},{"damage":38.0,"enemies":"Lagavulin","floor":6.0,"turns":7.0},{"damage":61,"enemies":"Gremlin Nob","floor":11,"turns":6},{"damage":13,"enemies":"Lots of Slimes","floor":12,"turns":8},{"damage":2,"enemies":"Looter","floor":14,"turns":3},{"damage":6,"enemies":"The Guardian","floor":16,"turns":12},{"damage":80,"enemies":"3 Byrds","floor":18,"turns":3}],"seed_played":"7017313509226154377","potions_obtained":[{"floor":3.0,"key":"SpeedPotion"},{"floor":10.0,"key":"Fruit Juice"},{"floor":10.0,"key":"FairyPotion"},{"floor":11,"key":"Block Potion"}],"is_trial":false,"path_per_floor":["M","?","M","$","M","E","?","R","T","?","E","M","R","M","R","B",null,"M"],"character_chosen":"DEFECT","items_purchased":["Consume"],"campfire_rested":2,"item_purchase_floors":[4],"current_hp_per_floor":[74,74,74,74,74,36,54,54,54,59,24,11,35,33,57,51,80,0,0],"gold":255,"neow_bonus":"ONE_RANDOM_RARE_CARD","is_daily":false,"chose_seed":false,"campfire_upgraded":1,"win_rate":0.0,"timestamp":1613525260,"path_taken":["M","?","M","$","M","E","?","R","T","?","E","?","R","M","R","BOSS","M"],"items_purchased_type":["Card"],"build_version":"2020-12-22","purchased_purges":0,"victory":false,"max_hp_per_floor":[75,75,75,75,75,75,75,75,75,80,80,80,80,80,80,80,80,80,80],"card_choices":[{"not_picked":["Stack","Gash"],"picked":"Coolheaded","floor":1.0},{"not_picked":["Coolheaded","Streamline"],"picked":"Aggregate","floor":3.0},{"not_picked":["Beam Cell","Lockon"],"picked":"Gash","floor":5.0},{"not_picked":["Turbo","White Noise"],"picked":"Recycle","floor":6.0},{"not_picked":["Melter","Turbo"],"picked":"Reinforced Body","floor":11},{"not_picked":["Heatsinks","BootSequence"],"picked":"Echo Form","floor":12},{"not_picked":["Cold Snap","Steam"],"picked":"Coolheaded","floor":14},{"not_picked":["Fission","Biased Cognition"],"picked":"Reboot","floor":16}],"player_experience":272933,"relics_obtained":[{"floor":6.0,"key":"Smiling Mask"},{"floor":9.0,"key":"Shuriken"},{"floor":11,"key":"Happy Flower"}],"event_choices":[{"damage_healed":0.0,"max_hp_gain":0.0,"max_hp_loss":0.0,"gold_gain":0.0,"cards_transformed":["Strike_B"],"event_name":"Living Wall","player_choice":"Change","floor":2.0,"gold_loss":0.0,"damage_taken":0.0,"cards_obtained":["Double Energy"]},{"damage_healed":18.0,"max_hp_gain":0.0,"max_hp_loss":0.0,"gold_gain":0.0,"event_name":"The Cleric","player_choice":"Healed","floor":7.0,"gold_loss":35.0,"damage_taken":0.0},{"damage_healed":0.0,"max_hp_gain":0.0,"max_hp_loss":0.0,"gold_gain":0.0,"event_name":"The Woman in Blue","player_choice":"Bought 2 Potions","floor":10.0,"gold_loss":0.0,"damage_taken":0.0}],"is_beta":false,"boss_relics":[{"not_picked":["Fusion Hammer","Calling Bell"],"picked":"Philosopher\u0027s Stone"}],"items_purged_floors":[],"is_endless":false,"potions_floor_spawned":[3,11],"killed_by":"3 Byrds","ascension_level":3}}