{"host":"mi0eibewekhugwl1","time":1613570330,"event":{"mods":["AchievementEnabler","BaseMod","Colored Map","Colored Powertips","DeckTracker","Keyboard Shortcuts","Minty Spire (QoL Compilation)","Quick Restart","Rare Cards Sparkle","Relic Stats","StSLib","SuperFastMode","everything is the same but u backflip on backflip"],"gold_per_floor":[119,139,155,170,183,183,203,216,216,231,191,202,202,220,220,296,296,308,73,93,93,169,169,8,8,8,8,27,27,40,50,50,50,50],"floor_reached":33,"language":"KOR","playtime":635,"items_purged":["Strike_B"],"score":490,"play_id":"65d1cb38-fb30-4e81-9333-d744abd56150","local_time":"20210217225850","is_ascension_mode":true,"campfire_choices":[{"data":"Defragment","floor":6.0,"key":"SMITH"},{"floor":13.0,"key":"REST"},{"data":"Zap","floor":15.0,"key":"SMITH"},{"data":"White Noise","floor":23,"key":"SMITH"},{"floor":29,"key":"REST"},{"floor":32,"key":"REST"}],"circlet_count":0,"master_deck":["AscendersBane","Strike_B","Strike_B","Strike_B","Defend_B","Defend_B","Defend_B","Defend_B","Zap+1","Dualcast","Electrodynamics","Undo","Cold Snap","Sweeping Beam","Genetic Algorithm","Defragment+1","Tempest","Auto Shields","Static Discharge","Biased Cognition","Coolheaded","White Noise+1","Glacier","Decay","Coolheaded+1","Coolheaded+1","Compile Driver"],"relics":["Cracked Core","Juzu Bracelet","Sozu","Chemical X","Toxic Egg 2","Membership Card","Art of War"],"acts_visited":["Exordium","TheCity"],"potions_floor_usage":[16,16],"damage_taken":[{"damage":0.0,"enemies":"Cultist","floor":1.0,"turns":3.0},{"damage":7.0,"enemies":"Small Slimes","floor":2.0,"turns":3.0},{"damage":2.0,"enemies":"Jaw Worm","floor":3.0,"turns":3.0},{"damage":6.0,"enemies":"Exordium Wildlife","floor":4.0,"turns":2.0},{"damage":6.0,"enemies":"Blue Slaver","floor":5.0,"turns":4.0},{"damage":11.0,"enemies":"Looter","floor":7.0,"turns":2.0},{"damage":0.0,"enemies":"3 Louse","floor":8.0,"turns":2.0},{"damage":0.0,"enemies":"2 Fungi Beasts","floor":10.0,"turns":2.0},{"damage":5.0,"enemies":"Blue Slaver","floor":12.0,"turns":4.0},{"damage":13.0,"enemies":"Exordium Wildlife","floor":14.0,"turns":3.0},{"damage":18,"enemies":"Hexaghost","floor":16,"turns":9},{"damage":18,"enemies":"2 Thieves","floor":18,"turns":3},{"damage":0,"enemies":"Chosen","floor":20,"turns":4},{"damage":6,"enemies":"Centurion and Healer","floor":28,"turns":6},{"damage":0,"enemies":"Sentry and Sphere","floor":30,"turns":4},{"damage":24,"enemies":"Shelled Parasite and Fungi","floor":31,"turns":5},{"damage":66,"enemies":"Automaton","floor":33,"turns":12}],"seed_played":"546336130251971686","potions_obtained":[{"floor":1.0,"key":"Explosive Potion"},{"floor":2.0,"key":"EntropicBrew"},{"floor":16,"key":"Weak Potion"}],"is_trial":false,"path_per_floor":["M","M","M","M","M","R","M","M","T","M","?","M","R","M","R","B",null,"M","$","M","?","T","R","$","?","T","$","M","R","M","M","R","B"],"character_chosen":"DEFECT","items_purchased":["Chemical X","Membership Card"],"campfire_rested":3,"item_purchase_floors":[19,24],"current_hp_per_floor":[46,39,37,31,25,25,14,14,14,14,14,9,30,17,17,14,57,39,39,39,39,39,39,39,39,39,39,33,54,54,30,51,0,0],"gold":50,"neow_bonus":"THREE_RARE_CARDS","is_daily":false,"chose_seed":false,"campfire_upgraded":3,"win_rate":0.0,"timestamp":1613570330,"path_taken":["M","M","M","M","M","R","?","M","T","M","?","M","R","M","R","BOSS","M","$","M","?","?","R","?","?","T","$","M","R","M","M","R","BOSS"],"items_purchased_type":["Relic","Relic"],"build_version":"2020-12-22","purchased_purges":1,"victory":false,"max_hp_per_floor":[71,71,71,71,71,71,71,71,71,71,71,71,71,71,71,71,71,71,71,71,71,71,71,71,71,71,71,71,71,71,71,71,71,71],"relic_stats":{"Sozu":1,"counters":[17,71],"Juzu Bracelet":1,"Art of War":[6],"Chemical X":[6],"obtain_stats":[{"Sozu":17,"Juzu Bracelet":9,"Art of War":26,"Chemical X":19,"Membership Card":24,"Toxic Egg 2":22,"Cracked Core":0},{"Sozu":11,"Juzu Bracelet":7,"Art of War":13,"Chemical X":12,"Membership Card":13,"Toxic Egg 2":13,"Cracked Core":0},{"Sozu":37,"Juzu Bracelet":19,"Art of War":44,"Chemical X":40,"Membership Card":44,"Toxic Egg 2":44,"Cracked Core":0}]},"card_choices":[{"not_picked":["Multi-Cast","All For One"],"picked":"Electrodynamics","floor":0.0},{"not_picked":["Fusion","Steam"],"picked":"Undo","floor":1.0},{"not_picked":["Gash","Darkness"],"picked":"Cold Snap","floor":2.0},{"not_picked":["Leap","Beam Cell"],"picked":"Sweeping Beam","floor":3.0},{"not_picked":["Go for the Eyes","Sweeping Beam"],"picked":"Genetic Algorithm","floor":4.0},{"not_picked":["Cold Snap","Storm"],"picked":"Defragment","floor":5.0},{"not_picked":["Doom and Gloom","Cold Snap","Stack"],"picked":"SKIP","floor":7.0},{"not_picked":["Steam Power","Rebound","Steam"],"picked":"SKIP","floor":8.0},{"not_picked":["Rebound","Go for the Eyes"],"picked":"Tempest","floor":10.0},{"not_picked":["Sunder","Amplify"],"picked":"Auto Shields","floor":12.0},{"not_picked":["Ball Lightning","Stack"],"picked":"Static Discharge","floor":14.0},{"not_picked":["All For One","Reboot"],"picked":"Biased Cognition","floor":16},{"not_picked":["Tempest","Compile Driver"],"picked":"Coolheaded","floor":18},{"not_picked":["Compile Driver","Steam"],"picked":"White Noise","floor":20},{"not_picked":["Go for the Eyes","Sweeping Beam"],"picked":"Coolheaded+1","floor":28},{"not_picked":["Reprogram+1","Cold Snap"],"picked":"Coolheaded+1","floor":30},{"not_picked":["Gash","Ball Lightning"],"picked":"Compile Driver","floor":31}],"player_experience":1811463,"relics_obtained":[{"floor":9.0,"key":"Juzu Bracelet"},{"floor":22,"key":"Toxic Egg 2"},{"floor":26,"key":"Art of War"}],"event_choices":[{"damage_healed":0.0,"max_hp_gain":0.0,"max_hp_loss":0.0,"gold_gain":0.0,"event_name":"World of Goop","player_choice":"Left Gold","floor":11.0,"gold_loss":40.0,"damage_taken":0.0},{"damage_healed":0,"gold_gain":0,"player_choice":"Read","damage_taken":0,"max_hp_gain":0,"max_hp_loss":0,"event_name":"The Library","floor":21,"gold_loss":0,"cards_obtained":["Glacier"]},{"damage_healed":0,"gold_gain":0,"player_choice":"Smashed Altar","damage_taken":0,"max_hp_gain":0,"max_hp_loss":0,"event_name":"Forgotten Altar","floor":25,"gold_loss":0,"cards_obtained":["Decay"]}],"is_beta":false,"boss_relics":[{"not_picked":["Coffee Dripper","Philosopher\u0027s Stone"],"picked":"Sozu"}],"items_purged_floors":[19],"is_endless":false,"potions_floor_spawned":[1,2,7,16,20],"killed_by":"Automaton","ascension_level":20}}