{"host":"johnydays","time":1613598753,"event":{"mods":["BaseMod","Bestiary","Block Reminder","Colored Map","Colored Powertips","Curses Come First","DeckTracker","Highlight Path","Minty Spire (QoL Compilation)","Relic Sorter","Relic Stats","StSLib","SuperFastMode","Weighted Paths"],"gold_per_floor":[114,114,114,64,39,72,72,105,130,140,158,168,168,184,184,310,310,334,56,56,75,75,108,108,131,131,152,152,172,78,119,119,119,119],"floor_reached":33,"language":"ENG","playtime":1200,"items_purged":["Strike_P"],"score":474,"play_id":"ea895c9b-2c24-473e-9e46-57728e3ed59a","local_time":"20210217215233","is_ascension_mode":true,"campfire_choices":[{"data":"Eruption","floor":7.0,"key":"SMITH"},{"data":"Study","floor":15.0,"key":"SMITH"},{"data":"Adaptation","floor":24,"key":"SMITH"},{"floor":28,"key":"REST"},{"data":"TalkToTheHand","floor":32,"key":"SMITH"}],"circlet_count":0,"master_deck":["Strike_P","Defend_P","Defend_P","Defend_P","Eruption+1","Vigilance","Tantrum","BowlingBash","Adaptation+1","FollowUp","Halt","ClearTheMind","SandsOfTime","Study+1","Establishment","EmptyMind+1","TalkToTheHand+1","InnerPeace","FlurryOfBlows","Wallop","EmptyBody+1","PathToVictory","Indignation+1","WaveOfTheHand+1","Evaluate+1","Prostrate+1","Crescendo+1","ClearTheMind+1","Prostrate+1"],"relics":["PureWater","NeowsBlessing","Nunchaku","Mercury Hourglass","Blood Vial","Golden Idol","VioletLotus","Toxic Egg 2","PreservedInsect","Shuriken"],"acts_visited":["Exordium","TheCity"],"potions_floor_usage":[18,18,21,31],"damage_taken":[{"damage":0.0,"enemies":"2 Louse","floor":1.0,"turns":1.0},{"damage":0.0,"enemies":"Lagavulin","floor":6.0,"turns":1.0},{"damage":0.0,"enemies":"3 Sentries","floor":8.0,"turns":1.0},{"damage":7.0,"enemies":"Small Slimes","floor":10.0,"turns":3.0},{"damage":0.0,"enemies":"Cultist","floor":11.0,"turns":2.0},{"damage":0.0,"enemies":"Exordium Thugs","floor":12.0,"turns":3.0},{"damage":0.0,"enemies":"Blue Slaver","floor":14.0,"turns":3.0},{"damage":0,"enemies":"Slime Boss","floor":16,"turns":5},{"damage":14,"enemies":"Shell Parasite","floor":18,"turns":3},{"damage":13,"enemies":"Spheric Guardian","floor":21,"turns":4},{"damage":40,"enemies":"Slavers","floor":23,"turns":7},{"damage":0,"enemies":"3 Cultists","floor":25,"turns":4},{"damage":7,"enemies":"Cultist and Chosen","floor":27,"turns":3},{"damage":12,"enemies":"Snake Plant","floor":29,"turns":4},{"damage":6,"enemies":"Book of Stabbing","floor":31,"turns":4},{"damage":27,"enemies":"Automaton","floor":33,"turns":4}],"seed_played":"4952179377549833795","potions_obtained":[{"floor":1.0,"key":"BottledMiracle"},{"floor":6.0,"key":"SkillPotion"},{"floor":12.0,"key":"ColorlessPotion"},{"floor":14.0,"key":"BlessingOfTheForge"},{"floor":23,"key":"Explosive Potion"},{"floor":27,"key":"Swift Potion"},{"floor":31,"key":"Fire Potion"}],"is_trial":false,"path_per_floor":["M","?","?","?","$","E","R","E","T","M","M","M","?","M","R","B",null,"M","$","?","M","?","E","R","M","T","M","R","M","$","E","R","B"],"character_chosen":"WATCHER","items_purchased":["BowlingBash","TalkToTheHand","InnerPeace","FlurryOfBlows","Crescendo+1","ClearTheMind+1"],"campfire_rested":1,"item_purchase_floors":[5,19,19,19,30,30],"current_hp_per_floor":[72,77,70,70,70,70,70,70,70,65,67,69,50,52,52,54,77,63,63,63,52,52,14,14,16,16,11,34,24,24,20,20,0,0],"gold":119,"neow_bonus":"THREE_ENEMY_KILL","is_daily":false,"chose_seed":false,"campfire_upgraded":4,"win_rate":0.0,"timestamp":1613598753,"path_taken":["M","?","?","?","?","E","R","E","T","M","M","M","?","M","R","BOSS","M","$","?","M","?","E","R","M","T","M","R","?","?","E","R","BOSS"],"items_purchased_type":["Card","Card","Card","Card","Card","Card"],"build_version":"2020-12-18","purchased_purges":1,"victory":false,"max_hp_per_floor":[72,77,77,77,77,77,77,77,77,77,77,77,77,77,77,77,77,77,77,77,77,77,77,77,77,77,77,77,77,77,77,77,77,77],"relic_stats":{"Blood Vial":24,"Nunchaku":[11],"counters":[16,52],"Golden Idol":65,"Shuriken":[1],"VioletLotus":[13],"PreservedInsect":40,"obtain_stats":[{"Blood Vial":9,"Nunchaku":6,"NeowsBlessing":0,"Golden Idol":13,"Shuriken":31,"VioletLotus":17,"PreservedInsect":26,"PureWater":0,"Toxic Egg 2":23,"Mercury Hourglass":8},{"Blood Vial":3,"Nunchaku":2,"NeowsBlessing":0,"Golden Idol":6,"Shuriken":15,"VioletLotus":8,"PreservedInsect":12,"PureWater":0,"Toxic Egg 2":11,"Mercury Hourglass":3},{"Blood Vial":3,"Nunchaku":2,"NeowsBlessing":0,"Golden Idol":11,"Shuriken":48,"VioletLotus":19,"PreservedInsect":37,"PureWater":0,"Toxic Egg 2":33,"Mercury Hourglass":3}],"Mercury Hourglass":[192]},"card_choices":[{"not_picked":["CarveReality","JustLucky"],"picked":"Tantrum","floor":1.0},{"not_picked":["FollowUp","CutThroughFate"],"picked":"Adaptation","floor":6.0},{"not_picked":["EmptyBody","Collect"],"picked":"FollowUp","floor":8.0},{"not_picked":["Collect","Worship"],"picked":"Halt","floor":10.0},{"not_picked":["Halt","BowlingBash"],"picked":"ClearTheMind","floor":11.0},{"not_picked":["ThirdEye","ReachHeaven"],"picked":"SandsOfTime","floor":12.0},{"not_picked":["WreathOfFlame","FollowUp"],"picked":"Study","floor":14.0},{"not_picked":["Vault","Judgement"],"picked":"Establishment","floor":16},{"not_picked":["PathToVictory+1","Tantrum"],"picked":"EmptyMind+1","floor":18},{"not_picked":["Protect","WreathOfFlame+1"],"picked":"EmptyBody+1","floor":21},{"not_picked":["SashWhip","FollowUp"],"picked":"Indignation+1","floor":23},{"not_picked":["FlurryOfBlows","EmptyBody+1"],"picked":"WaveOfTheHand+1","floor":25},{"not_picked":["FollowUp","JustLucky"],"picked":"Evaluate+1","floor":27},{"not_picked":["JustLucky+1","Wireheading"],"picked":"Prostrate+1","floor":29},{"not_picked":["SashWhip+1","TalkToTheHand"],"picked":"Prostrate+1","floor":31}],"player_experience":534655,"relics_obtained":[{"floor":6.0,"key":"Nunchaku"},{"floor":8.0,"key":"Mercury Hourglass"},{"floor":9.0,"key":"Blood Vial"},{"floor":23,"key":"Toxic Egg 2"},{"floor":26,"key":"PreservedInsect"},{"floor":31,"key":"Shuriken"}],"event_choices":[{"damage_healed":0.0,"max_hp_gain":5.0,"max_hp_loss":0.0,"gold_gain":0.0,"event_name":"Big Fish","player_choice":"Donut","floor":2.0,"gold_loss":0.0,"damage_taken":0.0},{"cards_removed":["Defend_P"],"damage_healed":0.0,"max_hp_gain":0.0,"max_hp_loss":0.0,"gold_gain":0.0,"event_name":"Golden Wing","player_choice":"Card Removal","floor":3.0,"gold_loss":0.0,"damage_taken":7.0},{"cards_removed":["Strike_P"],"damage_healed":0.0,"max_hp_gain":0.0,"max_hp_loss":0.0,"gold_gain":0.0,"event_name":"The Cleric","player_choice":"Card Removal","floor":4.0,"gold_loss":50.0,"damage_taken":0.0},{"damage_healed":0.0,"max_hp_gain":0.0,"max_hp_loss":0.0,"gold_gain":0.0,"event_name":"Golden Idol","player_choice":"Take Damage","floor":13.0,"gold_loss":0.0,"damage_taken":19.0,"relics_obtained":["Golden Idol"]},{"damage_healed":0,"gold_gain":0,"player_choice":"Read","damage_taken":0,"max_hp_gain":0,"max_hp_loss":0,"event_name":"The Library","floor":20,"gold_loss":0,"cards_obtained":["Wallop"]},{"damage_healed":0,"gold_gain":0,"cards_transformed":["Strike_P"],"player_choice":"Transformed","damage_taken":0,"max_hp_gain":0,"max_hp_loss":0,"event_name":"Transmorgrifier","floor":22,"gold_loss":0,"cards_obtained":["PathToVictory"]}],"is_beta":true,"boss_relics":[{"not_picked":["Pandora\u0027s Box","Coffee Dripper"],"picked":"VioletLotus"}],"items_purged_floors":[19],"is_endless":false,"potions_floor_spawned":[1,6,12,14,23,27,31],"killed_by":"Automaton","ascension_level":4}}