{"host":"f7915vm1ahl7kex1","time":1613524830,"event":{"mods":["BaseMod","Colored Map","Downfall","Minty Spire (QoL Compilation)","Quick Restart","StSLib"],"gold_per_floor":[99,119,119,269,269,179,202,8,19,38,57,73,98,122,139,236,236,136,155,165,2,2,15,69,69,102,2,102,121,147,160,176,276,276,276,287,287,89,99,134,134,134,167,42,42,55,55,83,103,103],"floor_reached":51,"language":"ENG","playtime":4221,"items_purged":["downfall:Icky","champ:ShieldWall","champ:Devastate"],"score":901,"play_id":"809e4c7c-2a6a-4be2-9681-463712f2c50a","local_time":"20210216192030","is_ascension_mode":false,"campfire_choices":[{"floor":1,"key":"RECALL"},{"data":"champ:Lariat","floor":18,"key":"SMITH"},{"data":"champ:AdrenalArmor","floor":27,"key":"SMITH"},{"data":"champ:HeavySlash","floor":35,"key":"SMITH"},{"data":"champ:SteelEdge","floor":45,"key":"SMITH"},{"data":"champ:BerserkersShout","floor":47,"key":"SMITH"}],"circlet_count":0,"master_deck":["champ:Execute","champ:Taunt+1","champ:BerserkersShout+1","champ:AdrenalArmor+1","champ:RisingSlash","champ:FanOfKnives","champ:Lariat+1","champ:FaceSlap","champ:StrikeOfGenius","champ:EnragedBash","champ:AdrenalArmor","champ:AdrenalArmor","champ:RapidStrikes+1","champ:RecklessLeap+1","champ:MurderStrike","champ:MurderStrike","champ:Circumvent","champ:HeavySlash+1","champ:Devastate","champ:ShieldSlam","champ:BerserkersShout+1","champ:SteelEdge+1","champ:Lariat+1","champ:Shatter+1","champ:BerserkersShout+1","champ:RapidStrikes+1"],"relics":["champ:ChampionCrown","Spirit Poop","Strawberry","Sling","War Paint","Oddly Smooth Stone","Snecko Eye","downfall:HeartBlessingRed","champ:BerserkersGuideToSlaughter","Bag of Marbles","Ginger","downfall:HeartBlessingGreen","Dead Branch","InkBottle","Mercury Hourglass","Pandora\u0027s Box","Pen Nib","Chemical X","TungstenRod","HornCleat","champ:DefensiveTrainingManual","Bronze Scales"],"acts_visited":["Exordium","TheCity","TheBeyond"],"potions_floor_usage":[10,13,16,16,26,33],"damage_taken":[{"damage":15,"enemies":"Cultist","floor":2,"turns":4},{"damage":35,"enemies":"downfall:FleeingMerchant","floor":6,"turns":4},{"damage":35,"enemies":"downfall:FleeingMerchant","floor":8,"turns":4},{"damage":21,"enemies":"Jaw Worm","floor":9,"turns":2},{"damage":15,"enemies":"2 Louse","floor":10,"turns":1},{"damage":73,"enemies":"Gremlin Gang","floor":11,"turns":5},{"damage":35,"enemies":"Exordium Thugs","floor":12,"turns":3},{"damage":50,"enemies":"Lagavulin","floor":13,"turns":6},{"damage":21,"enemies":"Exordium Wildlife","floor":15,"turns":4},{"damage":103,"enemies":"IC_STATUS_ARCHETYPE","floor":16,"turns":8},{"damage":70,"enemies":"3 Byrds","floor":19,"turns":5},{"damage":65,"enemies":"Spheric Guardian","floor":20,"turns":4},{"damage":70,"enemies":"downfall:FleeingMerchant","floor":21,"turns":4},{"damage":70,"enemies":"3 Cultists","floor":23,"turns":4},{"damage":31,"enemies":"Book of Stabbing","floor":26,"turns":2},{"damage":64,"enemies":"IC_STATUS_ARCHETYPE","floor":28,"turns":5},{"damage":31,"enemies":"Snake Plant","floor":29,"turns":3},{"damage":82,"enemies":"Slavers","floor":30,"turns":5},{"damage":30,"enemies":"Sentry and Sphere","floor":31,"turns":3},{"damage":25,"enemies":"Snecko","floor":32,"turns":3},{"damage":92,"enemies":"SI_MIRROR_ARCHETYPE","floor":33,"turns":4},{"damage":88,"enemies":"3 Darklings","floor":36,"turns":6},{"damage":28,"enemies":"downfall:FleeingMerchant","floor":38,"turns":3},{"damage":19,"enemies":"Orb Walker","floor":39,"turns":1},{"damage":25,"enemies":"Nemesis","floor":40,"turns":1},{"damage":44,"enemies":"Reptomancer","floor":43,"turns":2},{"damage":20,"enemies":"3 Darklings","floor":46,"turns":2},{"damage":98,"enemies":"Giant Head","floor":48,"turns":3},{"damage":32,"enemies":"4 Shapes","floor":49,"turns":2},{"damage":88,"enemies":"WA_ARCHETYPE_DIVINITY","floor":50,"turns":5}],"seed_played":"5919021674164902925","potions_obtained":[{"floor":2,"key":"Energy Potion"},{"floor":9,"key":"PowerPotion"},{"floor":11,"key":"Explosive Potion"},{"floor":12,"key":"hexamod:SoulburnPotion"},{"floor":13,"key":"Guardian:BlockOnCardUsePotion"},{"floor":23,"key":"AttackPotion"},{"floor":28,"key":"Weak Potion"},{"floor":29,"key":"Guardian:BlockOnCardUsePotion"},{"floor":30,"key":"Strength Potion"},{"floor":31,"key":"LiquidMemories"},{"floor":39,"key":"Dexterity Potion"}],"is_trial":false,"path_per_floor":["R","M","?","?","?","$","T","$","M","M","M","M","E","T","M","B",null,"R","M","M","$","?","M","T","?","E","R","?","M","E","M","M","B",null,"R","M","?","$","M","E","T","?","E","$","R","M","R","E","M","B",null],"character_chosen":"THE_CHAMP","items_purchased":["champ:FanOfKnives","Sling","champ:BerserkersGuideToSlaughter","Chemical X","TungstenRod"],"campfire_rested":0,"item_purchase_floors":[8,8,21,38,38],"current_hp_per_floor":[99,94,94,94,94,89,96,96,90,90,87,82,67,67,66,43,106,106,96,76,76,76,86,86,86,90,90,86,90,83,93,103,106,106,106,103,103,106,106,106,106,106,106,106,106,106,106,106,106,106],"gold":103,"neow_bonus":"TEN_PERCENT_HP_BONUS","is_daily":false,"chose_seed":false,"campfire_upgraded":5,"win_rate":0.0,"timestamp":1613524830,"path_taken":["R","M","?","?","?","$","T","$","M","?","M","M","E","?","M","BOSS","R","M","M","$","?","M","T","?","E","R","?","M","E","M","M","BOSS","R","M","?","$","M","E","T","?","E","$","R","M","R","E","M","BOSS"],"items_purchased_type":["Card","Relic","Relic","Relic","Relic"],"build_version":"2020-12-22","purchased_purges":3,"victory":true,"max_hp_per_floor":[99,99,99,99,99,99,106,106,106,106,106,106,106,106,106,106,106,106,106,106,106,106,106,106,106,106,106,106,106,106,106,106,106,106,106,106,106,106,106,106,106,106,106,106,106,106,106,106,106,106],"card_choices":[{"not_picked":["champ:StanceDance","champ:CalledShot"],"picked":"champ:BerserkersShout","floor":2},{"not_picked":["champ:Shatter","champ:FocusedBerserking"],"picked":"champ:AdrenalArmor","floor":6},{"not_picked":["champ:CrownThrow","champ:ShieldWall"],"picked":"champ:RisingSlash","floor":8},{"not_picked":["champ:FocusedDefense","champ:BringItOn","champ:RapidStrikes"],"picked":"SKIP","floor":9},{"not_picked":["champ:StanceDance","champ:Backstep"],"picked":"champ:Lariat","floor":10},{"not_picked":["champ:EndlessRage","champ:TornadoPunch"],"picked":"champ:FaceSlap","floor":11},{"not_picked":["champ:CalledShot","champ:CheapShot","champ:SkillfulDodge"],"picked":"SKIP","floor":12},{"not_picked":["champ:PreciseThrust","champ:Lariat","champ:CrownThrow"],"picked":"SKIP","floor":13},{"not_picked":["champ:Backstep","champ:Shatter","champ:BerserkersShout"],"picked":"SKIP","floor":15},{"not_picked":["champ:MurderStrike","champ:DancingMaster"],"picked":"champ:StrikeOfGenius","floor":16},{"not_picked":["champ:ArenaPreparation","champ:Duel+1"],"picked":"champ:EnragedBash","floor":19},{"not_picked":["champ:RisingSlash","champ:GutPunch"],"picked":"champ:AdrenalArmor","floor":20},{"not_picked":["champ:IgnorePain","champ:DeathBlow","champ:BladeFlurry"],"picked":"SKIP","floor":21},{"not_picked":["champ:SkillfulDodge","champ:CalledShot"],"picked":"champ:RapidStrikes+1","floor":23},{"not_picked":["champ:DefensiveShout+1","champ:Encircle","champ:FanOfKnives"],"picked":"SKIP","floor":26},{"not_picked":["champ:EnGarde","champ:DefensiveShout","champ:AdrenalArmor"],"picked":"SKIP","floor":29},{"not_picked":["champ:RapidStrikes","champ:BerserkersShout"],"picked":"champ:RecklessLeap+1","floor":30},{"not_picked":["champ:FaceSlap","champ:FanOfKnives","champ:Endure"],"picked":"SKIP","floor":31},{"not_picked":["champ:FanOfKnives","champ:Circumvent"],"picked":"champ:MurderStrike","floor":32},{"not_picked":["champ:CheapShot","champ:LastStand"],"picked":"champ:MurderStrike","floor":33},{"not_picked":["champ:DefensiveShout+1","champ:PerfectedStrike+1"],"picked":"champ:Lariat+1","floor":36},{"not_picked":["champ:EnragedBash+1","champ:BringItOn+1","champ:PreemptiveStrike+1"],"picked":"SKIP","floor":38},{"not_picked":["champ:CrownThrow+1","champ:StanceDance+1","champ:PreciseThrust"],"picked":"SKIP","floor":39},{"not_picked":["champ:SteelEdge","champ:ShieldWall","champ:Backstep"],"picked":"SKIP","floor":40},{"not_picked":["champ:GladiatorStyle+1","champ:TornadoPunch"],"picked":"champ:Shatter+1","floor":43},{"not_picked":["champ:FaceSlap","champ:RapidStrikes"],"picked":"champ:BerserkersShout+1","floor":46},{"not_picked":["champ:FanOfKnives","champ:HeartStrike"],"picked":"champ:RapidStrikes+1","floor":48},{"not_picked":["champ:DeathBlow","champ:FlashCut","champ:Encircle"],"picked":"SKIP","floor":49}],"player_experience":1197821,"relics_obtained":[{"floor":7,"key":"Strawberry"},{"floor":13,"key":"War Paint"},{"floor":14,"key":"Oddly Smooth Stone"},{"floor":24,"key":"Bag of Marbles"},{"floor":26,"key":"Ginger"},{"floor":28,"key":"Dead Branch"},{"floor":28,"key":"InkBottle"},{"floor":30,"key":"Mercury Hourglass"},{"floor":37,"key":"Pen Nib"},{"floor":40,"key":"HornCleat"},{"floor":43,"key":"champ:DefensiveTrainingManual"},{"floor":48,"key":"Bronze Scales"}],"event_choices":[{"cards_removed":["downfall:Malfunctioning"],"damage_healed":0,"gold_gain":0,"player_choice":"Offered Curse","damage_taken":0,"relics_obtained":["Spirit Poop"],"max_hp_gain":0,"max_hp_loss":0,"event_name":"Bonfire Elementals","floor":5,"gold_loss":0},{"damage_healed":0,"gold_gain":0,"player_choice":"Read","damage_taken":0,"max_hp_gain":0,"max_hp_loss":0,"event_name":"The Library","floor":22,"gold_loss":0,"cards_obtained":["champ:AdrenalArmor"]},{"damage_healed":0,"gold_gain":0,"player_choice":"Ignored","damage_taken":0,"max_hp_gain":0,"max_hp_loss":0,"event_name":"Ghosts","floor":25,"gold_loss":0}],"is_beta":false,"boss_relics":[{"not_picked":["Runic Dome","Astrolabe"],"picked":"Snecko Eye"},{"not_picked":["Runic Pyramid","SacredBark"],"picked":"Pandora\u0027s Box"}],"items_purged_floors":[6,38,44],"is_endless":false,"potions_floor_spawned":[2,9,11,12,13,23,28,29,30,31,39,46,48],"ascension_level":0}}