{"host":"Cenci","time":1613580106,"event":{"mods":["BaseMod","Bestiary","Downfall","Highlight Path","Minty Spire (QoL Compilation)","StSLib"],"gold_per_floor":[99,115,132,147,147,147,147,176,186,219,235,263,263,53,69,69,69,69],"floor_reached":16,"language":"ENG","playtime":913,"items_purged":[],"score":171,"play_id":"6adc4184-adbb-42bf-ac62-8cc8641f53dc","local_time":"20210217174146","is_ascension_mode":true,"campfire_choices":[{"data":"sneckomod:TailWhip","floor":1,"key":"SMITH"}],"circlet_count":0,"master_deck":["sneckomod:Strike","sneckomod:Strike","sneckomod:Strike","sneckomod:Defend","sneckomod:Defend","sneckomod:Defend","sneckomod:TailWhip+1","sneckomod:SnekBite","sneckomod:Unknown","sneckomod:Unknown","sneckomod:QuickMove","sneckomod:UnknownDexterity","sneckomod:UnknownDexterity","sneckomod:Unknown1Cost","sneckomod:UnknownCommonSkill","sneckomod:UnknownDexterity","sneckomod:QuickMove","sneckomod:UnknownDexterity"],"relics":["sneckomod:SneckoSoul","Blood Vial","Smiling Mask","Mercury Hourglass","Juzu Bracelet","TungstenRod","Slimebound:StickyStick","downfall:BrokenWingStatue","Lee\u0027s Waffle"],"acts_visited":["Exordium"],"potions_floor_usage":[11,11,12],"damage_taken":[{"damage":7,"enemies":"Jaw Worm","floor":2,"turns":2},{"damage":0,"enemies":"Small Slimes","floor":3,"turns":3},{"damage":6,"enemies":"2 Louse","floor":4,"turns":2},{"damage":7,"enemies":"Lagavulin","floor":8,"turns":6},{"damage":6,"enemies":"2 Fungi Beasts","floor":9,"turns":3},{"damage":42,"enemies":"3 Sentries","floor":10,"turns":5},{"damage":12,"enemies":"Red Slaver","floor":11,"turns":4},{"damage":9,"enemies":"Lagavulin","floor":12,"turns":6},{"damage":0,"enemies":"downfall:FleeingMerchant","floor":14,"turns":4},{"damage":0,"enemies":"3 Louse","floor":15,"turns":4},{"damage":43,"enemies":"DF_ARCHETYPE_STREAMLINE","floor":16,"turns":14}],"seed_played":"-3603953090776986326","potions_obtained":[{"floor":2,"key":"PowerPotion"},{"floor":3,"key":"sneckomod:OffclassReductionPotion"},{"floor":10,"key":"Regen Potion"},{"floor":12,"key":"Explosive Potion"}],"is_trial":false,"path_per_floor":["R","M","M","M","?","?","T","E","M","E","M","E","?","$","M","B"],"character_chosen":"THE_SNECKO","items_purchased":["Lee\u0027s Waffle","sneckomod:QuickMove"],"campfire_rested":0,"item_purchase_floors":[14,14],"current_hp_per_floor":[90,83,85,81,74,74,74,69,65,25,27,20,20,97,97,54,54,54],"gold":69,"neow_bonus":"RANDOM_COMMON_RELIC","is_daily":false,"chose_seed":false,"campfire_upgraded":1,"win_rate":0.0,"timestamp":1613580106,"path_taken":["R","M","M","M","?","?","T","E","M","E","M","E","?","$","M","BOSS"],"items_purchased_type":["Relic","Card"],"build_version":"2020-11-17","purchased_purges":0,"victory":false,"max_hp_per_floor":[90,90,90,90,90,90,90,90,90,90,90,90,90,97,97,97,97,97],"card_choices":[{"not_picked":["sneckomod:UnknownCommonAttack","sneckomod:SoulRoll","sneckomod:UnknownVulnerable"],"picked":"SKIP","floor":2},{"not_picked":["sneckomod:Unknown1Cost","sneckomod:UnknownDraw","sneckomod:Nope"],"picked":"SKIP","floor":3},{"not_picked":["sneckomod:Unknown0Cost","sneckomod:UnknownStrike"],"picked":"sneckomod:QuickMove","floor":4},{"not_picked":["sneckomod:CheapStock","sneckomod:UnknownStrength"],"picked":"sneckomod:UnknownDexterity","floor":8},{"not_picked":["sneckomod:SoulRoll","sneckomod:Unknown1Cost","sneckomod:SoulDraw"],"picked":"SKIP","floor":9},{"not_picked":["sneckomod:TrashToTreasure","sneckomod:UnknownUncommonAttack"],"picked":"sneckomod:UnknownDexterity","floor":10},{"not_picked":["sneckomod:UnknownUncommonAttack","sneckomod:UnknownUncommonSkill"],"picked":"sneckomod:Unknown1Cost","floor":11},{"not_picked":["sneckomod:UnknownRareAttack","sneckomod:CheapStock"],"picked":"sneckomod:UnknownCommonSkill","floor":12},{"not_picked":["sneckomod:ImprovisedGuard","sneckomod:GlitteringGambit"],"picked":"sneckomod:UnknownDexterity","floor":14},{"not_picked":["sneckomod:SnakeSap","sneckomod:SoulRoll"],"picked":"sneckomod:UnknownDexterity","floor":15}],"player_experience":359409,"relics_obtained":[{"floor":7,"key":"Mercury Hourglass"},{"floor":8,"key":"Juzu Bracelet"},{"floor":10,"key":"TungstenRod"},{"floor":12,"key":"Slimebound:StickyStick"}],"event_choices":[{"damage_healed":0,"gold_gain":0,"player_choice":"Success","damage_taken":7,"relics_obtained":["Smiling Mask"],"max_hp_gain":0,"max_hp_loss":0,"event_name":"Scrap Ooze","floor":5,"gold_loss":0}],"is_beta":true,"boss_relics":[],"items_purged_floors":[],"is_endless":false,"potions_floor_spawned":[2,3,10,12],"killed_by":"DF_ARCHETYPE_STREAMLINE","ascension_level":4}}