{"host":"uvd23xk3ig6bv7xx","time":1613547126,"event":{"mods":["ATMod(°¢èªMod)","BaseMod","Better Vampires","Colored Powertips","Minty Spire (QoL Compilation)","Quick Restart","StSLib","SuperFastMode","Yakumo Yukari mod"],"gold_per_floor":[139,139,139,64,64,64,29,47,70,110,110,145,145,220,220,220,220],"floor_reached":16,"language":"ZHS","playtime":480,"items_purged":["Defend_purpleEX"],"score":129,"play_id":"e6033572-cc47-4ce5-8536-9be402599527","local_time":"20210217153206","is_ascension_mode":false,"campfire_choices":[{"floor":6,"key":"RECALL"},{"floor":15,"key":"REST"}],"circlet_count":0,"master_deck":["AT_purpleEX","AT_purpleEX","AT_purpleEX","Defend_purpleEX","Defend_purpleEX","Defend_purpleEX","Observe_purple_1+1","Observe_purple_2+1","StretchesForeverDream_purple","Charmbait_purple","Mirror_Drifter_purple","PurpleNeedle_purple"],"relics":["Boundary_crack","Memoryfragments_purpleEX","AT_ATBox","NeowsBlessing","Golden Idol","Orichalcum","Matryoshka","AT_DeathDance"],"acts_visited":["Exordium"],"potions_floor_usage":[12,12],"damage_taken":[{"damage":0,"enemies":"Small Slimes","floor":1,"turns":1},{"damage":0,"enemies":"Jaw Worm","floor":8,"turns":1},{"damage":16,"enemies":"Gremlin Nob","floor":10,"turns":1},{"damage":16,"enemies":"Lagavulin","floor":12,"turns":6},{"damage":16,"enemies":"The Guardian","floor":16,"turns":8}],"seed_played":"-2117434443873799764","potions_obtained":[{"floor":1,"key":"Block Potion"},{"floor":8,"key":"PowerPotion"}],"is_trial":false,"path_per_floor":["M","?","?","$","?","R","$","M","T","E","T","E","?","?","R","B"],"character_chosen":"Youkari","items_purchased":["StretchesForeverDream_purple"],"campfire_rested":1,"item_purchase_floors":[7],"current_hp_per_floor":[70,53,53,53,53,53,53,53,53,37,37,22,18,11,32,16,16],"gold":220,"neow_bonus":"THREE_ENEMY_KILL","is_daily":false,"chose_seed":false,"campfire_upgraded":0,"win_rate":0.0,"timestamp":1613547126,"path_taken":["M","?","?","?","?","R","$","?","T","E","?","E","?","?","R","BOSS"],"items_purchased_type":["Card"],"build_version":"2020-12-22","purchased_purges":1,"victory":false,"max_hp_per_floor":[70,70,70,70,70,70,70,70,70,70,70,70,70,70,70,70,70],"card_choices":[{"not_picked":["CommonSense_AntiCommonSense_purple","MetroBOOM_purple","WatchEChange_purple"],"picked":"SKIP","floor":1},{"not_picked":["Yakumo_Ran_purple","OpenedBox_purple"],"picked":"Charmbait_purple","floor":8},{"not_picked":["DimensionStaggered_purple","ButterflyHabitatTemple_purple"],"picked":"Mirror_Drifter_purple","floor":10},{"not_picked":["Umbrella_purple","AdvanceAttack_purple"],"picked":"PurpleNeedle_purple","floor":12}],"player_experience":334830,"relics_obtained":[{"floor":10,"key":"Orichalcum"},{"floor":11,"key":"Matryoshka"},{"floor":12,"key":"AT_DeathDance"}],"event_choices":[{"damage_healed":0,"gold_gain":0,"player_choice":"Take Damage","damage_taken":17,"relics_obtained":["Golden Idol"],"max_hp_gain":0,"max_hp_loss":0,"event_name":"Golden Idol","floor":2,"gold_loss":0},{"damage_healed":0,"gold_gain":0,"player_choice":"Grow","damage_taken":0,"max_hp_gain":0,"max_hp_loss":0,"event_name":"Living Wall","floor":3,"gold_loss":0,"cards_upgraded":["Observe_purple_2"]},{"damage_healed":0,"gold_gain":0,"player_choice":"Forge","damage_taken":0,"max_hp_gain":0,"max_hp_loss":0,"event_name":"Accursed Blacksmith","floor":5,"gold_loss":0,"cards_upgraded":["Observe_purple_1"]},{"cards_removed":["AT_purpleEX"],"damage_healed":0,"gold_gain":0,"player_choice":"Card Removal","damage_taken":7,"max_hp_gain":0,"max_hp_loss":0,"event_name":"Golden Wing","floor":13,"gold_loss":0},{"damage_healed":0,"gold_gain":75,"player_choice":"Gather Gold","damage_taken":11,"max_hp_gain":0,"max_hp_loss":0,"event_name":"World of Goop","floor":14,"gold_loss":0}],"is_beta":false,"boss_relics":[],"items_purged_floors":[4],"is_endless":false,"potions_floor_spawned":[1,8],"killed_by":"The Guardian","ascension_level":0}}