{"host":"uv231blk40vjdojr","time":1613597141,"event":{"mods":["BaseMod","Minty Spire (QoL Compilation)","Relic Stats"],"gold_per_floor":[109,121,139,139,139,164,164,196,196,223,240,258,273,287,287,385,385,400,400,414,35,54,89,106,140,140,140,63,88,88,100,100,205,205,220,220,236,236,247,267,267,296,342,360,105,105,30,47,47,47],"floor_reached":51,"language":"ENG","playtime":2606,"items_purged":["Strike_G","Pain"],"score":861,"play_id":"4c95e63c-d9c7-4490-8ecb-3924d6e8e179","local_time":"20210217222541","is_ascension_mode":false,"campfire_choices":[{"floor":7.0,"key":"REST"},{"data":"Tools of the Trade","floor":15.0,"key":"SMITH"},{"data":"Noxious Fumes","floor":27.0,"key":"SMITH"},{"data":"Malaise","floor":32,"key":"SMITH"},{"floor":41,"key":"REST"},{"floor":46,"key":"REST"},{"data":"Footwork","floor":49,"key":"SMITH"}],"circlet_count":0,"master_deck":["Strike_G","Strike_G","Strike_G","Defend_G","Defend_G","Defend_G","Defend_G","Survivor","Neutralize","Deadly Poison","Terror","Dagger Spray+1","Footwork+1","Die Die Die+1","Tools of the Trade+1","Acrobatics","Bane+1","Reflex","Acrobatics","Malaise+1","Backflip","Noxious Fumes+1","Adrenaline","PiercingWail","Catalyst","Catalyst","Leg Sweep","Corpse Explosion","Madness","Madness","Deadly Poison+1","Noxious Fumes","Dodge and Roll+1"],"relics":["Empty Cage","Molten Egg 2","Anchor","Kunai","Bottled Lightning","Turnip","SlaversCollar","CultistMask","TwistedFunnel","Pen Nib","Gremlin Horn","Bottled Flame","Regal Pillow","Velvet Choker","WarpedTongs","Mercury Hourglass","Medical Kit"],"acts_visited":["Exordium","TheCity","TheBeyond"],"potions_floor_usage":[39,50],"damage_taken":[{"damage":0.0,"enemies":"Small Slimes","floor":1.0,"turns":4.0},{"damage":1.0,"enemies":"Cultist","floor":2.0,"turns":5.0},{"damage":0.0,"enemies":"2 Louse","floor":3.0,"turns":3.0},{"damage":24.0,"enemies":"Gremlin Nob","floor":6.0,"turns":4.0},{"damage":2.0,"enemies":"Lagavulin","floor":8.0,"turns":8.0},{"damage":0.0,"enemies":"3 Sentries","floor":10.0,"turns":7.0},{"damage":0.0,"enemies":"Exordium Thugs","floor":11.0,"turns":3.0},{"damage":4.0,"enemies":"3 Louse","floor":12.0,"turns":3.0},{"damage":1.0,"enemies":"Large Slime","floor":13.0,"turns":3.0},{"damage":3.0,"enemies":"Red Slaver","floor":14.0,"turns":2.0},{"damage":19.0,"enemies":"Hexaghost","floor":16.0,"turns":11.0},{"damage":4.0,"enemies":"Chosen","floor":18.0,"turns":6.0},{"damage":9.0,"enemies":"Spheric Guardian","floor":20.0,"turns":5.0},{"damage":4.0,"enemies":"Snake Plant","floor":22.0,"turns":5.0},{"damage":11.0,"enemies":"Book of Stabbing","floor":23.0,"turns":6.0},{"damage":4.0,"enemies":"Centurion and Healer","floor":24.0,"turns":6.0},{"damage":0.0,"enemies":"Slavers","floor":25.0,"turns":4.0},{"damage":0.0,"enemies":"Gremlin Leader","floor":29.0,"turns":3.0},{"damage":0,"enemies":"Cultist and Chosen","floor":31,"turns":3},{"damage":10,"enemies":"Champ","floor":33,"turns":9},{"damage":0,"enemies":"3 Shapes","floor":35,"turns":3},{"damage":4,"enemies":"Orb Walker","floor":37,"turns":6},{"damage":17,"enemies":"Sphere and 2 Shapes","floor":39,"turns":4},{"damage":5,"enemies":"3 Darklings","floor":40,"turns":4},{"damage":45,"enemies":"Nemesis","floor":42,"turns":5},{"damage":2,"enemies":"Writhing Mass","floor":44,"turns":6},{"damage":7,"enemies":"Transient","floor":48,"turns":5},{"damage":36,"enemies":"Awakened One","floor":50,"turns":14}],"seed_played":"8672819838648249897","potions_obtained":[{"floor":2.0,"key":"LiquidMemories"},{"floor":6.0,"key":"Swift Potion"},{"floor":11.0,"key":"EssenceOfSteel"},{"floor":13.0,"key":"Regen Potion"},{"floor":20.0,"key":"Block Potion"},{"floor":23.0,"key":"Energy Potion"},{"floor":33,"key":"GamblersBrew"},{"floor":40,"key":"LiquidBronze"}],"is_trial":false,"path_per_floor":["M","M","M","?","?","E","R","E","T","E","M","M","M","M","R","B",null,"M","?","M","$","M","E","M","E","T","R","$","E","?","M","R","B",null,"M","?","M","?","M","M","R","E","T","M","$","R","$","M","R","B",null],"character_chosen":"THE_SILENT","items_purchased":["TwistedFunnel","Noxious Fumes","Adrenaline","Catalyst","Medical Kit","Noxious Fumes"],"campfire_rested":3,"item_purchase_floors":[21,21,21,28,45,47],"current_hp_per_floor":[70,69,69,44,44,20,41,39,39,39,39,35,34,31,31,12,70,66,66,57,57,53,57,53,53,53,53,53,53,53,53,53,43,70,70,61,57,57,40,35,70,25,25,23,23,59,59,52,52,16],"gold":47,"neow_bonus":"BOSS_RELIC","is_daily":false,"chose_seed":false,"campfire_upgraded":4,"win_rate":0.0,"timestamp":1613597141,"path_taken":["M","M","M","?","?","E","R","E","T","E","M","M","M","M","R","BOSS","M","?","?","$","?","E","M","E","T","R","$","E","?","M","R","BOSS","M","?","M","?","M","M","R","E","T","?","$","R","$","M","R","BOSS"],"items_purchased_type":["Relic","Card","Card","Card","Relic","Card"],"build_version":"2020-12-22","purchased_purges":2,"victory":true,"max_hp_per_floor":[70,70,70,70,70,70,70,70,70,70,70,70,70,70,70,70,70,70,70,70,70,70,70,70,70,70,70,70,70,70,70,70,70,70,70,70,70,70,70,70,70,70,70,70,70,70,70,70,70,70],"relic_stats":{"Regal Pillow":29,"Gremlin Horn":[13,13],"counters":[28,147],"Turnip":[16],"Pen Nib":[9],"Kunai":[14],"Medical Kit":[1],"obtain_stats":[{"TwistedFunnel":21,"Regal Pillow":29,"Gremlin Horn":25,"Velvet Choker":34,"Pen Nib":23,"Empty Cage":0,"Medical Kit":45,"WarpedTongs":38,"Mercury Hourglass":42,"SlaversCollar":17,"Anchor":6,"Bottled Flame":26,"Molten Egg 2":4,"Turnip":10,"CultistMask":19,"Kunai":8,"Bottled Lightning":9,"Ring of the Snake":0},{"TwistedFunnel":13,"Regal Pillow":18,"Gremlin Horn":17,"Velvet Choker":20,"Pen Nib":15,"Empty Cage":0,"Medical Kit":26,"WarpedTongs":22,"Mercury Hourglass":25,"SlaversCollar":11,"Anchor":4,"Bottled Flame":17,"Molten Egg 2":3,"Turnip":6,"CultistMask":12,"Kunai":5,"Bottled Lightning":5,"Ring of the Snake":0},{"TwistedFunnel":64,"Regal Pillow":88,"Gremlin Horn":85,"Velvet Choker":100,"Pen Nib":75,"Empty Cage":0,"Medical Kit":128,"WarpedTongs":109,"Mercury Hourglass":122,"SlaversCollar":53,"Anchor":16,"Bottled Flame":85,"Molten Egg 2":12,"Turnip":31,"CultistMask":59,"Kunai":24,"Bottled Lightning":24,"Ring of the Snake":0}],"WarpedTongs":[38],"Mercury Hourglass":[86]},"card_choices":[{"not_picked":["Backflip","Well Laid Plans"],"picked":"Deadly Poison","floor":1.0},{"not_picked":["Flechettes","PiercingWail"],"picked":"Terror","floor":2.0},{"not_picked":["Prepared","PiercingWail"],"picked":"Dagger Spray","floor":3.0},{"not_picked":["Terror","Masterful Stab+1"],"picked":"Footwork","floor":6.0},{"not_picked":["Deadly Poison","Flying Knee+1"],"picked":"Die Die Die+1","floor":8.0},{"not_picked":["Dagger Spray+1","Sucker Punch+1"],"picked":"Tools of the Trade","floor":10.0},{"not_picked":["Deadly Poison","PiercingWail"],"picked":"Acrobatics","floor":11.0},{"not_picked":["Deadly Poison","Outmaneuver"],"picked":"Bane+1","floor":12.0},{"not_picked":["Flying Knee+1","Eviscerate+1"],"picked":"Reflex","floor":13.0},{"not_picked":["Dagger Spray+1","Prepared"],"picked":"Acrobatics","floor":14.0},{"not_picked":["Doppelganger","Night Terror"],"picked":"Malaise","floor":16.0},{"not_picked":["Eviscerate+1","Skewer+1","Prepared"],"picked":"SKIP","floor":18.0},{"not_picked":["Slice+1","Expertise"],"picked":"Backflip","floor":20.0},{"not_picked":["Dagger Spray+1","Deadly Poison"],"picked":"PiercingWail","floor":22.0},{"not_picked":["Dash+1","Accuracy"],"picked":"Catalyst","floor":23.0},{"not_picked":["Eviscerate+1","Backstab+1","Accuracy"],"picked":"SKIP","floor":24.0},{"not_picked":["Deflect","Backflip","Endless Agony+1"],"picked":"SKIP","floor":25.0},{"not_picked":["Masterful Stab+1","Dagger Throw+1","Concentrate"],"picked":"SKIP","floor":29},{"not_picked":["Storm of Steel","Caltrops"],"picked":"Leg Sweep","floor":31},{"not_picked":["A Thousand Cuts","Glass Knife+1"],"picked":"Corpse Explosion","floor":33},{"not_picked":["Dagger Spray+1","Acrobatics+1","Bane+1"],"picked":"SKIP","floor":35},{"not_picked":["Heel Hook+1","Infinite Blades","Expertise"],"picked":"SKIP","floor":37},{"not_picked":["Terror+1","Prepared"],"picked":"Deadly Poison+1","floor":39},{"not_picked":["Deflect","Backstab+1","PiercingWail"],"picked":"SKIP","floor":40},{"not_picked":["Grand Finale+1","Tactician+1","Finisher+1"],"picked":"SKIP","floor":42},{"not_picked":["Underhanded Strike+1","Bane+1","Flying Knee+1"],"picked":"SKIP","floor":44},{"not_picked":["Slice+1","Setup+1"],"picked":"Dodge and Roll+1","floor":48}],"player_experience":778703,"relics_obtained":[{"floor":6.0,"key":"Anchor"},{"floor":8.0,"key":"Kunai"},{"floor":9.0,"key":"Bottled Lightning"},{"floor":10.0,"key":"Turnip"},{"floor":23.0,"key":"Pen Nib"},{"floor":25.0,"key":"Gremlin Horn"},{"floor":26.0,"key":"Bottled Flame"},{"floor":29,"key":"Regal Pillow"},{"floor":42,"key":"Mercury Hourglass"}],"event_choices":[{"damage_healed":0.0,"max_hp_gain":0.0,"max_hp_loss":0.0,"gold_gain":0.0,"event_name":"Scrap Ooze","player_choice":"Success","floor":4.0,"gold_loss":0.0,"damage_taken":25.0,"relics_obtained":["Molten Egg 2"]},{"damage_healed":0.0,"max_hp_gain":0.0,"max_hp_loss":0.0,"gold_gain":0.0,"event_name":"Living Wall","player_choice":"Grow","floor":5.0,"gold_loss":0.0,"damage_taken":0.0,"cards_upgraded":["Dagger Spray"]},{"damage_healed":0.0,"max_hp_gain":0.0,"max_hp_loss":0.0,"gold_gain":0.0,"event_name":"FaceTrader","player_choice":"Trade","floor":19.0,"gold_loss":0.0,"damage_taken":0.0,"relics_obtained":["CultistMask"]},{"damage_healed":0,"gold_gain":0,"player_choice":"Ignored","damage_taken":0,"max_hp_gain":0,"max_hp_loss":0,"event_name":"The Mausoleum","floor":30,"gold_loss":0},{"damage_healed":0,"gold_gain":0,"player_choice":"Embrace Madness","damage_taken":9,"max_hp_gain":0,"max_hp_loss":0,"event_name":"Winding Halls","floor":36,"gold_loss":0,"cards_obtained":["Madness","Madness"]},{"damage_healed":0,"gold_gain":0,"player_choice":"Rummage","damage_taken":0,"relics_obtained":["WarpedTongs"],"max_hp_gain":0,"max_hp_loss":0,"event_name":"Accursed Blacksmith","floor":38,"gold_loss":0,"cards_obtained":["Pain"]}],"is_beta":false,"boss_relics":[{"not_picked":["Calling Bell","WristBlade"],"picked":"SlaversCollar"},{"not_picked":["Astrolabe","Runic Pyramid"],"picked":"Velvet Choker"}],"items_purged_floors":[21,45],"is_endless":false,"potions_floor_spawned":[2,6,11,12,13,20,23,24,33,40,44,48],"ascension_level":0}}