{"host":"qp7xs8nuzfsyommi","time":1613594253,"event":{"mods":["2.2 Compatiblity","BaseMod","Colored Powertips","DeckTracker","Highlight Path","Minty Spire (QoL Compilation)","Permanent Neow","Quick Restart","StSLib"],"gold_per_floor":[114,124,124,199,212,212,39,39,63,89,100,118,152,152,152,223,223,238,153,153,167,167,167,217,217,271,271,6,37,51,85,85,164,164,184,184,202,212,212,212,240,240,266,278,290,301,301,301,301],"floor_reached":48,"language":"ENG","playtime":3120,"items_purged":[],"score":980,"play_id":"899e19e3-070f-497a-8162-188041e8331c","local_time":"20210217153733","is_ascension_mode":true,"campfire_choices":[{"floor":6.0,"key":"REST"},{"data":"CrushJoints","floor":8.0,"key":"SMITH"},{"floor":15.0,"key":"REST"},{"floor":23.0,"key":"REST"},{"data":"ForeignInfluence","floor":25.0,"key":"SMITH"},{"floor":27.0,"key":"RECALL"},{"floor":32.0,"key":"REST"},{"floor":40.0,"key":"REST"},{"data":"TalkToTheHand","floor":42.0,"key":"SMITH"}],"circlet_count":0,"master_deck":["AscendersBane","Strike_P","Strike_P+1","Strike_P","Defend_P","Defend_P+1","Defend_P","Defend_P","Eruption+1","Vigilance+1","Devotion","CrushJoints+1","Consecrate+1","BattleHymn","Devotion","Establishment","TalkToTheHand+1","ForeignInfluence+1","Vault","SashWhip","Pray","DeusExMachina+1","DeceiveReality","ThirdEye+1","Meditate","CutThroughFate","Devotion","BattleHymn","Pain","FlurryOfBlows+1","ForeignInfluence+1","The Bomb","Evaluate","Parasite"],"relics":["PureWater","Whetstone","Pear","Shuriken","Oddly Smooth Stone","Philosopher\u0027s Stone","Boot","War Paint","Bottled Flame","Yang","Snecko Eye","WarpedTongs","Akabeko"],"acts_visited":["Exordium","TheCity","TheBeyond"],"potions_floor_usage":[46],"damage_taken":[{"damage":2.0,"enemies":"Jaw Worm","floor":1.0,"turns":4.0},{"damage":3.0,"enemies":"2 Louse","floor":2.0,"turns":4.0},{"damage":1.0,"enemies":"Small Slimes","floor":5.0,"turns":4.0},{"damage":39.0,"enemies":"Gremlin Nob","floor":10.0,"turns":4.0},{"damage":0.0,"enemies":"3 Louse","floor":11.0,"turns":2.0},{"damage":9.0,"enemies":"Exordium Thugs","floor":12.0,"turns":2.0},{"damage":13.0,"enemies":"Lagavulin","floor":13.0,"turns":5.0},{"damage":7.0,"enemies":"Hexaghost","floor":16.0,"turns":5.0},{"damage":28.0,"enemies":"2 Thieves","floor":18.0,"turns":5.0},{"damage":31.0,"enemies":"Shell Parasite","floor":21.0,"turns":5.0},{"damage":14.0,"enemies":"Book of Stabbing","floor":29.0,"turns":4.0},{"damage":8.0,"enemies":"Shelled Parasite and Fungi","floor":30.0,"turns":4.0},{"damage":8.0,"enemies":"Cultist and Chosen","floor":31.0,"turns":6.0},{"damage":9.0,"enemies":"Champ","floor":33.0,"turns":8.0},{"damage":8.0,"enemies":"3 Darklings","floor":35.0,"turns":6.0},{"damage":2.0,"enemies":"3 Shapes","floor":37.0,"turns":4.0},{"damage":12.0,"enemies":"Spire Growth","floor":38.0,"turns":4.0},{"damage":5.0,"enemies":"Nemesis","floor":41.0,"turns":6.0},{"damage":18.0,"enemies":"Maw","floor":44.0,"turns":5.0},{"damage":40.0,"enemies":"Jaw Worm Horde","floor":45.0,"turns":3.0},{"damage":34,"enemies":"Writhing Mass","floor":46,"turns":7},{"damage":24,"enemies":"Spire Growth","floor":48,"turns":2}],"seed_played":"-4709558908482622083","potions_obtained":[{"floor":1.0,"key":"FairyPotion"},{"floor":5.0,"key":"FairyPotion"},{"floor":16.0,"key":"BlessingOfTheForge"},{"floor":29.0,"key":"Energy Potion"},{"floor":31.0,"key":"Ambrosia"}],"is_trial":false,"path_per_floor":["M","M","?","?","M","R","$","R","T","E","M","M","E","?","R","B",null,"M","?","?","M","?","R","?","R","T","R","$","E","M","M","R","B",null,"M","?","M","M","?","R","E","R","T","M","M","M","?","M"],"character_chosen":"WATCHER","items_purchased":["Devotion","Bottled Flame"],"campfire_rested":5,"item_purchase_floors":[7,28],"current_hp_per_floor":[59,56,36,25,24,44,44,44,44,15,15,6,23,12,35,28,66,38,38,38,7,23,46,46,46,46,46,46,32,24,16,39,30,66,58,58,56,44,44,67,62,62,62,44,4,17,17,0,0],"gold":301,"neow_bonus":"ONE_RANDOM_RARE_CARD","is_daily":false,"chose_seed":false,"campfire_upgraded":3,"win_rate":0.0,"timestamp":1613594253,"path_taken":["M","M","?","?","M","R","$","R","T","E","M","M","E","?","R","BOSS","M","?","?","?","?","R","?","R","T","R","$","E","M","M","R","BOSS","M","?","M","?","?","R","E","R","T","M","M","M","?","M"],"items_purchased_type":["Card","Relic"],"build_version":"2020-12-22","purchased_purges":0,"victory":false,"max_hp_per_floor":[68,68,68,68,68,68,68,68,68,78,78,78,78,78,78,78,78,78,78,78,78,78,78,78,78,78,78,78,78,78,78,78,78,78,78,78,78,78,78,78,78,78,78,78,78,78,78,78,78],"card_choices":[{"not_picked":["Collect","Swivel"],"picked":"CrushJoints","floor":1.0},{"not_picked":["ClearTheMind","Nirvana"],"picked":"Consecrate","floor":2.0},{"not_picked":["Crescendo","Nirvana"],"picked":"BattleHymn","floor":5.0},{"not_picked":["Protect","Crescendo"],"picked":"Establishment","floor":10.0},{"not_picked":["SashWhip","Weave","JustLucky"],"picked":"SKIP","floor":11.0},{"not_picked":["CutThroughFate","SashWhip"],"picked":"TalkToTheHand","floor":12.0},{"not_picked":["SashWhip","Prostrate"],"picked":"ForeignInfluence","floor":13.0},{"not_picked":["Judgement","MasterReality"],"picked":"Vault","floor":16.0},{"not_picked":["FollowUp","EmptyFist"],"picked":"SashWhip","floor":18.0},{"not_picked":["Evaluate","EmptyFist+1"],"picked":"DeceiveReality","floor":21.0},{"not_picked":["InnerPeace","Wireheading"],"picked":"ThirdEye+1","floor":29.0},{"not_picked":["SashWhip","WreathOfFlame"],"picked":"Meditate","floor":30.0},{"not_picked":["Prostrate","CrushJoints"],"picked":"CutThroughFate","floor":31.0},{"not_picked":["DevaForm","Ragnarok"],"picked":"Devotion","floor":33.0},{"not_picked":["PathToVictory","Protect"],"picked":"BattleHymn","floor":35.0},{"not_picked":["Evaluate","Nirvana"],"picked":"FlurryOfBlows+1","floor":37.0},{"not_picked":["Crescendo+1","FlyingSleeves"],"picked":"ForeignInfluence+1","floor":38.0},{"not_picked":["Jack Of All Trades","Thinking Ahead"],"picked":"The Bomb","floor":39.0},{"not_picked":["CrushJoints","LessonLearned"],"picked":"Evaluate","floor":41.0},{"not_picked":["Consecrate+1","PathToVictory+1","SashWhip"],"picked":"SKIP","floor":44.0},{"not_picked":["Sanctity","FlyingSleeves","JustLucky"],"picked":"SKIP","floor":45.0},{"not_picked":["BowlingBash","Judgement","DeceiveReality"],"picked":"SKIP","floor":46}],"player_experience":1456418,"relics_obtained":[{"floor":9.0,"key":"Whetstone"},{"floor":10.0,"key":"Pear"},{"floor":13.0,"key":"Shuriken"},{"floor":26.0,"key":"War Paint"},{"floor":29.0,"key":"Yang"},{"floor":41.0,"key":"Akabeko"}],"event_choices":[{"damage_healed":0.0,"max_hp_gain":0.0,"max_hp_loss":0.0,"gold_gain":0.0,"event_name":"Shining Light","player_choice":"Entered Light","floor":3.0,"gold_loss":0.0,"damage_taken":20.0,"cards_upgraded":["Defend_P","Consecrate"]},{"damage_healed":0.0,"max_hp_gain":0.0,"max_hp_loss":0.0,"gold_gain":75.0,"event_name":"World of Goop","player_choice":"Gather Gold","floor":4.0,"gold_loss":0.0,"damage_taken":11.0},{"damage_healed":0.0,"max_hp_gain":0.0,"max_hp_loss":0.0,"gold_gain":0.0,"event_name":"Scrap Ooze","player_choice":"Success","floor":14.0,"gold_loss":0.0,"damage_taken":11.0,"relics_obtained":["Oddly Smooth Stone"]},{"damage_healed":0.0,"max_hp_gain":0.0,"max_hp_loss":0.0,"gold_gain":0.0,"event_name":"Addict","player_choice":"Obtained Relic","floor":19.0,"gold_loss":85.0,"damage_taken":0.0,"relics_obtained":["Boot"]},{"damage_healed":0.0,"max_hp_gain":0.0,"max_hp_loss":0.0,"gold_gain":0.0,"event_name":"Match and Keep!","player_choice":"2 cards matched","floor":20.0,"gold_loss":0.0,"damage_taken":0.0,"cards_obtained":["Pray","DeusExMachina"]},{"damage_healed":16.0,"max_hp_gain":0.0,"max_hp_loss":0.0,"gold_gain":0.0,"event_name":"The Library","player_choice":"Heal","floor":22.0,"gold_loss":0.0,"damage_taken":0.0},{"damage_healed":0.0,"max_hp_gain":0.0,"max_hp_loss":0.0,"gold_gain":50.0,"event_name":"Nest","player_choice":"Stole From Cult","floor":24.0,"gold_loss":0.0,"damage_taken":0.0},{"damage_healed":0.0,"max_hp_gain":0.0,"max_hp_loss":0.0,"gold_gain":0.0,"event_name":"Accursed Blacksmith","player_choice":"Rummage","floor":36.0,"gold_loss":0.0,"damage_taken":0.0,"relics_obtained":["WarpedTongs"],"cards_obtained":["Pain"]},{"damage_healed":0.0,"max_hp_gain":0.0,"max_hp_loss":0.0,"gold_gain":0.0,"event_name":"SensoryStone","player_choice":"Memory 1","floor":39.0,"gold_loss":0.0,"damage_taken":0.0},{"cards_removed":["Strike_P"],"damage_healed":0,"gold_gain":0,"player_choice":"Removed Attack","damage_taken":0,"max_hp_gain":0,"max_hp_loss":0,"event_name":"Falling","floor":47,"gold_loss":0}],"is_beta":false,"boss_relics":[{"not_picked":["Ectoplasm","Fusion Hammer"],"picked":"Philosopher\u0027s Stone"},{"not_picked":["Sozu","Coffee Dripper"],"picked":"Snecko Eye"}],"items_purged_floors":[],"is_endless":false,"potions_floor_spawned":[1,5,10,12,16,29,30,31,35,44,45],"killed_by":"Spire Growth","ascension_level":20}}