{"host":"CottonTail234","time":1613529434,"event":{"mods":["BaseMod","Colored Map","Minty Spire (QoL Compilation)","StSLib"],"gold_per_floor":[114,42,42,42,42,42,71,85,166,176,176,195,18,18,18,95,95,112,128,141,155,171,171,196,207,207,224,243,243,243],"floor_reached":29,"language":"ENG","playtime":1016,"items_purged":[],"score":466,"play_id":"5a38ac8b-c19e-46d7-9ff4-92392f62c5b5","local_time":"20210216193714","is_ascension_mode":true,"campfire_choices":[{"data":"DevaForm","floor":6,"key":"SMITH"},{"data":"MentalFortress","floor":11,"key":"SMITH"},{"data":"Eruption","floor":15,"key":"SMITH"},{"floor":23,"key":"REST"}],"circlet_count":0,"master_deck":["AscendersBane","Strike_P+1","Strike_P+1","Strike_P+1","Defend_P+1","Defend_P+1","Defend_P+1","Eruption+1","Vigilance","MentalFortress+1","LessonLearned+1","DevaForm+1","ClearTheMind+1","Meditate","Tantrum+1","FlurryOfBlows+1","Crescendo","Tantrum+1","Conclude+1","FlurryOfBlows+1","InnerPeace","Writhe","Consecrate"],"relics":["PureWater","NeowsBlessing","Bottled Tornado","Singing Bowl","Cursed Key","Shuriken","Sundial"],"acts_visited":["Exordium","TheCity"],"potions_floor_usage":[16,19,20,21,25],"damage_taken":[{"damage":0,"enemies":"Jaw Worm","floor":1,"turns":1},{"damage":0,"enemies":"Lagavulin","floor":7,"turns":1},{"damage":0,"enemies":"2 Louse","floor":8,"turns":1},{"damage":13,"enemies":"Small Slimes","floor":10,"turns":6},{"damage":6,"enemies":"Red Slaver","floor":12,"turns":3},{"damage":6,"enemies":"Hexaghost","floor":16,"turns":7},{"damage":4,"enemies":"Chosen","floor":18,"turns":4},{"damage":29,"enemies":"2 Thieves","floor":19,"turns":4},{"damage":16,"enemies":"Shelled Parasite and Fungi","floor":20,"turns":4},{"damage":10,"enemies":"Sentry and Sphere","floor":21,"turns":4},{"damage":0,"enemies":"Snecko","floor":22,"turns":3},{"damage":22,"enemies":"Gremlin Leader","floor":24,"turns":4},{"damage":0,"enemies":"3 Cultists","floor":25,"turns":3},{"damage":4,"enemies":"Cultist and Chosen","floor":27,"turns":3},{"damage":3,"enemies":"Sentry and Sphere","floor":28,"turns":3},{"damage":28,"enemies":"Centurion and Healer","floor":29,"turns":1}],"seed_played":"7986906678101527207","potions_obtained":[{"floor":1,"key":"PowerPotion"},{"floor":10,"key":"Swift Potion"},{"floor":18,"key":"Explosive Potion"},{"floor":19,"key":"Ancient Potion"},{"floor":22,"key":"DistilledChaos"},{"floor":25,"key":"SpeedPotion"},{"floor":28,"key":"Dexterity Potion"}],"is_trial":false,"path_per_floor":["M","$","?","?","?","R","E","M","T","M","R","M","$","?","R","B",null,"M","M","M","M","M","R","E","M","T","M","M","M"],"character_chosen":"WATCHER","items_purchased":["LessonLearned","Tantrum","FlurryOfBlows","Crescendo"],"campfire_rested":1,"item_purchase_floors":[2,13,13,13],"current_hp_per_floor":[61,61,47,47,47,47,47,47,47,36,36,30,30,30,30,26,61,59,30,16,6,6,28,6,8,8,4,3,0,0],"gold":243,"neow_bonus":"THREE_ENEMY_KILL","is_daily":false,"chose_seed":false,"campfire_upgraded":3,"win_rate":0.0,"timestamp":1613529434,"path_taken":["M","$","?","?","?","R","E","M","T","M","R","?","?","?","R","BOSS","M","M","?","M","M","R","E","M","T","M","M","?"],"items_purchased_type":["Card","Card","Card","Card"],"build_version":"2020-12-18","purchased_purges":0,"victory":false,"max_hp_per_floor":[68,68,68,68,68,68,68,68,68,70,70,70,70,70,70,72,72,74,74,76,76,76,76,76,78,78,78,80,80,80],"card_choices":[{"not_picked":["Indignation","Crescendo"],"picked":"MentalFortress","floor":1},{"not_picked":["CarveReality","EmptyFist"],"picked":"ClearTheMind","floor":7},{"not_picked":["CrushJoints","Pray","Brilliance"],"picked":"SKIP","floor":8},{"not_picked":["Wireheading","Weave","EmptyBody"],"picked":"Singing Bowl","floor":10},{"not_picked":["SashWhip","Fasting2"],"picked":"Meditate","floor":12},{"not_picked":["LessonLearned","DevaForm","Devotion"],"picked":"Singing Bowl","floor":16},{"not_picked":["Pray","EmptyBody","CrushJoints"],"picked":"Singing Bowl","floor":18},{"not_picked":["Study","FlurryOfBlows"],"picked":"Tantrum+1","floor":19},{"not_picked":["Evaluate","JustLucky","Wireheading"],"picked":"Singing Bowl","floor":20},{"not_picked":["EmptyBody","ClearTheMind"],"picked":"Conclude+1","floor":21},{"not_picked":["CrushJoints+1","Protect"],"picked":"FlurryOfBlows","floor":22},{"not_picked":["Halt","Perseverance"],"picked":"InnerPeace","floor":24},{"not_picked":["BowlingBash","EmptyMind","Worship"],"picked":"Singing Bowl","floor":25},{"not_picked":["Nirvana","ReachHeaven"],"picked":"Consecrate","floor":27},{"not_picked":["CarveReality","Meditate","CutThroughFate"],"picked":"Singing Bowl","floor":28}],"player_experience":2196888,"relics_obtained":[{"floor":7,"key":"Bottled Tornado"},{"floor":9,"key":"Singing Bowl"},{"floor":24,"key":"Shuriken"},{"floor":26,"key":"Sundial"}],"event_choices":[{"damage_healed":0,"gold_gain":0,"player_choice":"Entered Light","damage_taken":14,"max_hp_gain":0,"max_hp_loss":0,"event_name":"Shining Light","floor":3,"gold_loss":0,"cards_upgraded":["Strike_P","Defend_P"]},{"damage_healed":0,"gold_gain":0,"cards_transformed":["Defend_P"],"player_choice":"Change","damage_taken":0,"max_hp_gain":0,"max_hp_loss":0,"event_name":"Living Wall","floor":4,"gold_loss":0,"cards_obtained":["DevaForm"]},{"cards_removed":["Strike_P"],"damage_healed":0,"gold_gain":0,"player_choice":"Purged","damage_taken":0,"max_hp_gain":0,"max_hp_loss":0,"event_name":"Purifier","floor":5,"gold_loss":0},{"damage_healed":0,"gold_gain":0,"player_choice":"Forge","damage_taken":0,"max_hp_gain":0,"max_hp_loss":0,"event_name":"Accursed Blacksmith","floor":14,"gold_loss":0,"cards_upgraded":["Tantrum"]}],"is_beta":true,"boss_relics":[{"not_picked":["Astrolabe","VioletLotus"],"picked":"Cursed Key"}],"items_purged_floors":[],"is_endless":false,"potions_floor_spawned":[1,10,12,18,19,22,25,28],"killed_by":"Centurion and Healer","ascension_level":14}}