{"host":"y6zg4wwu39otf01a","time":1613602266,"event":{"mods":["Act Like it!","Aspiration","BaseMod","Better Altar","Better Match","Better Note","Better Sensory Stone","Better Skull","Better Third Choice","Challenge The Spire","Colored Map","Colored Powertips","Conspire","GifTheSpireLib","Glutton Mod","Halation","Hermit","Highlight Path","Hubris","Infinite Spire","Mimic Mod","Minty Spire (QoL Compilation)","Quick Restart","Random Character Button","Rare Cards Sparkle","Reliquary","Replay The Spire","Retaliation","Ruina","Spicy Shops","StSLib","Stuff the Spire","The Blue Laboratory","The Construct","The Jungle"],"gold_per_floor":[114,114,14,29,29,29,59,59,59,74,89,104,119,134,134,34,34],"floor_reached":16,"language":"ENG","playtime":779,"items_purged":[],"score":129,"play_id":"1b074492-0f8c-4eba-b878-1e98f0ba5e9b","local_time":"20210217165106","daily_mods":["Chimera","Uncertain Future","Terminal"],"is_ascension_mode":false,"campfire_choices":[{"data":"StuffTheSpire:Innocence","floor":6,"key":"SMITH"},{"data":"ReplayTheSpireMod:Fabricate Wheel","floor":8,"key":"SMITH"},{"data":"FIFO Queue","floor":15,"key":"SMITH"}],"circlet_count":0,"master_deck":["Bash","Survivor","Zap","Eruption","Strike_R","Strike_G","Strike_B","Defend_R","Defend_G","Defend_P","hubris:Ukulele","StuffTheSpire:Innocence+1","StuffTheSpire:Coldhearted","Decay","hubris:SpecializedCircuitry","Tempest","Turbo","Panic Button","hubris:PowerSurge","FIFO Queue+1","Redo","Seek","Compile Driver","StuffTheSpire:Synthwave","Chill"],"relics":["Cracked Core","Replay:Wax Seal","StuffTheSpire:BottledEssence","aspiration:Lifesprig","Replay:Bottled Snecko","Prayer Wheel"],"acts_visited":["Exordium"],"potions_floor_usage":[7,10,12,14],"damage_taken":[{"damage":1,"enemies":"2 Louse","floor":1,"turns":3},{"damage":0,"enemies":"Small Slimes","floor":4,"turns":2},{"damage":0,"enemies":"3 Sentries","floor":7,"turns":7},{"damage":0,"enemies":"Cultist","floor":10,"turns":5},{"damage":0,"enemies":"Looter","floor":11,"turns":3},{"damage":3,"enemies":"2 Fungi Beasts","floor":12,"turns":2},{"damage":0,"enemies":"Blue Slaver","floor":13,"turns":2},{"damage":16,"enemies":"Red Slaver","floor":14,"turns":2},{"damage":49,"enemies":"Slime Boss","floor":16,"turns":5}],"seed_played":"6706742764168558924","potions_obtained":[{"floor":1,"key":"PotionOfCapacity"},{"floor":7,"key":"ColorlessPotion"},{"floor":10,"key":"EssenceOfDarkness"},{"floor":12,"key":"blueLaboratory:BubblePotion"}],"is_trial":false,"path_per_floor":["M","?","$","M","?","R","E","R","T","M","M","M","M","M","R","B"],"character_chosen":"DEFECT","items_purchased":["Replay:Wax Seal","StuffTheSpire:BottledEssence"],"campfire_rested":0,"item_purchase_floors":[3,3],"current_hp_per_floor":[73,66,66,66,66,66,66,66,65,64,63,60,60,44,44,0,0],"gold":34,"neow_bonus":"","is_daily":true,"chose_seed":false,"campfire_upgraded":3,"win_rate":0.0,"timestamp":1613602266,"path_taken":["M","?","$","M","?","R","E","R","T","M","M","M","?","M","R","BOSS"],"items_purchased_type":["Relic","Relic"],"build_version":"2020-12-22","purchased_purges":0,"victory":false,"max_hp_per_floor":[73,72,71,70,69,68,67,66,65,64,63,62,61,60,59,59,59],"card_choices":[{"not_picked":["Ball Lightning","Conserve Battery"],"picked":"hubris:Ukulele","floor":1},{"not_picked":["Rebound","ReplayTheSpireMod:GoodbyeWorld"],"picked":"StuffTheSpire:Coldhearted","floor":4},{"not_picked":["ReplayRNGCard","Go for the Eyes"],"picked":"ReplayTheSpireMod:Fabricate Wheel","floor":7},{"not_picked":["Cold Snap","StuffTheSpire:Plugnplay"],"picked":"Tempest","floor":10},{"not_picked":["Leap","Gash"],"picked":"Turbo","floor":10},{"not_picked":["Genetic Algorithm","Hologram"],"picked":"Panic Button","floor":11},{"not_picked":["Coolheaded","Go for the Eyes"],"picked":"hubris:PowerSurge","floor":11},{"not_picked":["conspire:SharedLibrary","conspire:Rain"],"picked":"FIFO Queue","floor":12},{"not_picked":["Stack","StuffTheSpire:LoadUp"],"picked":"Redo","floor":12},{"not_picked":["Sweeping Beam","BasicCrystalCard"],"picked":"Seek","floor":13},{"not_picked":["Steam","StuffTheSpire:LaunchingStrike"],"picked":"Compile Driver","floor":13},{"not_picked":["StuffTheSpire:LoadUp","Self Repair"],"picked":"StuffTheSpire:Synthwave","floor":14},{"not_picked":["Ball Lightning","Rebound"],"picked":"Chill","floor":14}],"player_experience":880789,"relics_obtained":[{"floor":7,"key":"aspiration:Lifesprig"},{"floor":9,"key":"Replay:Bottled Snecko"}],"event_choices":[{"damage_healed":0,"gold_gain":0,"player_choice":"Cursed","damage_taken":0,"max_hp_gain":0,"max_hp_loss":0,"event_name":"Wheel of Change","floor":5,"gold_loss":0,"cards_obtained":["Decay"]}],"is_beta":false,"boss_relics":[],"items_purged_floors":[],"is_endless":false,"potions_floor_spawned":[1,7,10,12],"killed_by":"Slime Boss","ascension_level":0}}