{"host":"xf2qgw60ouc7kuj7","time":1613525786,"event":{"mods":["100% Spire Juice","Act Like it!","Arknights","BaseMod","Bestiary","Better Altar","Better Match","Better Note","Better Sensory Stone","Better Skull","Better Third Choice","Curses Come First","Dark Map","Friendly Minions","Gensokyo","Hallownest","HololiveMod","KomeijiMod","Lobotomy","LobotomyExtend","Marisa????????","Marked Mod","Minty Spire (QoL Compilation)","Quick Restart","Rare Cards Sparkle","Reimu??????","Relic Stats","Reliquary","Robot Space Explorer","Ruina","StSLib","The Bug Knight","Waifu the Spire"],"gold_per_floor":[98,122,142,152,183,183,183],"floor_reached":6,"language":"ENG","playtime":339,"items_purged":[],"score":46,"play_id":"b1e89ba2-5f8a-4e64-9569-eb169d8a358a","local_time":"20210216173626","is_ascension_mode":false,"campfire_choices":[],"circlet_count":0,"master_deck":["Moonworks:Strike","Moonworks:Strike","Moonworks:Strike","Moonworks:Strike","Moonworks:Defend","Moonworks:Defend","Moonworks:Defend","Moonworks:Defend","Moonworks:Ambush","Moonworks:LongDistanceShot","Moonworks:WindyEnchantment","Moonworks:CloudOfSeagulls","Moonworks:NicePresent","Moonworks:JonathanRush"],"relics":["Moonworks:BrokenBomb","Moonworks:Homemark","Smiling Mask","Sundial"],"acts_visited":["Gensokyo:Gensokyo"],"potions_floor_usage":[5],"damage_taken":[{"damage":4,"enemies":"Gensokyo:2_Kodama","floor":1,"turns":4},{"damage":5,"enemies":"Gensokyo:Python","floor":3,"turns":3},{"damage":19,"enemies":"Gensokyo:Gryphon","floor":4,"turns":4},{"damage":15,"enemies":"Gensokyo:Mamizou","floor":5,"turns":8},{"damage":20,"enemies":"Gensokyo:Cirno","floor":6,"turns":4}],"seed_played":"-8271706189297301054","potions_obtained":[{"floor":3,"key":"Dexterity Potion"}],"is_trial":false,"path_per_floor":["M","T","M","M","?","E"],"character_chosen":"THE_STARBREAKER","items_purchased":[],"campfire_rested":0,"item_purchase_floors":[],"current_hp_per_floor":[56,56,51,32,17,0,0],"gold":183,"neow_bonus":"HUNDRED_GOLD","is_daily":false,"chose_seed":false,"campfire_upgraded":0,"win_rate":0.0,"timestamp":1613525786,"path_taken":["M","?","?","M","?","E"],"items_purchased_type":[],"build_version":"2020-12-22","purchased_purges":0,"victory":false,"max_hp_per_floor":[60,60,60,60,60,60,60],"relic_stats":{"counters":[5,23],"Sundial":[0],"Smiling Mask":0,"obtain_stats":[{"Sundial":5,"Moonworks:Homemark":0,"Smiling Mask":2,"Moonworks:BrokenBomb":0},{"Sundial":4,"Moonworks:Homemark":0,"Smiling Mask":1,"Moonworks:BrokenBomb":0},{"Sundial":19,"Moonworks:Homemark":0,"Smiling Mask":4,"Moonworks:BrokenBomb":0}]},"card_choices":[{"not_picked":["Moonworks:BigMagnum","Moonworks:EvilSpyWorkPreparation"],"picked":"Moonworks:WindyEnchantment","floor":1},{"not_picked":["Moonworks:BigMagnum","Moonworks:BigBangBell"],"picked":"Moonworks:CloudOfSeagulls","floor":3},{"not_picked":["Moonworks:ImmovableObject","Moonworks:x16BigRocket"],"picked":"Moonworks:NicePresent","floor":4},{"not_picked":["Moonworks:x16BigRocket","Moonworks:MixPhenomenon"],"picked":"Moonworks:JonathanRush","floor":5}],"player_experience":295024,"relics_obtained":[{"floor":2,"key":"Smiling Mask"},{"floor":5,"key":"Sundial"}],"event_choices":[],"is_beta":false,"boss_relics":[],"items_purged_floors":[],"is_endless":false,"potions_floor_spawned":[3],"killed_by":"Gensokyo:Cirno","ascension_level":0}}