{"host":"u2qrfxkm3wve0vp3","time":1613587260,"event":{"mods":["AchievementEnabler","BaseMod","Downfall","Hermit","Marisa£®ÏF”Í°°ƒß¿Ì…≥£©","Minty Spire (QoL Compilation)","Quick Restart","Shop Mod","StSLib","Td1madao Mod","The Cursed","The Marked","The Poker Player","The Senshi","The Servant 0.9.4"],"gold_per_floor":[99,115,129,187,199,228,228,248,248,248,260,260,260,19,30,130,130,130,130,65,85,85,96,96,111,111,59,59,84,84,118,131,231,231,31,44,64,77,95,105,154,54,86,177,177,192,222,238,258,258,258,287,28,28,28,28],"floor_reached":57,"language":"ZHS","playtime":3966,"items_purged":["Guardian:Strike_Guardian","Guardian:Defend_Guardian"],"score":1356,"play_id":"ba8b5281-a204-4029-b5a1-b171944ad131","local_time":"20210218024100","is_ascension_mode":false,"campfire_choices":[{"data":"Guardian:TwinSlam","floor":1,"key":"SMITH"},{"data":"Guardian:WalkerClaw","floor":12,"key":"SMITH"},{"floor":18,"key":"RECALL"},{"data":"Guardian:StasisField","floor":28,"key":"SMITH"},{"data":"Guardian:PrismaticBeam","floor":30,"key":"SMITH"},{"data":"Guardian:BaubleBeam","floor":35,"key":"SMITH"},{"data":"Guardian:BronzeArmor","floor":42,"key":"SMITH"},{"data":"Guardian:TemporalShield","floor":54,"key":"SMITH"}],"circlet_count":0,"master_deck":["Guardian:CurlUp","Guardian:TwinSlam+1","Guardian:VentSteam+1","Guardian:WalkerClaw+1","Guardian:StasisField+1","Guardian:TemporalShield+1","Clumsy","Guardian:PrismaticBeam+1","Guardian:TimeSifter","Guardian:PrismaticBarrier+1","Guardian:TemporalStrike","Guardian:Repulse+1","Guardian:BronzeArmor+1","Guardian:BaubleBeam+1","Guardian:ConstructionForm+1","Guardian:Gem_Cyan","Guardian:Repulse+1","Guardian:BaubleBeam+1","Guardian:Repulse+1"],"relics":["Guardian:ModeShifterPlus","Lizard Tail","TungstenRod","Ice Cream","Membership Card","Frozen Egg 2","War Paint","Blood Vial","Busted Crown","downfall:HeartBlessingRed","downfall:HeartBlessingGreen","downfall:HeartBlessingBlue","The Courier","Kunai","Guardian:SackOfGems","Bronze Scales","InkBottle","Vajra","TheAbacus","Bag of Preparation"],"acts_visited":["Exordium","TheCity","TheBeyond","TheEnding"],"potions_floor_usage":[14,16,33,50,50,56,56],"damage_taken":[{"damage":8,"enemies":"Small Slimes","floor":2,"turns":3},{"damage":1,"enemies":"Jaw Worm","floor":3,"turns":6},{"damage":30,"enemies":"3 Sentries","floor":4,"turns":9},{"damage":0,"enemies":"2 Louse","floor":5,"turns":2},{"damage":36,"enemies":"Lagavulin","floor":6,"turns":6},{"damage":0,"enemies":"Large Slime","floor":8,"turns":3},{"damage":2,"enemies":"Red Slaver","floor":11,"turns":3},{"damage":0,"enemies":"downfall:FleeingMerchant","floor":14,"turns":4},{"damage":6,"enemies":"Blue Slaver","floor":15,"turns":3},{"damage":0,"enemies":"SI_SHIV_ARCHETYPE","floor":16,"turns":7},{"damage":0,"enemies":"Chosen","floor":19,"turns":1},{"damage":0,"enemies":"downfall:FleeingMerchant","floor":20,"turns":4},{"damage":0,"enemies":"Spheric Guardian","floor":21,"turns":4},{"damage":0,"enemies":"Shelled Parasite and Fungi","floor":23,"turns":5},{"damage":7,"enemies":"Centurion and Healer","floor":25,"turns":6},{"damage":0,"enemies":"downfall:FleeingMerchant","floor":27,"turns":4},{"damage":3,"enemies":"Slavers","floor":29,"turns":9},{"damage":1,"enemies":"Book of Stabbing","floor":31,"turns":5},{"damage":0,"enemies":"Cultist and Chosen","floor":32,"turns":5},{"damage":15,"enemies":"DF_ARCHETYPE_CLAW","floor":33,"turns":8},{"damage":0,"enemies":"Orb Walker","floor":36,"turns":3},{"damage":0,"enemies":"3 Darklings","floor":37,"turns":6},{"damage":0,"enemies":"4 Shapes","floor":38,"turns":5},{"damage":4,"enemies":"Writhing Mass","floor":39,"turns":6},{"damage":0,"enemies":"Maw","floor":40,"turns":6},{"damage":13,"enemies":"Nemesis","floor":43,"turns":7},{"damage":0,"enemies":"downfall:FleeingMerchant","floor":44,"turns":4},{"damage":0,"enemies":"Jaw Worm Horde","floor":46,"turns":6},{"damage":0,"enemies":"Giant Head","floor":47,"turns":8},{"damage":24,"enemies":"Sphere and 2 Shapes","floor":48,"turns":6},{"damage":0,"enemies":"Maw","floor":49,"turns":8},{"damage":90,"enemies":"IC_BLOCK_ARCHETYPE","floor":50,"turns":12},{"damage":49,"enemies":"downfall:CharBossMerchant","floor":52,"turns":11},{"damage":0,"enemies":"downfall:NeowBoss","floor":55,"turns":12},{"damage":0,"enemies":"downfall:NeowBossFinal","floor":56,"turns":11}],"seed_played":"3743771286671782642","potions_obtained":[{"floor":2,"key":"LiquidMemories"},{"floor":6,"key":"Fire Potion"},{"floor":11,"key":"Strength Potion"},{"floor":16,"key":"Swift Potion"},{"floor":25,"key":"Dexterity Potion"},{"floor":31,"key":"Regen Potion"},{"floor":32,"key":"DistilledChaos"},{"floor":33,"key":"ColorlessPotion"},{"floor":39,"key":"FairyPotion"},{"floor":47,"key":"PowerPotion"}],"is_trial":false,"path_per_floor":["R","M","M","?","M","E","T","M","?","?","M","R","?","$","M","B",null,"R","M","$","M","?","M","T","M","?","$","R","E","R","E","M","B",null,"R","M","M","M","M","M","T","R","E","$","?","M","E","M","M","B",null,"E","$","R","B","B",null],"character_chosen":"GUARDIAN","items_purchased":["Membership Card","Guardian:PrismaticBeam","Guardian:Gem_Crimson","Guardian:Gem_Cyan","Kunai","Guardian:SackOfGems","Guardian:Repulse+1","Guardian:Repulse+1","Vajra","TheAbacus","Bag of Preparation","Swift Potion","Fire Potion","Dexterity Potion"],"campfire_rested":0,"item_purchase_floors":[14,14,27,44,44,44,44,53,53,53,53,53,53,53],"current_hp_per_floor":[88,80,79,49,49,13,13,13,13,13,11,11,11,11,5,5,88,88,88,88,88,88,88,88,81,81,81,81,78,78,77,79,66,88,88,88,88,88,84,86,86,96,85,87,87,89,91,69,71,29,98,49,49,49,51,53],"gold":28,"neow_bonus":"TEN_PERCENT_HP_BONUS","is_daily":false,"chose_seed":false,"campfire_upgraded":7,"win_rate":0.0,"timestamp":1613587260,"path_taken":["R","M","M","?","M","E","T","M","?","?","M","R","?","$","M","BOSS","R","M","?","M","?","M","T","M","?","$","R","E","R","E","M","BOSS","R","M","?","M","M","?","T","R","E","?","?","M","E","M","M","BOSS","E","$","R","BOSS","BOSS"],"items_purchased_type":["Relic","Card","Card","Card","Relic","Relic","Card","Card","Relic","Relic","Relic","Potion","Potion","Potion"],"build_version":"2020-12-22","purchased_purges":2,"victory":true,"max_hp_per_floor":[88,88,88,88,88,88,88,88,88,88,88,88,88,88,88,88,88,88,88,88,88,88,88,88,88,88,88,88,88,88,88,88,88,88,88,88,88,88,88,88,88,98,98,98,98,98,98,98,98,98,98,98,98,98,98,98],"card_choices":[{"not_picked":["Guardian:BodySlam","Guardian:ChargeCore"],"picked":"Guardian:Gem_Red","floor":2},{"not_picked":["Guardian:CrystalBeam","Guardian:PrimingBeam"],"picked":"Guardian:Gem_Fragmented","floor":3},{"not_picked":["Guardian:Gem_Red","Guardian:Incinerate"],"picked":"Guardian:VentSteam","floor":4},{"not_picked":["Guardian:RollAttack","Guardian:Gem_Blue"],"picked":"Guardian:WalkerClaw","floor":5},{"not_picked":["Guardian:Harden","Guardian:Planning"],"picked":"Guardian:StasisField","floor":6},{"not_picked":["Guardian:RefractedBeam","Guardian:Incinerate"],"picked":"Guardian:Gem_Blue","floor":8},{"not_picked":["Guardian:RollAttack","Guardian:BodySlam"],"picked":"Guardian:TemporalShield","floor":11},{"not_picked":["Guardian:Reroute","Guardian:Gem_Cyan"],"picked":"Guardian:Gem_Purple","floor":14},{"not_picked":["Guardian:Gem_Green","Guardian:PiercingHide"],"picked":"Guardian:Gem_Red","floor":15},{"not_picked":["Guardian:StasisStrike","Guardian:Gem_Orange"],"picked":"Guardian:Gem_Synthetic","floor":16},{"not_picked":["Guardian:GuardianWhirl","Guardian:PiercingHide+1"],"picked":"Guardian:Gem_Fragmented","floor":19},{"not_picked":["Guardian:WalkerClaw","Guardian:RollAttack"],"picked":"Guardian:Gem_Red","floor":20},{"not_picked":["Guardian:WalkerClaw+1","Guardian:PrimingBeam","Guardian:Incinerate"],"picked":"SKIP","floor":21},{"not_picked":["Guardian:PolyBeam","Guardian:ArmoredProtocol+1"],"picked":"Guardian:TemporalStrike","floor":23},{"not_picked":["Guardian:Incinerate","Guardian:BronzeOrb"],"picked":"Guardian:Repulse+1","floor":25},{"not_picked":["Guardian:Clone","Guardian:TemporalStrike","Guardian:TemporalShield"],"picked":"SKIP","floor":27},{"not_picked":["Guardian:Gem_Lightblue","Guardian:Planning"],"picked":"Guardian:BronzeArmor","floor":29},{"not_picked":["Guardian:Gem_Red","Guardian:FastForward","Guardian:BronzeOrb"],"picked":"SKIP","floor":31},{"not_picked":["Guardian:Reroute","Guardian:ArmoredProtocol+1","Guardian:Planning+1"],"picked":"SKIP","floor":32},{"not_picked":["Guardian:ConstructionForm+1","Guardian:SphericShield"],"picked":"Guardian:BaubleBeam","floor":33},{"not_picked":["Guardian:Planning"],"picked":"SKIP","floor":36},{"not_picked":["Guardian:VentSteam"],"picked":"SKIP","floor":37},{"not_picked":["Guardian:PrimingBeam+1"],"picked":"SKIP","floor":38},{"not_picked":["Guardian:ShieldCharger+1"],"picked":"SKIP","floor":39},{"not_picked":["Guardian:PiercingHide"],"picked":"SKIP","floor":40},{"not_picked":[],"picked":"Guardian:Gem_Green","floor":43},{"not_picked":[],"picked":"Guardian:ConstructionForm+1","floor":44},{"not_picked":["Guardian:TimeBomb"],"picked":"SKIP","floor":46},{"not_picked":["Guardian:ChargeCore+1"],"picked":"SKIP","floor":47},{"not_picked":["Guardian:SpikerProtocol+1"],"picked":"SKIP","floor":48},{"not_picked":["Guardian:Gem_Lightblue"],"picked":"SKIP","floor":49},{"not_picked":["Guardian:TemporalShield"],"picked":"SKIP","floor":52}],"player_experience":344468,"relics_obtained":[{"floor":6,"key":"TungstenRod"},{"floor":7,"key":"Ice Cream"},{"floor":24,"key":"Frozen Egg 2"},{"floor":29,"key":"War Paint"},{"floor":31,"key":"Blood Vial"},{"floor":43,"key":"The Courier"},{"floor":47,"key":"Bronze Scales"},{"floor":52,"key":"InkBottle"}],"event_choices":[{"damage_healed":0,"gold_gain":0,"cards_transformed":["Guardian:Strike_Guardian","Guardian:Defend_Guardian"],"player_choice":"Became Test Subject","damage_taken":0,"max_hp_gain":0,"max_hp_loss":0,"event_name":"Drug Dealer","floor":22,"gold_loss":0,"cards_obtained":["Guardian:TimeSifter","Guardian:PrismaticBarrier"]}],"is_beta":false,"boss_relics":[{"not_picked":["bronze:MakeshiftBattery","Philosopher\u0027s Stone"],"picked":"Guardian:ModeShifterPlus"},{"not_picked":["Snecko Eye","Runic Dome"],"picked":"Busted Crown"}],"items_purged_floors":[14,20],"is_endless":false,"potions_floor_spawned":[2,6,11,16,25,31,32,33,38,39,43,47,49],"ascension_level":0}}