{"host":"iv5atf0fne3n7zmv","time":1613589339,"event":{"mods":["BaseMod","Minty Spire (QoL Compilation)","StSLib"],"gold_per_floor":[112,112,125,125,139,173,173,216,243,314,314,329,329,32,32,32,32],"floor_reached":16,"language":"ENG","playtime":1558,"items_purged":["Defend_B"],"score":113,"play_id":"2e69e7a6-b674-47b7-9ad7-cbb9fe1380d6","local_time":"20210217111539","is_ascension_mode":true,"campfire_choices":[{"floor":7,"key":"RECALL"},{"floor":11,"key":"REST"},{"data":"Compile Driver","floor":13,"key":"SMITH"},{"data":"Coolheaded","floor":15,"key":"SMITH"}],"circlet_count":0,"master_deck":["Strike_B+1","Strike_B","Strike_B","Strike_B+1","Defend_B","Defend_B","Defend_B","Zap","Dualcast","Cold Snap","Turbo","Injury","Sunder","Compile Driver+1","Coolheaded+1","Blizzard","Self Repair"],"relics":["Cracked Core","NeowsBlessing","Golden Idol","Happy Flower","Strawberry","HandDrill"],"acts_visited":["Exordium"],"potions_floor_usage":[6,6,16],"damage_taken":[{"damage":0,"enemies":"Jaw Worm","floor":1,"turns":1},{"damage":0,"enemies":"2 Louse","floor":3,"turns":1},{"damage":0,"enemies":"Cultist","floor":5,"turns":1},{"damage":27,"enemies":"Lagavulin","floor":6,"turns":7},{"damage":19,"enemies":"Gremlin Nob","floor":8,"turns":4},{"damage":0,"enemies":"2 Fungi Beasts","floor":12,"turns":2},{"damage":45,"enemies":"The Guardian","floor":16,"turns":9}],"seed_played":"3211150264722076422","potions_obtained":[{"floor":1,"key":"Swift Potion"},{"floor":5,"key":"SkillPotion"},{"floor":12,"key":"SteroidPotion"}],"is_trial":false,"path_per_floor":["M","?","M","?","M","E","R","E","T","?","R","M","R","$","R","B"],"character_chosen":"DEFECT","items_purchased":["HandDrill","Self Repair"],"campfire_rested":1,"item_purchase_floors":[14,14],"current_hp_per_floor":[75,60,60,60,60,33,33,21,21,21,45,45,45,45,45,0,0],"gold":32,"neow_bonus":"THREE_ENEMY_KILL","is_daily":false,"chose_seed":false,"campfire_upgraded":2,"win_rate":0.0,"timestamp":1613589339,"path_taken":["M","?","M","?","M","E","R","E","T","?","R","?","R","$","R","BOSS"],"items_purchased_type":["Relic","Card"],"build_version":"2020-12-22","purchased_purges":1,"victory":false,"max_hp_per_floor":[75,75,75,75,75,75,75,82,82,82,82,82,82,82,82,82,82],"card_choices":[{"not_picked":["Double Energy","Go for the Eyes"],"picked":"Cold Snap","floor":1},{"not_picked":["Beam Cell","Cold Snap"],"picked":"Turbo","floor":3},{"not_picked":["Conserve Battery","Glacier"],"picked":"Sunder","floor":5},{"not_picked":["Barrage","Core Surge"],"picked":"Compile Driver","floor":6},{"not_picked":["Turbo","Seek"],"picked":"Coolheaded","floor":8},{"not_picked":["Conserve Battery","Streamline"],"picked":"Blizzard","floor":12}],"player_experience":334406,"relics_obtained":[{"floor":6,"key":"Happy Flower"},{"floor":8,"key":"Strawberry"}],"event_choices":[{"damage_healed":0,"gold_gain":0,"player_choice":"Entered Light","damage_taken":15,"max_hp_gain":0,"max_hp_loss":0,"event_name":"Shining Light","floor":2,"gold_loss":0,"cards_upgraded":["Strike_B","Strike_B"]},{"damage_healed":0,"gold_gain":0,"player_choice":"Take Wound","damage_taken":0,"relics_obtained":["Golden Idol"],"max_hp_gain":0,"max_hp_loss":0,"event_name":"Golden Idol","floor":4,"gold_loss":0,"cards_obtained":["Injury"]},{"damage_healed":0,"gold_gain":71,"player_choice":"Gained Gold","damage_taken":0,"max_hp_gain":0,"max_hp_loss":0,"event_name":"Golden Wing","floor":10,"gold_loss":0}],"is_beta":false,"boss_relics":[],"items_purged_floors":[14],"is_endless":false,"potions_floor_spawned":[1,5,12],"killed_by":"The Guardian","ascension_level":1}}