{"host":"fbdlh90rovbiajun","time":1613542113,"event":{"mods":["AchievementEnabler","BaseMod","Colored Map","Keyboard Shortcuts","Minty Spire (QoL Compilation)","SuperFastMode"],"gold_per_floor":[111,128,144,144,154,154,79,154,177,77,87,116,116,216,216,313,313,325,200,220,220,237,237,255,255,255,255,255,255],"floor_reached":28,"language":"KOR","playtime":1106,"items_purged":["Defend_P","Strike_P","Strike_P"],"score":218,"play_id":"16af1814-4931-49c9-b3c1-5e000a18895b","local_time":"20210217150833","is_ascension_mode":false,"campfire_choices":[{"data":"Eruption","floor":6,"key":"SMITH"},{"data":"Vigilance","floor":13,"key":"SMITH"},{"data":"InnerPeace","floor":15,"key":"SMITH"},{"data":"Scrawl","floor":23,"key":"SMITH"},{"data":"Vault","floor":25,"key":"SMITH"},{"data":"Halt","floor":27,"key":"SMITH"}],"circlet_count":0,"master_deck":["Strike_P","Strike_P","Defend_P","Defend_P","Eruption+1","Vigilance+1","Crescendo","Halt+1","CrushJoints","Scrawl+1","InnerPeace+1","Vault+1","Halt+1"],"relics":["PureWater","MealTicket","Mango","Black Star","HornCleat","Anchor"],"acts_visited":["Exordium","TheCity"],"potions_floor_usage":[16,16],"damage_taken":[{"damage":17,"enemies":"Jaw Worm","floor":1,"turns":2},{"damage":0,"enemies":"Small Slimes","floor":2,"turns":2},{"damage":0,"enemies":"2 Louse","floor":3,"turns":3},{"damage":6,"enemies":"Red Slaver","floor":5,"turns":3},{"damage":0,"enemies":"3 Louse","floor":11,"turns":2},{"damage":37,"enemies":"3 Sentries","floor":12,"turns":10},{"damage":25,"enemies":"The Guardian","floor":16,"turns":14},{"damage":11,"enemies":"Shell Parasite","floor":18,"turns":6},{"damage":14,"enemies":"Spheric Guardian","floor":20,"turns":4},{"damage":17,"enemies":"Snecko","floor":22,"turns":7},{"damage":21,"enemies":"Snake Plant","floor":24,"turns":2},{"damage":34,"enemies":"Cultist and Chosen","floor":28,"turns":8}],"seed_played":"-1066712395829174719","potions_obtained":[{"floor":5,"key":"Swift Potion"},{"floor":11,"key":"Explosive Potion"},{"floor":12,"key":"Strength Potion"},{"floor":16,"key":"DistilledChaos"},{"floor":22,"key":"Energy Potion"}],"is_trial":false,"path_per_floor":["M","M","M","?","M","R","$","?","T","$","M","E","R","?","R","B",null,"M","$","M","T","M","R","M","R","T","R","M"],"character_chosen":"WATCHER","items_purchased":[],"campfire_rested":0,"item_purchase_floors":[],"current_hp_per_floor":[55,55,55,48,42,42,57,46,46,61,61,38,38,38,38,13,86,75,86,72,72,55,55,34,34,34,34,0,0],"gold":255,"neow_bonus":"TRANSFORM_CARD","is_daily":false,"chose_seed":false,"campfire_upgraded":6,"win_rate":0.0,"timestamp":1613542113,"path_taken":["M","M","M","?","M","R","$","?","T","$","M","E","R","?","R","BOSS","M","$","M","?","M","R","M","R","T","R","M"],"items_purchased_type":[],"build_version":"2020-12-22","purchased_purges":3,"victory":false,"max_hp_per_floor":[72,72,72,72,72,72,72,72,72,72,72,86,86,86,86,86,86,86,86,86,86,86,86,86,86,86,86,86,86],"card_choices":[{"not_picked":["Evaluate","Nirvana"],"picked":"Halt","floor":1},{"not_picked":["Tantrum","ClearTheMind","Collect"],"picked":"SKIP","floor":2},{"not_picked":["ReachHeaven","FollowUp","ThirdEye"],"picked":"SKIP","floor":3},{"not_picked":["EmptyBody","Nirvana"],"picked":"CrushJoints","floor":5},{"not_picked":["Crescendo","WreathOfFlame"],"picked":"Scrawl","floor":11},{"not_picked":["Consecrate","Prostrate"],"picked":"InnerPeace","floor":12},{"not_picked":["Scrawl","Devotion"],"picked":"Vault","floor":16},{"not_picked":["BowlingBash","SashWhip","Evaluate"],"picked":"SKIP","floor":18},{"not_picked":["ClearTheMind","SashWhip","Consecrate"],"picked":"SKIP","floor":20},{"not_picked":["ClearTheMind","CrushJoints+1"],"picked":"Halt+1","floor":22},{"not_picked":["Blasphemy","ClearTheMind+1","Consecrate"],"picked":"SKIP","floor":24}],"player_experience":75235,"relics_obtained":[{"floor":12,"key":"Mango"},{"floor":21,"key":"HornCleat"},{"floor":26,"key":"Anchor"}],"event_choices":[{"damage_healed":0,"gold_gain":0,"player_choice":"Success","damage_taken":7,"relics_obtained":["MealTicket"],"max_hp_gain":0,"max_hp_loss":0,"event_name":"Scrap Ooze","floor":4,"gold_loss":0},{"damage_healed":0,"gold_gain":75,"player_choice":"Gather Gold","damage_taken":11,"max_hp_gain":0,"max_hp_loss":0,"event_name":"World of Goop","floor":8,"gold_loss":0},{"damage_healed":0,"gold_gain":100,"player_choice":"Pray","damage_taken":0,"max_hp_gain":0,"max_hp_loss":0,"event_name":"Golden Shrine","floor":14,"gold_loss":0}],"is_beta":false,"boss_relics":[{"not_picked":["Philosopher\u0027s Stone","Fusion Hammer"],"picked":"Black Star"}],"items_purged_floors":[7,10,19],"is_endless":false,"potions_floor_spawned":[5,11,12,16,22],"killed_by":"Cultist and Chosen","ascension_level":0}}