{"host":"ymw71f7rc9ndansy","time":1613535523,"event":{"mods":["ATMod(阿瑾Mod)","Act Like it!","Arknights","Aspiration","BaseMod","DeckTracker","Hubris","Library of Ruina","Library of Ruina Extra","Minty Spire (QoL Compilation)","MostiFishMod","NanayaShiki（七夜志贵）","Relic Filter Mod","Remove Card Discount Mod","Replay The Spire","RumiaBox-露米娅的神秘盒子","StSLib","TestMod","【功能Mod】精心准备","【遗物卡牌】REMEMod"],"gold_per_floor":[109,127,53,53,70,70,104,122,122,122,152,169,188,208,208,280,280,300,317,149,149,149,179,179,208,208,226,245,261,261,296,296,369,419,439,458,436,455,474,474,474,505,531,556,556,585,585,583,583,1083,1583,1583,1583,1583,1583,2113,2113],"floor_reached":58,"language":"ZHS","playtime":2134,"items_purged":["Strike_P","Strike_P","Defend_P","Defend_P","Defend_P","testmod-Lust","testmod-Wrath","testmod-Sloth","testmod-Envy","testmod-Greed","testmod-Gluttony","testmod-Gluttony","Pride","Strike_P","Defend_P","Strike_P","Sickly"],"score":3424,"play_id":"21edffaa-c3c4-4607-a734-d76183e1225c","local_time":"20210217121843","is_ascension_mode":true,"campfire_choices":[{"data":"AT_FamilyPortrait","floor":6,"key":"SMITH"},{"data":"Ragnarok","floor":10,"key":"SMITH"},{"data":"Eruption","floor":15,"key":"SMITH"},{"data":"Fasting2","floor":24,"key":"SMITH"},{"floor":32,"key":"RECALL"},{"floor":45,"key":"REST"},{"floor":54,"key":"REST"}],"circlet_count":0,"master_deck":["AscendersBane","Eruption+1","Vigilance","AT_FamilyPortrait+1","testmod-SelfRegulatingSystem","MostiFishMod:OutWit","Adaptation","Wallop","Scrawl","WheelKick","Eruption","Consecrate","ClearTheMind","Ragnarok+1","Fasting2+1","MostiFishMod:StarLaLaLa+1","Study","Evaluate","Omniscience","EmptyMind","Evaluate","MostiFishMod:Nomercy","MostiFishMod:Kaleido","MostiFishMod:Nomercy","MostiFishMod:Adaptation","MostiFishMod:PathToVictory","Crescendo","TalkToTheHand","Blasphemy","MasterReality","Consecrate+1","TalkToTheHand","AT_DivineConfetti","Crescendo","REME_HeartOfCthun","CarveReality","EmptyMind","EmptyBody+1","Consecrate","DeusExMachina+1","MostiFishMod:Adaptation","Blasphemy","Consecrate","MostiFishMod:Awakening","Fasting2","CarveReality","Halt","CarveReality"],"relics":["testmod-TestBox","DaveBox","REME_ComplimentaryCards","AT_ATBox","PageOfMountain","PatriotShield","testmod-SevenDeadlySins","Du-Vu Doll","Darkstone Periapt","Blue Candle","SynthV:TestCard","Letter Opener","Replay:Baseball","testmod-Nine","ChiXiaoBlade","DiscerningMonocle","Replay:Accelerometer","Rsagi","MutagenicStrength","aspiration:Lifesprig","Tiny Chest","PageOfDeadButterflies","testmod-BalancedPeriapt","ReplayTheSpireMod:DimensionalGlitch","Replay:Grab Bag","Busted Crown","Fusion Hammer","Tiny House","aspiration:ArtOfWarUpgrade","Strawberry","Ying","Tan_xi","PageOfBloodbath","AT_ChloranthyRing","Oddly Smooth Stone","Gremlin Food","ReplayTheSpireMod:Ring of Challenge","Ring of Misfortune","Membership Card","Nunchaku","Centennial Puzzle","Replay:Rubber Ducky","Bronze Scales","AT_SunfireAegis","AT_SpeedBoots","Toy Ornithopter","Replay:Mystery Machine","PageOfBigBird","AT_BellDemon"],"acts_visited":["Exordium","TheCity","TheBeyond","TheEnding"],"potions_floor_usage":[37,57,57],"damage_taken":[{"damage":3.0,"enemies":"Small Slimes","floor":1.0,"turns":4.0},{"damage":0.0,"enemies":"ats:Genji","floor":2.0,"turns":1.0},{"damage":0,"enemies":"Cultist","floor":5,"turns":1},{"damage":1,"enemies":"Gremlin Nob","floor":7,"turns":1},{"damage":2,"enemies":"Gremlin Gang","floor":8,"turns":5},{"damage":0,"enemies":"3 Sentries","floor":11,"turns":1},{"damage":0,"enemies":"Looter","floor":12,"turns":1},{"damage":0,"enemies":"Exordium Thugs","floor":13,"turns":1},{"damage":0,"enemies":"Blue Slaver","floor":14,"turns":1},{"damage":17,"enemies":"Hexaghost","floor":16,"turns":4},{"damage":2,"enemies":"Chosen","floor":18,"turns":2},{"damage":11,"enemies":"Shell Parasite","floor":19,"turns":2},{"damage":3,"enemies":"Book of Stabbing","floor":23,"turns":3},{"damage":46,"enemies":"Gremlin Leader","floor":25,"turns":3},{"damage":0,"enemies":"Cultist and Chosen","floor":27,"turns":2},{"damage":0,"enemies":"Centurion and Healer","floor":28,"turns":1},{"damage":10,"enemies":"3 Cultists","floor":29,"turns":1},{"damage":1,"enemies":"Book of Stabbing","floor":31,"turns":3},{"damage":4,"enemies":"Pondfish","floor":33,"turns":5},{"damage":0,"enemies":"3 Shapes","floor":35,"turns":2},{"damage":0,"enemies":"Orb Walker","floor":36,"turns":1},{"damage":0,"enemies":"Writhing Mass","floor":38,"turns":1},{"damage":0,"enemies":"Transient","floor":39,"turns":2},{"damage":59,"enemies":"duomoweiyi","floor":41,"turns":11},{"damage":0,"enemies":"Giant Head","floor":42,"turns":1},{"damage":0,"enemies":"Reptomancer","floor":46,"turns":1},{"damage":30,"enemies":"Donu and Deca","floor":50,"turns":1},{"damage":0,"enemies":"Awakened One","floor":51,"turns":4},{"damage":12,"enemies":"Shield and Spear","floor":56,"turns":2},{"damage":4,"enemies":"The Heart","floor":57,"turns":4}],"seed_played":"-3857426386171839355","potions_obtained":[{"floor":2.0,"key":"BottledMiracle"},{"floor":8,"key":"BlessingOfTheForge"},{"floor":34,"key":"LiquidBronze"},{"floor":36,"key":"BlessingOfTheForge"},{"floor":42,"key":"Adrenaline Potion"},{"floor":56,"key":"PowerPotion"}],"is_trial":false,"path_per_floor":["M","M","$","?","M","R","E","M","T","R","E","M","M","M","R","B",null,"M","M","$","?","?","E","R","E","T","M","M","M","?","E","R","B",null,"M","M","$","M","M","R","?","E","T","T","R","E","?","$","R","B","B",null,null,"R","$","E","B",null],"character_chosen":"WATCHER","items_purchased":["Wallop","DiscerningMonocle","Replay:Accelerometer","Rsagi","MostiFishMod:Nomercy","Fruit Juice","Ambrosia","MostiFishMod:Kaleido","Art of War","Strawberry","Ying","Crescendo","REME_HeartOfCthun","CarveReality","Explosive Potion","Membership Card","Nunchaku","Centennial Puzzle","MostiFishMod:Adaptation","Blasphemy","Consecrate","MostiFishMod:Awakening","Replay:Rubber Ducky","Bronze Scales","Fasting2","CarveReality","Halt"],"campfire_rested":2,"item_purchase_floors":[3,20,20,20,20,20,20,20,37,37,37,37,37,37,37,48,48,48,48,48,48,48,55,55,55,55,55],"current_hp_per_floor":[106,106,106,106,106,106,105,103,103,103,103,103,103,103,103,86,109,107,96,96,96,96,93,93,47,47,47,47,37,37,36,36,32,99,99,99,65,65,65,65,6,6,6,6,27,27,45,45,45,27,31,31,61,71,71,63,66],"gold":2113,"neow_bonus":"ONE_RANDOM_RARE_CARD","is_daily":false,"chose_seed":false,"campfire_upgraded":4,"win_rate":0.0,"timestamp":1613535523,"path_taken":["M","M","$","?","M","R","E","?","T","R","E","?","M","M","R","BOSS","M","?","$","?","?","E","R","E","T","?","M","M","?","E","R","BOSS","M","M","$","M","M","R","?","E","T","?","R","E","?","$","R","BOSS","BOSS","R","$","E","BOSS"],"items_purchased_type":["Card","Relic","Relic","Relic","Card","Potion","Potion","Card","Relic","Relic","Relic","Card","Card","Card","Potion","Relic","Relic","Relic","Card","Card","Card","Card","Relic","Relic","Card","Card","Card"],"build_version":"2020-12-22","purchased_purges":17,"victory":true,"max_hp_per_floor":[116,116,116,116,116,116,116,116,116,116,116,116,116,116,116,116,116,116,116,116,116,116,116,116,116,116,116,116,116,116,116,116,116,116,116,116,116,116,116,116,71,71,71,71,71,71,71,71,71,71,71,71,71,71,71,71,71],"card_choices":[{"not_picked":["ForeignInfluence","JustLucky","Nirvana","Evaluate"],"picked":"Adaptation","floor":2.0},{"not_picked":["ForeignInfluence","CutThroughFate","Protect","CrushJoints"],"picked":"Consecrate","floor":5},{"not_picked":["Halt","REME_Repentance","Replay:ManipulateFuture","AT_RealFormLess"],"picked":"ClearTheMind","floor":7},{"not_picked":["EmptyFist","Swivel","MostiFishMod:Speedup","MostiFishMod:FlowState"],"picked":"Ragnarok","floor":8},{"not_picked":["Replay:Cycle","Replay:DivineShield","ClearTheMind","PathToVictory"],"picked":"Fasting2","floor":11},{"not_picked":["Consecrate","ClearTheMind","BowlingBash","JustLucky"],"picked":"MostiFishMod:StarLaLaLa","floor":12},{"not_picked":["Evaluate","BowlingBash","CutThroughFate","DeceiveReality"],"picked":"Study","floor":13},{"not_picked":["AT_RealFormLess","MostiFishMod:FlowState","ClearTheMind","PathToVictory"],"picked":"Evaluate","floor":14},{"not_picked":["MostiFishMod:StarWish","Alpha","MostiFishMod:DustFall","REME_WorshipGod"],"picked":"Omniscience","floor":16},{"not_picked":["FollowUp","SashWhip","Prostrate+1","JustLucky"],"picked":"EmptyMind","floor":18},{"not_picked":["REME_Repentance","SandsOfTime","Weave","ForeignInfluence"],"picked":"Evaluate","floor":19},{"not_picked":["JustLucky","FlurryOfBlows","ClearTheMind","InnerPeace"],"picked":"MostiFishMod:Nomercy","floor":23},{"not_picked":["FlyingSleeves","CutThroughFate","SignatureMove","Replay:Battleflow"],"picked":"MostiFishMod:Adaptation","floor":25},{"not_picked":["MostiFishMod:Nomercy","BowlingBash","Halt","Replay:BluntJabs"],"picked":"MostiFishMod:PathToVictory","floor":27},{"not_picked":["Swivel","MentalFortress","WaveOfTheHand","MostiFishMod:Clarity","PathToVictory"],"picked":"SKIP","floor":28},{"not_picked":["AT_RealFormLess","LikeWater","Replay:Cycle","Evaluate"],"picked":"Crescendo","floor":29},{"not_picked":["Nirvana","PathToVictory","ClearTheMind","Swivel+1"],"picked":"Blasphemy","floor":31},{"not_picked":["MostiFishMod:StarHerder","Ragnarok","MostiFishMod:Adaptation","MostiFishMod:DustFall"],"picked":"MasterReality","floor":33},{"not_picked":["Perseverance","EmptyBody"],"picked":"Consecrate+1","floor":34},{"not_picked":["Weave+1","FlyingSleeves+1"],"picked":"TalkToTheHand","floor":35},{"not_picked":["MostiFishMod:LegendTransform","Prostrate"],"picked":"AT_DivineConfetti","floor":36},{"not_picked":["Protect+1","EmptyBody+1"],"picked":"EmptyMind","floor":38},{"not_picked":["AT_RealFormLess","CrushJoints"],"picked":"EmptyBody+1","floor":41},{"not_picked":["WaveOfTheHand","EmptyBody"],"picked":"Consecrate","floor":42},{"not_picked":["Replay:BluntJabs+1","Prostrate"],"picked":"DeusExMachina","floor":46},{"not_picked":["Replay:BluntJabs","EmptyBody+1"],"picked":"CarveReality","floor":56}],"player_experience":1086693,"relics_obtained":[{"floor":1.0,"key":"SynthV:TestCard"},{"floor":7,"key":"Letter Opener"},{"floor":11,"key":"Replay:Baseball"},{"floor":23,"key":"aspiration:Lifesprig"},{"floor":25,"key":"Tiny Chest"},{"floor":26,"key":"PageOfDeadButterflies"},{"floor":31,"key":"testmod-BalancedPeriapt"},{"floor":41,"key":"Tan_xi"},{"floor":42,"key":"PageOfBloodbath"},{"floor":43,"key":"AT_ChloranthyRing"},{"floor":44,"key":"Oddly Smooth Stone"},{"floor":46,"key":"Gremlin Food"},{"floor":47,"key":"ReplayTheSpireMod:Ring of Challenge"},{"floor":47,"key":"Ring of Misfortune"},{"floor":56,"key":"AT_SunfireAegis"},{"floor":56,"key":"AT_SpeedBoots"},{"floor":56,"key":"Toy Ornithopter"},{"floor":56,"key":"Replay:Mystery Machine"},{"floor":56,"key":"PageOfBigBird"},{"floor":56,"key":"AT_BellDemon"}],"event_choices":[{"damage_healed":0,"gold_gain":0,"player_choice":"3 cards matched","damage_taken":0,"max_hp_gain":0,"max_hp_loss":0,"event_name":"Match and Keep!","floor":4,"gold_loss":0,"cards_obtained":["Scrawl","WheelKick","Eruption"]},{"damage_healed":0,"gold_gain":0,"player_choice":"Inject Mutagens","damage_taken":0,"relics_obtained":["MutagenicStrength"],"max_hp_gain":0,"max_hp_loss":0,"event_name":"Drug Dealer","floor":21,"gold_loss":0},{"damage_healed":0,"gold_gain":0,"player_choice":"Read","damage_taken":0,"max_hp_gain":0,"max_hp_loss":0,"event_name":"The Library","floor":30,"gold_loss":0,"cards_obtained":["TalkToTheHand"]},{"damage_healed":0,"gold_gain":0,"player_choice":"Fight","damage_taken":0,"max_hp_gain":0,"max_hp_loss":0,"event_name":"shenshengyaojing","floor":41,"gold_loss":0}],"is_beta":false,"boss_relics":[{"not_picked":["testmod-DeterminationOfClimber","testmod-GoldenSoul"],"picked":"ChiXiaoBlade"},{"not_picked":["Runic Dome","REME_ChargedStone"],"picked":"Replay:Grab Bag"},{"not_picked":["Velvet Choker","Cursed Key"],"picked":"Busted Crown"},{"not_picked":["ChewingGum","Sozu"],"picked":"Fusion Hammer"},{"not_picked":["Empty Cage","testmod-StringDisintegrator"],"picked":"Tiny House"}],"items_purged_floors":[20,20,20,20,20,37,37,37,37,37,37,37,37,37,37,37,48],"is_endless":false,"potions_floor_spawned":[2,8,11,12,13,19,27,31,36,42,56],"ascension_level":20}}