{"host":"7fyy23rucerupe6i","time":1613537529,"event":{"mods":["AchievementEnabler","Act Like it!","Aspiration","BaseMod","Better Note","BetterRewards","Colored Map","Colored Powertips","Conspire","Curses Come First","Custom Start","Downfall","Googly Eyes","Hallownest","Marisa£®ÏF”Í°°ƒß¿Ì…≥£©","Minty Spire (QoL Compilation)","Quick Restart","Relic Stats","Remilia£®¿Ÿ√◊¿Ú—«£©","Shop Mod","ShortenTheSpire","Spicy Shops","StSLib","SuperFastMode","The Blackbeard","The Bug Knight","The Construct","The Cursed","The Senshi","The Servant 0.9.4"],"gold_per_floor":[117,117,117,142,170,170,185,185,232,132,132,132,132,174,174,301,301,312,109,120,136,155,155,205,205,255,314,350,377,377,327,327,456,456,473,26,105,7,23,58,58,85,131,163,179,179,191,221,221,221,221,221,73,103,103],"floor_reached":56,"language":"ZHS","playtime":1351,"items_purged":["Strike_MRS","Defend_MRS","Defend_MRS"],"score":2157,"play_id":"65f27d3d-ad8c-4d35-bf61-386028adc6f1","local_time":"20210217125209","is_ascension_mode":true,"campfire_choices":[{"data":"FinalSpark","floor":6,"key":"SMITH"},{"data":"MilkyWay","floor":8,"key":"SMITH"},{"data":"Ghostly","floor":12,"key":"SMITH"},{"data":"UpSweep","floor":15,"key":"SMITH"},{"data":"MasterSpark","floor":23,"key":"SMITH"},{"data":"Acceleration","floor":30,"key":"SMITH"},{"floor":32,"key":"REST"},{"floor":41,"key":"RECALL"},{"floor":49,"key":"REST"},{"data":"Defend_MRS","floor":52,"key":"SMITH"}],"circlet_count":0,"master_deck":["AscendersBane","Strike_MRS","Strike_MRS","Strike_MRS+1","Defend_MRS+1","Defend_MRS+1","MasterSpark+1","UpSweep+1","FinalSpark+1","PowerUp+1","MilkyWay+1","Ghostly+1","CollectingQuirk+1","CollectingQuirk+1","Acceleration+1","MilkyWay+1","FinalSpark+1","Ghostly+1","Shame","BlazeAway+1","PropBag+1","PowerUp"],"relics":["MiniHakkero","champ:Barbells","Happy Flower","Bag of Preparation","Bag of Marbles","Akabeko","Guardian:PocketSentry","bronze:DonusWashers","WarpedTongs","War Paint","Molten Egg 2","MerchantsRug","aspiration:Nostalgia","Slimebound:AbsorbEndCombat","Ornamental Fan","Nunchaku","aspiration:Stabinomicon","Ancient Tea Set","Strawberry","bronze:BronzeIdol","aspiration:PoetsPen_weak","Membership Card","aspiration:Lifesprig","Juzu Bracelet","DollysMirror","Centennial Puzzle","CatCart","Potion Belt","SimpleLauncher","Frozen Egg 2","MealTicket","Darkstone Periapt","Shuriken","aspiration:SeaSaltIceCream","HandDrill","Bottled Flame"],"acts_visited":["Exordium","TheCity","TheBeyond","TheEnding"],"potions_floor_usage":[16,16,27,28,55,55,55],"damage_taken":[{"damage":0,"enemies":"Jaw Worm","floor":1,"turns":1},{"damage":0,"enemies":"Cultist","floor":4,"turns":2},{"damage":3,"enemies":"2 Louse","floor":5,"turns":2},{"damage":0,"enemies":"Looter","floor":7,"turns":1},{"damage":0,"enemies":"3 Louse","floor":14,"turns":2},{"damage":7,"enemies":"The Guardian","floor":16,"turns":4},{"damage":0,"enemies":"Chosen","floor":18,"turns":2},{"damage":0,"enemies":"2 Thieves","floor":20,"turns":1},{"damage":0,"enemies":"Shelled Parasite and Fungi","floor":21,"turns":1},{"damage":0,"enemies":"Centurion and Healer","floor":22,"turns":1},{"damage":17,"enemies":"HollowMod:Nosk","floor":24,"turns":5},{"damage":3,"enemies":"Slavers","floor":27,"turns":2},{"damage":9,"enemies":"conspire:HollyBat","floor":28,"turns":5},{"damage":0,"enemies":"Book of Stabbing","floor":29,"turns":1},{"damage":22,"enemies":"conspire:MysteriousRune","floor":33,"turns":4},{"damage":0,"enemies":"Orb Walker","floor":35,"turns":1},{"damage":0,"enemies":"Orin","floor":37,"turns":5},{"damage":0,"enemies":"3 Shapes","floor":39,"turns":1},{"damage":0,"enemies":"HollowMod:StalkingDevout","floor":40,"turns":1},{"damage":0,"enemies":"Reptomancer","floor":42,"turns":1},{"damage":0,"enemies":"HollowMod:StalkingDevout","floor":44,"turns":1},{"damage":0,"enemies":"Spire Growth","floor":45,"turns":1},{"damage":17,"enemies":"4 Shapes","floor":47,"turns":1},{"damage":1,"enemies":"Nemesis","floor":48,"turns":2},{"damage":0,"enemies":"Time Eater","floor":50,"turns":1},{"damage":0,"enemies":"Shield and Spear","floor":54,"turns":3},{"damage":56,"enemies":"The Heart","floor":55,"turns":4}],"seed_played":"-570443736731882023","potions_obtained":[{"floor":4,"key":"Weak Potion"},{"floor":5,"key":"Guardian:BlockOnCardUsePotion"},{"floor":5,"key":"PowerPotion"},{"floor":14,"key":"EssenceOfSteel"},{"floor":14,"key":"Fire Potion"},{"floor":16,"key":"FearPotion"},{"floor":16,"key":"Swift Potion"},{"floor":20,"key":"Block Potion"},{"floor":24,"key":"AttackPotion"},{"floor":27,"key":"SmokeBomb"},{"floor":27,"key":"LiquidBronze"},{"floor":28,"key":"FearPotion"},{"floor":28,"key":"ColorlessPotion"},{"floor":39,"key":"GamblersBrew"},{"floor":44,"key":"Explosive Potion"},{"floor":45,"key":"LiquidBronze"},{"floor":48,"key":"SkillPotion"},{"floor":54,"key":"Guardian:BlockOnCardUsePotion"}],"is_trial":false,"path_per_floor":["M","?","$","M","M","R","M","R","T","?","?","R","?","M","R","B",null,"M","$","M","M","M","R","E","?","T","E","M","E","R","?","R","B",null,"M","$","?","$","M","E","R","E","T","E","M","?","M","E","R","B",null,"R","$","E","B",null],"character_chosen":"MARISA","items_purchased":["Omamori","WitchOfGreed","champ:Barbells","Happy Flower","Bag of Preparation","Bag of Marbles","FinalSpark","Akabeko","Guardian:PocketSentry","bronze:DonusWashers","MerchantsRug","aspiration:Nostalgia","Ornamental Fan","Membership Card","aspiration:Lifesprig","Juzu Bracelet","DollysMirror","Centennial Puzzle","Potion Belt","SimpleLauncher","aspiration:SeaSaltIceCream","PowerUp"],"campfire_rested":2,"item_purchase_floors":[0,0,0,0,0,0,0,0,0,0,19,19,19,36,36,36,36,36,38,38,53,53],"current_hp_per_floor":[21,21,21,21,18,18,18,18,18,18,18,18,26,26,26,19,61,61,61,61,61,61,61,44,28,28,32,23,23,23,23,47,25,68,68,68,68,68,68,68,68,68,68,68,68,68,51,50,74,74,80,80,82,82,38],"gold":103,"neow_bonus":"","is_daily":false,"chose_seed":false,"campfire_upgraded":7,"win_rate":0.0,"timestamp":1613537529,"path_taken":["M","?","?","?","M","R","M","R","T","?","?","R","?","?","R","BOSS","M","$","M","M","M","R","E","?","T","E","M","E","R","?","R","BOSS","M","?","?","?","M","E","R","E","T","E","M","?","M","E","R","BOSS","R","$","E","BOSS"],"items_purchased_type":["Relic","Card","Relic","Relic","Relic","Relic","Card","Relic","Relic","Relic","Relic","Relic","Relic","Relic","Relic","Relic","Relic","Relic","Relic","Relic","Relic","Card"],"build_version":"2020-12-22","purchased_purges":3,"victory":true,"max_hp_per_floor":[75,75,75,75,75,75,75,75,75,75,75,75,75,75,75,75,75,75,75,75,75,75,75,75,75,75,82,82,82,82,82,82,82,82,82,82,82,82,82,82,82,82,82,82,82,82,82,82,82,82,82,82,82,82,82],"relic_stats":{"Darkstone Periapt":0,"Happy Flower":[22],"counters":[54,163],"Bag of Preparation":[108],"Juzu Bracelet":0,"War Paint":["PowerUp","Defend_MRS"],"WarpedTongs":[41],"Nunchaku":[7],"Centennial Puzzle":[42],"Ornamental Fan":[52],"Shuriken":[5],"MealTicket":2,"HandDrill":[4],"obtain_stats":[{"Calipers":45,"Gremlin Horn":27,"Nilry\u0027s Codex":30,"Vajra":40,"aspiration:PoetsPen_weak":34,"aspiration:Stabinomicon":25,"Boot":6,"Sling":39,"Blood Vial":0,"Lizard Tail":0,"Centennial Puzzle":36,"DollysMirror":47,"Strawberry":27,"aspiration:ArtOfWarUpgrade":29,"MealTicket":42,"HandDrill":53,"MerchantsRug":19,"Girya":38,"champ:Barbells":0,"Happy Flower":42,"aspiration:Nostalgia":27,"Oddly Smooth Stone":47,"Guardian:PocketSentry":47,"Letter Opener":50,"aspiration:SeaSaltIceCream":53,"War Paint":9,"aspiration:HiddenCompartment":40,"Akabeko":27,"WarpedTongs":2,"Bottled Flame":43,"Shuriken":48,"Bronze Scales":44,"Molten Egg 2":11,"MiniHakkero":0,"CatCart":37,"StrikeDummy":39,"Meat on the Bone":25,"Darkstone Periapt":44,"aspiration:Lifesprig":9,"bronze:BronzeCore":27,"Mango":39,"Bag of Preparation":0,"Juzu Bracelet":26,"Ancient Tea Set":26,"Nunchaku":24,"Mummified Hand":54,"SimpleLauncher":47,"Runic Pyramid":17,"aspiration:ChemicalBlood":28,"Potion Belt":38,"bronze:DonusWashers":0,"Golden Idol":3,"Omamori":44,"Orichalcum":47,"Frozen Egg 2":40,"bronze:BronzeIdol":29,"Anchor":0,"Busted Crown":17,"Ornamental Fan":19,"Art of War":19,"Bag of Marbles":0,"Slimebound:AbsorbEndCombat":19,"Membership Card":0,"FossilizedHelix":0,"Toy Ornithopter":13},{"Calipers":25,"Gremlin Horn":16,"Nilry\u0027s Codex":17,"Vajra":23,"aspiration:PoetsPen_weak":19,"aspiration:Stabinomicon":38,"Boot":4,"Sling":22,"Blood Vial":0,"Lizard Tail":0,"Centennial Puzzle":43,"DollysMirror":25,"Strawberry":39,"aspiration:ArtOfWarUpgrade":17,"MealTicket":47,"HandDrill":52,"MerchantsRug":12,"Girya":22,"champ:Barbells":27,"Happy Flower":24,"aspiration:Nostalgia":16,"Oddly Smooth Stone":25,"Guardian:PocketSentry":25,"Letter Opener":52,"aspiration:SeaSaltIceCream":52,"War Paint":31,"aspiration:HiddenCompartment":23,"Akabeko":16,"WarpedTongs":28,"Bottled Flame":24,"Shuriken":51,"Bronze Scales":25,"Molten Egg 2":31,"MiniHakkero":0,"CatCart":44,"StrikeDummy":22,"Meat on the Bone":16,"Darkstone Periapt":48,"aspiration:Lifesprig":6,"bronze:BronzeCore":16,"Mango":22,"Bag of Preparation":0,"Juzu Bracelet":16,"Ancient Tea Set":38,"Nunchaku":38,"Mummified Hand":53,"SimpleLauncher":25,"Runic Pyramid":11,"aspiration:ChemicalBlood":17,"Potion Belt":44,"bronze:DonusWashers":27,"Golden Idol":2,"Omamori":25,"Orichalcum":25,"Frozen Egg 2":46,"bronze:BronzeIdol":41,"Anchor":0,"Busted Crown":33,"Ornamental Fan":34,"Art of War":12,"Bag of Marbles":27,"Slimebound:AbsorbEndCombat":34,"Membership Card":0,"FossilizedHelix":0,"Toy Ornithopter":9},{"Calipers":99,"Gremlin Horn":71,"Nilry\u0027s Codex":75,"Vajra":93,"aspiration:PoetsPen_weak":81,"aspiration:Stabinomicon":129,"Boot":17,"Sling":88,"Blood Vial":0,"Lizard Tail":0,"Centennial Puzzle":142,"DollysMirror":99,"Strawberry":131,"aspiration:ArtOfWarUpgrade":75,"MealTicket":150,"HandDrill":156,"MerchantsRug":56,"Girya":88,"champ:Barbells":108,"Happy Flower":97,"aspiration:Nostalgia":71,"Oddly Smooth Stone":99,"Guardian:PocketSentry":99,"Letter Opener":156,"aspiration:SeaSaltIceCream":156,"War Paint":114,"aspiration:HiddenCompartment":93,"Akabeko":71,"WarpedTongs":109,"Bottled Flame":97,"Shuriken":155,"Bronze Scales":99,"Molten Egg 2":114,"MiniHakkero":0,"CatCart":147,"StrikeDummy":88,"Meat on the Bone":71,"Darkstone Periapt":151,"aspiration:Lifesprig":25,"bronze:BronzeCore":71,"Mango":88,"Bag of Preparation":0,"Juzu Bracelet":71,"Ancient Tea Set":129,"Nunchaku":129,"Mummified Hand":157,"SimpleLauncher":99,"Runic Pyramid":52,"aspiration:ChemicalBlood":75,"Potion Belt":147,"bronze:DonusWashers":108,"Golden Idol":6,"Omamori":99,"Orichalcum":99,"Frozen Egg 2":149,"bronze:BronzeIdol":137,"Anchor":0,"Busted Crown":120,"Ornamental Fan":122,"Art of War":56,"Bag of Marbles":108,"Slimebound:AbsorbEndCombat":122,"Membership Card":0,"FossilizedHelix":0,"Toy Ornithopter":39}]},"card_choices":[{"not_picked":["DC","DarkSpark"],"picked":"PowerUp","floor":1},{"not_picked":["Robbery","UnstableBomb","ShootingEcho"],"picked":"SKIP","floor":4},{"not_picked":["LuminesStrike","SprinkleStarSeal","DragonMeteor"],"picked":"SKIP","floor":5},{"not_picked":["GrandCross","GalacticHalo"],"picked":"MilkyWay","floor":7},{"not_picked":["WitchLeyline+1","MilkyWay"],"picked":"CollectingQuirk+1","floor":14},{"not_picked":["JA+1","UltimateShortwave"],"picked":"CollectingQuirk+1","floor":16},{"not_picked":["GalacticHalo"],"picked":"SKIP","floor":18},{"not_picked":["6A+1","OneTimeOff","Singularity"],"picked":"SKIP","floor":20},{"not_picked":["NonDirectionalLaser+1","IllusionStar"],"picked":"Acceleration","floor":21},{"not_picked":["ShootingEcho+1","WitchOfGreed"],"picked":"MilkyWay+1","floor":22},{"not_picked":["IllusionStar","AsteroidBelt+1","DarkMatter+1"],"picked":"SKIP","floor":24},{"not_picked":["JA+1","MysteriousBeam+1","ChargingUp"],"picked":"SKIP","floor":27},{"not_picked":["OrrerysSun","WitchOfGreed+1","SprinkleStarSeal"],"picked":"SKIP","floor":28},{"not_picked":["Robbery+1","DC+1","ShootingEcho+1"],"picked":"SKIP","floor":29},{"not_picked":["SuperNova","UltimateShortwave"],"picked":"FinalSpark+1","floor":33},{"not_picked":["SporeBomb+1","DC+1","AlicesGift+1"],"picked":"SKIP","floor":35},{"not_picked":["SporeBomb","ShootTheMoon+1"],"picked":"BlazeAway+1","floor":39},{"not_picked":["OpenUniverse","WitchLeyline+1","AlicesGift+1"],"picked":"SKIP","floor":40},{"not_picked":["MysteriousBeam+1","EventHorizon+1","6A+1"],"picked":"SKIP","floor":42},{"not_picked":["MachineGunSpark+1","GrandCross+1","NonDirectionalLaser+1"],"picked":"SKIP","floor":44},{"not_picked":["WitchLeyline+1","DC+1","EarthLightRay"],"picked":"SKIP","floor":45},{"not_picked":["MagicAbsorber","BlazingStar+1","BlazeAway"],"picked":"SKIP","floor":47},{"not_picked":["LuminesStrike+1","Acceleration"],"picked":"PropBag+1","floor":48},{"not_picked":["SporeBomb","MagicAbsorber+1","GalacticHalo"],"picked":"SKIP","floor":54}],"player_experience":598627,"relics_obtained":[{"floor":9,"key":"War Paint"},{"floor":24,"key":"Nunchaku"},{"floor":25,"key":"aspiration:Stabinomicon"},{"floor":26,"key":"Ancient Tea Set"},{"floor":27,"key":"Strawberry"},{"floor":29,"key":"bronze:BronzeIdol"},{"floor":37,"key":"CatCart"},{"floor":40,"key":"Frozen Egg 2"},{"floor":42,"key":"MealTicket"},{"floor":44,"key":"Darkstone Periapt"},{"floor":48,"key":"Shuriken"},{"floor":54,"key":"Bottled Flame"}],"event_choices":[{"damage_healed":0,"gold_gain":0,"player_choice":"Rummage","damage_taken":0,"relics_obtained":["WarpedTongs"],"max_hp_gain":0,"max_hp_loss":0,"event_name":"Accursed Blacksmith","floor":2,"gold_loss":0,"cards_obtained":["Pain"]},{"damage_healed":0,"gold_gain":0,"player_choice":"Argue","damage_taken":0,"max_hp_gain":0,"max_hp_loss":0,"event_name":"conspire:LoneGhost","floor":10,"gold_loss":0},{"damage_healed":0,"gold_gain":0,"player_choice":"Obtained Book","damage_taken":16,"max_hp_gain":0,"max_hp_loss":0,"event_name":"Cursed Tome","floor":25,"gold_loss":0},{"damage_healed":0,"gold_gain":0,"player_choice":"Bet on Murderer","damage_taken":0,"max_hp_gain":0,"max_hp_loss":0,"event_name":"The Joust","floor":31,"gold_loss":50},{"damage_healed":0,"gold_gain":0,"player_choice":"Fight","damage_taken":0,"max_hp_gain":0,"max_hp_loss":0,"event_name":"OrinTheCat","floor":37,"gold_loss":0},{"cards_removed":["WitchOfGreed"],"damage_healed":0,"gold_gain":0,"player_choice":"Removed Power","damage_taken":0,"max_hp_gain":0,"max_hp_loss":0,"event_name":"Falling","floor":46,"gold_loss":0}],"is_beta":false,"boss_relics":[{"not_picked":["aspiration:FutureDiary","Runic Pyramid"],"picked":"Busted Crown"},{"not_picked":["conspire:SeveredTorchhead","conspire:RunicOctahedron"],"picked":"aspiration:PoetsPen_weak"}],"items_purged_floors":[0,0,36],"is_endless":false,"potions_floor_spawned":[5,14,16,20,27,28,33,35,39,44,45,48,54],"ascension_level":10}}