{"host":"wq0pzln9h9r005f2","time":1613590246,"event":{"mods":["AchievementEnabler","BaseMod","BetterRewards","Googly Eyes","Highlight Path","Minty Spire (QoL Compilation)","Permanent Neow","Quick Restart","Rare Cards Sparkle","Relic Stats","StSLib","SuperFastMode","The Hierophant","The IronCluck","egg"],"gold_per_floor":[117,19,19,19,31,31,59,72,72,89,89,64,64,64,64,64,64],"floor_reached":16,"language":"ENG","playtime":448,"items_purged":["Strike_R"],"score":167,"play_id":"bd8157d0-8482-48c6-8b57-18bfe53f58c4","local_time":"20210217123046","is_ascension_mode":true,"campfire_choices":[{"data":"Body Slam","floor":6,"key":"SMITH"},{"data":"Flame Barrier","floor":11,"key":"SMITH"},{"data":"Armaments","floor":13,"key":"SMITH"},{"data":"Dual Wield","floor":15,"key":"SMITH"}],"circlet_count":0,"master_deck":["AscendersBane","Strike_R","Strike_R","Strike_R","Defend_R","Defend_R","Defend_R","Defend_R","Bash","Body Slam+1","Armaments+1","Flame Barrier+1","Dual Wield+1","Iron Wave","Parasite"],"relics":["Burning Blood","Lizard Tail","Mango","Meat on the Bone"],"acts_visited":["Exordium"],"potions_floor_usage":[16,16],"damage_taken":[{"damage":7,"enemies":"Small Slimes","floor":1,"turns":4},{"damage":6,"enemies":"Cultist","floor":5,"turns":4},{"damage":39,"enemies":"3 Sentries","floor":7,"turns":14},{"damage":0,"enemies":"Jaw Worm","floor":8,"turns":4},{"damage":9,"enemies":"Exordium Thugs","floor":10,"turns":6},{"damage":128,"enemies":"Slime Boss","floor":16,"turns":17}],"seed_played":"7443961382978186810","potions_obtained":[{"floor":1,"key":"DistilledChaos"},{"floor":8,"key":"CultistPotion"},{"floor":10,"key":"Weak Potion"}],"is_trial":false,"path_per_floor":["M","$","?","?","M","R","E","M","T","M","R","$","R","?","R","B"],"character_chosen":"IRONCLAD","items_purchased":["Armaments","Iron Wave"],"campfire_rested":0,"item_purchase_floors":[2,12],"current_hp_per_floor":[67,67,60,60,60,60,41,47,47,56,56,56,56,78,78,0,0],"gold":64,"neow_bonus":"ONE_RARE_RELIC","is_daily":false,"chose_seed":false,"campfire_upgraded":4,"win_rate":0.0,"timestamp":1613590246,"path_taken":["M","$","?","?","M","R","E","M","T","?","R","$","R","?","R","BOSS"],"items_purchased_type":["Card","Card"],"build_version":"2020-12-22","purchased_purges":1,"victory":false,"max_hp_per_floor":[75,75,75,75,75,75,89,89,89,89,89,89,89,89,89,89,89],"relic_stats":{"Lizard Tail":44,"counters":[6,49],"obtain_stats":[{"Lizard Tail":0,"Mango":7,"Burning Blood":0,"Meat on the Bone":9},{"Lizard Tail":0,"Mango":3,"Burning Blood":0,"Meat on the Bone":4},{"Lizard Tail":0,"Mango":22,"Burning Blood":0,"Meat on the Bone":26}],"Burning Blood":30,"Meat on the Bone":12},"card_choices":[{"not_picked":["Warcry","Twin Strike"],"picked":"Body Slam","floor":1},{"not_picked":["Shrug It Off","Armaments"],"picked":"Flame Barrier","floor":5},{"not_picked":["Whirlwind","Warcry","Bloodletting"],"picked":"SKIP","floor":7},{"not_picked":["Flex","Rampage"],"picked":"Dual Wield","floor":8},{"not_picked":["Sever Soul","Flex","Havoc"],"picked":"SKIP","floor":10}],"player_experience":118204,"relics_obtained":[{"floor":7,"key":"Mango"},{"floor":9,"key":"Meat on the Bone"}],"event_choices":[{"cards_removed":["Writhe"],"damage_healed":0,"gold_gain":0,"player_choice":"Card Removal","damage_taken":7,"max_hp_gain":0,"max_hp_loss":0,"event_name":"Golden Wing","floor":3,"gold_loss":0},{"cards_removed":["Strike_R"],"damage_healed":0,"gold_gain":0,"player_choice":"Purged","damage_taken":0,"max_hp_gain":0,"max_hp_loss":0,"event_name":"Purifier","floor":4,"gold_loss":0},{"damage_healed":22,"gold_gain":0,"player_choice":"Healed and dodged fight","damage_taken":0,"max_hp_gain":0,"max_hp_loss":0,"event_name":"Mushrooms","floor":14,"gold_loss":0,"cards_obtained":["Parasite"]}],"is_beta":false,"boss_relics":[],"items_purged_floors":[2],"is_endless":false,"potions_floor_spawned":[1,8,10],"killed_by":"Slime Boss","ascension_level":14}}