{"host":"l5n1ub3tb9uvq2cf","time":1613534726,"event":{"mods":["BaseMod","Colored Map","DeckTracker","Minty Spire (QoL Compilation)","Relic Stats","SuperFastMode"],"gold_per_floor":[118,135,135,60,76,76,97,97,97,138,138,138,151,151,151,244,244,258,308,329,244,263,263,296,296,296,296,321,335,349,55,55,153,153,177,52,71,89,89,125,347,347,347,385,126,126,169,190,190,190,190,190,190,7,43,43],"floor_reached":57,"language":"KOR","playtime":3225,"items_purged":["Doppelganger","Quick Slash","Noxious Fumes+1","Deadly Poison","Blade Dance"],"score":3255,"play_id":"8b89338a-dece-4122-a5a9-650199030469","local_time":"20210217130526","is_ascension_mode":true,"campfire_choices":[{"data":"Accuracy","floor":6.0,"key":"SMITH"},{"data":"Venomology","floor":8.0,"key":"SMITH"},{"data":"Cloak And Dagger","floor":11.0,"key":"SMITH"},{"data":"Noxious Fumes","floor":15.0,"key":"SMITH"},{"floor":23,"key":"REST"},{"floor":25,"key":"REST"},{"floor":32,"key":"REST"},{"data":"Prepared","floor":42,"key":"SMITH"},{"data":"Neutralize","floor":46,"key":"SMITH"},{"floor":49,"key":"RECALL"},{"data":"Grand Finale","floor":53,"key":"SMITH"}],"circlet_count":0,"master_deck":["AscendersBane","Survivor","Neutralize+1","Heel Hook","Backflip","Cloak And Dagger+1","Venomology+1","Backstab","Accuracy+1","Blur","Acrobatics","Escape Plan","Grand Finale+1","Prepared+1","Dodge and Roll+1","Acrobatics+1","Adrenaline+1","PiercingWail+1","Flash of Steel","Flash of Steel","Backflip+1"],"relics":["Pandora\u0027s Box","Golden Idol","Calipers","Runic Pyramid","Kunai","Red Mask","Toxic Egg 2","Pantograph","Regal Pillow","HoveringKite","Thread and Needle","Mummified Hand","Omamori","Smiling Mask","Bronze Scales"],"acts_visited":["Exordium","TheCity","TheBeyond","TheEnding"],"potions_floor_usage":[16,18,20,24,24,29,30,33,35,35,38,40,40,44,44,45,47,50,51,51,55,55,56,56],"damage_taken":[{"damage":4.0,"enemies":"Cultist","floor":1.0,"turns":3.0},{"damage":4.0,"enemies":"2 Louse","floor":2.0,"turns":3.0},{"damage":0.0,"enemies":"Jaw Worm","floor":5.0,"turns":1.0},{"damage":5.0,"enemies":"3 Louse","floor":7.0,"turns":3.0},{"damage":14.0,"enemies":"3 Sentries","floor":10.0,"turns":5.0},{"damage":6.0,"enemies":"Large Slime","floor":13.0,"turns":2.0},{"damage":23,"enemies":"The Guardian","floor":16,"turns":9},{"damage":23,"enemies":"Shell Parasite","floor":18,"turns":3},{"damage":18,"enemies":"3 Byrds","floor":20,"turns":3},{"damage":0,"enemies":"Centurion and Healer","floor":22,"turns":4},{"damage":6,"enemies":"Masked Bandits","floor":24,"turns":2},{"damage":0,"enemies":"3 Cultists","floor":28,"turns":2},{"damage":7,"enemies":"Snake Plant","floor":29,"turns":2},{"damage":16,"enemies":"Centurion and Healer","floor":30,"turns":2},{"damage":0,"enemies":"Champ","floor":33,"turns":10},{"damage":0,"enemies":"3 Darklings","floor":35,"turns":5},{"damage":2,"enemies":"3 Shapes","floor":37,"turns":3},{"damage":0,"enemies":"Jaw Worm Horde","floor":38,"turns":2},{"damage":1,"enemies":"Reptomancer","floor":40,"turns":5},{"damage":0,"enemies":"Giant Head","floor":44,"turns":4},{"damage":0,"enemies":"Nemesis","floor":47,"turns":3},{"damage":0,"enemies":"Spire Growth","floor":48,"turns":2},{"damage":0,"enemies":"Awakened One","floor":50,"turns":7},{"damage":0,"enemies":"Time Eater","floor":51,"turns":11},{"damage":0,"enemies":"Shield and Spear","floor":55,"turns":5},{"damage":35,"enemies":"The Heart","floor":56,"turns":9}],"seed_played":"4831561029308666838","potions_obtained":[{"floor":1.0,"key":"ColorlessPotion"},{"floor":2.0,"key":"LiquidMemories"},{"floor":16,"key":"AttackPotion"},{"floor":28,"key":"GamblersBrew"},{"floor":33,"key":"BlessingOfTheForge"},{"floor":37,"key":"Ancient Potion"},{"floor":38,"key":"Block Potion"},{"floor":40,"key":"SpeedPotion"},{"floor":48,"key":"Block Potion"}],"is_trial":false,"path_per_floor":["M","M","?","$","M","R","M","R","T","E","R","?","M","?","R","B",null,"M","?","M","?","M","R","?","R","T","T","M","M","M","$","R","B",null,"M","$","M","M","?","E","?","R","T","E","$","R","E","M","R","B","B",null,"R","$","E","B",null],"character_chosen":"THE_SILENT","items_purchased":["Acrobatics+1","Regal Pillow","Fruit Juice","GamblersBrew","Dexterity Potion"],"campfire_rested":3,"item_purchase_floors":[31,31,45,54,54],"current_hp_per_floor":[55,51,51,51,51,51,46,46,46,32,32,37,31,31,31,8,51,28,28,10,10,10,29,23,42,42,42,42,35,19,19,53,65,65,65,65,63,63,53,52,52,52,52,52,57,57,57,57,57,70,70,70,70,70,70,35],"gold":43,"neow_bonus":"BOSS_RELIC","is_daily":false,"chose_seed":false,"campfire_upgraded":7,"win_rate":0.0,"timestamp":1613534726,"path_taken":["M","M","?","$","M","R","M","R","T","E","R","?","?","?","R","BOSS","M","?","M","?","M","R","?","R","T","?","M","M","?","$","R","BOSS","M","$","M","M","?","E","?","R","T","E","?","R","E","M","R","BOSS","BOSS","R","$","E","BOSS"],"items_purchased_type":["Card","Relic","Potion","Potion","Potion"],"build_version":"2020-12-22","purchased_purges":5,"victory":true,"max_hp_per_floor":[66,66,60,60,60,60,60,60,60,60,60,65,65,65,65,65,65,65,65,65,65,65,65,65,65,65,65,65,65,65,65,65,65,65,65,65,65,65,65,65,65,65,65,65,70,70,70,70,70,70,70,70,70,70,70,70],"relic_stats":{"Regal Pillow":15,"counters":[26,110],"Golden Idol":191,"Mummified Hand":[8],"Pantograph":25,"Bronze Scales":[99],"HoveringKite":[48],"Pandora\u0027s Box":["Noxious Fumes","Heel Hook","Backflip","Cloak And Dagger","Venomology","Doppelganger","Backstab","Accuracy","Quick Slash","Deadly Poison"],"Kunai":[104],"Smiling Mask":125,"obtain_stats":[{"Regal Pillow":31,"Calipers":10,"Golden Idol":3,"HoveringKite":34,"Thread and Needle":40,"Omamori":44,"Smiling Mask":47,"Mummified Hand":43,"Pantograph":27,"Bronze Scales":55,"Pandora\u0027s Box":0,"Red Mask":24,"Kunai":21,"Toxic Egg 2":26,"Ring of the Snake":0,"Runic Pyramid":17},{"Regal Pillow":14,"Calipers":5,"Golden Idol":2,"HoveringKite":15,"Thread and Needle":19,"Omamori":20,"Smiling Mask":21,"Mummified Hand":19,"Pantograph":11,"Bronze Scales":25,"Pandora\u0027s Box":0,"Red Mask":11,"Kunai":9,"Toxic Egg 2":11,"Ring of the Snake":0,"Runic Pyramid":7},{"Regal Pillow":44,"Calipers":15,"Golden Idol":6,"HoveringKite":54,"Thread and Needle":69,"Omamori":73,"Smiling Mask":76,"Mummified Hand":69,"Pantograph":38,"Bronze Scales":101,"Pandora\u0027s Box":0,"Red Mask":38,"Kunai":32,"Toxic Egg 2":38,"Ring of the Snake":0,"Runic Pyramid":26}]},"card_choices":[{"not_picked":["Prepared","Flying Knee"],"picked":"Blur","floor":1.0},{"not_picked":["Flying Knee","Sucker Punch"],"picked":"Blade Dance","floor":2.0},{"not_picked":["Dash","Concentrate","Outmaneuver"],"picked":"SKIP","floor":5.0},{"not_picked":["All Out Attack","Infinite Blades"],"picked":"Acrobatics","floor":7.0},{"not_picked":["Dagger Throw","Slice"],"picked":"Escape Plan","floor":10.0},{"not_picked":["Masterful Stab","Expertise","Tools of the Trade"],"picked":"SKIP","floor":13.0},{"not_picked":["Phantasmal Killer","Unload"],"picked":"Grand Finale","floor":16},{"not_picked":["Skewer+1","Dash","Flying Knee"],"picked":"SKIP","floor":18},{"not_picked":["Blade Dance","Riddle With Holes","Escape Plan"],"picked":"SKIP","floor":20},{"not_picked":["Outmaneuver","Predator","Sucker Punch"],"picked":"SKIP","floor":22},{"not_picked":["Bane","PiercingWail"],"picked":"Prepared","floor":24},{"not_picked":["Backflip+1","Predator","Dagger Throw"],"picked":"SKIP","floor":28},{"not_picked":["Flechettes","Blade Dance+1","Envenom"],"picked":"SKIP","floor":29},{"not_picked":["Bouncing Flask+1","Slice"],"picked":"Dodge and Roll+1","floor":30},{"not_picked":["A Thousand Cuts","Doppelganger+1"],"picked":"Adrenaline+1","floor":33},{"not_picked":["Blade Dance+1","Poisoned Stab+1"],"picked":"PiercingWail+1","floor":35},{"not_picked":["Bane+1","Flying Knee","Blade Dance+1"],"picked":"SKIP","floor":37},{"not_picked":["Setup+1","Infinite Blades+1","Quick Slash"],"picked":"SKIP","floor":38},{"not_picked":["Enlightenment+1","Transmutation+1"],"picked":"Flash of Steel","floor":39},{"not_picked":["Bandage Up+1","Swift Strike"],"picked":"Flash of Steel","floor":39},{"not_picked":["Bane+1","Terror+1","Distraction+1"],"picked":"SKIP","floor":40},{"not_picked":["Deflect+1","Footwork","Endless Agony+1"],"picked":"SKIP","floor":44},{"not_picked":["Acrobatics+1","Deadly Poison+1"],"picked":"Backflip+1","floor":47},{"not_picked":["Well Laid Plans","Calculated Gamble+1","Concentrate+1"],"picked":"SKIP","floor":48},{"not_picked":["Backstab","Expertise+1","Bouncing Flask+1"],"picked":"SKIP","floor":55}],"player_experience":1143251,"relics_obtained":[{"floor":10.0,"key":"Calipers"},{"floor":24,"key":"Red Mask"},{"floor":26,"key":"Toxic Egg 2"},{"floor":27,"key":"Pantograph"},{"floor":40,"key":"Thread and Needle"},{"floor":43,"key":"Mummified Hand"},{"floor":44,"key":"Omamori"},{"floor":47,"key":"Smiling Mask"},{"floor":55,"key":"Bronze Scales"}],"event_choices":[{"damage_healed":0.0,"max_hp_gain":0.0,"max_hp_loss":6.0,"gold_gain":0.0,"event_name":"Golden Idol","player_choice":"Lose Max HP","floor":3.0,"gold_loss":0.0,"damage_taken":0.0,"relics_obtained":["Golden Idol"]},{"damage_healed":0.0,"max_hp_gain":5.0,"max_hp_loss":0.0,"gold_gain":0.0,"event_name":"Big Fish","player_choice":"Donut","floor":12.0,"gold_loss":0.0,"damage_taken":0.0},{"damage_healed":0.0,"max_hp_gain":0.0,"max_hp_loss":0.0,"gold_gain":0.0,"event_name":"Liars Game","player_choice":"Ignored","floor":14.0,"gold_loss":0.0,"damage_taken":0.0},{"damage_healed":0,"gold_gain":50,"player_choice":"Stole From Cult","damage_taken":0,"max_hp_gain":0,"max_hp_loss":0,"event_name":"Nest","floor":19,"gold_loss":0},{"damage_healed":0,"gold_gain":0,"player_choice":"Obtained Relic","damage_taken":0,"relics_obtained":["Kunai"],"max_hp_gain":0,"max_hp_loss":0,"event_name":"Addict","floor":21,"gold_loss":85},{"damage_healed":0,"gold_gain":0,"player_choice":"Fought Bandits","damage_taken":0,"max_hp_gain":0,"max_hp_loss":0,"event_name":"Masked Bandits","floor":24,"gold_loss":0},{"damage_healed":0,"gold_gain":0,"player_choice":"Memory 3","damage_taken":10,"max_hp_gain":0,"max_hp_loss":0,"event_name":"SensoryStone","floor":39,"gold_loss":0},{"damage_healed":0,"gold_gain":222,"player_choice":"Wore Mask","damage_taken":0,"max_hp_gain":0,"max_hp_loss":0,"event_name":"Tomb of Lord Red Mask","floor":41,"gold_loss":0}],"is_beta":false,"boss_relics":[{"not_picked":["Busted Crown","Sozu"],"picked":"Runic Pyramid"},{"not_picked":["SlaversCollar","Cursed Key"],"picked":"HoveringKite"}],"items_purged_floors":[4,31,36,45,54],"is_endless":false,"potions_floor_spawned":[1,2,10,16,22,28,33,37,38,40,48],"ascension_level":20}}