{"host":"f6w7z8zvb0mi4wy9","time":1613564376,"event":{"mods":["BaseMod","Colored Map","Minty Spire (QoL Compilation)","READ ME - Guardian Mod","StSLib","SuperFastMode","The Jungle"],"gold_per_floor":[110,110,285,87,87,87,121,132,155,170,201,26,45,55,55,155,155,175,175,175,189,38,66,14,43,43,78,94,113,25,25,25,129,129,145,60,73,85,133,133,167,184,207,237,237,265,265,81,81,81,81,81,8,35,35,35],"floor_reached":55,"language":"KOR","playtime":1703,"items_purged":["Doubt"],"score":938,"play_id":"5d60ef67-cc20-4ae8-96d3-e345afe7b9df","local_time":"20210217211936","is_ascension_mode":true,"campfire_choices":[{"data":"Zap","floor":6.0,"key":"SMITH"},{"floor":15.0,"key":"REST"},{"data":"Beam Cell","floor":32.0,"key":"SMITH"},{"floor":40,"key":"REST"},{"floor":45,"key":"REST"},{"floor":47,"key":"RECALL"},{"data":"Deep Breath","floor":49,"key":"SMITH"},{"data":"Seek","floor":52,"key":"SMITH"}],"circlet_count":0,"master_deck":["Zap+1","Dualcast+1","Gash","White Noise+1","Flash of Steel","Static Discharge","Sweeping Beam","Go for the Eyes","Streamline","Beam Cell+1","Steam","Glacier","Seek+1","Seek","Steam","Scrape+1","Go for the Eyes","Beam Cell","Beam Cell","Flash of Steel","Buffer","Amplify","FTL","Streamline","Tempest","Beam Cell+1","Deep Breath+1","Core Surge","Steam+1","Scrape+1","Capacitor+1","Cold Snap+1","BootSequence","Master of Strategy","All For One","Cold Snap+1"],"relics":["Cracked Core","NeowsBlessing","Lizard Tail","Regal Pillow","Bronze Scales","Boot","War Paint","Empty Cage","Ice Cream","Art of War","Potion Belt","MealTicket","Blue Candle","Ornamental Fan","Pandora\u0027s Box","Prayer Wheel","Thread and Needle","PreservedInsect","Bag of Marbles","Incense Burner","Blood Vial"],"acts_visited":["Exordium","TheCity","TheBeyond","TheEnding"],"potions_floor_usage":[39,44,44,54,55,55,55],"damage_taken":[{"damage":0.0,"enemies":"Cultist","floor":1.0,"turns":1.0},{"damage":0.0,"enemies":"Lagavulin","floor":7.0,"turns":1.0},{"damage":0.0,"enemies":"Jaw Worm","floor":8.0,"turns":1.0},{"damage":5.0,"enemies":"Small Slimes","floor":10.0,"turns":2.0},{"damage":16.0,"enemies":"Gremlin Nob","floor":11.0,"turns":3.0},{"damage":12.0,"enemies":"Blue Slaver","floor":13.0,"turns":2.0},{"damage":8.0,"enemies":"Red Slaver","floor":14.0,"turns":2.0},{"damage":25.0,"enemies":"Hexaghost","floor":16.0,"turns":6.0},{"damage":3.0,"enemies":"Shell Parasite","floor":18.0,"turns":4.0},{"damage":0.0,"enemies":"3 Byrds","floor":21.0,"turns":3.0},{"damage":12.0,"enemies":"Book of Stabbing","floor":23.0,"turns":5.0},{"damage":11.0,"enemies":"Gremlin Leader","floor":25.0,"turns":9.0},{"damage":9.0,"enemies":"Book of Stabbing","floor":27.0,"turns":4.0},{"damage":0.0,"enemies":"Sentry and Sphere","floor":28.0,"turns":4.0},{"damage":14.0,"enemies":"Snecko","floor":29.0,"turns":5.0},{"damage":29.0,"enemies":"Collector","floor":33.0,"turns":9.0},{"damage":5.0,"enemies":"3 Shapes","floor":35.0,"turns":3.0},{"damage":19.0,"enemies":"3 Darklings","floor":37.0,"turns":3.0},{"damage":16,"enemies":"Jaw Worm Horde","floor":38,"turns":3},{"damage":27,"enemies":"2 Orb Walkers","floor":39,"turns":5},{"damage":34,"enemies":"Giant Head","floor":41,"turns":8},{"damage":0,"enemies":"Spire Growth","floor":42,"turns":4},{"damage":19,"enemies":"Reptomancer","floor":44,"turns":5},{"damage":0,"enemies":"Giant Head","floor":46,"turns":6},{"damage":75,"enemies":"Time Eater","floor":50,"turns":13},{"damage":34,"enemies":"Shield and Spear","floor":54,"turns":4},{"damage":45,"enemies":"The Heart","floor":55,"turns":3}],"seed_played":"-3771987106749271428","potions_obtained":[{"floor":8.0,"key":"DistilledChaos"},{"floor":11.0,"key":"LiquidBronze"},{"floor":13.0,"key":"Explosive Potion"},{"floor":14.0,"key":"Energy Potion"},{"floor":25.0,"key":"FearPotion"},{"floor":27.0,"key":"FearPotion"},{"floor":29.0,"key":"FairyPotion"},{"floor":35.0,"key":"EssenceOfSteel"},{"floor":41,"key":"GamblersBrew"},{"floor":46,"key":"Ancient Potion"},{"floor":54,"key":"CultistPotion"}],"is_trial":false,"path_per_floor":["M","?","?","$","?","R","E","M","T","M","E","$","M","M","R","B",null,"M","T","?","M","$","E","$","E","T","E","M","M","$","?","R","B",null,"M","$","M","M","?","R","E","M","T","E","R","E","R","$","R","B",null,"R","$","E","B"],"character_chosen":"DEFECT","items_purchased":["White Noise","Flash of Steel","War Paint","Beam Cell","Potion Belt","Steam","Flash of Steel","Deep Breath","Master of Strategy","All For One"],"campfire_rested":3,"item_purchase_floors":[4,4,12,12,22,24,30,36,48,53],"current_hp_per_floor":[75,63,63,63,56,56,56,56,56,51,35,35,23,15,52,27,75,72,72,72,72,72,60,75,64,64,55,55,41,56,56,56,27,75,70,75,56,40,13,50,16,16,16,22,59,59,59,74,74,37,75,75,75,41,0,0],"gold":35,"neow_bonus":"THREE_ENEMY_KILL","is_daily":false,"chose_seed":false,"campfire_upgraded":4,"win_rate":0.0,"timestamp":1613564376,"path_taken":["M","?","?","$","?","R","E","M","T","M","E","?","?","M","R","BOSS","M","?","?","M","$","E","$","E","T","E","M","M","?","?","R","BOSS","M","$","M","?","?","R","E","M","T","E","R","E","R","$","R","BOSS","R","$","E","BOSS"],"items_purchased_type":["Card","Card","Relic","Card","Relic","Card","Card","Card","Card","Card"],"build_version":"2020-12-22","purchased_purges":1,"victory":false,"max_hp_per_floor":[75,75,75,75,75,75,75,75,75,75,75,75,75,75,75,75,75,75,75,75,75,75,75,75,75,75,75,75,75,75,75,75,75,75,75,75,75,75,75,75,75,75,75,75,75,75,75,75,75,75,75,75,75,75,75,75],"card_choices":[{"not_picked":["Ball Lightning","Glacier"],"picked":"Gash","floor":1.0},{"not_picked":["Redo","Steam Power"],"picked":"Static Discharge","floor":7.0},{"not_picked":["Recycle","Hologram"],"picked":"Sweeping Beam","floor":8.0},{"not_picked":["Storm","Conserve Battery"],"picked":"Go for the Eyes","floor":10.0},{"not_picked":["Compile Driver","Sunder"],"picked":"Streamline","floor":11.0},{"not_picked":["Barrage","Cold Snap"],"picked":"Steam","floor":13.0},{"not_picked":["Recycle","Redo"],"picked":"Glacier","floor":14.0},{"not_picked":["Fission","Multi-Cast"],"picked":"Seek","floor":16.0},{"not_picked":["Sweeping Beam","Auto Shields","Leap"],"picked":"SKIP","floor":18.0},{"not_picked":["Sweeping Beam","Redo","Streamline"],"picked":"SKIP","floor":21.0},{"not_picked":["Streamline","Redo+1"],"picked":"Seek","floor":23.0},{"not_picked":["Loop+1","Turbo"],"picked":"Scrape+1","floor":25.0},{"not_picked":["Steam","Force Field"],"picked":"Go for the Eyes","floor":27.0},{"not_picked":["Go for the Eyes","Multi-Cast"],"picked":"Beam Cell","floor":28.0},{"not_picked":["Genetic Algorithm+1","Compile Driver+1"],"picked":"Beam Cell","floor":29.0},{"not_picked":["Biased Cognition","Meteor Strike"],"picked":"Buffer","floor":33.0},{"not_picked":["Static Discharge","Go for the Eyes"],"picked":"Beam Cell+1","floor":35.0},{"not_picked":["Streamline","Compile Driver+1"],"picked":"Core Surge","floor":37},{"not_picked":["Redo","Rebound+1","Aggregate"],"picked":"SKIP","floor":38},{"not_picked":["Force Field","Leap"],"picked":"Steam+1","floor":39},{"not_picked":["Steam","Conserve Battery+1"],"picked":"Scrape+1","floor":41},{"not_picked":["Aggregate+1","Cold Snap+1"],"picked":"Capacitor+1","floor":42},{"not_picked":["Amplify","Redo+1"],"picked":"Cold Snap+1","floor":42},{"not_picked":["Leap","Streamline+1","Compile Driver"],"picked":"SKIP","floor":44},{"not_picked":["Buffer","Go for the Eyes+1"],"picked":"BootSequence","floor":46},{"not_picked":["Rebound+1","Beam Cell"],"picked":"Cold Snap+1","floor":54}],"player_experience":945053,"relics_obtained":[{"floor":7.0,"key":"Regal Pillow"},{"floor":9.0,"key":"Bronze Scales"},{"floor":11.0,"key":"Boot"},{"floor":19.0,"key":"Ice Cream"},{"floor":23.0,"key":"MealTicket"},{"floor":25.0,"key":"Blue Candle"},{"floor":27.0,"key":"Ornamental Fan"},{"floor":39,"key":"Prayer Wheel"},{"floor":41,"key":"Thread and Needle"},{"floor":43,"key":"PreservedInsect"},{"floor":44,"key":"Bag of Marbles"},{"floor":46,"key":"Incense Burner"},{"floor":54,"key":"Blood Vial"}],"event_choices":[{"damage_healed":0.0,"max_hp_gain":0.0,"max_hp_loss":0.0,"gold_gain":0.0,"event_name":"Scrap Ooze","player_choice":"Success","floor":2.0,"gold_loss":0.0,"damage_taken":12.0,"relics_obtained":["Lizard Tail"]},{"damage_healed":0.0,"max_hp_gain":0.0,"max_hp_loss":0.0,"gold_gain":175.0,"event_name":"Liars Game","player_choice":"AGREE","floor":3.0,"gold_loss":0.0,"damage_taken":0.0,"cards_obtained":["Doubt"]},{"cards_removed":["Strike_B"],"damage_healed":0.0,"max_hp_gain":0.0,"max_hp_loss":0.0,"gold_gain":0.0,"event_name":"Golden Wing","player_choice":"Card Removal","floor":5.0,"gold_loss":0.0,"damage_taken":7.0},{"damage_healed":0.0,"max_hp_gain":0.0,"max_hp_loss":0.0,"gold_gain":0.0,"event_name":"The Mausoleum","player_choice":"Opened","floor":20.0,"gold_loss":0.0,"damage_taken":0.0,"relics_obtained":["Art of War"]},{"cards_removed":["Strike_B"],"damage_healed":0.0,"max_hp_gain":0.0,"max_hp_loss":0.0,"gold_gain":0.0,"event_name":"Purifier","player_choice":"Purged","floor":31.0,"gold_loss":0.0,"damage_taken":0.0},{"damage_healed":0,"gold_gain":0,"player_choice":"Fight","damage_taken":0,"max_hp_gain":0,"max_hp_loss":0,"event_name":"Mysterious Sphere","floor":39,"gold_loss":0}],"is_beta":false,"boss_relics":[{"not_picked":["Fusion Hammer","Cursed Key"],"picked":"Empty Cage"},{"not_picked":["Snecko Eye","Runic Dome"],"picked":"Pandora\u0027s Box"}],"items_purged_floors":[4],"is_endless":false,"potions_floor_spawned":[8,11,13,14,25,27,29,35,41,46,54],"killed_by":"The Heart","ascension_level":1}}