{"host":"iobm78zec1kjanqy","time":1613601042,"event":{"mods":["Act Like it!","Aspiration","BaseMod","Better Third Choice","BetterRewards","Halation","Hermit","Highlight Path","Hubris","Koishi","Marisa????????","Minty Spire (QoL Compilation)","MonsterHotkey","Pale of the Ancients","Permanent Neow","Quick Restart","Relic Filter","Relic Sorter","Relic Stats","Shop Mod","Spikes Relics","StSLib","SuperFastMode","The Bug Knight","The Florist","The Gatherer","Uncapped","thorton"],"gold_per_floor":[117,117,129,143,162,162,162,162],"floor_reached":7,"language":"ENG","playtime":398,"items_purged":[],"score":43,"play_id":"607e6553-425b-4d7e-aa5c-13472a5ed428","local_time":"20210217163042","is_ascension_mode":false,"campfire_choices":[{"data":"hermit:Dive","floor":6,"key":"SMITH"}],"circlet_count":0,"master_deck":["hermit:Strike_Hermit+1","hermit:Strike_Hermit","hermit:Strike_Hermit","hermit:Defend_Hermit+1","hermit:Defend_Hermit","hermit:Defend_Hermit","hermit:Snapshot","hermit:Covet","hermit:Snipe","hermit:BigShot","hermit:TrackingShot","hermit:Dive+1"],"relics":["hermit:Momento"],"acts_visited":["Exordium"],"potions_floor_usage":[],"damage_taken":[{"damage":2,"enemies":"2 Louse","floor":1,"turns":3},{"damage":3,"enemies":"Small Slimes","floor":3,"turns":3},{"damage":6,"enemies":"Jaw Worm","floor":4,"turns":3},{"damage":10,"enemies":"Exordium Thugs","floor":5,"turns":4},{"damage":23,"enemies":"3 Sentries","floor":7,"turns":3}],"seed_played":"-1540756545290219834","potions_obtained":[{"floor":5,"key":"ColorlessPotion"}],"is_trial":false,"path_per_floor":["M","?","M","M","M","R","E"],"character_chosen":"HERMIT","items_purchased":[],"campfire_rested":0,"item_purchase_floors":[],"current_hp_per_floor":[52,37,34,28,18,18,0,0],"gold":162,"neow_bonus":"REMOVE_TWO","is_daily":false,"chose_seed":false,"campfire_upgraded":1,"win_rate":0.0,"timestamp":1613601042,"path_taken":["M","?","M","M","M","R","E"],"items_purchased_type":[],"build_version":"2020-12-22","purchased_purges":0,"victory":false,"max_hp_per_floor":[75,75,75,75,75,75,75,75],"relic_stats":{"counters":[30,105],"obtain_stats":[{"hubris:DisguiseKit":30,"aspiration:Lifesprig":6,"Pear":24,"Vajra":0,"Oddly Smooth Stone":40,"HollowMod:VesselMask":0,"Orichalcum":0,"halation:Prosthetics":17,"halation:StarCompass":36,"HollowMod:KingsBrand":39,"Calling Bell":34,"Centennial Puzzle":9,"Shuriken":8,"Sundial":27,"hubris:BundleOfHerbs":34,"SpikesRelics:DaevaFist":34,"Kunai":0,"halation:LettersToHer":13,"LugNut":34},{"hubris:DisguiseKit":18,"aspiration:Lifesprig":5,"Pear":14,"Vajra":0,"Oddly Smooth Stone":23,"HollowMod:VesselMask":0,"Orichalcum":0,"halation:Prosthetics":10,"halation:StarCompass":21,"HollowMod:KingsBrand":22,"Calling Bell":20,"Centennial Puzzle":6,"Shuriken":6,"Sundial":15,"hubris:BundleOfHerbs":20,"SpikesRelics:DaevaFist":20,"Kunai":0,"halation:LettersToHer":8,"LugNut":20},{"hubris:DisguiseKit":54,"aspiration:Lifesprig":14,"Pear":39,"Vajra":0,"Oddly Smooth Stone":78,"HollowMod:VesselMask":0,"Orichalcum":0,"halation:Prosthetics":27,"halation:StarCompass":69,"HollowMod:KingsBrand":73,"Calling Bell":63,"Centennial Puzzle":17,"Shuriken":17,"Sundial":44,"hubris:BundleOfHerbs":63,"SpikesRelics:DaevaFist":63,"Kunai":0,"halation:LettersToHer":21,"LugNut":63}]},"card_choices":[{"not_picked":["hermit:HighCaliber","hermit:Midnight"],"picked":"hermit:Snipe","floor":1},{"not_picked":["hermit:ItchyTrigger","hermit:Quickdraw"],"picked":"hermit:BigShot","floor":3},{"not_picked":["hermit:Glare","hermit:BodyArmor"],"picked":"hermit:TrackingShot","floor":4},{"not_picked":["hermit:Showdown","hermit:Brawl"],"picked":"hermit:Dive","floor":5}],"player_experience":176166,"relics_obtained":[],"event_choices":[{"damage_healed":52,"gold_gain":0,"player_choice":"Upgrade","damage_taken":15,"max_hp_gain":0,"max_hp_loss":75,"event_name":"betterThird:BetterShining","floor":2,"gold_loss":0,"cards_upgraded":["hermit:Strike_Hermit","hermit:Defend_Hermit"]}],"is_beta":false,"boss_relics":[],"items_purged_floors":[],"is_endless":false,"potions_floor_spawned":[5],"killed_by":"3 Sentries","ascension_level":0}}