{"host":"ocllwaoi18j60ltd","time":1613562675,"event":{"mods":["BaseMod","DeckTracker","Minty Spire (QoL Compilation)","Permanent Neow","Quick Restart","StSLib","SuperFastMode"],"gold_per_floor":[119,119,132,151,151,177,177,206,254,267,267,31,57,57,57,153,153,169,169,189,210,210,251,8,8,8,43,43,43,56,76,76,172,172,193,173,191,247,247,288,288,311,311,142,142,163,63,77,77,77,77,77],"floor_reached":51,"language":"KOR","playtime":1892,"items_purged":["Machine Learning","Defend_B","Defend_B"],"score":1516,"play_id":"b27992e4-aae1-4928-be7b-17d9f49edb9c","local_time":"20210217205115","is_ascension_mode":true,"campfire_choices":[{"floor":7,"key":"REST"},{"data":"Dualcast","floor":11,"key":"SMITH"},{"data":"Defragment","floor":15,"key":"SMITH"},{"data":"Consume","floor":25,"key":"SMITH"},{"floor":28,"key":"REST"},{"data":"Coolheaded","floor":32,"key":"SMITH"},{"floor":41,"key":"RECALL"},{"data":"Coolheaded","floor":49,"key":"SMITH"}],"circlet_count":0,"master_deck":["AscendersBane","Defend_B","Defend_B","Zap","Dualcast+1","Cold Snap","Auto Shields","Self Repair","Doom and Gloom","Compile Driver","Defragment+1","Ball Lightning","Multi-Cast","Defragment","Consume+1","BootSequence","Coolheaded+1","Necronomicurse","Redo","Buffer+1","Turbo","Undo","Coolheaded+1","Hologram","Parasite"],"relics":["Cracked Core","Mercury Hourglass","Blood Vial","PreservedInsect","Runic Capacitor","Regal Pillow","Golden Idol","Nuclear Battery","Sundial","Lee\u0027s Waffle","The Courier","Ancient Tea Set","Necronomicon","Busted Crown","Unceasing Top","Juzu Bracelet","Dead Branch"],"acts_visited":["Exordium","TheCity","TheBeyond"],"potions_floor_usage":[8,16,38,42,48],"damage_taken":[{"damage":1,"enemies":"Cultist","floor":1,"turns":4},{"damage":3,"enemies":"2 Louse","floor":3,"turns":3},{"damage":0,"enemies":"Small Slimes","floor":4,"turns":3},{"damage":31,"enemies":"Lagavulin","floor":6,"turns":10},{"damage":23,"enemies":"Gremlin Nob","floor":8,"turns":4},{"damage":1,"enemies":"Exordium Thugs","floor":10,"turns":4},{"damage":14,"enemies":"Lagavulin","floor":13,"turns":5},{"damage":0,"enemies":"Slime Boss","floor":16,"turns":7},{"damage":16,"enemies":"Chosen","floor":18,"turns":4},{"damage":17,"enemies":"3 Byrds","floor":20,"turns":4},{"damage":27,"enemies":"Snake Plant","floor":21,"turns":4},{"damage":16,"enemies":"Gremlin Leader","floor":23,"turns":5},{"damage":47,"enemies":"Slavers","floor":27,"turns":6},{"damage":1,"enemies":"Centurion and Healer","floor":30,"turns":4},{"damage":13,"enemies":"Sentry and Sphere","floor":31,"turns":4},{"damage":69,"enemies":"Collector","floor":33,"turns":8},{"damage":0,"enemies":"3 Shapes","floor":35,"turns":3},{"damage":0,"enemies":"Orb Walker","floor":37,"turns":4},{"damage":28,"enemies":"2 Orb Walkers","floor":38,"turns":3},{"damage":0,"enemies":"Reptomancer","floor":40,"turns":6},{"damage":0,"enemies":"3 Darklings","floor":42,"turns":3},{"damage":0,"enemies":"Spire Growth","floor":46,"turns":5},{"damage":18,"enemies":"Writhing Mass","floor":48,"turns":4},{"damage":43,"enemies":"Awakened One","floor":50,"turns":14},{"damage":37,"enemies":"Donu and Deca","floor":51,"turns":3}],"seed_played":"2943984728003982764","potions_obtained":[{"floor":6,"key":"FearPotion"},{"floor":8,"key":"AttackPotion"},{"floor":10,"key":"FairyPotion"},{"floor":16,"key":"DuplicationPotion"},{"floor":27,"key":"Ancient Potion"},{"floor":35,"key":"Ancient Potion"},{"floor":36,"key":"LiquidMemories"},{"floor":40,"key":"LiquidMemories"}],"is_trial":false,"path_per_floor":["M","?","M","M","?","E","R","E","T","M","R","$","E","?","R","B",null,"M","?","M","M","?","E","$","R","T","E","R","?","M","M","R","B",null,"M","?","M","?","?","E","R","M","T","$","?","M","$","M","R","B","B"],"character_chosen":"DEFECT","items_purchased":["Defragment","Runic Capacitor","Lee\u0027s Waffle","Coolheaded","Hologram"],"campfire_rested":2,"item_purchase_floors":[12,12,24,44,44],"current_hp_per_floor":[63,68,65,65,58,34,56,40,40,48,48,48,43,43,43,52,65,58,58,50,32,32,25,76,76,76,36,73,52,60,49,49,29,64,73,73,76,55,55,64,64,73,73,73,73,76,76,65,65,31,0,0],"gold":77,"neow_bonus":"REMOVE_CARD","is_daily":false,"chose_seed":false,"campfire_upgraded":5,"win_rate":0.0,"timestamp":1613562675,"path_taken":["M","?","M","M","?","E","R","E","T","M","R","$","E","?","R","BOSS","M","?","M","?","?","E","$","R","T","E","R","?","M","M","R","BOSS","M","?","?","?","?","E","R","M","T","$","?","M","?","M","R","BOSS","BOSS"],"items_purchased_type":["Card","Relic","Relic","Card","Card"],"build_version":"2020-12-22","purchased_purges":3,"victory":false,"max_hp_per_floor":[71,76,76,76,76,76,76,76,76,76,76,76,76,69,69,69,69,69,69,69,69,69,69,76,76,76,76,76,76,76,76,76,76,76,76,76,76,76,76,76,76,76,76,76,76,76,76,76,76,76,76,76],"card_choices":[{"not_picked":["Gash","Rebound"],"picked":"Cold Snap","floor":1},{"not_picked":["Rebound","Beam Cell"],"picked":"Auto Shields","floor":3},{"not_picked":["Storm","Beam Cell"],"picked":"Self Repair","floor":4},{"not_picked":["Hologram","Steam"],"picked":"Doom and Gloom","floor":6},{"not_picked":["Steam","Turbo"],"picked":"Compile Driver","floor":8},{"not_picked":["Cold Snap","Lockon","Barrage"],"picked":"SKIP","floor":10},{"not_picked":["Sweeping Beam","Conserve Battery"],"picked":"Ball Lightning","floor":13},{"not_picked":["Reboot","Thunder Strike"],"picked":"Multi-Cast","floor":16},{"not_picked":["Turbo","Ball Lightning"],"picked":"Defragment","floor":18},{"not_picked":["Compile Driver","Cold Snap"],"picked":"Consume","floor":20},{"not_picked":["Genetic Algorithm","Sweeping Beam"],"picked":"White Noise","floor":21},{"not_picked":["Leap","Conserve Battery"],"picked":"Coolheaded","floor":23},{"not_picked":["Auto Shields","Gash","Lockon"],"picked":"SKIP","floor":27},{"not_picked":["Rebound","Auto Shields"],"picked":"Redo","floor":30},{"not_picked":["Compile Driver","Gash+1","BootSequence"],"picked":"SKIP","floor":31},{"not_picked":["Seek","Meteor Strike"],"picked":"Buffer","floor":33},{"not_picked":["Beam Cell+1"],"picked":"SKIP","floor":35},{"not_picked":["Sweeping Beam"],"picked":"SKIP","floor":37},{"not_picked":[],"picked":"Turbo","floor":38},{"not_picked":["Meteor Strike"],"picked":"SKIP","floor":40},{"not_picked":[],"picked":"Undo","floor":42},{"not_picked":["Redo+1"],"picked":"SKIP","floor":46},{"not_picked":["Go for the Eyes"],"picked":"SKIP","floor":48}],"player_experience":847512,"relics_obtained":[{"floor":6,"key":"Mercury Hourglass"},{"floor":8,"key":"Blood Vial"},{"floor":9,"key":"PreservedInsect"},{"floor":13,"key":"Regal Pillow"},{"floor":23,"key":"Sundial"},{"floor":26,"key":"The Courier"},{"floor":27,"key":"Ancient Tea Set"},{"floor":29,"key":"Necronomicon"},{"floor":38,"key":"Unceasing Top"},{"floor":40,"key":"Juzu Bracelet"}],"event_choices":[{"damage_healed":0,"gold_gain":0,"player_choice":"Donut","damage_taken":0,"max_hp_gain":5,"max_hp_loss":0,"event_name":"Big Fish","floor":2,"gold_loss":0},{"cards_removed":["Strike_B"],"damage_healed":0,"gold_gain":0,"player_choice":"Card Removal","damage_taken":7,"max_hp_gain":0,"max_hp_loss":0,"event_name":"Golden Wing","floor":5,"gold_loss":0},{"damage_healed":0,"gold_gain":0,"player_choice":"Lose Max HP","damage_taken":0,"relics_obtained":["Golden Idol"],"max_hp_gain":0,"max_hp_loss":7,"event_name":"Golden Idol","floor":14,"gold_loss":0},{"damage_healed":0,"gold_gain":0,"player_choice":"0 cards matched","damage_taken":0,"max_hp_gain":0,"max_hp_loss":0,"event_name":"Match and Keep!","floor":19,"gold_loss":0,"cards_obtained":[]},{"damage_healed":0,"gold_gain":0,"cards_transformed":["Strike_B","Strike_B"],"player_choice":"Became Test Subject","damage_taken":0,"max_hp_gain":0,"max_hp_loss":0,"event_name":"Drug Dealer","floor":22,"gold_loss":0,"cards_obtained":["Machine Learning","BootSequence"]},{"damage_healed":0,"gold_gain":0,"player_choice":"Obtained Book","damage_taken":21,"max_hp_gain":0,"max_hp_loss":0,"event_name":"Cursed Tome","floor":29,"gold_loss":0},{"damage_healed":0,"gold_gain":0,"player_choice":"Bought 1 Potion","damage_taken":0,"max_hp_gain":0,"max_hp_loss":0,"event_name":"The Woman in Blue","floor":36,"gold_loss":0},{"damage_healed":0,"gold_gain":0,"player_choice":"Fight","damage_taken":0,"max_hp_gain":0,"max_hp_loss":0,"event_name":"Mysterious Sphere","floor":38,"gold_loss":0},{"damage_healed":0,"gold_gain":0,"player_choice":"Forge","damage_taken":0,"max_hp_gain":0,"max_hp_loss":0,"event_name":"Accursed Blacksmith","floor":39,"gold_loss":0,"cards_upgraded":["Buffer"]},{"cards_removed":["White Noise"],"damage_healed":0,"gold_gain":0,"player_choice":"Gave Card","damage_taken":0,"relics_obtained":["Dead Branch"],"max_hp_gain":0,"max_hp_loss":0,"event_name":"WeMeetAgain","floor":45,"gold_loss":0}],"is_beta":false,"boss_relics":[{"not_picked":["Fusion Hammer","Pandora\u0027s Box"],"picked":"Nuclear Battery"},{"not_picked":["Velvet Choker","Inserter"],"picked":"Busted Crown"}],"items_purged_floors":[24,44,47],"is_endless":false,"potions_floor_spawned":[6,8,10,16,21,27,35,37,40],"killed_by":"Donu and Deca","ascension_level":20}}