{"host":"0k7350af1t8odskw","time":1613590943,"event":{"mods":["AchievementEnabler","BaseMod","Better Vampires","BetterRewards","Colored Map","Downfall","Highlight Path","Hubris","Lobotomy","Marisa£®ÏF”Í°°ƒß¿Ì…≥£©","Minty Spire (QoL Compilation)","Quick Restart","Replay The Spire","Shop Mod","StSLib","The Administrix","The Death Knight","The Runesmith","Youmu£®ªÍ∆«—˝√Œ£©"],"gold_per_floor":[118,129,141,160,160,160,160,160],"floor_reached":7,"language":"ZHS","playtime":573,"items_purged":["Defend_G"],"score":49,"play_id":"f46159b2-70d4-4020-ba14-e122583b145a","local_time":"20210217114223","is_ascension_mode":true,"campfire_choices":[{"data":"Prepared","floor":6,"key":"SMITH"}],"circlet_count":0,"master_deck":["Strike_G","Strike_G","Strike_G","Strike_G","Strike_G","Defend_G","Defend_G","Defend_G","Defend_G","Survivor","Neutralize","Noxious Fumes+1","Poisoned Stab+1","Prepared+1","Setup","hubris:SlightOfHand","Deadly Poison","Dagger Throw","Acrobatics"],"relics":["Ring of the Snake","Runesmith:Nanobots","hubris:Potato","Guide Book"],"acts_visited":["Exordium"],"potions_floor_usage":[],"damage_taken":[{"damage":0,"enemies":"Small Slimes","floor":1,"turns":2},{"damage":5,"enemies":"Jaw Worm","floor":2,"turns":3},{"damage":0,"enemies":"2 Louse","floor":3,"turns":2},{"damage":14,"enemies":"Lots of Slimes","floor":4,"turns":4},{"damage":24,"enemies":"Gremlin Nob","floor":7,"turns":3}],"seed_played":"-5075149965959290948","potions_obtained":[{"floor":3,"key":"SmokeBomb"},{"floor":4,"key":"FearPotion"}],"is_trial":false,"path_per_floor":["M","M","M","M","?","R","E"],"character_chosen":"THE_SILENT","items_purchased":["Runesmith:Nanobots","Noxious Fumes","Poisoned Stab","Guide Book","Prepared","Setup"],"campfire_rested":0,"item_purchase_floors":[0,0,0,0,0,0],"current_hp_per_floor":[38,33,33,19,19,19,0,0],"gold":160,"neow_bonus":"","is_daily":false,"chose_seed":false,"campfire_upgraded":1,"win_rate":0.0,"timestamp":1613590943,"path_taken":["M","M","M","M","?","R","E"],"items_purchased_type":["Relic","Card","Card","Relic","Card","Card"],"build_version":"2020-12-22","purchased_purges":1,"victory":false,"max_hp_per_floor":[70,70,70,70,70,70,70,70],"card_choices":[{"not_picked":["Dodge and Roll","Concentrate"],"picked":"hubris:SlightOfHand","floor":1},{"not_picked":["Cloak And Dagger","Flechettes"],"picked":"Deadly Poison","floor":2},{"not_picked":["All Out Attack","Setup"],"picked":"Dagger Throw","floor":3},{"not_picked":["Cloak And Dagger","Dagger Throw"],"picked":"Acrobatics","floor":4}],"player_experience":176261,"relics_obtained":[],"event_choices":[{"damage_healed":0,"gold_gain":0,"player_choice":"Ignored","damage_taken":0,"max_hp_gain":0,"max_hp_loss":0,"event_name":"Liars Game","floor":5,"gold_loss":0}],"is_beta":false,"boss_relics":[],"items_purged_floors":[0],"is_endless":false,"potions_floor_spawned":[3,4],"killed_by":"Gremlin Nob","ascension_level":3}}