{"host":"q8mjpf3krl0t4p3x","time":1613544820,"event":{"mods":["BaseMod","Colored Map","Colored Powertips","Googly Eyes","Minty Spire (QoL Compilation)","Quick Restart","StSLib","everything is the same but u backflip on backflip","slay the spire mod where everything is the same but ironclad has a cowboy hat"],"gold_per_floor":[116,134,153,229,229,229,30,56,83,98,98,109,132,142,142,142,142],"floor_reached":16,"language":"ENG","playtime":523,"items_purged":[],"score":179,"play_id":"ebbd122e-d910-4b66-a9d6-fdd2ac1100e1","local_time":"20210216225340","is_ascension_mode":true,"campfire_choices":[{"data":"Wild Strike","floor":6,"key":"SMITH"},{"data":"Headbutt","floor":15,"key":"SMITH"}],"circlet_count":0,"master_deck":["AscendersBane","Strike_R","Strike_R","Strike_R","Strike_R","Strike_R","Defend_R","Defend_R","Defend_R","Defend_R","Bash","Headbutt+1","Pommel Strike","Wild Strike+1","Shrug It Off","Headbutt+1","Shockwave"],"relics":["Burning Blood","Sling","Akabeko","Smiling Mask","Odd Mushroom"],"acts_visited":["Exordium"],"potions_floor_usage":[8,8],"damage_taken":[{"damage":15,"enemies":"Small Slimes","floor":1,"turns":4},{"damage":4,"enemies":"2 Louse","floor":2,"turns":3},{"damage":6,"enemies":"Cultist","floor":3,"turns":4},{"damage":12,"enemies":"Lagavulin","floor":8,"turns":3},{"damage":4,"enemies":"Large Slime","floor":10,"turns":5},{"damage":0,"enemies":"3 Louse","floor":12,"turns":2},{"damage":23,"enemies":"The Mushroom Lair","floor":13,"turns":4},{"damage":2,"enemies":"2 Fungi Beasts","floor":14,"turns":2},{"damage":46,"enemies":"The Guardian","floor":16,"turns":8}],"seed_played":"72445139860150953","potions_obtained":[{"floor":1,"key":"Swift Potion"},{"floor":2,"key":"Energy Potion"}],"is_trial":false,"path_per_floor":["M","M","M","?","?","R","$","E","T","M","?","M","?","M","R","B"],"character_chosen":"IRONCLAD","items_purchased":["Sling","Shrug It Off"],"campfire_rested":0,"item_purchase_floors":[7,7],"current_hp_per_floor":[66,68,68,68,68,68,68,62,62,64,64,70,53,57,57,11,11],"gold":142,"neow_bonus":"TEN_PERCENT_HP_BONUS","is_daily":false,"chose_seed":false,"campfire_upgraded":2,"win_rate":0.0,"timestamp":1613544820,"path_taken":["M","M","M","?","?","R","$","E","T","M","?","?","?","M","R","BOSS"],"items_purchased_type":["Relic","Card"],"build_version":"2020-12-22","purchased_purges":0,"victory":false,"max_hp_per_floor":[82,82,82,82,82,82,82,82,82,82,82,82,82,82,82,82,82],"card_choices":[{"not_picked":["Reckless Charge","Sentinel"],"picked":"Headbutt","floor":1},{"not_picked":["Feel No Pain","Thunderclap"],"picked":"Pommel Strike","floor":2},{"not_picked":["Flex","Clash"],"picked":"Wild Strike","floor":3},{"not_picked":["Warcry","Twin Strike","Perfected Strike"],"picked":"SKIP","floor":8},{"not_picked":["Warcry","Armaments"],"picked":"Headbutt","floor":10},{"not_picked":["Thunderclap","Ghostly Armor","Clash"],"picked":"SKIP","floor":12},{"not_picked":["Sword Boomerang","Pummel"],"picked":"Shockwave","floor":14}],"player_experience":191008,"relics_obtained":[{"floor":8,"key":"Akabeko"},{"floor":9,"key":"Smiling Mask"},{"floor":13,"key":"Odd Mushroom"}],"event_choices":[{"damage_healed":0,"gold_gain":76,"player_choice":"Gained Gold","damage_taken":0,"max_hp_gain":0,"max_hp_loss":0,"event_name":"Golden Wing","floor":4,"gold_loss":0},{"damage_healed":0,"gold_gain":0,"player_choice":"Ignored","damage_taken":0,"max_hp_gain":0,"max_hp_loss":0,"event_name":"Liars Game","floor":5,"gold_loss":0},{"damage_healed":0,"gold_gain":0,"player_choice":"Forge","damage_taken":0,"max_hp_gain":0,"max_hp_loss":0,"event_name":"Accursed Blacksmith","floor":11,"gold_loss":0,"cards_upgraded":["Headbutt"]},{"damage_healed":0,"gold_gain":0,"player_choice":"Fought Mushrooms","damage_taken":0,"max_hp_gain":0,"max_hp_loss":0,"event_name":"Mushrooms","floor":13,"gold_loss":0}],"is_beta":false,"boss_relics":[],"items_purged_floors":[],"is_endless":false,"potions_floor_spawned":[1,2,3],"killed_by":"The Guardian","ascension_level":15}}