{"host":"5wwct7e0z3l0f094","time":1613592049,"event":{"mods":["AchievementEnabler","BaseMod","Downfall","Highlight Path","Minty Spire (QoL Compilation)","StSLib","SuperFastMode"],"gold_per_floor":[118,130,130,58,133,133,158,11,11,338,354,368,368,383,383,481,481,501,112,112,130,143,143,143,171,219,171,171,196,196,210,210,305,305,321,321,371,371,384,410,410,442,442,442,459,459,494,340,340,340,340,340,5,40,40,40],"floor_reached":55,"language":"ENG","playtime":1817,"items_purged":["Slimebound:Tackle+1","Corpse Explosion"],"score":1430,"play_id":"1d0fda32-7520-4ecb-ba4e-90f2f02c553c","local_time":"20210217150049","is_ascension_mode":true,"campfire_choices":[{"data":"Accuracy","floor":6.0,"key":"SMITH"},{"floor":13.0,"key":"REST"},{"data":"Infinite Blades","floor":15.0,"key":"SMITH"},{"floor":24.0,"key":"REST"},{"floor":28.0,"key":"REST"},{"data":"Prepared","floor":32.0,"key":"SMITH"},{"data":"Adrenaline","floor":41,"key":"SMITH"},{"data":"Adrenaline","floor":44,"key":"SMITH"},{"floor":49,"key":"RECALL"},{"data":"Terror","floor":52,"key":"SMITH"}],"circlet_count":0,"master_deck":["AscendersBane","Defend_G","Defend_G","Defend_G","Defend_G","Defend_G","Survivor","Neutralize+1","Accuracy+1","Infinite Blades+1","Accuracy+1","Slimebound:Tackle+1","Prepared+1","Blade Dance","Adrenaline+1","Adrenaline+1","Terror+1","Secret Technique","Blade Dance+1","Cloak And Dagger+1","Blade Dance+1","Cloak And Dagger+1","After Image","Caltrops"],"relics":["Ring of the Snake","NeowsBlessing","Omamori","PreservedInsect","Bronze Scales","Old Coin","Black Star","DollysMirror","Kunai","MutagenicStrength","Prayer Wheel","Question Card","Happy Flower","Darkstone Periapt","Pocketwatch","Cursed Key","Tough Bandages","Anchor","Mummified Hand","Sundial","Bag of Marbles","Whetstone","Turnip","Lantern","Bottled Tornado","Tingsha"],"acts_visited":["Exordium","TheCity","TheBeyond","TheEnding"],"potions_floor_usage":[40,40],"damage_taken":[{"damage":0.0,"enemies":"Jaw Worm","floor":1.0,"turns":1.0},{"damage":0.0,"enemies":"Cultist","floor":2.0,"turns":1.0},{"damage":0.0,"enemies":"3 Sentries","floor":7.0,"turns":1.0},{"damage":22.0,"enemies":"Gremlin Nob","floor":10.0,"turns":4.0},{"damage":2.0,"enemies":"Small Slimes","floor":11.0,"turns":3.0},{"damage":5.0,"enemies":"Red Slaver","floor":12.0,"turns":4.0},{"damage":8.0,"enemies":"Large Slime","floor":14.0,"turns":7.0},{"damage":32.0,"enemies":"The Guardian","floor":16.0,"turns":16.0},{"damage":8.0,"enemies":"Chosen","floor":18.0,"turns":6.0},{"damage":0.0,"enemies":"3 Byrds","floor":21.0,"turns":2.0},{"damage":10.0,"enemies":"3 Cultists","floor":22.0,"turns":3.0},{"damage":23.0,"enemies":"Gremlin Leader","floor":25.0,"turns":5.0},{"damage":14.0,"enemies":"Book of Stabbing","floor":29.0,"turns":4.0},{"damage":5.0,"enemies":"Cultist and Chosen","floor":31.0,"turns":5.0},{"damage":32.0,"enemies":"Automaton","floor":33.0,"turns":8.0},{"damage":12.0,"enemies":"3 Darklings","floor":35.0,"turns":3.0},{"damage":0,"enemies":"Mind Bloom Boss Battle","floor":37,"turns":5},{"damage":5,"enemies":"Orb Walker","floor":39,"turns":2},{"damage":0,"enemies":"Nemesis","floor":40,"turns":1},{"damage":0,"enemies":"Giant Head","floor":42,"turns":3},{"damage":0,"enemies":"3 Darklings","floor":45,"turns":1},{"damage":17,"enemies":"Nemesis","floor":47,"turns":3},{"damage":8,"enemies":"Donu and Deca","floor":50,"turns":4},{"damage":0,"enemies":"Shield and Spear","floor":54,"turns":2},{"damage":64,"enemies":"The Heart","floor":55,"turns":3}],"seed_played":"278490894711273100","potions_obtained":[{"floor":10.0,"key":"Weak Potion"},{"floor":11.0,"key":"champ:CounterPotion"},{"floor":14.0,"key":"Block Potion"},{"floor":16.0,"key":"Weak Potion"},{"floor":22.0,"key":"AttackPotion"},{"floor":29.0,"key":"Block Potion"},{"floor":33.0,"key":"Swift Potion"},{"floor":35.0,"key":"hexamod:SoulburnPotion"},{"floor":37,"key":"GamblersBrew"},{"floor":40,"key":"DuplicationPotion"}],"is_trial":false,"path_per_floor":["M","M","?","$","?","R","E","$","T","E","M","M","R","M","R","B",null,"M","$","?","M","M","?","R","E","T","$","R","E","?","M","R","B",null,"M","?","?","?","M","E","R","E","T","R","M","?","E","$","R","B",null,"R","$","E","B"],"character_chosen":"THE_SILENT","items_purchased":["Accuracy","PreservedInsect","DollysMirror","Kunai","Blade Dance","After Image","Lantern","Caltrops"],"campfire_rested":3,"item_purchase_floors":[4,8,19,19,27,48,53,53],"current_hp_per_floor":[63,63,63,63,52,52,52,52,52,30,28,23,44,36,36,4,54,46,46,46,46,36,36,57,34,34,34,55,41,70,65,65,33,61,49,49,49,67,62,62,62,62,62,62,62,62,45,45,45,37,62,62,62,62,0,0],"gold":40,"neow_bonus":"THREE_ENEMY_KILL","is_daily":false,"chose_seed":false,"campfire_upgraded":6,"win_rate":0.0,"timestamp":1613592049,"path_taken":["M","M","?","$","?","R","E","?","T","E","?","M","R","M","R","BOSS","M","$","?","M","M","?","R","E","T","$","R","E","?","M","R","BOSS","M","?","?","?","M","E","R","E","T","R","M","?","E","$","R","BOSS","R","$","E","BOSS"],"items_purchased_type":["Card","Relic","Relic","Relic","Card","Card","Relic","Card"],"build_version":"2020-12-22","purchased_purges":2,"victory":false,"max_hp_per_floor":[70,70,70,70,70,70,70,70,70,70,70,70,70,70,70,70,70,70,70,70,70,70,70,70,70,70,70,70,70,70,70,70,70,70,70,70,70,70,70,70,70,70,70,70,70,70,70,70,70,70,70,70,70,70,70,70],"card_choices":[{"not_picked":["Slice","Bane","Poisoned Stab"],"picked":"SKIP","floor":1.0},{"not_picked":["Deadly Poison","Heel Hook","Quick Slash"],"picked":"SKIP","floor":2.0},{"not_picked":["Dodge and Roll","Acrobatics"],"picked":"Infinite Blades","floor":7.0},{"not_picked":["Sucker Punch","Dash","Heel Hook"],"picked":"SKIP","floor":10.0},{"not_picked":["Underhanded Strike","Finisher","Dodge and Roll"],"picked":"SKIP","floor":11.0},{"not_picked":["Backflip","Skewer","Underhanded Strike"],"picked":"SKIP","floor":12.0},{"not_picked":["Sucker Punch","Blur","Predator"],"picked":"SKIP","floor":14.0},{"not_picked":["Night Terror","Tools of the Trade"],"picked":"Corpse Explosion","floor":16.0},{"not_picked":["Footwork","Backflip","Acrobatics"],"picked":"SKIP","floor":18.0},{"not_picked":["Poisoned Stab","PiercingWail","Sucker Punch"],"picked":"SKIP","floor":21.0},{"not_picked":["Noxious Fumes","Bane","Dash+1"],"picked":"SKIP","floor":22.0},{"not_picked":["Deflect","Catalyst"],"picked":"Prepared","floor":25.0},{"not_picked":["Sucker Punch+1","Blur","Backflip"],"picked":"Adrenaline","floor":29.0},{"not_picked":["Dodge and Roll","Skewer","Sucker Punch","Backflip"],"picked":"SKIP","floor":31.0},{"not_picked":["Predator","Deadly Poison","Blur","Flying Knee"],"picked":"SKIP","floor":31.0},{"not_picked":["Corpse Explosion","A Thousand Cuts","Glass Knife"],"picked":"Adrenaline","floor":33.0},{"not_picked":["Slice+1","Acrobatics","Bane"],"picked":"Terror","floor":35.0},{"not_picked":["Noxious Fumes+1","Escape Plan+1","Slice+1","Underhanded Strike"],"picked":"SKIP","floor":35.0},{"not_picked":["Impatience","Discovery","Purity"],"picked":"Secret Technique","floor":36.0},{"not_picked":["Prepared","Dagger Throw","Deflect"],"picked":"Blade Dance+1","floor":37},{"not_picked":["Eviscerate+1","Dagger Spray+1","Reflex+1"],"picked":"Cloak And Dagger+1","floor":39},{"not_picked":["Cloak And Dagger","PiercingWail","Footwork+1"],"picked":"Blade Dance+1","floor":39},{"not_picked":["Choke+1","Well Laid Plans","Masterful Stab+1"],"picked":"Cloak And Dagger+1","floor":40},{"not_picked":["Heel Hook","Outmaneuver+1","Flechettes+1","Poisoned Stab"],"picked":"SKIP","floor":42},{"not_picked":["Distraction+1","Heel Hook+1","Bouncing Flask+1","Outmaneuver"],"picked":"SKIP","floor":45},{"not_picked":["Blur+1","Acrobatics","Glass Knife","Terror+1"],"picked":"SKIP","floor":45},{"not_picked":["Acrobatics+1","Dagger Throw","Dagger Spray+1","Footwork"],"picked":"SKIP","floor":47},{"not_picked":["Bane","Backflip","Distraction+1","Acrobatics+1"],"picked":"SKIP","floor":54}],"player_experience":340257,"relics_obtained":[{"floor":7.0,"key":"Omamori"},{"floor":9.0,"key":"Bronze Scales"},{"floor":10.0,"key":"Old Coin"},{"floor":25.0,"key":"Prayer Wheel"},{"floor":25.0,"key":"Question Card"},{"floor":26.0,"key":"Happy Flower"},{"floor":29.0,"key":"Darkstone Periapt"},{"floor":29.0,"key":"Pocketwatch"},{"floor":37,"key":"Tough Bandages"},{"floor":40,"key":"Anchor"},{"floor":40,"key":"Mummified Hand"},{"floor":42,"key":"Sundial"},{"floor":42,"key":"Bag of Marbles"},{"floor":47,"key":"Whetstone"},{"floor":47,"key":"Turnip"},{"floor":54,"key":"Bottled Tornado"},{"floor":54,"key":"Tingsha"}],"event_choices":[{"cards_removed":["Strike_G"],"damage_healed":0.0,"max_hp_gain":0.0,"max_hp_loss":0.0,"gold_gain":0.0,"event_name":"Living Wall","player_choice":"Forget","floor":3.0,"gold_loss":0.0,"damage_taken":0.0},{"damage_healed":0.0,"max_hp_gain":0.0,"max_hp_loss":0.0,"gold_gain":75.0,"event_name":"World of Goop","player_choice":"Gather Gold","floor":5.0,"gold_loss":0.0,"damage_taken":11.0},{"damage_healed":0.0,"max_hp_gain":0.0,"max_hp_loss":0.0,"gold_gain":0.0,"event_name":"Drug Dealer","player_choice":"Inject Mutagens","floor":23.0,"gold_loss":0.0,"damage_taken":0.0,"relics_obtained":["MutagenicStrength"]},{"damage_healed":29.0,"max_hp_gain":0.0,"max_hp_loss":0.0,"gold_gain":0.0,"event_name":"Wheel of Change","player_choice":"Full Heal","floor":30.0,"gold_loss":0.0,"damage_taken":0.0},{"damage_healed":0.0,"max_hp_gain":0.0,"max_hp_loss":0.0,"gold_gain":0.0,"event_name":"SensoryStone","player_choice":"Memory 1","floor":36.0,"gold_loss":0.0,"damage_taken":0.0},{"damage_healed":0,"gold_gain":0,"player_choice":"Fight","damage_taken":0,"max_hp_gain":0,"max_hp_loss":0,"event_name":"MindBloom","floor":37,"gold_loss":0},{"damage_healed":18,"gold_gain":0,"player_choice":"Writhe","damage_taken":0,"max_hp_gain":0,"max_hp_loss":0,"event_name":"Winding Halls","floor":38,"gold_loss":0,"cards_obtained":["Writhe"]},{"cards_removed":["Slimebound:Tackle"],"damage_healed":0,"gold_gain":0,"player_choice":"Removed Attack","damage_taken":0,"max_hp_gain":0,"max_hp_loss":0,"event_name":"Falling","floor":46,"gold_loss":0}],"is_beta":false,"boss_relics":[{"not_picked":["Pandora\u0027s Box","Snecko Eye"],"picked":"Black Star"},{"not_picked":["Runic Dome","Ring of the Serpent"],"picked":"Cursed Key"}],"items_purged_floors":[48,53],"is_endless":false,"potions_floor_spawned":[10,11,14,16,22,29,33,35,37,40],"killed_by":"The Heart","ascension_level":11}}