{"host":"5qewjvycy34u7aeo","time":1613541929,"event":{"mods":["BaseMod","Downfall","GifTheSpireLib","Hubris","Infinite Spire","Minty Spire (QoL Compilation)","Permanent Neow","Replay The Spire","StSLib","Wandering Minibosses"],"gold_per_floor":[111,111,130,149,149,149,175,194,194,222,242,253,253,272,272,368,368,381,381,381,381,395,424,424,424,424],"floor_reached":25,"language":"ENG","playtime":1253,"items_purged":[],"score":245,"play_id":"88051dbd-7ba0-444c-a685-719958e6da9f","local_time":"20210217000529","is_ascension_mode":true,"campfire_choices":[{"data":"Blade Dance","floor":6.0,"key":"SMITH"},{"data":"Dash","floor":13.0,"key":"SMITH"},{"data":"Accuracy","floor":15.0,"key":"SMITH"},{"data":"ReplayTheSpireMod:Shiv Toss","floor":24.0,"key":"SMITH"}],"circlet_count":0,"master_deck":["Strike_G","Strike_G","Strike_G","Defend_G","Defend_G","Defend_G","Defend_G","Defend_G","Survivor","Neutralize+1","Blade Dance+1","Accuracy+1","Bouncing Flask","PiercingWail","Blade Dance","Footwork+1","Deflect","Dash+1","Adrenaline","Hidden Blade","downfall:Bewildered","ReplayTheSpireMod:Shiv Toss+1"],"relics":["Ring of the Snake","Lantern","hubris:AncientText","Frozen Egg 2","hubris:Backtick","Kunai","sneckomod:BabySnecko","Replay:Bottled Snecko"],"acts_visited":["Exordium","TheCity"],"potions_floor_usage":[25],"damage_taken":[{"damage":0.0,"enemies":"2 Louse","floor":1.0,"turns":3.0},{"damage":0.0,"enemies":"Small Slimes","floor":3.0,"turns":6.0},{"damage":0.0,"enemies":"Cultist","floor":4.0,"turns":3.0},{"damage":14.0,"enemies":"3 Sentries","floor":7.0,"turns":8.0},{"damage":15.0,"enemies":"Looter","floor":8.0,"turns":8.0},{"damage":13.0,"enemies":"Gremlin Nob","floor":10.0,"turns":3.0},{"damage":0.0,"enemies":"Large Slime","floor":11.0,"turns":2.0},{"damage":0.0,"enemies":"3 Louse","floor":12.0,"turns":1.0},{"damage":0.0,"enemies":"Exordium Thugs","floor":14.0,"turns":2.0},{"damage":14.0,"enemies":"Fading Forest","floor":16.0,"turns":11.0},{"damage":0.0,"enemies":"Shell Parasite","floor":18.0,"turns":9.0},{"damage":0.0,"enemies":"Chosen","floor":22.0,"turns":4.0},{"damage":14.0,"enemies":"Nightmare","floor":23.0,"turns":9.0},{"damage":72,"enemies":"Gremlin Leader","floor":25,"turns":5}],"seed_played":"-7328226914218597054","potions_obtained":[{"floor":1.0,"key":"Elixir"},{"floor":10.0,"key":"Elixir"},{"floor":11.0,"key":"CunningPotion"},{"floor":22.0,"key":"Doom Potion"}],"is_trial":false,"path_per_floor":["M","?","M","M","?","R","E","M","T","E","M","M","R","M","R","B",null,"M","?","?","?","M","NM","R","E"],"character_chosen":"THE_SILENT","items_purchased":[],"campfire_rested":0,"item_purchase_floors":[],"current_hp_per_floor":[70,70,70,70,70,70,56,41,41,28,28,28,28,28,28,26,70,70,70,70,70,70,56,56,0,0],"gold":424,"neow_bonus":"UPGRADE_CARD","is_daily":false,"chose_seed":false,"campfire_upgraded":4,"win_rate":0.0,"timestamp":1613541929,"path_taken":["M","?","M","M","?","R","E","M","T","E","?","M","R","M","R","BOSS","M","?","?","?","M","NM","R","E"],"items_purchased_type":[],"build_version":"2020-12-22","purchased_purges":0,"victory":false,"max_hp_per_floor":[70,70,70,70,70,70,70,70,70,70,70,70,70,70,70,70,70,70,70,70,70,70,70,70,70,70],"card_choices":[{"not_picked":["hubris:SlightOfHand","Dagger Throw","Bane"],"picked":"SKIP","floor":1.0},{"not_picked":["Quick Slash","Outmaneuver"],"picked":"Blade Dance","floor":3.0},{"not_picked":["Cloak And Dagger","Flechettes"],"picked":"Accuracy","floor":4.0},{"not_picked":["Dagger Spray","ReplayTheSpireMod:The Works"],"picked":"PiercingWail","floor":7.0},{"not_picked":["Bane","Eviscerate"],"picked":"Blade Dance","floor":8.0},{"not_picked":["hubris:SlightOfHand","All Out Attack"],"picked":"Footwork+1","floor":10.0},{"not_picked":["Sneak Up","Backstab"],"picked":"Deflect","floor":11.0},{"not_picked":["Reflex","Bane"],"picked":"Dash","floor":12.0},{"not_picked":["Finisher","Poison Darts","Flying Knee"],"picked":"SKIP","floor":14.0},{"not_picked":["Grand Finale","Venomology"],"picked":"Adrenaline","floor":16.0},{"not_picked":["Dagger Spray+1","Finisher"],"picked":"Hidden Blade","floor":18.0},{"not_picked":["Underhanded Strike","hubris:TrickCloak"],"picked":"ReplayTheSpireMod:Shiv Toss","floor":22.0},{"not_picked":["Poisoned Stab","Quick Slash+1","Draining Mist"],"picked":"SKIP","floor":23.0}],"player_experience":438518,"relics_obtained":[{"floor":7.0,"key":"Lantern"},{"floor":9.0,"key":"hubris:AncientText"},{"floor":10.0,"key":"Frozen Egg 2"},{"floor":23.0,"key":"Replay:Bottled Snecko"}],"event_choices":[{"damage_healed":0.0,"max_hp_gain":0.0,"max_hp_loss":0.0,"gold_gain":0.0,"cards_transformed":["Strike_G"],"event_name":"Transmorgrifier","player_choice":"Transformed","floor":5.0,"gold_loss":0.0,"damage_taken":0.0,"cards_obtained":["Bouncing Flask"]},{"cards_removed":["Strike_G"],"damage_healed":0.0,"max_hp_gain":0.0,"max_hp_loss":0.0,"gold_gain":0.0,"event_name":"Purifier","player_choice":"Purged","floor":21.0,"gold_loss":0.0,"damage_taken":0.0}],"is_beta":false,"boss_relics":[{"not_picked":["SacredBark","ReplayTheSpireMod:SealedPack"],"picked":"hubris:Backtick"}],"items_purged_floors":[],"is_endless":false,"potions_floor_spawned":[1,10,11,14,22],"killed_by":"Gremlin Leader","ascension_level":1}}