{"host":"lkve521c3unthi3l","time":1613569676,"event":{"mods":["BaseMod","Better Third Choice","BetterRewards","Duelist Mod","Marisa（霧雨　魔理沙）","Minty Spire (QoL Compilation)","Reliquary","Replay The Spire","StSLib","The Animator","The Cursed","The Marked"],"gold_per_floor":[138,88,88,104,118,143,143,163,263,292,292,311,108,118,118,219,219,236,236,256,275,275,275,307,307,334,354,386,386,386,414,414,512,512,532,432,432,448,466,496,496,509,509,544,359,359,371,382,382,382],"floor_reached":51,"language":"ENG","playtime":11163,"items_purged":["theDuelist:Sparks","theDuelist:CastleWalls","Madness"],"score":1080,"play_id":"4e875d4b-0bc3-43f2-8c6d-060d624bb1a4","local_time":"20210217084756","is_ascension_mode":true,"campfire_choices":[{"data":"theDuelist:GraniteLoyalist","floor":7.0,"key":"SMITH"},{"floor":15.0,"key":"REST"},{"data":"theDuelist:BlueDragonSummoner","floor":23.0,"key":"SMITH"},{"floor":41.0,"key":"REST"},{"floor":46.0,"key":"REST"},{"floor":49,"key":"REST"}],"circlet_count":0,"master_deck":["theDuelist:DarkMagician","theDuelist:MysticalElf","theDuelist:MysticalElf+1","theDuelist:NeoMagic","theDuelist:NeoMagic","theDuelist:IrisEarthMother","theDuelist:FuryFire","theDuelist:GraniteLoyalist+1","theDuelist:InfernoFireBlast+1","theDuelist:IceQueen","theDuelist:RainbowMagician","theDuelist:InjectionFairy","theDuelist:MagiciansRod","theDuelist:RainbowKuriboh","theDuelist:GateGuardian","theDuelist:BlueDragonSummoner+1","Necronomicurse","theDuelist:MillenniumScorpion","theDuelist:RainbowMagician","theDuelist:PowerKaishin","theDuelist:AncientElf","theDuelist:WitchBlackRose","theDuelist:FrontierWiseman","theDuelist:ThousandEyesRestrict+1","theDuelist:InariFire","theDuelist:ClearKuriboh","theDuelist:InvitationDarkSleep","theDuelist:FairyBox+1","theDuelist:MythicalBeast","theDuelist:IrisEarthMother+1","theDuelist:SlotMachine+1","theDuelist:CosmoBrain+1","theDuelist:Mudballman","theDuelist:GoblinSecret+1"],"relics":["theDuelist:MillenniumPuzzle","theDuelist:CardPoolRelic","theDuelist:CardPoolBasicRelic","theDuelist:BoosterPackPoolRelic","theDuelist:CardPoolAddRelic","theDuelist:CardPoolMinusRelic","theDuelist:CardPoolSaveRelic","theDuelist:CardPoolOptionsRelic","Nunchaku","theDuelist:MillenniumCoin","Another Sword","Necronomicon","Potion Belt","Happy Flower","Chameleon Ring","theDuelist:GiftAnubis","Busted Crown","FossilizedHelix","theDuelist:MillenniumRing","Solar Panel"],"acts_visited":["Exordium","TheCity","TheBeyond"],"potions_floor_usage":[50],"damage_taken":[{"damage":0.0,"enemies":"Jaw Worm","floor":1.0,"turns":5.0},{"damage":0.0,"enemies":"Small Slimes","floor":4.0,"turns":3.0},{"damage":0.0,"enemies":"Cultist","floor":5.0,"turns":3.0},{"damage":8.0,"enemies":"Lagavulin","floor":6.0,"turns":6.0},{"damage":0.0,"enemies":"3 Louse","floor":8.0,"turns":1.0},{"damage":13.0,"enemies":"Gremlin Nob","floor":10.0,"turns":5.0},{"damage":0.0,"enemies":"2 Fungi Beasts","floor":12.0,"turns":2.0},{"damage":10.0,"enemies":"Looter","floor":14.0,"turns":4.0},{"damage":14.0,"enemies":"Slime Boss","floor":16.0,"turns":9.0},{"damage":0.0,"enemies":"Spheric Guardian","floor":18.0,"turns":6.0},{"damage":2.0,"enemies":"3 Byrds","floor":20.0,"turns":4.0},{"damage":22.0,"enemies":"Shelled Parasite and Fungi","floor":21.0,"turns":5.0},{"damage":26.0,"enemies":"Replay:Snechameleon","floor":24.0,"turns":4.0},{"damage":0.0,"enemies":"Snake Plant","floor":25.0,"turns":2.0},{"damage":4.0,"enemies":"Centurion and Healer","floor":27.0,"turns":3.0},{"damage":12.0,"enemies":"Gremlin Leader","floor":28.0,"turns":3.0},{"damage":6.0,"enemies":"theDuelist:KaibaA2","floor":31.0,"turns":7.0},{"damage":30.0,"enemies":"Pondfish","floor":33.0,"turns":9.0},{"damage":11.0,"enemies":"3 Shapes","floor":35.0,"turns":3.0},{"damage":8.0,"enemies":"3 Darklings","floor":38.0,"turns":3.0},{"damage":0.0,"enemies":"4 Shapes","floor":39.0,"turns":2.0},{"damage":61.0,"enemies":"Nemesis","floor":40.0,"turns":7.0},{"damage":0.0,"enemies":"Sphere and 2 Shapes","floor":42.0,"turns":3.0},{"damage":0.0,"enemies":"R_Hoarder","floor":44.0,"turns":9.0},{"damage":0,"enemies":"Maw","floor":47,"turns":5},{"damage":11,"enemies":"4 Shapes","floor":48,"turns":4},{"damage":0,"enemies":"Time Eater","floor":50,"turns":11}],"seed_played":"1560541235712949756","potions_obtained":[{"floor":1.0,"key":"SmokeBomb"},{"floor":3.0,"key":"theDuelist:DebuffArmorPotion"},{"floor":3.0,"key":"theDuelist:LavaBottle"},{"floor":3.0,"key":"Weak Potion"},{"floor":16.0,"key":"theDuelist:SealedPackD"},{"floor":21.0,"key":"theDuelist:FireBottle"},{"floor":24.0,"key":"Ancient Potion"},{"floor":27.0,"key":"Explosive Potion"},{"floor":32.0,"key":"theDuelist:BarricadePotion"},{"floor":32.0,"key":"theDuelist:ElectricBrew"},{"floor":38.0,"key":"Energy Potion"},{"floor":40.0,"key":"AttackPotion"}],"is_trial":false,"path_per_floor":["M","?","?","M","M","E","R","M","T","E","?","M","$","M","R","B",null,"M","?","M","M","?","R","E","M","T","M","E","?","?","E","R","B",null,"M","$","?","M","M","E","R","M","T","E","$","R","M","M","R","B",null],"character_chosen":"THE_DUELIST","items_purchased":["theDuelist:InjectionFairy","theDuelist:MagiciansRod","theDuelist:CosmoBrain+1"],"campfire_rested":4,"item_purchase_floors":[13,13,45],"current_hp_per_floor":[80,80,80,80,80,72,72,72,72,59,43,43,43,37,61,55,80,80,64,66,48,48,48,22,22,22,22,10,36,36,38,38,14,82,71,71,71,63,63,6,30,34,34,34,34,58,62,55,79,82],"gold":382,"neow_bonus":"REMOVE_CARD","is_daily":false,"chose_seed":false,"campfire_upgraded":2,"win_rate":0.0,"timestamp":1613569676,"path_taken":["M","?","?","M","?","E","R","M","T","E","?","M","$","M","R","BOSS","M","?","M","M","?","R","E","M","T","M","E","?","?","E","R","BOSS","M","$","?","M","M","E","R","M","T","E","$","R","M","M","R","BOSS"],"items_purchased_type":["Card","Card","Card"],"build_version":"2020-12-22","purchased_purges":3,"victory":true,"max_hp_per_floor":[80,80,80,80,80,80,80,80,80,80,80,80,80,80,80,80,80,80,80,80,80,80,80,80,80,80,80,80,80,80,80,80,82,82,82,82,82,82,82,82,82,82,82,82,82,82,82,82,82,82],"card_choices":[{"not_picked":["theDuelist:VoidVanishment","theDuelist:GrandSpellbookTower","theDuelist:SwordsBurning","theDuelist:GateGuardian"],"picked":"theDuelist:IrisEarthMother","floor":1.0},{"not_picked":["theDuelist:BlackOrbCard","theDuelist:TokenOrbCard","theDuelist:MoonOrbCard","theDuelist:GlitchOrbCard"],"picked":"theDuelist:SunOrbCard","floor":4.0},{"not_picked":["theDuelist:EvilswarmHeliotrope","theDuelist:GaiaMidNightSun","theDuelist:WormWarlord","theDuelist:Blockman"],"picked":"theDuelist:FuryFire","floor":5.0},{"not_picked":["theDuelist:EarthquakeGiant","theDuelist:WormKing","theDuelist:BlackPendant","theDuelist:Cloning"],"picked":"theDuelist:GraniteLoyalist","floor":6.0},{"not_picked":["theDuelist:BlizzardWarrior","theDuelist:SangaThunder","theDuelist:NeoMagic","theDuelist:DarkMagician"],"picked":"theDuelist:InfernoFireBlast","floor":8.0},{"not_picked":["theDuelist:RainbowMagician","theDuelist:CosmoBrain","theDuelist:CrystalWingDragon","theDuelist:SwordsBurning"],"picked":"theDuelist:IceQueen","floor":10.0},{"not_picked":["theDuelist:InfernoFireBlast","theDuelist:GateGuardian"],"picked":"theDuelist:RainbowMagician","floor":12.0},{"not_picked":["theDuelist:RainbowDarkDragon","theDuelist:IrisEarthMother","theDuelist:RainbowMagician","theDuelist:RainbowOverdragon"],"picked":"theDuelist:RainbowKuriboh","floor":14.0},{"not_picked":["theDuelist:ExodiaHead","theDuelist:IrisEarthMother","theDuelist:QueenDragunDjinn","theDuelist:SwordsRevealing"],"picked":"theDuelist:GateGuardian","floor":16.0},{"not_picked":["theDuelist:SpellShatteringArrow","theDuelist:Illusionist","theDuelist:AncientElf+1","theDuelist:CallAtlanteans"],"picked":"theDuelist:BlueDragonSummoner","floor":18.0},{"not_picked":["theDuelist:GraniteLoyalist","theDuelist:Mudora","theDuelist:GiantTrapHole","theDuelist:DarkMirrorForce"],"picked":"theDuelist:MillenniumScorpion","floor":20.0},{"not_picked":["theDuelist:IrisEarthMother","theDuelist:RainbowDarkDragon","theDuelist:RainbowKuriboh","theDuelist:RainbowOverdragon"],"picked":"theDuelist:RainbowMagician","floor":21.0},{"not_picked":["theDuelist:InjectionFairy","theDuelist:AltarTribute","theDuelist:SpiritHarp+1","theDuelist:LordD+1"],"picked":"theDuelist:PowerKaishin","floor":24.0},{"not_picked":["theDuelist:SpellShatteringArrow","theDuelist:LordD","theDuelist:ExodiaRL","theDuelist:MagiciansRod"],"picked":"theDuelist:AncientElf","floor":27.0},{"not_picked":["theDuelist:NeoMagic","theDuelist:GateGuardian","theDuelist:Miscellaneousaurus+1","theDuelist:BlueDragonSummoner"],"picked":"theDuelist:WitchBlackRose","floor":28.0},{"not_picked":["theDuelist:InjectionFairy","theDuelist:MythicalBeast+1","theDuelist:LordD","theDuelist:SkilledDarkMagician"],"picked":"theDuelist:FrontierWiseman","floor":31.0},{"not_picked":["theDuelist:GateGuardian+1","theDuelist:VoidVanishment","theDuelist:Wildfire","theDuelist:ExodiaHead"],"picked":"theDuelist:ThousandEyesRestrict+1","floor":33.0},{"not_picked":["theDuelist:NeoMagic","theDuelist:ExodiaRL"],"picked":"theDuelist:InariFire","floor":35.0},{"not_picked":["theDuelist:MudragonSwamp","theDuelist:WingedKuriboh+1"],"picked":"theDuelist:ClearKuriboh","floor":37.0},{"not_picked":["theDuelist:MysticalElf","theDuelist:FairyBox"],"picked":"theDuelist:InvitationDarkSleep","floor":38.0},{"not_picked":["theDuelist:MysticalElf+1","theDuelist:VoidExpansion+1"],"picked":"theDuelist:FairyBox+1","floor":39.0},{"not_picked":[],"picked":"theDuelist:MythicalBeast","floor":40.0},{"not_picked":[],"picked":"theDuelist:IrisEarthMother+1","floor":42.0},{"not_picked":[],"picked":"theDuelist:SlotMachine+1","floor":44.0},{"not_picked":["theDuelist:CallAtlanteans+1","theDuelist:GuardianAngel+1"],"picked":"theDuelist:Mudballman","floor":47},{"not_picked":["theDuelist:CharcoalInpachi+1","theDuelist:InariFire"],"picked":"theDuelist:GoblinSecret+1","floor":48}],"player_experience":32443,"relics_obtained":[{"floor":6.0,"key":"Nunchaku"},{"floor":9.0,"key":"theDuelist:MillenniumCoin"},{"floor":10.0,"key":"Another Sword"},{"floor":19.0,"key":"Necronomicon"},{"floor":24.0,"key":"Potion Belt"},{"floor":26.0,"key":"Happy Flower"},{"floor":28.0,"key":"Chameleon Ring"},{"floor":31.0,"key":"theDuelist:GiftAnubis"},{"floor":40.0,"key":"FossilizedHelix"},{"floor":43.0,"key":"theDuelist:MillenniumRing"},{"floor":44.0,"key":"Solar Panel"}],"event_choices":[{"cards_removed":["theDuelist:Sparks"],"damage_healed":0.0,"max_hp_gain":0.0,"max_hp_loss":0.0,"gold_gain":0.0,"event_name":"The Cleric","player_choice":"Card Removal","floor":2.0,"gold_loss":50.0,"damage_taken":0.0},{"damage_healed":0.0,"max_hp_gain":0.0,"max_hp_loss":0.0,"gold_gain":0.0,"event_name":"Lab","player_choice":"Got Potions","floor":3.0,"gold_loss":0.0,"damage_taken":0.0},{"damage_healed":0.0,"max_hp_gain":0.0,"max_hp_loss":0.0,"gold_gain":0.0,"event_name":"Shining Light","player_choice":"Entered Light","floor":11.0,"gold_loss":0.0,"damage_taken":16.0,"cards_upgraded":["theDuelist:MysticalElf","theDuelist:InfernoFireBlast"]},{"damage_healed":0.0,"max_hp_gain":0.0,"max_hp_loss":0.0,"gold_gain":0.0,"event_name":"Cursed Tome","player_choice":"Obtained Book","floor":19.0,"gold_loss":0.0,"damage_taken":16.0},{"total_magic_score":57.0,"gold_gain":0.0,"duelist":true,"damage_taken":0.0,"relics_obtained":[],"points":2.0,"max_hp_gain":0.0,"max_hp_loss":0.0,"spent_points":{"magic":2.0,"greed":0.0,"war":0.0,"power":0.0,"hunger":0.0},"event_name":"Nameless Tomb","floor":22.0,"gold_loss":0.0,"cards_obtained":[]},{"damage_healed":26.0,"max_hp_gain":0.0,"max_hp_loss":0.0,"gold_gain":0.0,"event_name":"The Library","player_choice":"Heal","floor":29.0,"gold_loss":0.0,"damage_taken":0.0},{"cards_removed":["theDuelist:CastleWalls"],"damage_healed":0.0,"max_hp_gain":0.0,"max_hp_loss":0.0,"gold_gain":0.0,"event_name":"Back to Basics","player_choice":"Elegance","floor":30.0,"gold_loss":0.0,"damage_taken":0.0},{"damage_healed":0.0,"max_hp_gain":0.0,"max_hp_loss":0.0,"gold_gain":0.0,"event_name":"SensoryStone","player_choice":"Memory 1","floor":37.0,"gold_loss":0.0,"damage_taken":0.0}],"is_beta":false,"boss_relics":[{"not_picked":["theDuelist:GamblerChip","ReplayTheSpireMod:DimensionalGlitch","Calling Bell"]},{"not_picked":["Replay:Ancient Bell","Cursed Key"],"picked":"Busted Crown"}],"items_purged_floors":[13,36,45],"is_endless":false,"potions_floor_spawned":[1,4,8,16,21,24,27,38,40],"ascension_level":1}}