{"host":"0qulokkk26x4i6bu","time":1613566416,"event":{"mods":["BaseMod","Bestiary","Block Reminder","DeckTracker","Minty Spire (QoL Compilation)","Relic Stats"],"gold_per_floor":[118,118,138,148,162,196,196,209,209,240,240,205,235,250,250,350,350,365,383,77,176,193,193,220,220,273,273,299,312,346,346,346,446,446,461,461,476,476,476,502,502,531,531,551,562,578,578,578],"floor_reached":47,"language":"ENG","playtime":5304,"items_purged":["Strike_G"],"score":593,"play_id":"7f28b05a-5783-44f8-b24a-5a65159dcef0","local_time":"20210217045336","is_ascension_mode":true,"campfire_choices":[{"floor":7,"key":"REST"},{"data":"Neutralize","floor":15,"key":"SMITH"},{"data":"Catalyst","floor":23,"key":"SMITH"},{"floor":27,"key":"REST"},{"floor":32,"key":"REST"},{"data":"1","floor":41,"key":"LIFT"}],"circlet_count":0,"master_deck":["Strike_G","Strike_G","Defend_G","Defend_G","Defend_G","Defend_G","Defend_G","Survivor","Neutralize+1","Corpse Explosion","Leg Sweep","Flechettes","Poisoned Stab","Deadly Poison","Prepared+1","Noxious Fumes","Acrobatics","Crippling Poison","Corpse Explosion","Well Laid Plans+1","Catalyst+1","Underhanded Strike+1","Crippling Poison","Dagger Throw+1","Endless Agony+1","Footwork+1","Calculated Gamble+1","Infinite Blades+1","Parasite","Catalyst+1"],"relics":["Ring of the Snake","Nunchaku","Happy Flower","Ancient Tea Set","Meat on the Bone","Bottled Tornado","Black Star","OrangePellets","Lantern","Dream Catcher","Strawberry","Toxic Egg 2","Juzu Bracelet","Girya","Oddly Smooth Stone","SacredBark","Mercury Hourglass","Smiling Mask","Molten Egg 2","Dead Branch"],"acts_visited":["Exordium","TheCity","TheBeyond"],"potions_floor_usage":[10,16,24,30,37,37,42,46,47,47],"damage_taken":[{"damage":7,"enemies":"Small Slimes","floor":1,"turns":4},{"damage":0,"enemies":"Cultist","floor":3,"turns":3},{"damage":4,"enemies":"Jaw Worm","floor":4,"turns":6},{"damage":2,"enemies":"Blue Slaver","floor":5,"turns":5},{"damage":27,"enemies":"Lagavulin","floor":6,"turns":7},{"damage":14,"enemies":"Large Slime","floor":8,"turns":5},{"damage":1,"enemies":"3 Sentries","floor":10,"turns":4},{"damage":12,"enemies":"Lagavulin","floor":13,"turns":6},{"damage":0,"enemies":"3 Louse","floor":14,"turns":2},{"damage":27,"enemies":"Slime Boss","floor":16,"turns":10},{"damage":13,"enemies":"Shell Parasite","floor":18,"turns":7},{"damage":16,"enemies":"2 Thieves","floor":19,"turns":4},{"damage":20,"enemies":"Snake Plant","floor":22,"turns":6},{"damage":16,"enemies":"Book of Stabbing","floor":24,"turns":5},{"damage":62,"enemies":"Gremlin Leader","floor":28,"turns":8},{"damage":8,"enemies":"Shelled Parasite and Fungi","floor":29,"turns":4},{"damage":11,"enemies":"Slavers","floor":30,"turns":2},{"damage":22,"enemies":"Automaton","floor":33,"turns":9},{"damage":5,"enemies":"Orb Walker","floor":35,"turns":5},{"damage":12,"enemies":"3 Darklings","floor":37,"turns":3},{"damage":27,"enemies":"Reptomancer","floor":40,"turns":7},{"damage":16,"enemies":"Giant Head","floor":42,"turns":10},{"damage":3,"enemies":"Spire Growth","floor":44,"turns":5},{"damage":26,"enemies":"Writhing Mass","floor":45,"turns":8},{"damage":2,"enemies":"3 Darklings","floor":46,"turns":3},{"damage":53,"enemies":"Reptomancer","floor":47,"turns":7}],"seed_played":"-9189255317372222600","potions_obtained":[{"floor":1,"key":"FairyPotion"},{"floor":4,"key":"Fire Potion"},{"floor":8,"key":"CunningPotion"},{"floor":10,"key":"SteroidPotion"},{"floor":13,"key":"DuplicationPotion"},{"floor":16,"key":"EntropicBrew"},{"floor":22,"key":"SkillPotion"},{"floor":28,"key":"Energy Potion"},{"floor":29,"key":"Explosive Potion"},{"floor":40,"key":"GhostInAJar"},{"floor":44,"key":"SpeedPotion"}],"is_trial":false,"path_per_floor":["M","?","M","M","M","E","R","M","T","E","?","?","E","M","R","B",null,"M","M","$","?","M","R","E","?","T","R","E","M","E","?","R","B",null,"M","?","M","?","?","E","R","E","T","M","M","M","E"],"character_chosen":"THE_SILENT","items_purchased":["Catalyst","OrangePellets"],"campfire_rested":3,"item_purchase_floors":[20,20],"current_hp_per_floor":[42,42,42,38,36,9,30,16,16,15,12,29,29,41,41,26,70,57,41,41,41,33,33,29,29,36,59,35,39,40,26,50,40,82,77,77,65,65,65,50,50,46,46,43,29,39,0,0],"gold":578,"neow_bonus":"THREE_RARE_CARDS","is_daily":false,"chose_seed":false,"campfire_upgraded":2,"win_rate":0.0,"timestamp":1613566416,"path_taken":["M","?","M","M","M","E","R","?","T","E","?","?","E","M","R","BOSS","M","M","$","?","M","R","E","?","T","R","E","M","E","?","R","BOSS","M","?","M","?","?","E","R","E","T","M","M","M","E"],"items_purchased_type":["Card","Relic"],"build_version":"2020-12-22","purchased_purges":1,"victory":false,"max_hp_per_floor":[70,70,70,70,70,70,70,70,70,70,70,70,70,70,70,70,70,70,70,70,70,70,70,70,70,77,77,77,77,77,82,82,82,82,82,82,82,82,82,82,82,82,82,82,82,82,82,82],"relic_stats":{"Happy Flower":[38],"counters":[26,145],"Dead Branch":[31],"Juzu Bracelet":1,"Smiling Mask":0,"Mercury Hourglass":[96],"OrangePellets":[5],"Nunchaku":[18],"Dream Catcher":2,"Black Star":5,"obtain_stats":[{"Girya":30,"Lantern":24,"Happy Flower":9,"SacredBark":34,"Dead Branch":42,"Oddly Smooth Stone":30,"Juzu Bracelet":28,"Bottled Tornado":13,"Ancient Tea Set":10,"Smiling Mask":40,"Mercury Hourglass":40,"OrangePellets":20,"Nunchaku":6,"Dream Catcher":24,"Strawberry":26,"Molten Egg 2":42,"Black Star":17,"Toxic Egg 2":28,"Ring of the Snake":0,"Meat on the Bone":11},{"Girya":17,"Lantern":14,"Happy Flower":6,"SacredBark":18,"Dead Branch":22,"Oddly Smooth Stone":17,"Juzu Bracelet":15,"Bottled Tornado":8,"Ancient Tea Set":7,"Smiling Mask":21,"Mercury Hourglass":21,"OrangePellets":12,"Nunchaku":5,"Dream Catcher":14,"Strawberry":14,"Molten Egg 2":22,"Black Star":10,"Toxic Egg 2":15,"Ring of the Snake":0,"Meat on the Bone":7},{"Girya":88,"Lantern":74,"Happy Flower":30,"SacredBark":97,"Dead Branch":122,"Oddly Smooth Stone":88,"Juzu Bracelet":82,"Bottled Tornado":40,"Ancient Tea Set":34,"Smiling Mask":112,"Mercury Hourglass":112,"OrangePellets":63,"Nunchaku":25,"Dream Catcher":74,"Strawberry":74,"Molten Egg 2":122,"Black Star":52,"Toxic Egg 2":82,"Ring of the Snake":0,"Meat on the Bone":34}],"Ring of the Snake":[52],"Meat on the Bone":156},"card_choices":[{"not_picked":["Adrenaline","Glass Knife"],"picked":"Corpse Explosion","floor":0},{"not_picked":["Acrobatics","Sucker Punch"],"picked":"Leg Sweep","floor":1},{"not_picked":["Escape Plan","Acrobatics"],"picked":"Flechettes","floor":3},{"not_picked":["Dodge and Roll","Tactician"],"picked":"Poisoned Stab","floor":4},{"not_picked":["Calculated Gamble","Deflect"],"picked":"Deadly Poison","floor":5},{"not_picked":["Dagger Spray","Distraction"],"picked":"Prepared","floor":6},{"not_picked":["Flying Knee","Reflex","Poisoned Stab"],"picked":"SKIP","floor":8},{"not_picked":["Venomology","Deadly Poison"],"picked":"Noxious Fumes","floor":10},{"not_picked":["Heel Hook","Prepared"],"picked":"Acrobatics","floor":13},{"not_picked":["Calculated Gamble","PiercingWail"],"picked":"Crippling Poison","floor":14},{"not_picked":["Tools of the Trade","Bullet Time"],"picked":"Corpse Explosion","floor":16},{"not_picked":["Dagger Spray","Predator","Terror"],"picked":"SKIP","floor":18},{"not_picked":["Poisoned Stab","Dagger Throw"],"picked":"Well Laid Plans+1","floor":19},{"not_picked":["Outmaneuver","Backstab"],"picked":"Underhanded Strike+1","floor":22},{"not_picked":["Dagger Throw","Bane+1","Slice+1"],"picked":"SKIP","floor":24},{"not_picked":["Bane","Terror+1"],"picked":"Dagger Throw+1","floor":28},{"not_picked":["Dagger Spray","Slice"],"picked":"Endless Agony+1","floor":29},{"not_picked":["Dash","Poisoned Stab"],"picked":"Footwork+1","floor":30},{"not_picked":["Quick Slash+1","Masterful Stab+1"],"picked":"Calculated Gamble+1","floor":32},{"not_picked":["Dagger Spray+1","Riddle With Holes","Acrobatics+1"],"picked":"SKIP","floor":35},{"not_picked":["Poisoned Stab","Outmaneuver+1","Dagger Spray"],"picked":"SKIP","floor":37},{"not_picked":["Doppelganger+1","Endless Agony+1","Dagger Spray"],"picked":"SKIP","floor":40},{"not_picked":["Choke+1","Bane+1"],"picked":"Infinite Blades+1","floor":42},{"not_picked":["Sucker Punch+1","Reflex+1","Dagger Spray+1"],"picked":"SKIP","floor":44},{"not_picked":["Tools of the Trade","Finisher+1"],"picked":"Catalyst+1","floor":45},{"not_picked":["Quick Slash+1","Dagger Spray+1","Flying Knee+1"],"picked":"SKIP","floor":46}],"player_experience":57311,"relics_obtained":[{"floor":6,"key":"Nunchaku"},{"floor":9,"key":"Happy Flower"},{"floor":10,"key":"Ancient Tea Set"},{"floor":13,"key":"Bottled Tornado"},{"floor":24,"key":"Lantern"},{"floor":24,"key":"Dream Catcher"},{"floor":26,"key":"Strawberry"},{"floor":28,"key":"Toxic Egg 2"},{"floor":28,"key":"Juzu Bracelet"},{"floor":30,"key":"Girya"},{"floor":30,"key":"Oddly Smooth Stone"},{"floor":40,"key":"Mercury Hourglass"},{"floor":40,"key":"Smiling Mask"},{"floor":42,"key":"Molten Egg 2"},{"floor":42,"key":"Dead Branch"}],"event_choices":[{"cards_removed":["Strike_G"],"damage_healed":0,"gold_gain":0,"player_choice":"Offered Basic","damage_taken":0,"max_hp_gain":0,"max_hp_loss":0,"event_name":"Bonfire Elementals","floor":2,"gold_loss":0},{"damage_healed":0,"gold_gain":0,"player_choice":"Success","damage_taken":3,"relics_obtained":["Meat on the Bone"],"max_hp_gain":0,"max_hp_loss":0,"event_name":"Scrap Ooze","floor":11,"gold_loss":0},{"damage_healed":17,"gold_gain":0,"player_choice":"Healed","damage_taken":0,"max_hp_gain":0,"max_hp_loss":0,"event_name":"The Cleric","floor":12,"gold_loss":35},{"damage_healed":0,"gold_gain":99,"player_choice":"Stole From Cult","damage_taken":0,"max_hp_gain":0,"max_hp_loss":0,"event_name":"Nest","floor":21,"gold_loss":0},{"damage_healed":0,"gold_gain":0,"player_choice":"Read","damage_taken":0,"max_hp_gain":0,"max_hp_loss":0,"event_name":"The Library","floor":25,"gold_loss":0,"cards_obtained":["Crippling Poison"]},{"damage_healed":0,"gold_gain":0,"player_choice":"Shed Blood","damage_taken":19,"max_hp_gain":5,"max_hp_loss":0,"event_name":"Forgotten Altar","floor":31,"gold_loss":0},{"damage_healed":0,"gold_gain":0,"player_choice":"Forge","damage_taken":0,"max_hp_gain":0,"max_hp_loss":0,"event_name":"Accursed Blacksmith","floor":36,"gold_loss":0,"cards_upgraded":["Prepared"]},{"cards_removed":["Strike_G"],"damage_healed":0,"gold_gain":0,"player_choice":"Removed Attack","damage_taken":0,"max_hp_gain":0,"max_hp_loss":0,"event_name":"Falling","floor":38,"gold_loss":0},{"damage_healed":0,"gold_gain":0,"player_choice":"Ignored","damage_taken":0,"max_hp_gain":0,"max_hp_loss":0,"event_name":"SecretPortal","floor":39,"gold_loss":0}],"is_beta":false,"boss_relics":[{"not_picked":["Tiny House","Ring of the Serpent"],"picked":"Black Star"},{"not_picked":["Philosopher\u0027s Stone","Sozu"],"picked":"SacredBark"}],"items_purged_floors":[20],"is_endless":false,"potions_floor_spawned":[1,4,8,10,13,16,19,22,28,29,37,40,44],"killed_by":"Reptomancer","ascension_level":1}}