{"host":"yqw1zpryoutrnocq","time":1613583412,"event":{"mods":["2.2 Compatiblity","AchievementEnabler","BaseMod","Colored Map","Custom Start","DeckTracker","Minty Spire (QoL Compilation)","StSLib","SuperFastMode"],"gold_per_floor":[113,113,126,126,143,143,173,193,193,193,209,238,209,229,229,229,229,229],"floor_reached":17,"language":"KOR","playtime":547,"items_purged":[],"score":209,"play_id":"48f7dd57-c915-4d4b-bcca-5ec1ed5ea3fe","local_time":"20210217113652","is_ascension_mode":true,"campfire_choices":[{"data":"Feed","floor":6.0,"key":"SMITH"},{"data":"Clothesline","floor":10.0,"key":"SMITH"},{"data":"Intimidate","floor":15.0,"key":"SMITH"},{"data":"Body Slam","floor":16.0,"key":"SMITH"}],"circlet_count":0,"master_deck":["AscendersBane","Strike_R","Strike_R","Strike_R","Strike_R","Defend_R","Defend_R","Defend_R","Defend_R","Bash","Flash of Steel","Thunderclap","Shrug It Off","Feed+1","Clothesline+1","Shrug It Off","Intimidate+1","Body Slam+1","Warcry"],"relics":["Burning Blood","Regal Pillow","Meat on the Bone","Prayer Wheel"],"acts_visited":["Exordium"],"potions_floor_usage":[17],"damage_taken":[{"damage":11.0,"enemies":"Small Slimes","floor":1.0,"turns":4.0},{"damage":7.0,"enemies":"Jaw Worm","floor":3.0,"turns":3.0},{"damage":0.0,"enemies":"Cultist","floor":5.0,"turns":3.0},{"damage":20.0,"enemies":"Gremlin Nob","floor":7.0,"turns":4.0},{"damage":12.0,"enemies":"3 Louse","floor":8.0,"turns":3.0},{"damage":16.0,"enemies":"Lots of Slimes","floor":11.0,"turns":4.0},{"damage":29.0,"enemies":"3 Sentries","floor":12.0,"turns":10.0},{"damage":27.0,"enemies":"Exordium Thugs","floor":13.0,"turns":5.0},{"damage":25.0,"enemies":"Exordium Wildlife","floor":14.0,"turns":6.0},{"damage":43,"enemies":"The Guardian","floor":17,"turns":12}],"seed_played":"4295342707886388491","potions_obtained":[{"floor":1.0,"key":"DuplicationPotion"},{"floor":5.0,"key":"Weak Potion"},{"floor":11.0,"key":"BlessingOfTheForge"},{"floor":13.0,"key":"ColorlessPotion"}],"is_trial":false,"path_per_floor":["M","?","M","?","M","R","E","M","T","R","M","E","M","M","R","R","B"],"character_chosen":"IRONCLAD","items_purchased":[],"campfire_rested":0,"item_purchase_floors":[],"current_hp_per_floor":[67,67,66,66,75,75,65,63,63,63,57,50,45,42,42,42,0,0],"gold":229,"neow_bonus":"RANDOM_COLORLESS","is_daily":false,"chose_seed":false,"campfire_upgraded":4,"win_rate":0.0,"timestamp":1613583412,"path_taken":["M","?","M","?","M","R","E","?","T","R","M","E","M","M","R","R","BOSS"],"items_purchased_type":[],"build_version":"2020-12-22","purchased_purges":0,"victory":false,"max_hp_per_floor":[80,80,80,80,83,83,87,91,91,91,95,99,103,107,107,107,107,107],"card_choices":[{"not_picked":["Dramatic Entrance","Madness"],"picked":"Flash of Steel","floor":0.0},{"not_picked":["Cleave","Metallicize"],"picked":"Thunderclap","floor":1.0},{"not_picked":["Dual Wield","Heavy Blade"],"picked":"Shrug It Off","floor":3.0},{"not_picked":["Wild Strike","Reckless Charge"],"picked":"Clothesline","floor":5.0},{"not_picked":["Flex","Berserk"],"picked":"Shrug It Off","floor":7.0},{"not_picked":["Anger","Hemokinesis","Clash"],"picked":"SKIP","floor":8.0},{"not_picked":["Clothesline","Rage","Sword Boomerang"],"picked":"SKIP","floor":11.0},{"not_picked":["Combust","Heavy Blade","Perfected Strike"],"picked":"SKIP","floor":12.0},{"not_picked":["Clash","Warcry"],"picked":"Intimidate","floor":13.0},{"not_picked":["Juggernaut","Iron Wave","Pommel Strike"],"picked":"SKIP","floor":13.0},{"not_picked":["Rupture","Searing Blow"],"picked":"Body Slam","floor":14.0},{"not_picked":["Fire Breathing","Infernal Blade"],"picked":"Warcry","floor":14.0}],"player_experience":340798,"relics_obtained":[{"floor":7.0,"key":"Regal Pillow"},{"floor":9.0,"key":"Meat on the Bone"},{"floor":12.0,"key":"Prayer Wheel"}],"event_choices":[{"damage_healed":0.0,"max_hp_gain":0.0,"max_hp_loss":0.0,"gold_gain":0.0,"event_name":"Liars Game","player_choice":"Ignored","floor":2.0,"gold_loss":0.0,"damage_taken":0.0},{"damage_healed":0.0,"max_hp_gain":0.0,"max_hp_loss":0.0,"gold_gain":0.0,"cards_transformed":["Strike_R"],"event_name":"Transmorgrifier","player_choice":"Transformed","floor":4.0,"gold_loss":0.0,"damage_taken":0.0,"cards_obtained":["Feed"]}],"is_beta":false,"boss_relics":[],"items_purged_floors":[],"is_endless":false,"potions_floor_spawned":[1,5,11,13],"killed_by":"The Guardian","ascension_level":11}}