{"host":"eglukmwb6rueyn6u","time":1613566176,"event":{"mods":["AchievementEnabler","BaseMod","Colored Map","Colored Powertips","Highlight Path","Minty Spire (QoL Compilation)"],"gold_per_floor":[118,118,118,135,60,92,103,118,143,161,178,194,208,242,242,337,337,355,370,381,119,136,136,161,161,229,229,261,60,60,75,75,174,174,190,190,38,53,64,90,107,118,170,170,193,193,209,239,239,239,239,239,13,41,41,41],"floor_reached":55,"language":"ENG","playtime":10666,"items_purged":["Regret","Strike_G","Strike_G+1"],"score":738,"play_id":"5257813a-9052-4976-a73f-725f07186b74","local_time":"20210217144936","is_ascension_mode":false,"campfire_choices":[{"data":"Bouncing Flask","floor":15.0,"key":"SMITH"},{"floor":23.0,"key":"REST"},{"data":"Envenom","floor":25.0,"key":"SMITH"},{"data":"Sadistic Nature","floor":27.0,"key":"SMITH"},{"floor":32.0,"key":"REST"},{"data":"Tools of the Trade","floor":44.0,"key":"SMITH"},{"floor":49.0,"key":"RECALL"},{"data":"Blur","floor":52.0,"key":"SMITH"}],"circlet_count":0,"master_deck":["Strike_G+1","Strike_G+1","Defend_G+1","Defend_G+1","Defend_G+1","Defend_G+1","Defend_G+1","Survivor","Neutralize","Blade Dance","Bouncing Flask+1","Bullet Time","Well Laid Plans","Dodge and Roll","Outmaneuver","Noxious Fumes","Cloak And Dagger","Blur+1","Envenom+1","Blade Dance+1","Poisoned Stab+1","Sadistic Nature+1","Deadly Poison+1","Blade Dance","Venomology","Tools of the Trade+1","Blur+1","Deflect","Master of Strategy","Deflect","Prepared","Calculated Gamble"],"relics":["Ring of the Snake","NeowsBlessing","Tiny Chest","NlothsMask","Potion Belt","Oddly Smooth Stone","WristBlade","Happy Flower","Bag of Preparation","Anchor","Black Star","Snake Skull","Regal Pillow","Matryoshka","Ancient Tea Set","Orichalcum","Boot","Smiling Mask","Nunchaku","Shuriken","TwistedFunnel","Du-Vu Doll","Ninja Scroll"],"acts_visited":["Exordium","TheCity","TheBeyond","TheEnding"],"potions_floor_usage":[55,55,55,55,55],"damage_taken":[{"damage":0.0,"enemies":"2 Louse","floor":1.0,"turns":1.0},{"damage":0.0,"enemies":"Jaw Worm","floor":4.0,"turns":1.0},{"damage":0.0,"enemies":"Lagavulin","floor":6.0,"turns":1.0},{"damage":1.0,"enemies":"Cultist","floor":7.0,"turns":3.0},{"damage":8.0,"enemies":"Lots of Slimes","floor":8.0,"turns":4.0},{"damage":2.0,"enemies":"3 Louse","floor":10.0,"turns":3.0},{"damage":5.0,"enemies":"Looter","floor":11.0,"turns":3.0},{"damage":1.0,"enemies":"Exordium Wildlife","floor":12.0,"turns":4.0},{"damage":4.0,"enemies":"Blue Slaver","floor":13.0,"turns":6.0},{"damage":9.0,"enemies":"3 Sentries","floor":14.0,"turns":10.0},{"damage":27.0,"enemies":"Slime Boss","floor":16.0,"turns":12.0},{"damage":8.0,"enemies":"Spheric Guardian","floor":18.0,"turns":5.0},{"damage":21.0,"enemies":"2 Thieves","floor":19.0,"turns":4.0},{"damage":12.0,"enemies":"Centurion and Healer","floor":20.0,"turns":7.0},{"damage":14.0,"enemies":"3 Cultists","floor":22.0,"turns":5.0},{"damage":26.0,"enemies":"Book of Stabbing","floor":28.0,"turns":5.0},{"damage":0.0,"enemies":"Cultist and Chosen","floor":31.0,"turns":2.0},{"damage":3.0,"enemies":"Champ","floor":33.0,"turns":6.0},{"damage":0.0,"enemies":"3 Shapes","floor":35.0,"turns":6.0},{"damage":14.0,"enemies":"3 Darklings","floor":38.0,"turns":5.0},{"damage":0.0,"enemies":"4 Shapes","floor":39.0,"turns":4.0},{"damage":3.0,"enemies":"Giant Head","floor":40.0,"turns":5.0},{"damage":0.0,"enemies":"Transient","floor":41.0,"turns":5.0},{"damage":5.0,"enemies":"Jaw Worm Horde","floor":42.0,"turns":4.0},{"damage":3.0,"enemies":"Writhing Mass","floor":47.0,"turns":6.0},{"damage":21.0,"enemies":"Reptomancer","floor":48.0,"turns":4.0},{"damage":22.0,"enemies":"Awakened One","floor":50.0,"turns":11.0},{"damage":35,"enemies":"Shield and Spear","floor":54,"turns":8},{"damage":58,"enemies":"The Heart","floor":55,"turns":5}],"seed_played":"578108149959868914","potions_obtained":[{"floor":6.0,"key":"ColorlessPotion"},{"floor":8.0,"key":"Fire Potion"},{"floor":10.0,"key":"Swift Potion"},{"floor":11.0,"key":"CultistPotion"},{"floor":22.0,"key":"Energy Potion"},{"floor":28.0,"key":"Strength Potion"},{"floor":31.0,"key":"BlessingOfTheForge"},{"floor":38.0,"key":"LiquidMemories"},{"floor":39.0,"key":"BlessingOfTheForge"},{"floor":42.0,"key":"Block Potion"},{"floor":54,"key":"LiquidBronze"}],"is_trial":false,"path_per_floor":["M","?","?","M","$","E","M","M","T","M","M","M","M","E","R","B",null,"M","M","M","$","M","R","T","R","T","R","E","$","?","M","R","B",null,"M","?","$","M","M","E","M","M","T","R","T","?","M","E","R","B",null,"R","$","E","B"],"character_chosen":"THE_SILENT","items_purchased":["Sadistic Nature","Anchor","Swift Potion","Snake Skull","TwistedFunnel","Prepared"],"campfire_rested":2,"item_purchase_floors":[21,29,29,37,53,53],"current_hp_per_floor":[70,70,70,70,70,70,69,61,61,59,54,53,49,40,40,13,70,62,41,29,29,15,36,36,36,36,36,10,10,10,10,31,28,70,70,70,70,56,56,53,53,48,48,48,48,48,45,24,24,2,70,70,70,35,0,0],"gold":41,"neow_bonus":"THREE_ENEMY_KILL","is_daily":false,"chose_seed":false,"campfire_upgraded":5,"win_rate":0.0,"timestamp":1613566176,"path_taken":["M","?","?","M","$","E","M","M","T","M","M","?","M","E","R","BOSS","M","M","M","?","M","R","?","R","T","R","E","$","?","?","R","BOSS","M","?","$","M","M","E","M","M","T","R","?","?","M","E","R","BOSS","R","$","E","BOSS"],"items_purchased_type":["Card","Relic","Potion","Relic","Relic","Card"],"build_version":"2020-12-22","purchased_purges":3,"victory":false,"max_hp_per_floor":[70,70,70,70,70,70,70,70,70,70,70,70,70,70,70,70,70,70,70,70,70,70,70,70,70,70,70,70,70,70,70,70,70,70,70,70,70,70,70,70,70,70,70,70,70,70,70,70,70,70,70,70,70,70,70,70],"card_choices":[{"not_picked":["Slice","Poisoned Stab"],"picked":"Blade Dance","floor":1.0},{"not_picked":["Underhanded Strike","Riddle With Holes"],"picked":"Bouncing Flask","floor":4.0},{"not_picked":["PiercingWail","Endless Agony"],"picked":"Bullet Time","floor":6.0},{"not_picked":["Leg Sweep","Terror"],"picked":"Well Laid Plans","floor":7.0},{"not_picked":["Eviscerate","Skewer"],"picked":"Dodge and Roll","floor":8.0},{"not_picked":["Dash","Prepared","Endless Agony"],"picked":"SKIP","floor":10.0},{"not_picked":["Backflip","Deflect"],"picked":"Outmaneuver","floor":11.0},{"not_picked":["Escape Plan","Dagger Throw"],"picked":"Noxious Fumes","floor":12.0},{"not_picked":["Flying Knee","Sucker Punch"],"picked":"Cloak And Dagger","floor":13.0},{"not_picked":["Noxious Fumes","Dodge and Roll"],"picked":"Blur","floor":14.0},{"not_picked":["Phantasmal Killer","Malaise"],"picked":"Envenom","floor":16.0},{"not_picked":["Backflip","Dash+1"],"picked":"Blade Dance+1","floor":18.0},{"not_picked":["Outmaneuver+1","PiercingWail+1"],"picked":"Poisoned Stab+1","floor":19.0},{"not_picked":["Masterful Stab","Reflex","Dagger Throw+1"],"picked":"SKIP","floor":20.0},{"not_picked":["Reflex","Sucker Punch"],"picked":"Deadly Poison+1","floor":22.0},{"not_picked":["Predator","Distraction","Sucker Punch+1"],"picked":"SKIP","floor":28.0},{"not_picked":["PiercingWail","Expertise"],"picked":"Blade Dance","floor":31.0},{"not_picked":["Storm of Steel","Night Terror"],"picked":"Venomology","floor":33.0},{"not_picked":["Poisoned Stab","Acrobatics","PiercingWail"],"picked":"SKIP","floor":35.0},{"not_picked":["Deadly Poison+1","Noxious Fumes+1"],"picked":"Blur+1","floor":38.0},{"not_picked":["Riddle With Holes+1","Acrobatics"],"picked":"Deflect","floor":39.0},{"not_picked":["Prepared","Glass Knife","Dagger Throw"],"picked":"SKIP","floor":40.0},{"not_picked":["Flying Knee","Well Laid Plans","Underhanded Strike"],"picked":"SKIP","floor":41.0},{"not_picked":["Terror","Backflip","Choke+1"],"picked":"SKIP","floor":42.0},{"not_picked":["Apotheosis","Jack Of All Trades"],"picked":"Master of Strategy","floor":46.0},{"not_picked":["Dagger Throw+1","Poisoned Stab"],"picked":"Deflect","floor":47.0},{"not_picked":["Prepared","Backflip","Underhanded Strike+1"],"picked":"SKIP","floor":48.0},{"not_picked":["Escape Plan","Bane+1"],"picked":"Calculated Gamble","floor":54}],"player_experience":77337,"relics_obtained":[{"floor":6.0,"key":"Potion Belt"},{"floor":14.0,"key":"Oddly Smooth Stone"},{"floor":24.0,"key":"Happy Flower"},{"floor":28.0,"key":"Bag of Preparation"},{"floor":40.0,"key":"Regal Pillow"},{"floor":40.0,"key":"Matryoshka"},{"floor":43.0,"key":"Ancient Tea Set"},{"floor":43.0,"key":"Orichalcum"},{"floor":45.0,"key":"Boot"},{"floor":45.0,"key":"Smiling Mask"},{"floor":48.0,"key":"Nunchaku"},{"floor":48.0,"key":"Shuriken"},{"floor":54,"key":"Du-Vu Doll"},{"floor":54,"key":"Ninja Scroll"}],"event_choices":[{"damage_healed":0.0,"max_hp_gain":0.0,"max_hp_loss":0.0,"gold_gain":0.0,"event_name":"Big Fish","player_choice":"Box","floor":2.0,"gold_loss":0.0,"damage_taken":0.0,"relics_obtained":["Tiny Chest"],"cards_obtained":["Regret"]},{"damage_healed":0.0,"max_hp_gain":0.0,"max_hp_loss":0.0,"gold_gain":0.0,"event_name":"FaceTrader","player_choice":"Trade","floor":3.0,"gold_loss":0.0,"damage_taken":0.0,"relics_obtained":["NlothsMask"]},{"damage_healed":0.0,"max_hp_gain":0.0,"max_hp_loss":0.0,"gold_gain":0.0,"event_name":"Back to Basics","player_choice":"Simplicity","floor":30.0,"gold_loss":0.0,"damage_taken":0.0,"cards_upgraded":["Strike_G","Strike_G","Strike_G","Strike_G","Defend_G","Defend_G","Defend_G","Defend_G","Defend_G"]},{"damage_healed":0.0,"max_hp_gain":0.0,"max_hp_loss":0.0,"gold_gain":0.0,"cards_transformed":["Strike_G"],"event_name":"Transmorgrifier","player_choice":"Transformed","floor":36.0,"gold_loss":0.0,"damage_taken":0.0,"cards_obtained":["Tools of the Trade"]},{"damage_healed":0.0,"max_hp_gain":0.0,"max_hp_loss":0.0,"gold_gain":0.0,"event_name":"SensoryStone","player_choice":"Memory 1","floor":46.0,"gold_loss":0.0,"damage_taken":0.0}],"is_beta":false,"boss_relics":[{"not_picked":["Busted Crown","Cursed Key"],"picked":"WristBlade"},{"not_picked":["Snecko Eye","Coffee Dripper"],"picked":"Black Star"}],"items_purged_floors":[5,21,53],"is_endless":false,"potions_floor_spawned":[6,8,10,11,22,28,31,38,39,42,54],"killed_by":"The Heart","ascension_level":0}}