{"host":"n9gusi1v40na1f9y","time":1613568413,"event":{"mods":["AchievementEnabler","BaseMod","Colored Map","Colored Powertips","Downfall","Highlight Path","Minty Spire (QoL Compilation)","Rare Cards Sparkle","StSLib","The Bug Knight"],"gold_per_floor":[109,127,144,144,154,179,179,198,198,198,228,244,262,274,274,274,274],"floor_reached":16,"language":"ENG","playtime":1812,"items_purged":[],"score":116,"play_id":"8d58298d-0ebb-40be-b002-2df61afa6d23","local_time":"20210217132653","is_ascension_mode":false,"campfire_choices":[{"floor":10,"key":"REST"},{"floor":15,"key":"REST"}],"circlet_count":0,"master_deck":["Strike_B","Strike_B","Strike_B","Defend_B","Defend_B","Defend_B","Defend_B","Zap","Dualcast","Seek","Go for the Eyes","Seek","Loop","Go for the Eyes","Conserve Battery","BootSequence","Coolheaded","Buffer"],"relics":["Cracked Core","Bag of Marbles","Bird Faced Urn","HollowMod:StagPassRelic"],"acts_visited":["Exordium"],"potions_floor_usage":[6,16],"damage_taken":[{"damage":10,"enemies":"Jaw Worm","floor":1,"turns":4},{"damage":0,"enemies":"2 Louse","floor":2,"turns":1},{"damage":5,"enemies":"Small Slimes","floor":3,"turns":3},{"damage":14,"enemies":"Exordium Thugs","floor":5,"turns":4},{"damage":33,"enemies":"HollowMod:MossKnight","floor":6,"turns":12},{"damage":7,"enemies":"Looter","floor":8,"turns":3},{"damage":24,"enemies":"3 Sentries","floor":11,"turns":8},{"damage":1,"enemies":"Large Slime","floor":12,"turns":5},{"damage":1,"enemies":"Lots of Slimes","floor":13,"turns":4},{"damage":0,"enemies":"Looter","floor":14,"turns":3},{"damage":53,"enemies":"Hexaghost","floor":16,"turns":14}],"seed_played":"6036228127489161958","potions_obtained":[{"floor":3,"key":"FearPotion"},{"floor":5,"key":"Regen Potion"},{"floor":11,"key":"champ:CounterPotion"},{"floor":12,"key":"Swift Potion"}],"is_trial":false,"path_per_floor":["M","M","M","?","M","E","?","M","T","R","E","M","M","M","R","B"],"character_chosen":"DEFECT","items_purchased":[],"campfire_rested":2,"item_purchase_floors":[],"current_hp_per_floor":[65,65,60,60,46,28,28,21,21,43,21,22,23,25,47,0,0],"gold":274,"neow_bonus":"ONE_RANDOM_RARE_CARD","is_daily":false,"chose_seed":false,"campfire_upgraded":0,"win_rate":0.0,"timestamp":1613568413,"path_taken":["M","M","M","?","M","E","?","?","T","R","E","M","M","M","R","BOSS"],"items_purchased_type":[],"build_version":"2020-12-22","purchased_purges":0,"victory":false,"max_hp_per_floor":[75,75,75,75,75,75,75,75,75,75,75,75,75,75,75,75,75],"card_choices":[{"not_picked":["Redo","Sweeping Beam"],"picked":"Go for the Eyes","floor":1},{"not_picked":["Rebound","Tempest","White Noise"],"picked":"SKIP","floor":2},{"not_picked":["Conserve Battery","Fusion"],"picked":"Seek","floor":3},{"not_picked":["Beam Cell","Force Field"],"picked":"Loop","floor":5},{"not_picked":["Stack","Redo"],"picked":"Go for the Eyes","floor":6},{"not_picked":["Stack","Doom and Gloom"],"picked":"Conserve Battery","floor":8},{"not_picked":["Doom and Gloom","Double Energy"],"picked":"BootSequence","floor":11},{"not_picked":["Compile Driver","BootSequence","Redo"],"picked":"SKIP","floor":12},{"not_picked":["Barrage","Double Energy"],"picked":"Coolheaded","floor":13},{"not_picked":["Stack","Lockon"],"picked":"Buffer","floor":14}],"player_experience":73943,"relics_obtained":[{"floor":6,"key":"Bag of Marbles"},{"floor":9,"key":"Bird Faced Urn"},{"floor":11,"key":"HollowMod:StagPassRelic"}],"event_choices":[{"cards_removed":["Strike_B"],"damage_healed":0,"gold_gain":0,"player_choice":"Forget","damage_taken":0,"max_hp_gain":0,"max_hp_loss":0,"event_name":"Living Wall","floor":4,"gold_loss":0},{"damage_healed":0,"gold_gain":0,"player_choice":"Ignored","damage_taken":0,"max_hp_gain":0,"max_hp_loss":0,"event_name":"Liars Game","floor":7,"gold_loss":0}],"is_beta":false,"boss_relics":[],"items_purged_floors":[],"is_endless":false,"potions_floor_spawned":[3,5,11,12],"killed_by":"Hexaghost","ascension_level":0}}