{"host":"2fgwwnzqc97k7iys","time":1613533347,"event":{"mods":["BaseMod","Colored Map","Minty Spire (QoL Compilation)","Quick Restart","Relic Stats"],"gold_per_floor":[17,17,31,31,52,92,105,105,105,130,130,145,189,19,19,145,145,160,14,30,51,51,51,51,51],"floor_reached":24,"language":"ENG","playtime":1119,"items_purged":["Strike_B"],"score":312,"play_id":"dcb6be03-782b-4bfc-bd6e-cda142d947d6","local_time":"20210216214227","is_ascension_mode":true,"campfire_choices":[{"data":"Dualcast","floor":11,"key":"SMITH"},{"data":"Conserve Battery","floor":15,"key":"SMITH"},{"data":"Fission","floor":23,"key":"SMITH"}],"circlet_count":0,"master_deck":["AscendersBane","Strike_B","Strike_B","Defend_B","Defend_B","Defend_B","Zap","Dualcast+1","Sweeping Beam+1","Conserve Battery+1","Beam Cell+1","Cold Snap","Darkness","Conserve Battery","Fission+1","Genetic Algorithm","Double Energy","Redo"],"relics":["Cracked Core","Golden Idol","Singing Bowl","Whetstone","Mummified Hand","Thread and Needle","DataDisk","Coffee Dripper"],"acts_visited":["Exordium","TheCity"],"potions_floor_usage":[6,13,16,16,24,24],"damage_taken":[{"damage":2.0,"enemies":"Jaw Worm","floor":1.0,"turns":3.0},{"damage":1.0,"enemies":"Cultist","floor":3.0,"turns":3.0},{"damage":0.0,"enemies":"Small Slimes","floor":5.0,"turns":2.0},{"damage":12,"enemies":"Gremlin Nob","floor":6,"turns":3},{"damage":2,"enemies":"2 Fungi Beasts","floor":7,"turns":3},{"damage":0,"enemies":"Large Slime","floor":10,"turns":3},{"damage":2,"enemies":"Red Slaver","floor":12,"turns":3},{"damage":18,"enemies":"Lagavulin","floor":13,"turns":5},{"damage":1,"enemies":"Slime Boss","floor":16,"turns":7},{"damage":0,"enemies":"Shell Parasite","floor":18,"turns":5},{"damage":18,"enemies":"2 Thieves","floor":20,"turns":4},{"damage":23,"enemies":"Centurion and Healer","floor":21,"turns":6},{"damage":9,"enemies":"Gremlin Leader","floor":24,"turns":5}],"seed_played":"-8778236254323879966","potions_obtained":[{"floor":3.0,"key":"SteroidPotion"},{"floor":5.0,"key":"FocusPotion"},{"floor":6,"key":"DuplicationPotion"},{"floor":8,"key":"DistilledChaos"},{"floor":13,"key":"Strength Potion"},{"floor":20,"key":"Swift Potion"}],"is_trial":false,"path_per_floor":["M","?","M","T","M","E","M","?","T","M","R","M","E","$","R","B",null,"M","$","M","M","$","R","E"],"character_chosen":"DEFECT","items_purchased":["DataDisk","Conserve Battery","Double Energy"],"campfire_rested":0,"item_purchase_floors":[14,14,19],"current_hp_per_floor":[66,66,65,65,65,53,53,53,53,53,53,53,37,37,37,36,65,65,65,49,26,26,26,17,17],"gold":51,"neow_bonus":"REMOVE_TWO","is_daily":false,"chose_seed":false,"campfire_upgraded":3,"win_rate":0.0,"timestamp":1613533347,"path_taken":["M","?","M","?","M","E","M","?","T","M","R","M","E","$","R","BOSS","M","$","M","M","?","R","E"],"items_purchased_type":["Relic","Card","Card"],"build_version":"2020-12-22","purchased_purges":1,"victory":false,"max_hp_per_floor":[75,69,69,69,69,69,71,71,71,71,71,73,75,75,75,75,75,75,75,77,77,77,77,77,77],"relic_stats":{"Singing Bowl":8,"counters":[13,52],"Golden Idol":70,"Mummified Hand":[0],"Whetstone":["Sweeping Beam","Beam Cell"],"obtain_stats":[{"DataDisk":14,"Singing Bowl":4,"Golden Idol":2,"Mummified Hand":9,"Thread and Needle":13,"Coffee Dripper":17,"Whetstone":6,"Cracked Core":0},{"DataDisk":8,"Singing Bowl":2,"Golden Idol":1,"Mummified Hand":5,"Thread and Needle":8,"Coffee Dripper":9,"Whetstone":4,"Cracked Core":0},{"DataDisk":25,"Singing Bowl":6,"Golden Idol":3,"Mummified Hand":14,"Thread and Needle":25,"Coffee Dripper":32,"Whetstone":11,"Cracked Core":0}]},"card_choices":[{"not_picked":["Reinforced Body","Static Discharge"],"picked":"Sweeping Beam","floor":1.0},{"not_picked":["Rebound","Streamline"],"picked":"Conserve Battery","floor":3.0},{"not_picked":["Auto Shields","Coolheaded"],"picked":"Beam Cell","floor":5.0},{"not_picked":["Buffer","Meteor Strike"],"picked":"Cold Snap","floor":6},{"not_picked":["Redo","Rebound","Stack"],"picked":"Singing Bowl","floor":7},{"not_picked":["Turbo","Fusion"],"picked":"Darkness","floor":10},{"not_picked":["Rip and Tear","Stack","Beam Cell"],"picked":"Singing Bowl","floor":12},{"not_picked":["Melter","Reprogram","Steam"],"picked":"Singing Bowl","floor":13},{"not_picked":["Amplify","Rainbow"],"picked":"Fission","floor":16},{"not_picked":["Turbo","Rip and Tear"],"picked":"Genetic Algorithm","floor":18},{"not_picked":["Hello World","Storm","Gash+1"],"picked":"Singing Bowl","floor":20},{"not_picked":["Capacitor+1","Gash+1"],"picked":"Redo","floor":21}],"player_experience":607317,"relics_obtained":[{"floor":4.0,"key":"Singing Bowl"},{"floor":6,"key":"Whetstone"},{"floor":9,"key":"Mummified Hand"},{"floor":13,"key":"Thread and Needle"}],"event_choices":[{"damage_healed":0.0,"max_hp_gain":0.0,"max_hp_loss":6.0,"gold_gain":0.0,"event_name":"Golden Idol","player_choice":"Lose Max HP","floor":2.0,"gold_loss":0.0,"damage_taken":0.0,"relics_obtained":["Golden Idol"]},{"damage_healed":0,"gold_gain":0,"player_choice":"Got Potions","damage_taken":0,"max_hp_gain":0,"max_hp_loss":0,"event_name":"Lab","floor":8,"gold_loss":0}],"is_beta":false,"boss_relics":[{"not_picked":["Velvet Choker","SlaversCollar"],"picked":"Coffee Dripper"}],"items_purged_floors":[19],"is_endless":false,"potions_floor_spawned":[3,5,6,10,13,20],"killed_by":"Gremlin Leader","ascension_level":10}}