{"host":"ttzdpsscxkem3xrs","time":1613527851,"event":{"mods":["BaseMod","Colored Map","Downfall","Hermit","Minty Spire (QoL Compilation)","Replay The Spire","StSLib","The Cursed","The Hierophant"],"gold_per_floor":[113,130,3,3,16,16,16,46,46,46,58,85,85,103,103,204,204,220,235,235,235,235],"floor_reached":21,"language":"ENG","playtime":3310,"items_purged":[],"score":214,"play_id":"95856541-0787-40b3-84b3-c5db334e9270","local_time":"20210216181051","is_ascension_mode":false,"campfire_choices":[{"data":"hermit:Grudge","floor":6,"key":"SMITH"},{"data":"hermit:HighNoon","floor":10,"key":"SMITH"},{"data":"hermit:Dive","floor":13,"key":"SMITH"},{"floor":15,"key":"REST"}],"circlet_count":0,"master_deck":["hermit:Strike_Hermit","hermit:Strike_Hermit","hermit:Strike_Hermit","hermit:Strike_Hermit","hermit:Defend_Hermit","hermit:Defend_Hermit","hermit:Defend_Hermit","hermit:Defend_Hermit","hermit:Snapshot","hermit:Covet","hermit:Dive+1","hermit:Grudge+1","hermit:Brawl+1","hermit:Spite","hermit:Deadeye","hermit:HighNoon+1","hermit:Gestalt","Pot Of Greed","Pot Of Greed","hermit:GhostlyPresence","hermit:HeroicBravado","hermit:PistolWhip+1","hermit:Brawl+1"],"relics":["hermit:ClaspedLocket","StrikeDummy","White Beast Statue","Grinning Jar","Ring of Searing","ReplayTheSpireMod:Ring of Exchange"],"acts_visited":["Exordium","TheCity"],"potions_floor_usage":[8,8,12,12,16,16,18,19,19,21,21,21,21],"damage_taken":[{"damage":1,"enemies":"Cultist","floor":1,"turns":3},{"damage":1,"enemies":"Jaw Worm","floor":2,"turns":3},{"damage":3,"enemies":"Small Slimes","floor":5,"turns":3},{"damage":0,"enemies":"Gremlin Nob","floor":8,"turns":3},{"damage":1,"enemies":"Exordium Wildlife","floor":11,"turns":2},{"damage":11,"enemies":"3 Sentries","floor":12,"turns":5},{"damage":0,"enemies":"Large Slime","floor":14,"turns":5},{"damage":50,"enemies":"The Guardian","floor":16,"turns":9},{"damage":69,"enemies":"3 Byrds","floor":18,"turns":7},{"damage":11,"enemies":"Shell Parasite","floor":19,"turns":4},{"damage":12,"enemies":"3 Cultists","floor":21,"turns":4}],"seed_played":"611578765097518720","potions_obtained":[{"floor":2,"key":"hermit:BlackBile"},{"floor":5,"key":"Toxic Potion"},{"floor":7,"key":"Toxic Potion"},{"floor":7,"key":"Venom Potion"},{"floor":8,"key":"DistilledChaos"},{"floor":11,"key":"SkillPotion"},{"floor":12,"key":"SteroidPotion"},{"floor":14,"key":"SteroidPotion"},{"floor":16,"key":"sneckomod:MuddlingPotion"},{"floor":18,"key":"Adrenaline Potion"},{"floor":19,"key":"EntropicBrew"}],"is_trial":false,"path_per_floor":["M","M","$","$","M","R","?","E","T","R","M","E","R","M","R","B",null,"M","M","?","M"],"character_chosen":"HERMIT","items_purchased":["hermit:Brawl+1","hermit:Spite"],"campfire_rested":1,"item_purchase_floors":[3,3],"current_hp_per_floor":[81,80,80,80,77,77,77,77,77,77,76,65,65,65,82,32,82,13,2,2,0,0],"gold":235,"neow_bonus":"TEN_PERCENT_HP_BONUS","is_daily":false,"chose_seed":false,"campfire_upgraded":3,"win_rate":0.0,"timestamp":1613527851,"path_taken":["M","M","?","$","M","R","?","E","T","R","M","E","R","?","R","BOSS","M","M","?","M"],"items_purchased_type":["Card","Card"],"build_version":"2020-12-22","purchased_purges":0,"victory":false,"max_hp_per_floor":[82,82,82,82,82,82,82,82,82,82,82,82,82,82,82,82,82,82,82,82,82,82],"card_choices":[{"not_picked":["hermit:Feint","hermit:SprayPray"],"picked":"hermit:Dive","floor":1},{"not_picked":["hermit:SprayPray","hermit:Snipe"],"picked":"hermit:Grudge","floor":2},{"not_picked":["hermit:HighCaliber","hermit:PistolWhip"],"picked":"hermit:Deadeye","floor":5},{"not_picked":["hermit:Feint","hermit:WideOpen"],"picked":"hermit:HighNoon","floor":8},{"not_picked":["hermit:ItchyTrigger","hermit:Manifest"],"picked":"hermit:Gestalt","floor":11},{"not_picked":["hermit:HoleUp","hermit:Midnight","hermit:Manifest"],"picked":"SKIP","floor":12},{"not_picked":["hermit:LoneWolf","hermit:DeadOrAlive"],"picked":"hermit:GhostlyPresence","floor":14},{"not_picked":["hermit:Reprieve","hermit:BlackWind"],"picked":"hermit:HeroicBravado","floor":16},{"not_picked":["hermit:Coalescence","hermit:ShadowCloak"],"picked":"hermit:PistolWhip+1","floor":18},{"not_picked":["hermit:FullyLoaded","hermit:Roulette"],"picked":"hermit:Brawl+1","floor":19}],"player_experience":1409220,"relics_obtained":[{"floor":8,"key":"StrikeDummy"},{"floor":9,"key":"White Beast Statue"},{"floor":12,"key":"Grinning Jar"},{"floor":20,"key":"Ring of Searing"},{"floor":20,"key":"ReplayTheSpireMod:Ring of Exchange"}],"event_choices":[{"damage_healed":0,"gold_gain":0,"player_choice":"Got Potions","damage_taken":0,"max_hp_gain":0,"max_hp_loss":0,"event_name":"Lab","floor":7,"gold_loss":0}],"is_beta":false,"boss_relics":[{"not_picked":["SacredBark","Tiny House"],"picked":"hermit:ClaspedLocket"}],"items_purged_floors":[],"is_endless":false,"potions_floor_spawned":[2,5,8,11,12,14,16,18,19],"killed_by":"3 Cultists","ascension_level":0}}