{"host":"3hzk4hwwdropes3d","time":1613596226,"event":{"mods":["BaseMod","Hermit","Minty Spire (QoL Compilation)","StSLib"],"gold_per_floor":[110,76,14,34,53,53,78,78,78,78,78],"floor_reached":10,"language":"ENG","playtime":335,"items_purged":[],"score":109,"play_id":"28692d49-9459-4151-aa8d-922434856b5a","local_time":"20210217131026","is_ascension_mode":true,"campfire_choices":[{"data":"Conclude","floor":6,"key":"SMITH"},{"data":"Fasting2","floor":8,"key":"SMITH"}],"circlet_count":0,"master_deck":["Strike_P","Strike_P","Strike_P","Strike_P","Defend_P","Defend_P","Defend_P","Defend_P","Eruption+1","Vigilance","Meditate","FearNoEvil","Conclude+1","Indignation","Fasting2+1"],"relics":["PureWater","Bird Faced Urn","InkBottle","Frozen Egg 2"],"acts_visited":["Exordium"],"potions_floor_usage":[],"damage_taken":[{"damage":12,"enemies":"Small Slimes","floor":1,"turns":4},{"damage":1,"enemies":"Cultist","floor":4,"turns":3},{"damage":5,"enemies":"2 Louse","floor":5,"turns":3},{"damage":0,"enemies":"Gremlin Nob","floor":7,"turns":2},{"damage":40,"enemies":"Lagavulin","floor":10,"turns":3}],"seed_played":"3790156126615622134","potions_obtained":[{"floor":5,"key":"EssenceOfSteel"}],"is_trial":false,"path_per_floor":["M","$","?","M","M","R","E","R","T","E"],"character_chosen":"WATCHER","items_purchased":["FearNoEvil"],"campfire_rested":0,"item_purchase_floors":[2],"current_hp_per_floor":[60,60,60,59,54,54,54,54,54,16,16],"gold":78,"neow_bonus":"UPGRADE_CARD","is_daily":false,"chose_seed":false,"campfire_upgraded":2,"win_rate":0.0,"timestamp":1613596226,"path_taken":["M","$","?","M","M","R","E","R","T","E"],"items_purchased_type":["Card"],"build_version":"2020-12-22","purchased_purges":0,"victory":false,"max_hp_per_floor":[72,72,72,72,72,72,72,72,72,72,72],"card_choices":[{"not_picked":["Consecrate","Crescendo"],"picked":"Meditate","floor":1},{"not_picked":["Worship","LikeWater"],"picked":"Conclude","floor":4},{"not_picked":["Prostrate","CarveReality"],"picked":"Indignation","floor":5},{"not_picked":["WaveOfTheHand","DeceiveReality"],"picked":"Fasting2","floor":7}],"player_experience":309042,"relics_obtained":[{"floor":7,"key":"InkBottle"},{"floor":9,"key":"Frozen Egg 2"}],"event_choices":[{"damage_healed":0,"gold_gain":0,"player_choice":"Paid Gold","damage_taken":0,"relics_obtained":["Bird Faced Urn"],"max_hp_gain":0,"max_hp_loss":0,"event_name":"WeMeetAgain","floor":3,"gold_loss":62}],"is_beta":false,"boss_relics":[],"items_purged_floors":[],"is_endless":false,"potions_floor_spawned":[5,7],"killed_by":"Lagavulin","ascension_level":4}}