{"host":"8yg5xi2a6w9qkgsw","time":1613581095,"event":{"mods":["AchievementEnabler","BaseMod","Block Reminder","Colored Powertips","Minty Spire (QoL Compilation)","MonsterHotkey","Random Character Button","Relic Stats"],"gold_per_floor":[110,128,144,114,189,189,216,216,216,236,236,236,268,283,283,356,356,369,386,386,399,112,112,112,145,145,179,179,197,29,44,44,120,120,139,149,149,149,160,188,26,56,56,56,90,107,122,148,148,148,148,148,48,76,76],"floor_reached":56,"language":"ENG","playtime":11928,"items_purged":["Decay","Defend_B"],"score":2707,"play_id":"d66db7e6-ec39-4a33-b833-d3669a6c5cd4","local_time":"20210217175815","is_ascension_mode":true,"campfire_choices":[{"data":"Zap","floor":6.0,"key":"SMITH"},{"data":"Genetic Algorithm","floor":8.0,"key":"SMITH"},{"floor":12.0,"key":"REST"},{"data":"Scrape","floor":15.0,"key":"SMITH"},{"floor":23.0,"key":"REST"},{"data":"RitualDagger","floor":32.0,"key":"SMITH"},{"floor":49,"key":"RECALL"},{"data":"Heatsinks","floor":52,"key":"SMITH"}],"circlet_count":0,"master_deck":["AscendersBane","Defend_B","Defend_B","Zap+1","Dualcast","Conserve Battery+1","Heatsinks+1","Fission+1","Scrape","Scrape+1","Defragment","Go for the Eyes","Genetic Algorithm+1","Glacier","White Noise","Gash","Biased Cognition","Chill","RitualDagger+1","Buffer","Loop","Ghostly","Ghostly","Ghostly","White Noise","Fission","Madness","Madness","Storm","Machine Learning","Capacitor","Heatsinks+1","Hologram+1","Echo Form"],"relics":["Astrolabe","White Beast Statue","Mummified Hand","Shuriken","SlaversCollar","TheAbacus","Nunchaku","Singing Bowl","Dead Branch","OrangePellets","Empty Cage","Prayer Wheel","Strange Spoon","Symbiotic Virus","Happy Flower","Sundial","Pantograph"],"acts_visited":["Exordium","TheCity","TheBeyond","TheEnding"],"potions_floor_usage":[55,55],"damage_taken":[{"damage":0.0,"enemies":"Small Slimes","floor":1.0,"turns":6.0},{"damage":0.0,"enemies":"2 Louse","floor":2.0,"turns":4.0},{"damage":1.0,"enemies":"Cultist","floor":3.0,"turns":4.0},{"damage":2.0,"enemies":"Looter","floor":4.0,"turns":4.0},{"damage":29.0,"enemies":"3 Sentries","floor":7.0,"turns":9.0},{"damage":6.0,"enemies":"Exordium Wildlife","floor":10.0,"turns":5.0},{"damage":3.0,"enemies":"Lagavulin","floor":13.0,"turns":10.0},{"damage":8.0,"enemies":"Large Slime","floor":14.0,"turns":6.0},{"damage":0.0,"enemies":"Slime Boss","floor":16.0,"turns":8.0},{"damage":18.0,"enemies":"3 Byrds","floor":18.0,"turns":7.0},{"damage":2.0,"enemies":"Shell Parasite","floor":19.0,"turns":7.0},{"damage":27.0,"enemies":"Chosen and Byrds","floor":21.0,"turns":9.0},{"damage":18.0,"enemies":"Book of Stabbing","floor":25.0,"turns":6.0},{"damage":0.0,"enemies":"Slavers","floor":27.0,"turns":8.0},{"damage":0.0,"enemies":"Shelled Parasite and Fungi","floor":29.0,"turns":7.0},{"damage":0.0,"enemies":"Centurion and Healer","floor":31.0,"turns":8.0},{"damage":0.0,"enemies":"Collector","floor":33.0,"turns":9.0},{"damage":0.0,"enemies":"3 Shapes","floor":35.0,"turns":4.0},{"damage":0.0,"enemies":"3 Darklings","floor":36.0,"turns":9.0},{"damage":0.0,"enemies":"Spire Growth","floor":39.0,"turns":6.0},{"damage":0.0,"enemies":"Nemesis","floor":40.0,"turns":7.0},{"damage":10.0,"enemies":"Reptomancer","floor":42.0,"turns":6.0},{"damage":0.0,"enemies":"Nemesis","floor":45.0,"turns":7.0},{"damage":0,"enemies":"Maw","floor":46,"turns":6},{"damage":0,"enemies":"Writhing Mass","floor":47,"turns":8},{"damage":0,"enemies":"Giant Head","floor":48,"turns":6},{"damage":0,"enemies":"Time Eater","floor":50,"turns":11},{"damage":0,"enemies":"Shield and Spear","floor":54,"turns":4},{"damage":4,"enemies":"The Heart","floor":55,"turns":6}],"seed_played":"6494685003480146381","potions_obtained":[{"floor":1.0,"key":"Weak Potion"},{"floor":2.0,"key":"EntropicBrew"},{"floor":13.0,"key":"DuplicationPotion"},{"floor":16.0,"key":"PotionOfCapacity"},{"floor":18.0,"key":"SpeedPotion"},{"floor":19.0,"key":"SpeedPotion"},{"floor":21.0,"key":"FearPotion"},{"floor":25.0,"key":"Fire Potion"},{"floor":27.0,"key":"Ancient Potion"},{"floor":29.0,"key":"DuplicationPotion"}],"is_trial":false,"path_per_floor":["M","M","M","M","?","R","E","R","T","M","?","R","E","M","R","B",null,"M","M","?","M","$","R","?","E","T","E","?","M","$","M","R","B",null,"M","M","?","?","M","E","$","E","T","$","E","M","M","E","R","B",null,"R","$","E","B",null],"character_chosen":"DEFECT","items_purchased":["TheAbacus","Loop","OrangePellets","Strange Spoon"],"campfire_rested":2,"item_purchase_floors":[22,22,30,41],"current_hp_per_floor":[64,64,63,61,50,50,21,21,21,15,15,36,33,25,25,25,60,42,40,34,7,7,28,28,10,10,12,12,14,14,14,14,14,32,34,36,36,28,30,30,30,20,20,20,20,22,26,26,26,26,44,44,44,44,46],"gold":76,"neow_bonus":"BOSS_RELIC","is_daily":false,"chose_seed":false,"campfire_upgraded":5,"win_rate":0.0,"timestamp":1613581095,"path_taken":["M","M","M","M","?","R","E","R","T","M","?","R","E","?","R","BOSS","M","M","?","M","$","R","?","E","T","E","?","M","$","M","R","BOSS","M","M","?","?","M","E","$","E","T","?","E","M","M","E","R","BOSS","R","$","E","BOSS"],"items_purchased_type":["Relic","Card","Relic","Relic"],"build_version":"2020-12-22","purchased_purges":2,"victory":true,"max_hp_per_floor":[71,71,71,71,71,71,71,71,71,71,71,71,71,71,71,71,71,71,71,71,71,71,71,71,71,71,73,36,38,38,38,38,38,38,40,42,42,42,44,44,44,44,44,44,44,46,50,50,50,50,50,50,50,50,50],"relic_stats":{"Singing Bowl":16,"Happy Flower":[13],"counters":[29,194],"Astrolabe":["Conserve Battery","Heatsinks","Fission"],"Dead Branch":[140],"OrangePellets":[40],"Strange Spoon":[64],"Nunchaku":[22],"TheAbacus":[258],"Mummified Hand":[244],"Shuriken":[53],"Sundial":[6],"Pantograph":6,"Prayer Wheel":2,"obtain_stats":[{"Singing Bowl":26,"Happy Flower":45,"Astrolabe":0,"Dead Branch":27,"Empty Cage":34,"White Beast Statue":7,"SlaversCollar":17,"OrangePellets":30,"Strange Spoon":41,"Nunchaku":25,"TheAbacus":22,"Mummified Hand":9,"Shuriken":13,"Sundial":48,"Pantograph":54,"Prayer Wheel":40,"Cracked Core":0,"Symbiotic Virus":42},{"Singing Bowl":13,"Happy Flower":23,"Astrolabe":0,"Dead Branch":14,"Empty Cage":17,"White Beast Statue":5,"SlaversCollar":9,"OrangePellets":15,"Strange Spoon":21,"Nunchaku":13,"TheAbacus":12,"Mummified Hand":5,"Shuriken":7,"Sundial":26,"Pantograph":28,"Prayer Wheel":21,"Cracked Core":0,"Symbiotic Virus":22},{"Singing Bowl":85,"Happy Flower":154,"Astrolabe":0,"Dead Branch":92,"Empty Cage":116,"White Beast Statue":27,"SlaversCollar":56,"OrangePellets":99,"Strange Spoon":141,"Nunchaku":85,"TheAbacus":79,"Mummified Hand":27,"Shuriken":42,"Sundial":174,"Pantograph":188,"Prayer Wheel":141,"Cracked Core":0,"Symbiotic Virus":147}]},"card_choices":[{"not_picked":["Darkness","Gash"],"picked":"Scrape","floor":1.0},{"not_picked":["Turbo","Sweeping Beam"],"picked":"Scrape","floor":2.0},{"not_picked":["Rebound","Skim"],"picked":"Defragment","floor":3.0},{"not_picked":["Conserve Battery","Fusion"],"picked":"Go for the Eyes","floor":4.0},{"not_picked":["Steam","Turbo"],"picked":"Genetic Algorithm","floor":7.0},{"not_picked":["Leap","Ball Lightning"],"picked":"Glacier","floor":10.0},{"not_picked":["Reprogram","Auto Shields"],"picked":"White Noise","floor":13.0},{"not_picked":["Rebound","Darkness"],"picked":"Gash","floor":14.0},{"not_picked":["Creative AI","Thunder Strike"],"picked":"Biased Cognition","floor":16.0},{"not_picked":["Genetic Algorithm","Rip and Tear","Ball Lightning"],"picked":"SKIP","floor":18.0},{"not_picked":["Rebound","Steam"],"picked":"Chill","floor":19.0},{"not_picked":["Turbo","Force Field"],"picked":"Buffer","floor":21.0},{"not_picked":["Cold Snap+1","Rebound+1"],"picked":"Chill","floor":25.0},{"not_picked":["Reinforced Body","Hello World","Redo"],"picked":"Singing Bowl","floor":27.0},{"not_picked":["Reprogram","Compile Driver+1","Rebound"],"picked":"Singing Bowl","floor":29.0},{"not_picked":["Reinforced Body","Redo"],"picked":"White Noise","floor":31.0},{"not_picked":["All For One","Multi-Cast"],"picked":"Fission","floor":33.0},{"not_picked":["Steam","Conserve Battery","Leap"],"picked":"Singing Bowl","floor":35.0},{"not_picked":["Genetic Algorithm+1","Cold Snap","Consume"],"picked":"Singing Bowl","floor":36.0},{"not_picked":["Rip and Tear","Genetic Algorithm+1","Double Energy"],"picked":"Singing Bowl","floor":39.0},{"not_picked":["Glacier","Go for the Eyes"],"picked":"Storm","floor":40.0},{"not_picked":["Electrodynamics","Compile Driver"],"picked":"Machine Learning","floor":42.0},{"not_picked":["Chaos","Gash"],"picked":"Capacitor","floor":45.0},{"not_picked":["Recycle","Turbo"],"picked":"Heatsinks","floor":46},{"not_picked":["Darkness","Steam Power+1","Reinforced Body"],"picked":"Singing Bowl","floor":46},{"not_picked":["Blizzard","Conserve Battery","Cold Snap"],"picked":"Singing Bowl","floor":47},{"not_picked":["Melter","Barrage","Cold Snap"],"picked":"Singing Bowl","floor":47},{"not_picked":["Capacitor","Blizzard"],"picked":"Hologram+1","floor":48},{"not_picked":["Cold Snap","Go for the Eyes"],"picked":"Echo Form","floor":54}],"player_experience":1510870,"relics_obtained":[{"floor":7.0,"key":"White Beast Statue"},{"floor":9.0,"key":"Mummified Hand"},{"floor":13.0,"key":"Shuriken"},{"floor":25.0,"key":"Nunchaku"},{"floor":26.0,"key":"Singing Bowl"},{"floor":27.0,"key":"Dead Branch"},{"floor":40.0,"key":"Prayer Wheel"},{"floor":42.0,"key":"Symbiotic Virus"},{"floor":45.0,"key":"Happy Flower"},{"floor":48,"key":"Sundial"},{"floor":54,"key":"Pantograph"}],"event_choices":[{"damage_healed":0.0,"max_hp_gain":0.0,"max_hp_loss":0.0,"gold_gain":75.0,"event_name":"World of Goop","player_choice":"Gather Gold","floor":5.0,"gold_loss":0.0,"damage_taken":11.0},{"damage_healed":0.0,"max_hp_gain":0.0,"max_hp_loss":0.0,"gold_gain":0.0,"event_name":"Wheel of Change","player_choice":"Cursed","floor":11.0,"gold_loss":0.0,"damage_taken":0.0,"cards_obtained":["Decay"]},{"damage_healed":0.0,"max_hp_gain":0.0,"max_hp_loss":0.0,"gold_gain":0.0,"event_name":"Nest","player_choice":"Joined the Cult","floor":20.0,"gold_loss":0.0,"damage_taken":6.0,"cards_obtained":["RitualDagger"]},{"damage_healed":0.0,"max_hp_gain":0.0,"max_hp_loss":0.0,"gold_gain":0.0,"event_name":"Vampires","player_choice":"Ignored","floor":24.0,"gold_loss":0.0,"damage_taken":0.0},{"damage_healed":0.0,"max_hp_gain":0.0,"max_hp_loss":37.0,"gold_gain":0.0,"event_name":"Ghosts","player_choice":"Became a Ghost","floor":28.0,"gold_loss":0.0,"damage_taken":0.0,"cards_obtained":["Ghostly","Ghostly","Ghostly"]},{"cards_removed":["Chill"],"damage_healed":0.0,"max_hp_gain":0.0,"max_hp_loss":0.0,"gold_gain":0.0,"event_name":"Falling","player_choice":"Removed Skill","floor":37.0,"gold_loss":0.0,"damage_taken":0.0},{"damage_healed":0.0,"max_hp_gain":0.0,"max_hp_loss":0.0,"gold_gain":0.0,"event_name":"Winding Halls","player_choice":"Embrace Madness","floor":38.0,"gold_loss":0.0,"damage_taken":8.0,"cards_obtained":["Madness","Madness"]}],"is_beta":false,"boss_relics":[{"not_picked":["Coffee Dripper","Sozu"],"picked":"SlaversCollar"},{"not_picked":["Calling Bell","Pandora\u0027s Box"],"picked":"Empty Cage"}],"items_purged_floors":[22,53],"is_endless":false,"potions_floor_spawned":[1,2,7,10,13,14,16,18,19,21,25,27,29,31,33,35,36,39,40,42,45,46,47,48,54],"ascension_level":16}}