{"host":"ad59wuc8ynh8u2z6","time":1613599109,"event":{"mods":["AchievementEnabler","BaseMod","Colored Powertips","DeckTracker","Highlight Path","Minty Spire (QoL Compilation)","Permanent Neow"],"gold_per_floor":[116,132,143,143,167,167,211,211,211,211,211,225,260,14,14,137,137,153,184,283,283,283,316,316,349,349,349,388,170,170,213,213,213,213],"floor_reached":33,"language":"ENG","playtime":1054,"items_purged":["Strike_R"],"score":558,"play_id":"9f829bf0-f40c-4018-9292-053f066195e7","local_time":"20210217225829","is_ascension_mode":true,"campfire_choices":[{"data":"Shockwave","floor":6.0,"key":"SMITH"},{"data":"Bash","floor":8.0,"key":"SMITH"},{"floor":11.0,"key":"REST"},{"data":"Offering","floor":15.0,"key":"SMITH"},{"floor":24.0,"key":"REST"},{"floor":27.0,"key":"REST"},{"data":"Defend_R","floor":32,"key":"SMITH"}],"circlet_count":0,"master_deck":["Strike_R","Strike_R","Strike_R","Strike_R+1","Defend_R+1","Defend_R","Defend_R","Defend_R+1","Bash+1","Shockwave+1","Offering+1","Thunderclap+1","Feed+1","Feed+1","CurseOfTheBell","Shrug It Off+1","Necronomicurse","Thunderclap+1","Writhe"],"relics":["Black Star","Golden Idol","Blue Candle","Molten Egg 2","Matryoshka","Pear","Bottled Flame","Paper Frog","Calling Bell","Potion Belt","Question Card","Torii","Red Mask","MutagenicStrength","Necronomicon","Toy Ornithopter","Centennial Puzzle","Strawberry","Vajra","Anchor","Bottled Lightning","Akabeko","Bag of Marbles","HandDrill","Eternal Feather","Nunchaku","Mercury Hourglass"],"acts_visited":["Exordium","TheCity"],"potions_floor_usage":[33,33,33],"damage_taken":[{"damage":7.0,"enemies":"Small Slimes","floor":1.0,"turns":4.0},{"damage":7.0,"enemies":"Jaw Worm","floor":2.0,"turns":3.0},{"damage":1.0,"enemies":"2 Louse","floor":3.0,"turns":4.0},{"damage":14.0,"enemies":"Blue Slaver","floor":5.0,"turns":5.0},{"damage":16.0,"enemies":"Gremlin Nob","floor":7.0,"turns":3.0},{"damage":4.0,"enemies":"2 Fungi Beasts","floor":12.0,"turns":3.0},{"damage":6.0,"enemies":"Lagavulin","floor":13.0,"turns":4.0},{"damage":25.0,"enemies":"Hexaghost","floor":16.0,"turns":8.0},{"damage":7.0,"enemies":"Chosen","floor":18.0,"turns":4.0},{"damage":42.0,"enemies":"Masked Bandits","floor":19.0,"turns":6.0},{"damage":14.0,"enemies":"Gremlin Leader","floor":23.0,"turns":5.0},{"damage":27.0,"enemies":"Book of Stabbing","floor":25.0,"turns":7.0},{"damage":7,"enemies":"Slavers","floor":28,"turns":6},{"damage":7,"enemies":"Gremlin Leader","floor":31,"turns":3},{"damage":77,"enemies":"Automaton","floor":33,"turns":8}],"seed_played":"308652025062901839","potions_obtained":[{"floor":2.0,"key":"AttackPotion"},{"floor":5.0,"key":"AttackPotion"},{"floor":7.0,"key":"Ancient Potion"},{"floor":13.0,"key":"SteroidPotion"},{"floor":16.0,"key":"BloodPotion"},{"floor":19.0,"key":"AttackPotion"},{"floor":25.0,"key":"Explosive Potion"},{"floor":31,"key":"SkillPotion"}],"is_trial":false,"path_per_floor":["M","M","M","?","M","R","E","R","T","?","R","M","E","$","R","B",null,"M","?","?","?","?","E","R","E","T","R","E","$","?","E","R","B"],"character_chosen":"IRONCLAD","items_purchased":["Paper Frog","HandDrill"],"campfire_rested":3,"item_purchase_floors":[14,29],"current_hp_per_floor":[65,58,57,57,43,43,27,27,27,12,34,30,34,34,34,9,65,62,28,28,28,12,17,45,25,25,55,56,56,56,53,62,0,0],"gold":213,"neow_bonus":"BOSS_RELIC","is_daily":false,"chose_seed":false,"campfire_upgraded":4,"win_rate":0.0,"timestamp":1613599109,"path_taken":["M","M","M","?","M","R","E","R","T","?","R","M","E","?","R","BOSS","M","?","?","?","?","E","R","E","T","R","E","$","?","E","R","BOSS"],"items_purchased_type":["Relic","Relic"],"build_version":"2020-12-22","purchased_purges":1,"victory":false,"max_hp_per_floor":[80,80,80,74,74,74,74,74,74,74,74,74,84,84,84,84,84,88,96,96,96,96,96,96,103,103,103,111,111,111,115,115,115,115],"card_choices":[{"not_picked":["Clothesline","Seeing Red"],"picked":"Shockwave","floor":1.0},{"not_picked":["Pummel","Combust","Cleave"],"picked":"SKIP","floor":2.0},{"not_picked":["Clothesline","Twin Strike","Anger"],"picked":"SKIP","floor":3.0},{"not_picked":["Pommel Strike","Anger"],"picked":"Offering","floor":5.0},{"not_picked":["Combust","Seeing Red"],"picked":"Thunderclap+1","floor":7.0},{"not_picked":["True Grit","Infernal Blade","Body Slam+1"],"picked":"SKIP","floor":12.0},{"not_picked":["Entrench","Flex"],"picked":"Feed+1","floor":13.0},{"not_picked":["Exhume","Immolate+1"],"picked":"Feed+1","floor":16.0},{"not_picked":["Fire Breathing","Heavy Blade+1","Flex+1","Flame Barrier"],"picked":"SKIP","floor":18.0},{"not_picked":["Warcry","Ghostly Armor+1","Wild Strike+1"],"picked":"Shrug It Off+1","floor":19.0},{"not_picked":["Spot Weakness+1","Dual Wield","Body Slam+1","Rage"],"picked":"SKIP","floor":23.0},{"not_picked":["Clash+1","Rupture","Perfected Strike+1","Headbutt+1"],"picked":"SKIP","floor":25.0},{"not_picked":["Searing Blow+1","Exhume","Perfected Strike+1"],"picked":"Thunderclap+1","floor":28},{"not_picked":["Heavy Blade+1","Warcry","Immolate+1","Perfected Strike+1"],"picked":"SKIP","floor":31}],"player_experience":99482,"relics_obtained":[{"floor":7.0,"key":"Blue Candle"},{"floor":7.0,"key":"Molten Egg 2"},{"floor":9.0,"key":"Matryoshka"},{"floor":13.0,"key":"Pear"},{"floor":13.0,"key":"Bottled Flame"},{"floor":17.0,"key":"Potion Belt"},{"floor":17.0,"key":"Question Card"},{"floor":17.0,"key":"Torii"},{"floor":19.0,"key":"Red Mask"},{"floor":22.0,"key":"Necronomicon"},{"floor":23.0,"key":"Toy Ornithopter"},{"floor":23.0,"key":"Centennial Puzzle"},{"floor":25.0,"key":"Strawberry"},{"floor":25.0,"key":"Vajra"},{"floor":26.0,"key":"Anchor"},{"floor":26.0,"key":"Bottled Lightning"},{"floor":28,"key":"Akabeko"},{"floor":28,"key":"Bag of Marbles"},{"floor":31,"key":"Nunchaku"},{"floor":31,"key":"Mercury Hourglass"}],"event_choices":[{"damage_healed":0.0,"max_hp_gain":0.0,"max_hp_loss":6.0,"gold_gain":0.0,"event_name":"Golden Idol","player_choice":"Lose Max HP","floor":4.0,"gold_loss":0.0,"damage_taken":0.0,"relics_obtained":["Golden Idol"]},{"damage_healed":0.0,"max_hp_gain":0.0,"max_hp_loss":0.0,"gold_gain":0.0,"event_name":"Shining Light","player_choice":"Entered Light","floor":10.0,"gold_loss":0.0,"damage_taken":15.0,"cards_upgraded":["Defend_R","Strike_R"]},{"damage_healed":0.0,"max_hp_gain":0.0,"max_hp_loss":0.0,"gold_gain":0.0,"event_name":"Masked Bandits","player_choice":"Fought Bandits","floor":19.0,"gold_loss":0.0,"damage_taken":0.0},{"damage_healed":0.0,"max_hp_gain":0.0,"max_hp_loss":0.0,"gold_gain":99.0,"event_name":"Nest","player_choice":"Stole From Cult","floor":20.0,"gold_loss":0.0,"damage_taken":0.0},{"damage_healed":0.0,"max_hp_gain":0.0,"max_hp_loss":0.0,"gold_gain":0.0,"event_name":"Drug Dealer","player_choice":"Inject Mutagens","floor":21.0,"gold_loss":0.0,"damage_taken":0.0,"relics_obtained":["MutagenicStrength"]},{"damage_healed":0.0,"max_hp_gain":0.0,"max_hp_loss":0.0,"gold_gain":0.0,"event_name":"Cursed Tome","player_choice":"Obtained Book","floor":22.0,"gold_loss":0.0,"damage_taken":16.0},{"damage_healed":0,"gold_gain":0,"player_choice":"Opened","damage_taken":0,"relics_obtained":["Eternal Feather"],"max_hp_gain":0,"max_hp_loss":0,"event_name":"The Mausoleum","floor":30,"gold_loss":0,"cards_obtained":["Writhe"]}],"is_beta":false,"boss_relics":[{"not_picked":["Tiny House","Cursed Key"],"picked":"Calling Bell"}],"items_purged_floors":[29],"is_endless":false,"potions_floor_spawned":[2,5,7,13,16,19,25,31],"killed_by":"Automaton","ascension_level":6}}