{"host":"cy3pd5cut10e7v8y","time":1613578398,"event":{"mods":["AchievementEnabler","Act Like it!","BaseMod","Colored Map","Colored Powertips","Koishi","Minty Spire (QoL Compilation)","StSLib","The Animator","Waifu the Spire"],"gold_per_floor":[118,131,131,131,56,56,81,99,124,147,147,47,65,79,79,208,208,233,248,248,248],"floor_reached":20,"language":"ENG","playtime":852,"items_purged":["Injury","Strike_R"],"score":168,"play_id":"f31594eb-bcb5-4a62-b4ca-89978df5ad35","local_time":"20210217171318","is_ascension_mode":false,"campfire_choices":[{"data":"Infernal Blade","floor":6,"key":"SMITH"},{"data":"Dark Embrace","floor":15,"key":"SMITH"}],"circlet_count":0,"master_deck":["Strike_R","Strike_R","Defend_R","Defend_R","Defend_R","Defend_R","Bash","Infernal Blade+1","Spot Weakness","Dark Embrace+1","Fiend Fire","Brutality","Heavy Blade"],"relics":["Burning Blood","Golden Idol","Boot"],"acts_visited":["Exordium","TheCity"],"potions_floor_usage":[16,16,18,19],"damage_taken":[{"damage":4,"enemies":"Small Slimes","floor":1,"turns":4},{"damage":7,"enemies":"2 Louse","floor":2,"turns":2},{"damage":1,"enemies":"Cultist","floor":7,"turns":3},{"damage":5,"enemies":"2 Fungi Beasts","floor":8,"turns":3},{"damage":5,"enemies":"Looter","floor":10,"turns":2},{"damage":7,"enemies":"Blue Slaver","floor":13,"turns":2},{"damage":0,"enemies":"Red Slaver","floor":14,"turns":1},{"damage":51,"enemies":"Hexaghost","floor":16,"turns":8},{"damage":13,"enemies":"Shell Parasite","floor":18,"turns":2},{"damage":32,"enemies":"Chosen","floor":19,"turns":7},{"damage":26,"enemies":"Sentry and Sphere","floor":20,"turns":4}],"seed_played":"545755052167016909","potions_obtained":[{"floor":2,"key":"ColorlessPotion"},{"floor":8,"key":"Dexterity Potion"},{"floor":10,"key":"SteroidPotion"},{"floor":13,"key":"AttackPotion"},{"floor":16,"key":"AttackPotion"}],"is_trial":false,"path_per_floor":["M","M","?","?","$","R","M","M","T","M","?","$","M","M","R","B",null,"M","M","M"],"character_chosen":"IRONCLAD","items_purchased":[],"campfire_rested":0,"item_purchase_floors":[],"current_hp_per_floor":[88,87,87,87,87,87,88,88,88,88,88,88,87,88,88,43,88,81,55,29,29],"gold":248,"neow_bonus":"TEN_PERCENT_HP_BONUS","is_daily":false,"chose_seed":false,"campfire_upgraded":2,"win_rate":0.0,"timestamp":1613578398,"path_taken":["M","M","?","?","$","R","M","M","T","M","?","$","M","?","R","BOSS","M","M","M"],"items_purchased_type":[],"build_version":"2020-12-22","purchased_purges":2,"victory":false,"max_hp_per_floor":[88,88,88,88,88,88,88,88,88,88,88,88,88,88,88,88,88,88,88,88,88],"card_choices":[{"not_picked":["Shrug It Off","Heavy Blade"],"picked":"Infernal Blade","floor":1},{"not_picked":["Cleave","Thunderclap"],"picked":"Spot Weakness","floor":2},{"not_picked":["Rage","Intimidate","Clash"],"picked":"SKIP","floor":7},{"not_picked":["Dropkick","Armaments","Iron Wave"],"picked":"SKIP","floor":8},{"not_picked":["Flex","Armaments"],"picked":"Dark Embrace","floor":10},{"not_picked":["Body Slam","Armaments","Cleave"],"picked":"SKIP","floor":13},{"not_picked":["Carnage","Body Slam","Heavy Blade"],"picked":"SKIP","floor":14},{"not_picked":["Bludgeon","Juggernaut"],"picked":"Brutality","floor":16},{"not_picked":["Twin Strike","Cleave"],"picked":"Heavy Blade","floor":18},{"not_picked":["Clash","Iron Wave","Armaments"],"picked":"SKIP","floor":19}],"player_experience":201202,"relics_obtained":[{"floor":9,"key":"Boot"}],"event_choices":[{"cards_removed":["Strike_R"],"damage_healed":0,"gold_gain":0,"player_choice":"Forget","damage_taken":0,"max_hp_gain":0,"max_hp_loss":0,"event_name":"Living Wall","floor":3,"gold_loss":0},{"damage_healed":0,"gold_gain":0,"player_choice":"Take Wound","damage_taken":0,"relics_obtained":["Golden Idol"],"max_hp_gain":0,"max_hp_loss":0,"event_name":"Golden Idol","floor":4,"gold_loss":0,"cards_obtained":["Injury"]},{"damage_healed":0,"gold_gain":0,"cards_transformed":["Strike_R"],"player_choice":"Transformed","damage_taken":0,"max_hp_gain":0,"max_hp_loss":0,"event_name":"Transmorgrifier","floor":11,"gold_loss":0,"cards_obtained":["Fiend Fire"]}],"is_beta":false,"boss_relics":[{"not_picked":["Snecko Eye","Runic Dome","Coffee Dripper"]}],"items_purged_floors":[5,12],"is_endless":false,"potions_floor_spawned":[2,8,10,13,16],"killed_by":"Sentry and Sphere","ascension_level":0}}