{"host":"dwyzfvnzfcqffr30","time":1613592473,"event":{"mods":["2.2 Compatiblity","Act Like it!","Aspiration","BaseMod","Beaked The Cultist","Better Altar","Better Match","Better Note","Better Sensory Stone","Better Skull","Better Third Choice","Clockwork Mod","Colored Map","Colored Powertips","Conspire","Downfall","Elementarium","GifTheSpireLib","Halation","Hermit","Hubris","Infinite Spire","Ironclad Rager","Jedi Mod","Menagerie","Mimic Mod","Minty Spire (QoL Compilation)","Permanent Neow","Random Character Button","Relic Filter Mod","Reliquary","Replay The Spire","Shapeshifter Mod","Spicy Shops","Spikes Relics","StSLib","Stuff the Spire","The Construct","The Disciple","The Druid","The Marked","TheFirefly","Trackpad","Wandering Minibosses"],"gold_per_floor":[340,373,413,455,455,517,517,578,578,633,633,85,118,142,142,225,275,304,229,256,256,131,174,174,220,220,10,29,64,64,79,79,157,157,183,220,253,286,16,45,45,80,116,66,66,105,154,198,198,224,224,224,10,69,93],"floor_reached":56,"language":"ENG","playtime":4213,"items_purged":["theDruid:Strike_O+1","theDruid:Strike_O+2","theDruid:Strike_O+1"],"score":2647,"play_id":"7f4bc296-3c40-4c60-b761-86e01fc964fe","local_time":"20210217120753","is_ascension_mode":true,"campfire_choices":[{"floor":7,"key":"RECALL"},{"floor":11,"key":"REST"},{"data":"theDruid:IronClaw+1","floor":15,"key":"SMITH"},{"data":"theDruid:SerratedFlesh+1","floor":24,"key":"SMITH"},{"data":"theDruid:BristlingBulwark+1","floor":32,"key":"SMITH"},{"floor":41,"key":"REST"},{"data":"theMarked:Toughness+3","floor":41,"key":"SMITH"},{"data":"StuffTheSpire:BrainWave","floor":49,"key":"SMITH"},{"data":"theDruid:BristlingBulwark+2","floor":52,"key":"SMITH"}],"circlet_count":0,"master_deck":["AscendersBane","theMarked:Toughness+4","theDruid:Defend_O+1","theDruid:Defend_O+1","theDruid:Defend_O+1","theDruid:BriarArmor+1","theDruid:WildSlash+1","hubris:EnhanceAbility+1","MasterReality+1","Apotheosis+1","theDruid:Swipe+1","theDruid:Forage+1","theDruid:HerbalismKit+1","theDruid:ViralBites+1","theDruid:IronClaw+2","theDruid:SerratedFlesh+2","theDruid:Resupply+1","theDruid:Rabid+1","theDruid:BristlingBulwark+3","theDruid:ExposingSlash+1","theDruid:Gore+1","theDruid:FuriousSlash+1","theDruid:CelestialSurge+1","Specialist+1","theDruid:NaturalAgility+1","conspire:SpireCoStock+1","StuffTheSpire:BrainWave+1","theDruid:FaerieFire+1","Replay:Dark Deal+1"],"relics":["theDruid:CrownOfTheWilds","Toxic Egg 2","Frozen Egg 2","Molten Egg 2","Quantum Egg","infinitespire:EvilPickle","conspire:InfiniteJournal","SacredBark","hubris:TinFlute","halation:Prosthetics","Bottled Tornado","reliquary:RoseTintedGlasses","StuffTheSpire:HeavyRock","reliquary:Bookmark","infinitespire:Magic Flask","aspiration:TomeofQuesting","Tiny House","jedi:kaleidoscope","conspire:SpecialSausage","SpikesRelics:DaevaFist","infinitespire:WardingShard","Bottled Lightning","Membership Card","StuffTheSpire:GrapeVine","infinitespire:EvilPickle","SlaversCollar","Chemical X","theDruid:PlagueMask","Oddly Smooth Stone","Toolbox","aspiration:ChemicalBlood","halation:TwoAmDonut","StuffTheSpire:Expresso","Orichalcum","reliquary:Stiletto","Replay:Rubber Ducky"],"acts_visited":[],"potions_floor_usage":[6,8,8,10,10,13,13,14,14,16,16,16,20,23,23,25,28,28,31,31,33,33,35,35,36,36,40,42,42,46,46,47,47,47,47,48,48,48,50,50,50,50,54,55,55,55,55,55,55],"damage_taken":[{"damage":0,"enemies":"Menagerie:2_RABBITS","floor":1,"turns":4},{"damage":0,"enemies":"Menagerie:StygianBoar","floor":2,"turns":2},{"damage":0,"enemies":"Menagerie:MonstrousExperiment","floor":3,"turns":4},{"damage":0,"enemies":"Menagerie:RedMage","floor":4,"turns":5},{"damage":3,"enemies":"Menagerie:VoidReaper","floor":6,"turns":5},{"damage":11,"enemies":"Menagerie:MaskedSummoner","floor":8,"turns":5},{"damage":8,"enemies":"Menagerie:MeltingSalamander","floor":10,"turns":2},{"damage":0,"enemies":"Menagerie:VoidReaper","floor":13,"turns":3},{"damage":0,"enemies":"Menagerie:MENAGERIE_WILDLIFE","floor":14,"turns":3},{"damage":0,"enemies":"Menagerie:Suneater","floor":16,"turns":5},{"damage":7,"enemies":"3 Byrds","floor":18,"turns":4},{"damage":0,"enemies":"Chosen","floor":20,"turns":3},{"damage":2,"enemies":"Book of Stabbing","floor":23,"turns":5},{"damage":13,"enemies":"Slavers","floor":25,"turns":6},{"damage":0,"enemies":"Snake Plant","floor":28,"turns":4},{"damage":0,"enemies":"Replay:Snechameleon","floor":29,"turns":4},{"damage":0,"enemies":"Sentry and Sphere","floor":31,"turns":8},{"damage":13,"enemies":"Pondfish","floor":33,"turns":8},{"damage":0,"enemies":"3 Shapes","floor":35,"turns":7},{"damage":0,"enemies":"Orb Walker","floor":36,"turns":4},{"damage":0,"enemies":"Orb Walker","floor":37,"turns":3},{"damage":22,"enemies":"Jaw Worm Horde","floor":38,"turns":3},{"damage":0,"enemies":"Giant Head","floor":40,"turns":5},{"damage":9,"enemies":"Reptomancer","floor":42,"turns":5},{"damage":0,"enemies":"3 Darklings","floor":43,"turns":4},{"damage":15,"enemies":"3 Darklings","floor":46,"turns":4},{"damage":0,"enemies":"Transient","floor":47,"turns":6},{"damage":0,"enemies":"Giant Head","floor":48,"turns":4},{"damage":5,"enemies":"Awakened One","floor":50,"turns":5},{"damage":8,"enemies":"Shield and Spear","floor":54,"turns":4},{"damage":14,"enemies":"The Heart","floor":55,"turns":8}],"seed_played":"4412300460079569062","potions_obtained":[{"floor":3,"key":"Weak Potion"},{"floor":17,"key":"hexamod:SoulburnPotion"},{"floor":18,"key":"Venom Potion"},{"floor":35,"key":"Explosive Potion"},{"floor":38,"key":"infinitespire:BlackPotion"},{"floor":48,"key":"champ:CounterPotion"}],"is_trial":false,"path_per_floor":["M","M","M","M","?","E","R","E","T","M","R","$","E","M","R","B",null,"M","?","M","AVR","?","E","R","E","T","$","M","E","?","M","R","B",null,"M","MIM","M","M","$","E","R","E","MIM","?","?","M","M","E","R","B",null,"R","$","E","B",null],"character_chosen":"DRUID","items_purchased":["reliquary:Bookmark","infinitespire:Magic Flask","Membership Card","Specialist+1","Oddly Smooth Stone","Toolbox","theDruid:NaturalAgility+1","reliquary:Stiletto","Replay:Dark Deal+1","AttackPotion"],"campfire_rested":2,"item_purchase_floors":[12,12,27,39,39,39,39,53,53,53],"current_hp_per_floor":[33,33,33,33,36,33,33,27,27,19,29,29,34,36,36,36,41,39,39,41,41,41,41,41,33,33,33,38,41,41,41,41,33,39,41,41,41,19,19,24,36,32,37,37,35,25,30,35,35,35,35,35,35,27,23],"gold":93,"neow_bonus":"RANDOM_COLORLESS_2","is_daily":false,"chose_seed":false,"campfire_upgraded":6,"win_rate":0.0,"timestamp":1613592473,"path_taken":["M","M","M","M","?","E","R","E","T","M","R","$","E","M","R","BOSS","M","?","M","AVR","?","E","R","E","T","$","M","E","?","M","R","BOSS","M","?","?","M","$","E","R","E","MIM","?","?","M","M","E","R","BOSS","R","$","E","BOSS"],"items_purchased_type":["Relic","Relic","Relic","Card","Relic","Relic","Card","Relic","Card","Potion"],"build_version":"2020-12-22","purchased_purges":3,"victory":true,"max_hp_per_floor":[33,33,33,33,36,36,36,36,36,36,36,36,36,36,36,36,41,41,41,41,41,41,41,41,41,41,41,41,41,41,41,41,41,41,41,41,41,41,41,41,41,41,41,41,35,35,35,35,35,35,35,35,35,35,35],"card_choices":[{"not_picked":["Transmutation","jedi:cleanse"],"picked":"hubris:EnhanceAbility","floor":0},{"not_picked":["theDruid:Guidance+1","theDruid:TwilightsCall+1"],"picked":"theDruid:Swipe+1","floor":1},{"not_picked":["theDruid:Untamed+1","theDruid:Pathfinder+1"],"picked":"theDruid:Forage+1","floor":2},{"not_picked":["theDruid:BrambleLash+1","theDruid:TakeShelter+1","theDruid:Swipe+1"],"picked":"SKIP","floor":3},{"not_picked":["theDruid:TwilightsCall+1","theDruid:WildArmor+1"],"picked":"theDruid:HerbalismKit+1","floor":4},{"not_picked":["theDruid:TwinStars+1","theDruid:Rummage+1","theDruid:Recoil+1"],"picked":"SKIP","floor":6},{"not_picked":["theDruid:TwilightsCall+1","theDruid:Recoil+1","theDruid:Slingshot+1"],"picked":"SKIP","floor":8},{"not_picked":["theDruid:ThickHide+1","theDruid:Forage+1"],"picked":"theDruid:ViralBites+1","floor":10},{"not_picked":["theDruid:WallofRoots+1","theDruid:Entangle+1"],"picked":"theDruid:IronClaw+1","floor":13},{"not_picked":["theDruid:IronClaw+1","theDruid:FeralPlants+1","theDruid:BackupSupplies+1"],"picked":"SKIP","floor":14},{"not_picked":["theDruid:HailofThorns+1","theDruid:WildFrenzy+1"],"picked":"theDruid:SerratedFlesh+1","floor":16},{"not_picked":["theDruid:LunarScythe+1","theDruid:AstralShield+1"],"picked":"theDruid:Resupply+1","floor":18},{"not_picked":["theDruid:IronClaw+1","theDruid:BrambleLash+1","theDruid:BlessedStrike+1"],"picked":"SKIP","floor":20},{"not_picked":["theDruid:TwinStars+1","theDruid:SerratedFlesh+1"],"picked":"theDruid:Rabid+1","floor":22},{"not_picked":["theDruid:Guidance+1","theDruid:Entangle+1"],"picked":"theDruid:BristlingBulwark+1","floor":23},{"not_picked":["theDruid:Untamed+1","theDruid:BagofTricks+1"],"picked":"theDruid:ExposingSlash+1","floor":25},{"not_picked":["theDruid:PlagueClaw+1","theDruid:FelineGrace+1"],"picked":"theDruid:Gore+1","floor":28},{"not_picked":["theDruid:Stampede+1","theDruid:Slingshot+1","theDruid:TwilightsCall+1"],"picked":"SKIP","floor":29},{"not_picked":["theDruid:Recoil+1","theDruid:Scavenge+1"],"picked":"theDruid:FuriousSlash+1","floor":31},{"not_picked":["theDruid:HerbalismKit+1","theDruid:SerratedFlesh+1"],"picked":"theDruid:CelestialSurge+1","floor":33},{"not_picked":["theDruid:PlagueClaw+1","theDruid:BloodiedFur+1","theDruid:FeralPlants+1"],"picked":"SKIP","floor":35},{"not_picked":["theDruid:BlessedStrike+1","theDruid:NaturalAgility+1","theDruid:ThornStrike+1"],"picked":"SKIP","floor":37},{"not_picked":["theDruid:ExposingSlash+1","theDruid:Eclipse+1","theDruid:ThornStrike+1"],"picked":"SKIP","floor":38},{"not_picked":["theDruid:FuriousSlash+1","theDruid:TwilightsCall+1","theDruid:Restoration+1"],"picked":"SKIP","floor":40},{"not_picked":["theDruid:ThickHide+1","theDruid:BlessedStrike+1","theDruid:Earthquake+1"],"picked":"SKIP","floor":42},{"not_picked":["theDruid:BloodiedFur+1","theDruid:ViralBites+1"],"picked":"theDruid:FaerieFire+1","floor":46},{"not_picked":["theDruid:WallofRoots+1","theDruid:IronClaw+1","theDruid:Resupply+1"],"picked":"SKIP","floor":47},{"not_picked":["theDruid:Scavenge+1","theDruid:Rummage+1","theDruid:BlessedStrike+1"],"picked":"SKIP","floor":48},{"not_picked":["theDruid:Resupply+1","theDruid:RockSlide+1","theDruid:BloodiedFur+1"],"picked":"SKIP","floor":54}],"player_experience":3292146,"relics_obtained":[{"floor":6,"key":"reliquary:RoseTintedGlasses"},{"floor":8,"key":"StuffTheSpire:HeavyRock"},{"floor":13,"key":"aspiration:TomeofQuesting"},{"floor":23,"key":"SpikesRelics:DaevaFist"},{"floor":25,"key":"infinitespire:WardingShard"},{"floor":26,"key":"Bottled Lightning"},{"floor":29,"key":"StuffTheSpire:GrapeVine"},{"floor":36,"key":"theDruid:PlagueMask"},{"floor":40,"key":"aspiration:ChemicalBlood"},{"floor":42,"key":"halation:TwoAmDonut"},{"floor":43,"key":"StuffTheSpire:Expresso"},{"floor":48,"key":"Orichalcum"},{"floor":54,"key":"Replay:Rubber Ducky"}],"event_choices":[{"damage_healed":0,"gold_gain":0,"player_choice":"Simplicity","damage_taken":0,"max_hp_gain":0,"max_hp_loss":0,"event_name":"betterThird:BetterWriting","floor":0,"gold_loss":0},{"cards_removed":["theDruid:Strike_O"],"damage_healed":0,"gold_gain":0,"player_choice":"Gave Gold","damage_taken":0,"max_hp_gain":0,"max_hp_loss":0,"event_name":"Beggar","floor":19,"gold_loss":75},{"damage_healed":0,"gold_gain":0,"player_choice":"2","damage_taken":0,"max_hp_gain":0,"max_hp_loss":0,"event_name":"betterMatch:BetterMatch","floor":22,"gold_loss":0,"cards_obtained":["betterMatch:RareCard"]},{"cards_removed":["theDruid:Defend_O"],"damage_healed":0,"gold_gain":0,"player_choice":"Purged","damage_taken":0,"max_hp_gain":0,"max_hp_loss":0,"event_name":"Purifier","floor":30,"gold_loss":0},{"damage_healed":0,"gold_gain":0,"player_choice":"Invest 1","damage_taken":0,"max_hp_gain":0,"max_hp_loss":0,"event_name":"conspire:Investor","floor":44,"gold_loss":0}],"is_beta":false,"boss_relics":[{"not_picked":["Snecko Eye","halation:HeavySnake"],"picked":"Tiny House"},{"not_picked":["hubris:RunicObelisk","SacredBark"],"picked":"SlaversCollar"}],"items_purged_floors":[12,21,27],"is_endless":false,"potions_floor_spawned":[3,8,13,14,18,25,31,35,38,46,48],"ascension_level":17}}