{"host":"bsgp9wgausrmthh2","time":1613576075,"event":{"mods":["AchievementEnabler","BaseMod","Colored Map","Minty Spire (QoL Compilation)","StSLib"],"gold_per_floor":[109,109,109,125,125,125,135,135,135,165,179,179,198,209,209,314,314,333,333,533,251,261,261,281,281,353,371,389,406,406,406,406,406,406],"floor_reached":33,"language":"ENG","playtime":2139,"items_purged":[],"score":249,"play_id":"1173d075-4cf3-4dcf-a9bf-9b8136d4cb2e","local_time":"20210217103435","is_ascension_mode":false,"campfire_choices":[{"floor":6.0,"key":"RECALL"},{"data":"Eruption","floor":8.0,"key":"SMITH"},{"data":"Crescendo","floor":12.0,"key":"SMITH"},{"floor":15.0,"key":"REST"},{"floor":23.0,"key":"REST"},{"floor":30.0,"key":"REST"},{"floor":32,"key":"REST"}],"circlet_count":0,"master_deck":["Strike_P+1","Strike_P+1","Strike_P+1","Strike_P+1","Defend_P+1","Defend_P+1","Defend_P+1","Defend_P+1","Eruption+1","Vigilance","FollowUp","Crescendo+1","Consecrate","InnerPeace","CarveReality","Conclude","EmptyMind","Establishment","Evaluate","FearNoEvil","Crescendo","FlyingSleeves","Worship","Protect","Clumsy","EmptyBody","WheelKick+1","Prostrate","CutThroughFate","Wish"],"relics":["PureWater","NeowsBlessing","Thread and Needle","Yang","Cursed Key","Dream Catcher","Kunai","Lizard Tail"],"acts_visited":["Exordium","TheCity"],"potions_floor_usage":[],"damage_taken":[{"damage":0.0,"enemies":"Small Slimes","floor":1.0,"turns":1.0},{"damage":0.0,"enemies":"Cultist","floor":4.0,"turns":1.0},{"damage":0.0,"enemies":"2 Louse","floor":7.0,"turns":2.0},{"damage":41.0,"enemies":"Lagavulin","floor":10.0,"turns":6.0},{"damage":5.0,"enemies":"Blue Slaver","floor":11.0,"turns":3.0},{"damage":0.0,"enemies":"Red Slaver","floor":13.0,"turns":3.0},{"damage":0.0,"enemies":"3 Louse","floor":14.0,"turns":2.0},{"damage":46.0,"enemies":"Hexaghost","floor":16.0,"turns":10.0},{"damage":0.0,"enemies":"Shell Parasite","floor":18.0,"turns":5.0},{"damage":1.0,"enemies":"2 Thieves","floor":22.0,"turns":4.0},{"damage":5.0,"enemies":"Shelled Parasite and Fungi","floor":24.0,"turns":4.0},{"damage":17.0,"enemies":"Snake Plant","floor":27.0,"turns":3.0},{"damage":17.0,"enemies":"Chosen and Byrds","floor":28.0,"turns":7.0},{"damage":17.0,"enemies":"Cultist and Chosen","floor":29.0,"turns":5.0},{"damage":49,"enemies":"Collector","floor":33,"turns":5}],"seed_played":"-4097802095220770666","potions_obtained":[{"floor":1.0,"key":"AttackPotion"},{"floor":4.0,"key":"StancePotion"},{"floor":10.0,"key":"Dexterity Potion"},{"floor":16.0,"key":"Swift Potion"}],"is_trial":false,"path_per_floor":["M","?","?","M","T","R","M","R","T","E","M","R","M","M","R","B",null,"M","?","?","$","M","R","M","?","T","M","M","M","R","?","R","B"],"character_chosen":"WATCHER","items_purchased":["FearNoEvil","Crescendo","Dream Catcher"],"campfire_rested":4,"item_purchase_floors":[21,21,21],"current_hp_per_floor":[72,77,77,77,77,77,77,77,77,36,31,31,31,31,54,8,77,77,77,77,77,76,77,72,72,72,55,38,21,44,44,67,18,18],"gold":406,"neow_bonus":"THREE_ENEMY_KILL","is_daily":false,"chose_seed":false,"campfire_upgraded":2,"win_rate":0.0,"timestamp":1613576075,"path_taken":["M","?","?","?","?","R","M","R","T","E","M","R","M","?","R","BOSS","M","?","?","$","M","R","?","?","T","M","M","M","R","?","R","BOSS"],"items_purchased_type":["Card","Card","Relic"],"build_version":"2020-12-22","purchased_purges":0,"victory":false,"max_hp_per_floor":[72,77,77,77,77,77,77,77,77,77,77,77,77,77,77,77,77,77,77,77,77,77,77,77,77,77,77,77,77,77,77,77,77,77],"card_choices":[{"not_picked":["PathToVictory","ForeignInfluence"],"picked":"FollowUp","floor":1.0},{"not_picked":["Tantrum","Consecrate"],"picked":"Crescendo","floor":4.0},{"not_picked":["Nirvana","PathToVictory"],"picked":"Consecrate","floor":7.0},{"not_picked":["EmptyBody","Halt"],"picked":"InnerPeace","floor":10.0},{"not_picked":["PathToVictory","Adaptation"],"picked":"CarveReality","floor":11.0},{"not_picked":["Indignation","Worship"],"picked":"Conclude","floor":13.0},{"not_picked":["WaveOfTheHand","PathToVictory"],"picked":"EmptyMind","floor":14.0},{"not_picked":["LessonLearned","Blasphemy"],"picked":"Establishment","floor":16.0},{"not_picked":["Halt+1","PathToVictory"],"picked":"Evaluate","floor":18.0},{"not_picked":["JustLucky","Meditate"],"picked":"FlyingSleeves","floor":22.0},{"not_picked":["Scrawl","Crescendo"],"picked":"Worship","floor":23.0},{"not_picked":["Consecrate","FollowUp"],"picked":"Protect","floor":24.0},{"not_picked":["Weave","Collect+1"],"picked":"EmptyBody","floor":27.0},{"not_picked":["Perseverance+1","Conclude"],"picked":"WheelKick+1","floor":28.0},{"not_picked":["WaveOfTheHand+1","Consecrate"],"picked":"Prostrate","floor":29.0},{"not_picked":["CarveReality","Nirvana+1"],"picked":"CutThroughFate","floor":30.0},{"not_picked":["JustLucky+1","Crescendo"],"picked":"Wish","floor":32}],"player_experience":272094,"relics_obtained":[{"floor":9.0,"key":"Thread and Needle"},{"floor":10.0,"key":"Yang"},{"floor":26.0,"key":"Kunai"}],"event_choices":[{"damage_healed":0.0,"max_hp_gain":5.0,"max_hp_loss":0.0,"gold_gain":0.0,"event_name":"Big Fish","player_choice":"Donut","floor":2.0,"gold_loss":0.0,"damage_taken":0.0},{"damage_healed":0.0,"max_hp_gain":0.0,"max_hp_loss":0.0,"gold_gain":0.0,"event_name":"Transmorgrifier","player_choice":"Ignored","floor":3.0,"gold_loss":0.0,"damage_taken":0.0},{"damage_healed":0.0,"max_hp_gain":0.0,"max_hp_loss":0.0,"gold_gain":0.0,"event_name":"Ghosts","player_choice":"Ignored","floor":19.0,"gold_loss":0.0,"damage_taken":0.0},{"damage_healed":0.0,"max_hp_gain":0.0,"max_hp_loss":0.0,"gold_gain":200.0,"event_name":"Wheel of Change","player_choice":"Gold","floor":20.0,"gold_loss":0.0,"damage_taken":0.0},{"damage_healed":0.0,"max_hp_gain":0.0,"max_hp_loss":0.0,"gold_gain":0.0,"event_name":"Back to Basics","player_choice":"Simplicity","floor":25.0,"gold_loss":0.0,"damage_taken":0.0,"cards_upgraded":["Strike_P","Strike_P","Strike_P","Strike_P","Defend_P","Defend_P","Defend_P","Defend_P"]},{"damage_healed":0.0,"max_hp_gain":0.0,"max_hp_loss":0.0,"gold_gain":0.0,"event_name":"The Mausoleum","player_choice":"Opened","floor":31.0,"gold_loss":0.0,"damage_taken":0.0,"relics_obtained":["Lizard Tail"]}],"is_beta":false,"boss_relics":[{"not_picked":["Pandora\u0027s Box","Philosopher\u0027s Stone"],"picked":"Cursed Key"}],"items_purged_floors":[],"is_endless":false,"potions_floor_spawned":[1,4,10,14,16,24,27,28],"killed_by":"Collector","ascension_level":0}}