{"host":"utqe55yv0jihe4d6","time":1613529553,"event":{"mods":["2.2 Compatiblity","AchievementEnabler","BaseMod","Block Reminder","Colored Map","Colored Powertips","Minty Spire (QoL Compilation)","Quick Restart","Rare Cards Sparkle","Relic Stats","SuperFastMode"],"gold_per_floor":[118,135,210,210,485,516,536,536,618,20,38,65,65,92,92,92,92],"floor_reached":16,"language":"ENG","playtime":275,"items_purged":["Regret"],"score":286,"play_id":"06bcb11c-dc98-49a4-9d70-420167181cf1","local_time":"20210216213913","is_ascension_mode":true,"campfire_choices":[{"data":"Heavy Blade","floor":8,"key":"SMITH"},{"data":"Inflame","floor":15,"key":"SMITH"}],"circlet_count":0,"master_deck":["AscendersBane","Strike_R","Strike_R","Strike_R","Strike_R","Strike_R","Defend_R","Defend_R","Defend_R","Defend_R","Bash","Clash","Clothesline","Inflame+1","Heavy Blade+1","Flame Barrier+1","Exhume+1","Seeing Red+1"],"relics":["Burning Blood","NeowsBlessing","Potion Belt","Sundial","Pear","OrangePellets","Toxic Egg 2","Centennial Puzzle","White Beast Statue"],"acts_visited":["Exordium"],"potions_floor_usage":[12,14],"damage_taken":[{"damage":0,"enemies":"Cultist","floor":1,"turns":1},{"damage":0,"enemies":"Small Slimes","floor":2,"turns":1},{"damage":0,"enemies":"Gremlin Nob","floor":6,"turns":1},{"damage":10,"enemies":"2 Louse","floor":7,"turns":3},{"damage":20,"enemies":"Exordium Thugs","floor":11,"turns":4},{"damage":25,"enemies":"3 Sentries","floor":12,"turns":8},{"damage":6,"enemies":"Gremlin Nob","floor":14,"turns":3},{"damage":28,"enemies":"Hexaghost","floor":16,"turns":8}],"seed_played":"2622513593683072542","potions_obtained":[{"floor":6,"key":"AttackPotion"},{"floor":7,"key":"Strength Potion"},{"floor":12,"key":"Strength Potion"},{"floor":14,"key":"Energy Potion"}],"is_trial":false,"path_per_floor":["M","M","?","?","?","E","M","R","T","$","M","E","?","E","R","B"],"character_chosen":"IRONCLAD","items_purchased":["OrangePellets","Toxic Egg 2","Flame Barrier+1"],"campfire_rested":0,"item_purchase_floors":[10,10,10],"current_hp_per_floor":[74,75,64,46,46,52,48,48,58,58,44,25,25,25,25,0,0],"gold":92,"neow_bonus":"THREE_ENEMY_KILL","is_daily":false,"chose_seed":false,"campfire_upgraded":2,"win_rate":0.0,"timestamp":1613529553,"path_taken":["M","?","?","?","?","E","M","R","T","$","?","E","?","E","R","BOSS"],"items_purchased_type":["Relic","Relic","Card"],"build_version":"2020-12-22","purchased_purges":1,"victory":false,"max_hp_per_floor":[75,75,75,75,75,75,75,75,85,85,85,85,85,85,85,85,85],"relic_stats":{"OrangePellets":[0],"Centennial Puzzle":[6],"counters":[8,29],"Sundial":[2],"obtain_stats":[{"Potion Belt":4,"OrangePellets":10,"Centennial Puzzle":12,"Pear":9,"NeowsBlessing":0,"Sundial":6,"Toxic Egg 2":10,"Burning Blood":0,"White Beast Statue":14},{"Potion Belt":2,"OrangePellets":4,"Centennial Puzzle":6,"Pear":4,"NeowsBlessing":0,"Sundial":3,"Toxic Egg 2":4,"Burning Blood":0,"White Beast Statue":7},{"Potion Belt":2,"OrangePellets":6,"Centennial Puzzle":18,"Pear":6,"NeowsBlessing":0,"Sundial":3,"Toxic Egg 2":6,"Burning Blood":0,"White Beast Statue":21}],"Burning Blood":37},"card_choices":[{"not_picked":["Perfected Strike","Thunderclap"],"picked":"Clash","floor":1},{"not_picked":["Pommel Strike","Heavy Blade"],"picked":"Clothesline","floor":2},{"not_picked":["Seeing Red","Fire Breathing"],"picked":"Inflame","floor":6},{"not_picked":["Bloodletting","Wild Strike"],"picked":"Heavy Blade","floor":7},{"not_picked":["Perfected Strike","Metallicize","Iron Wave"],"picked":"SKIP","floor":11},{"not_picked":["Warcry+1","Cleave"],"picked":"Exhume+1","floor":12},{"not_picked":["Sword Boomerang","Inflame"],"picked":"Seeing Red+1","floor":14}],"player_experience":3077742,"relics_obtained":[{"floor":6,"key":"Sundial"},{"floor":9,"key":"Pear"},{"floor":12,"key":"Centennial Puzzle"},{"floor":14,"key":"White Beast Statue"}],"event_choices":[{"damage_healed":0,"gold_gain":75,"player_choice":"Gather Gold","damage_taken":11,"max_hp_gain":0,"max_hp_loss":0,"event_name":"World of Goop","floor":3,"gold_loss":0},{"damage_healed":0,"gold_gain":0,"player_choice":"Success","damage_taken":18,"relics_obtained":["Potion Belt"],"max_hp_gain":0,"max_hp_loss":0,"event_name":"Scrap Ooze","floor":4,"gold_loss":0},{"damage_healed":0,"gold_gain":275,"player_choice":"Desecrate","damage_taken":0,"max_hp_gain":0,"max_hp_loss":0,"event_name":"Golden Shrine","floor":5,"gold_loss":0,"cards_obtained":["Regret"]},{"damage_healed":0,"gold_gain":0,"player_choice":"Ignored","damage_taken":0,"max_hp_gain":0,"max_hp_loss":0,"event_name":"Liars Game","floor":13,"gold_loss":0}],"is_beta":false,"boss_relics":[],"items_purged_floors":[10],"is_endless":false,"potions_floor_spawned":[6,7,12,14],"killed_by":"Hexaghost","ascension_level":20}}