{"host":"g5fmetnswx4f9rhi","time":1613527107,"event":{"mods":["AchievementEnabler","Act Like it!","Aspiration","BaseMod","Conspire","Friendly Minions","Gensokyo","GifTheSpireLib","Halation","Hallownest","Hubris","Infinite Spire","Jorbs\u0027s Wanderer Trilogy","Koishi","Lobotomy","LobotomyExtend","Luminous","Mari Mod (Legacy)","Mari\u0027s V1 Patch","Marisa????????","Marked Mod","Mimic Mod","Minty Spire (QoL Compilation)","Railgun Mod","Reimu??????","Reliquary","Remilia??????","Replay The Spire","StSLib","Td1madao Mod","The Administrix","The Alterego","The Animator","The Bladedancer","The Bug Knight","The Cursed","The Disciple","The Hierophant","The Jungle","The Marked","The Necromancer","The Senshi","The Servant 0.9.4","Waifu the Spire","WarShipGirlsR/????R mod","Yakumo Yukari mod","Yuri Mod"],"gold_per_floor":[116,116,135,135,135,168,180,207,207,207,239,259,279,297,297,395,395,415,415,415,415,428,428,141,141,141,169,169,16,16,28,28,130,130,147,147,174,56,71,101,101,101,141,155,172,172,172,172],"floor_reached":47,"language":"ENG","playtime":4365,"items_purged":["Defend_G"],"score":491,"play_id":"3b4c8b8a-1a1c-433d-a1f9-2cdd4a602c4f","local_time":"20210216195827","is_ascension_mode":false,"campfire_choices":[{"data":"Poisoned Stab","floor":10,"key":"SMITH"},{"floor":15,"key":"REST"},{"data":"Fluid Movement","floor":25,"key":"SMITH"},{"floor":30,"key":"REST"},{"floor":41,"key":"RECALL"},{"floor":46,"key":"REST"}],"circlet_count":0,"master_deck":["Strike_G","Strike_G","Strike_G","Defend_G","Defend_G","Defend_G","Defend_G","Survivor","Neutralize","Burst","Poisoned Stab+1","Deflect","Noxious Fumes+1","Tools of the Trade","Dodge and Roll","Toxin Wave","Underhanded Strike","Toxin Wave","ReplayTheSpireMod:Necrosis","Deadly Poison","Deflect+1","Fluid Movement+1","Bouncing Flask","A Thousand Cuts","Calculated Gamble+1","Conserve Battery","Heatsinks","Conserve Battery","BootSequence+1","White Noise","Distraction+1"],"relics":["Ring of the Snake","halation:PinkSoulGem","hubris:Icosahedron","White Beast Statue","RuthlessExorcism:ReiMu","Juzu Bracelet","hubris:GlazedTorus","hubris:Metronome","LetterFromLob","halation:Prosthetics","TentaclePot:ReiMu","halation:SelfBoilingWater","reliquary:Knoch","conspire:TreasureMap","aspiration:DefectSkillbook","PreservedInsect","Replay:Towering Pillar of Hats","hubris:Towel","TungstenRod","hubris:MedicalManual"],"acts_visited":["Exordium","theJungle:Jungle","Hallownest:KingdomsEdge"],"potions_floor_usage":[6,8,8,13,13,16,16,16,18,27,31,33,33,35,39,44,44,45,47],"damage_taken":[{"damage":0,"enemies":"Jaw Worm","floor":1,"turns":8},{"damage":0,"enemies":"Small Slimes","floor":3,"turns":4},{"damage":14,"enemies":"Replay:BlueRogue","floor":6,"turns":8},{"damage":0,"enemies":"conspire:RoseBush","floor":7,"turns":4},{"damage":4,"enemies":"Gremlin Nob","floor":8,"turns":3},{"damage":6,"enemies":"HollowMod:MossKnight","floor":11,"turns":7},{"damage":0,"enemies":"Lots of Slimes","floor":12,"turns":1},{"damage":0,"enemies":"Gremlin Gang","floor":13,"turns":3},{"damage":0,"enemies":"Blue Slaver","floor":14,"turns":3},{"damage":23,"enemies":"Hexaghost","floor":16,"turns":8},{"damage":8,"enemies":"theJungle:Flameango_and_Byrd","floor":18,"turns":5},{"damage":0,"enemies":"theJungle:5_Spyders","floor":22,"turns":6},{"damage":13,"enemies":"theJungle:Cassacara","floor":27,"turns":3},{"damage":4,"enemies":"theJungle:Lyon","floor":31,"turns":3},{"damage":6,"enemies":"theJungle:FunGuy","floor":33,"turns":9},{"damage":2,"enemies":"Hallownest:Shield_Heavy","floor":35,"turns":5},{"damage":6,"enemies":"Hallownest:3_Siblings","floor":39,"turns":5},{"damage":1,"enemies":"Hallownest:eliteCollector","floor":40,"turns":6},{"damage":0,"enemies":"Hallownest:2_Soldiers_and_1_Guardian","floor":43,"turns":6},{"damage":0,"enemies":"Hallownest:2_Soldiers_and_1_Guardian","floor":44,"turns":6},{"damage":9,"enemies":"Hallownest:Slobbering_and_Violent","floor":45,"turns":5},{"damage":33,"enemies":"Nightmare","floor":47,"turns":5}],"seed_played":"-446222406123830112","potions_obtained":[{"floor":3,"key":"Explosive Potion"},{"floor":6,"key":"BlessingOfTheForge"},{"floor":7,"key":"Explosive Potion"},{"floor":8,"key":"Venom Potion"},{"floor":11,"key":"SkillPotion"},{"floor":12,"key":"PowerPotion"},{"floor":13,"key":"Milkshake"},{"floor":14,"key":"Weak Potion"},{"floor":16,"key":"Milkshake"},{"floor":18,"key":"Venom Potion"},{"floor":22,"key":"AttackPotion"},{"floor":27,"key":"SkillPotion"},{"floor":31,"key":"LiquidBronze"},{"floor":33,"key":"Adrenaline Potion"},{"floor":35,"key":"Toxic Potion"},{"floor":39,"key":"Dexterity Potion"},{"floor":40,"key":"DuplicationPotion"},{"floor":43,"key":"Elixir"},{"floor":44,"key":"Strength Potion"},{"floor":45,"key":"Explosive Potion"}],"is_trial":false,"path_per_floor":["M","?","M","?","T","E","M","E","T","R","E","M","M","M","R","B",null,"M","?","?","?","M","E","$","R","T","E","?","$","R","M","R","B",null,"M","?","T","$","M","E","R","?","MIM","M","M","R","NM"],"character_chosen":"THE_SILENT","items_purchased":["TentaclePot:ReiMu","Fluid Movement","conspire:TreasureMap","Conserve Battery","Heatsinks"],"campfire_rested":3,"item_purchase_floors":[24,24,29,38,38],"current_hp_per_floor":[70,70,70,70,70,56,56,52,52,52,46,46,46,46,67,44,35,27,27,27,30,30,30,30,30,30,17,17,17,28,24,35,29,38,36,36,36,36,30,29,29,29,29,29,20,31,0,0],"gold":172,"neow_bonus":"TRANSFORM_CARD","is_daily":false,"chose_seed":false,"campfire_upgraded":2,"win_rate":0.0,"timestamp":1613527107,"path_taken":["M","?","M","?","?","E","?","E","T","R","E","M","M","M","R","BOSS","M","?","?","?","M","E","$","R","T","E","?","$","R","M","R","BOSS","M","?","?","$","M","E","R","?","MIM","M","M","R","NM"],"items_purchased_type":["Relic","Card","Relic","Card","Card"],"build_version":"2020-12-22","purchased_purges":1,"victory":false,"max_hp_per_floor":[70,70,70,70,70,70,70,70,70,70,70,70,70,70,70,70,35,35,35,35,38,38,38,38,38,38,38,38,38,38,38,38,38,38,38,38,38,38,38,38,38,38,38,38,38,38,38,38],"card_choices":[{"not_picked":["hubris:TrickCloak","Prepared"],"picked":"Poisoned Stab","floor":1},{"not_picked":["Sucker Punch","Dagger Throw"],"picked":"Deflect","floor":3},{"not_picked":["ReplayTheSpireMod:Exploit Weakness","Backflip"],"picked":"Noxious Fumes","floor":6},{"not_picked":["Prepared","hubris:SlightOfHand"],"picked":"Tools of the Trade","floor":7},{"not_picked":["Slice","Blade Dance"],"picked":"Dodge and Roll","floor":8},{"not_picked":["Dagger Spray","Quick Slash"],"picked":"Toxin Wave","floor":11},{"not_picked":["PiercingWail","Masterful Stab"],"picked":"Underhanded Strike","floor":12},{"not_picked":["hubris:SlightOfHand","Quick Slash"],"picked":"Toxin Wave","floor":13},{"not_picked":["Dagger Spray","Blade Dance","Slice"],"picked":"SKIP","floor":14},{"not_picked":["Poison Darts","Malaise"],"picked":"ReplayTheSpireMod:Necrosis","floor":16},{"not_picked":["Sneak Up+1","Blade Dance+1"],"picked":"Deadly Poison","floor":18},{"not_picked":["Toxin Wave","Heel Hook"],"picked":"Deflect+1","floor":22},{"not_picked":["Poisoned Stab","ReplayTheSpireMod:Speed Training"],"picked":"Bouncing Flask","floor":27},{"not_picked":["ReplayTheSpireMod:Shiv Toss","Sucker Punch","Slice"],"picked":"SKIP","floor":31},{"not_picked":["ReplayTheSpireMod:From All Sides","Burst"],"picked":"A Thousand Cuts","floor":33},{"not_picked":["FTL","Acrobatics","Blur+1"],"picked":"Calculated Gamble+1","floor":35},{"not_picked":["Genetic Algorithm","Compile Driver+1","Sweeping Beam+1"],"picked":"Conserve Battery","floor":39},{"not_picked":["Go for the Eyes","Blade Dance","Slice"],"picked":"BootSequence+1","floor":40},{"not_picked":["Blizzard+1","Backflip+1","conspire:Rain"],"picked":"White Noise","floor":44},{"not_picked":["Beam Cell+1","Ball Lightning+1","Prepared+1"],"picked":"Distraction+1","floor":45}],"player_experience":53435,"relics_obtained":[{"floor":5,"key":"White Beast Statue"},{"floor":6,"key":"RuthlessExorcism:ReiMu"},{"floor":8,"key":"Juzu Bracelet"},{"floor":9,"key":"hubris:GlazedTorus"},{"floor":11,"key":"hubris:Metronome"},{"floor":14,"key":"LetterFromLob"},{"floor":26,"key":"halation:SelfBoilingWater"},{"floor":27,"key":"reliquary:Knoch"},{"floor":37,"key":"PreservedInsect"},{"floor":40,"key":"Replay:Towering Pillar of Hats"},{"floor":43,"key":"TungstenRod"},{"floor":43,"key":"hubris:MedicalManual"}],"event_choices":[{"cards_removed":["Strike_G"],"damage_healed":0,"gold_gain":0,"player_choice":"Card Removal","damage_taken":0,"max_hp_gain":0,"max_hp_loss":0,"event_name":"Wheel of Change","floor":19,"gold_loss":0},{"damage_healed":0,"gold_gain":0,"player_choice":"Ignored","damage_taken":0,"max_hp_gain":0,"max_hp_loss":0,"event_name":"Accursed Blacksmith","floor":20,"gold_loss":0},{"damage_healed":0,"gold_gain":0,"player_choice":"Leave","damage_taken":0,"max_hp_gain":0,"max_hp_loss":0,"event_name":"conspire:Investor","floor":28,"gold_loss":0}],"is_beta":false,"boss_relics":[{"not_picked":["reliquary:ThirdArm","conspire:SeveredTorchhead"],"picked":"halation:Prosthetics"},{"not_picked":["Velvet Choker","Astrolabe"],"picked":"aspiration:DefectSkillbook"}],"items_purged_floors":[24],"is_endless":false,"potions_floor_spawned":[3,6,7,8,11,12,13,14,16,18,22,27,31,33,35,39,40,43,44,45],"killed_by":"Nightmare","ascension_level":0}}