{"host":"05vhm55ztg7fyvhd","time":1613599357,"event":{"mods":["BaseMod","Downfall","Googly Eyes","Hubris","Minty Spire (QoL Compilation)","Replay The Spire","Shop Mod","StSLib"],"gold_per_floor":[99,112,123,139,139,139,163,183,197,197,212,232,232,232,242,338,338,338,250,262,19,19,19,46,58,82,94,106,145,157,157,157],"floor_reached":30,"language":"ENG","playtime":2263,"items_purged":["Delirium"],"score":242,"play_id":"f1620b2e-abe6-4320-a007-0f33f614cf2a","local_time":"20210217230237","is_ascension_mode":false,"campfire_choices":[{"floor":27,"key":"REST"}],"circlet_count":0,"master_deck":["sneckomod:Strike","sneckomod:Strike","sneckomod:Strike","sneckomod:Defend","sneckomod:TailWhip","sneckomod:SnekBite","sneckomod:Unknown","sneckomod:QuickBite","TalkToTheHand","sneckomod:DiceBlock","sneckomod:SlitherStrike","Guardian:SentryBeam+1","sneckomod:DiceCrush","sneckomod:Nope","Slimebound:SplitAcid","Guardian:Gem_Red","sneckomod:SoulDraw","Slimebound:LivingWall","sneckomod:UnknownUncommonPower","hubris:Wrath","expansioncontent:HyperBeam","sneckomod:UnendingSupply","sneckomod:IronFang","sneckomod:DangerNoodle","sneckomod:UnknownUncommonSkill","sneckomod:DiceCrush+1","sneckomod:UnknownVulnerable","Pride","Ragnarok","DevaForm","Guardian:SentryBeam+1","expansioncontent:HyperBeam","Overencumbered"],"relics":["sneckomod:SneckoSoul","downfall:ShatteredFragment","Blood Vial","Replay:Ancient Bell","Pen Nib","Matryoshka","hubris:Zylophone","Orrery","Mirror","InkBottle","MawBank","Chameleon Ring"],"acts_visited":["Exordium","TheCity"],"potions_floor_usage":[16,16,16,20,20],"damage_taken":[{"damage":4,"enemies":"2 Louse","floor":2,"turns":2},{"damage":8,"enemies":"Small Slimes","floor":3,"turns":3},{"damage":0,"enemies":"Cultist","floor":4,"turns":3},{"damage":4,"enemies":"Exordium Thugs","floor":8,"turns":3},{"damage":3,"enemies":"Exordium Wildlife","floor":9,"turns":2},{"damage":0,"enemies":"downfall:LooterAlt","floor":11,"turns":2},{"damage":0,"enemies":"Blue Slaver","floor":12,"turns":2},{"damage":17,"enemies":"Exordium Thugs","floor":15,"turns":4},{"damage":12,"enemies":"SI_SHIV_ARCHETYPE","floor":16,"turns":4},{"damage":28,"enemies":"3 Byrds","floor":19,"turns":4},{"damage":12,"enemies":"downfall:LooterAlt2","floor":20,"turns":1},{"damage":0,"enemies":"downfall:FleeingMerchant","floor":21,"turns":4},{"damage":18,"enemies":"Centurion and Healer","floor":26,"turns":4},{"damage":40,"enemies":"Book of Stabbing","floor":29,"turns":5},{"damage":21,"enemies":"Snecko","floor":30,"turns":3}],"seed_played":"4992784225477273895","potions_obtained":[{"floor":2,"key":"Fire Potion"},{"floor":3,"key":"AttackPotion"},{"floor":11,"key":"Toxic Potion"},{"floor":15,"key":"hexamod:SoulburnPotion"},{"floor":16,"key":"Death Potion"},{"floor":19,"key":"sneckomod:DiceRollPotion"}],"is_trial":false,"path_per_floor":["R","M","M","M","?","R","T","M","M","R","M","M","R","?","M","B",null,"R","M","M","$","?","R","T","R","M","R","?","E","M"],"character_chosen":"THE_SNECKO","items_purchased":["Orrery"],"campfire_rested":1,"item_purchase_floors":[21],"current_hp_per_floor":[81,77,69,69,48,48,48,46,45,45,47,49,49,49,34,24,81,81,53,43,45,45,45,45,45,29,53,53,15,0,0,0],"gold":157,"neow_bonus":"TRANSFORM_TWO_CARDS","is_daily":false,"chose_seed":false,"campfire_upgraded":0,"win_rate":0.0,"timestamp":1613599357,"path_taken":["R","M","M","M","?","R","T","M","M","R","M","M","R","?","M","BOSS","R","M","M","$","?","R","T","R","M","R","?","E","M"],"items_purchased_type":["Relic"],"build_version":"2020-12-22","purchased_purges":1,"victory":false,"max_hp_per_floor":[81,81,81,81,81,81,81,81,81,81,81,81,81,81,81,81,81,81,81,81,81,81,81,81,81,81,81,81,81,81,81,81],"card_choices":[{"not_picked":["sneckomod:QuickMove","sneckomod:QuickBite"],"picked":"sneckomod:DiceBlock","floor":2},{"not_picked":["sneckomod:UnknownUncommonAttack","sneckomod:UnknownUncommonSkill"],"picked":"sneckomod:Unknown0Cost","floor":3},{"not_picked":["sneckomod:Unknown1Cost","sneckomod:Rotation"],"picked":"sneckomod:SlitherStrike","floor":4},{"not_picked":["sneckomod:DiceBlock","sneckomod:UnknownStrike"],"picked":"sneckomod:DiceCrush","floor":8},{"not_picked":["sneckomod:UnknownExhaust","sneckomod:Unknown1Cost"],"picked":"sneckomod:Nope","floor":9},{"not_picked":["sneckomod:Nope","sneckomod:TrashToTreasure"],"picked":"sneckomod:UnknownCommonSkill","floor":11},{"not_picked":["Guardian:Gem_Lightblue","Guardian:Gem_Green"],"picked":"Guardian:Gem_Red","floor":12},{"not_picked":["sneckomod:SoulRoll","sneckomod:UnknownCommonAttack"],"picked":"sneckomod:SoulDraw","floor":12},{"not_picked":["sneckomod:SoulRoll","sneckomod:UnknownBlock"],"picked":"sneckomod:UnknownUncommonPower","floor":15},{"not_picked":["sneckomod:Restock","sneckomod:SoulExchange"],"picked":"sneckomod:UnknownBoss","floor":16},{"not_picked":["hubris:Lust","hubris:Despair"],"picked":"hubris:Wrath","floor":17},{"not_picked":["ReplayTheSpireMod:Splinters","downfall:Aged"],"picked":"Delirium","floor":17},{"not_picked":["downfall:Icky","Normality"],"picked":"ReplayTheSpireMod:IOU","floor":17},{"not_picked":["sneckomod:UnknownCommonAttack","sneckomod:SoulRoll"],"picked":"sneckomod:UnendingSupply","floor":19},{"not_picked":["sneckomod:Nope","sneckomod:QuickMove"],"picked":"sneckomod:IronFang","floor":20},{"not_picked":["sneckomod:WideSting","sneckomod:UnknownClassPURPLE"],"picked":"sneckomod:DangerNoodle","floor":21},{"not_picked":["sneckomod:CheapStock","sneckomod:WideSting"],"picked":"sneckomod:Unknown3Cost","floor":21},{"not_picked":["sneckomod:UnknownCommonSkill","sneckomod:Nope"],"picked":"sneckomod:UnknownUncommonSkill","floor":21},{"not_picked":["sneckomod:QuickBite+1","sneckomod:UnknownBlock"],"picked":"sneckomod:DiceCrush+1","floor":21},{"not_picked":["sneckomod:SoulDraw","sneckomod:SoulRoll"],"picked":"sneckomod:Unknown3Cost","floor":21},{"not_picked":["sneckomod:IronFang","sneckomod:Rotation"],"picked":"sneckomod:UnknownVulnerable","floor":21},{"not_picked":["sneckomod:UnknownUncommonPower","sneckomod:UnendingSupply","sneckomod:UnknownClassGUARDIAN"],"picked":"SKIP","floor":26},{"not_picked":["sneckomod:UnknownVulnerable","sneckomod:UnknownBlock","sneckomod:Nope"],"picked":"SKIP","floor":29}],"player_experience":464702,"relics_obtained":[{"floor":7,"key":"Blood Vial"},{"floor":24,"key":"InkBottle"},{"floor":24,"key":"MawBank"},{"floor":29,"key":"Chameleon Ring"}],"event_choices":[{"damage_healed":0,"gold_gain":0,"player_choice":"Stole Relic","damage_taken":0,"relics_obtained":["Mirror"],"max_hp_gain":0,"max_hp_loss":0,"event_name":"Addict","floor":22,"gold_loss":0,"cards_obtained":["Pride"]}],"is_beta":false,"boss_relics":[{"not_picked":["ChewingGum","hubris:ScarierMask"],"picked":"Replay:Ancient Bell"},{"not_picked":["Regal Pillow","Bag of Preparation"],"picked":"Pen Nib"},{"not_picked":["White Beast Statue","hubris:DeckOfHolding"],"picked":"Matryoshka"},{"not_picked":["sneckomod:UnknownEgg","Lizard Tail"],"picked":"hubris:Zylophone"}],"items_purged_floors":[21],"is_endless":false,"potions_floor_spawned":[2,3,11,15,16,19],"killed_by":"Snecko","ascension_level":0}}