{"host":"dztixnx9b0gu6w9i","time":1613576865,"event":{"mods":["BaseMod","Bestiary","Minty Spire (QoL Compilation)","Relic Stats","SpireBot","ojb\u0027s Better Paths Mod","ojb\u0027s Info Mod"],"gold_per_floor":[99,55,55,55,55,55,55,55,55,15,15,15,15,15,15,15,15,0,0,0,0,0,0,0],"floor_reached":23,"language":"ENG","playtime":5679,"items_purged":[],"score":410,"play_id":"e718d5b6-5112-4314-bab3-fbf5cbfb4638","local_time":"20210217104745","is_ascension_mode":true,"campfire_choices":[{"data":"Doom and Gloom","floor":6,"key":"SMITH"},{"data":"Melter","floor":8,"key":"SMITH"},{"data":"Go for the Eyes","floor":15,"key":"SMITH"}],"circlet_count":0,"master_deck":["AscendersBane","Strike_B","Strike_B","Strike_B","Defend_B","Defend_B","Defend_B","Defend_B","Zap+1","Dualcast","Melter+1","Doom and Gloom+1","Auto Shields","Coolheaded","Machine Learning","Sweeping Beam","Cold Snap","Go for the Eyes+1","Capacitor","Conserve Battery+1","Lockon"],"relics":["Ectoplasm","PreservedInsect","Dream Catcher","White Beast Statue","Black Star"],"acts_visited":["Exordium","TheCity"],"potions_floor_usage":[7,12,16,18,18,18,22,23,23],"damage_taken":[{"damage":8,"enemies":"Small Slimes","floor":1,"turns":3},{"damage":0,"enemies":"2 Louse","floor":3,"turns":3},{"damage":2,"enemies":"Jaw Worm","floor":5,"turns":2},{"damage":15,"enemies":"Lagavulin","floor":7,"turns":6},{"damage":1,"enemies":"Exordium Thugs","floor":10,"turns":4},{"damage":0,"enemies":"2 Fungi Beasts","floor":11,"turns":3},{"damage":8,"enemies":"Exordium Wildlife","floor":12,"turns":4},{"damage":0,"enemies":"Large Slime","floor":13,"turns":3},{"damage":5,"enemies":"3 Sentries","floor":14,"turns":3},{"damage":15,"enemies":"Hexaghost","floor":16,"turns":9},{"damage":7,"enemies":"2 Thieves","floor":18,"turns":4},{"damage":0,"enemies":"Spheric Guardian","floor":21,"turns":3},{"damage":26,"enemies":"Shelled Parasite and Fungi","floor":22,"turns":4},{"damage":31,"enemies":"Slavers","floor":23,"turns":3}],"seed_played":"5888152080310716462","potions_obtained":[{"floor":1,"key":"Regen Potion"},{"floor":7,"key":"GamblersBrew"},{"floor":11,"key":"EntropicBrew"},{"floor":13,"key":"LiquidMemories"},{"floor":16,"key":"Strength Potion"},{"floor":18,"key":"Explosive Potion"},{"floor":22,"key":"Strength Potion"}],"is_trial":false,"path_per_floor":["M","?","M","?","M","R","E","R","T","M","M","M","M","E","R","B",null,"M","?","$","M","M","E"],"character_chosen":"DEFECT","items_purchased":[],"campfire_rested":0,"item_purchase_floors":[],"current_hp_per_floor":[56,56,56,49,47,47,47,47,47,46,46,38,38,33,33,18,58,51,51,51,51,25,0,0],"gold":0,"neow_bonus":"BOSS_RELIC","is_daily":false,"chose_seed":false,"campfire_upgraded":3,"win_rate":0.0,"timestamp":1613576865,"path_taken":["M","?","M","?","M","R","E","R","T","M","M","M","M","E","R","BOSS","M","?","$","M","M","E"],"items_purchased_type":[],"build_version":"2020-12-22","purchased_purges":0,"victory":false,"max_hp_per_floor":[71,71,71,71,71,71,71,71,71,71,71,71,71,71,71,71,71,71,71,71,71,71,71,71],"relic_stats":{"Dream Catcher":0,"counters":[14,54],"Ectoplasm":379,"PreservedInsect":73,"Black Star":0,"obtain_stats":[{"Dream Catcher":9,"Ectoplasm":0,"PreservedInsect":7,"Black Star":17,"Cracked Core":0,"White Beast Statue":14},{"Dream Catcher":4,"Ectoplasm":0,"PreservedInsect":4,"Black Star":10,"Cracked Core":0,"White Beast Statue":9},{"Dream Catcher":14,"Ectoplasm":0,"PreservedInsect":14,"Black Star":40,"Cracked Core":0,"White Beast Statue":31}]},"card_choices":[{"not_picked":["Capacitor","Redo"],"picked":"Melter","floor":1},{"not_picked":["Rip and Tear","Go for the Eyes"],"picked":"Doom and Gloom","floor":3},{"not_picked":["Redo","Force Field"],"picked":"Auto Shields","floor":5},{"not_picked":["Scrape","Loop"],"picked":"Coolheaded","floor":7},{"not_picked":["Ball Lightning","Redo"],"picked":"Machine Learning","floor":10},{"not_picked":["Turbo","Scrape"],"picked":"Sweeping Beam","floor":11},{"not_picked":["Gash","Stack"],"picked":"Cold Snap","floor":12},{"not_picked":["Aggregate","Hello World"],"picked":"Go for the Eyes","floor":13},{"not_picked":["Recycle","Ball Lightning"],"picked":"Capacitor","floor":14},{"not_picked":["Compile Driver","Aggregate"],"picked":"Conserve Battery+1","floor":18},{"not_picked":["Rebound+1","Tempest"],"picked":"Lockon","floor":21},{"not_picked":["Rebound+1","Beam Cell","Barrage"],"picked":"SKIP","floor":22}],"player_experience":8676419,"relics_obtained":[{"floor":7,"key":"PreservedInsect"},{"floor":9,"key":"Dream Catcher"},{"floor":14,"key":"White Beast Statue"}],"event_choices":[{"damage_healed":0,"gold_gain":0,"player_choice":"Left Gold","damage_taken":0,"max_hp_gain":0,"max_hp_loss":0,"event_name":"World of Goop","floor":2,"gold_loss":44},{"cards_removed":["Strike_B"],"damage_healed":0,"gold_gain":0,"player_choice":"Card Removal","damage_taken":7,"max_hp_gain":0,"max_hp_loss":0,"event_name":"Golden Wing","floor":4,"gold_loss":0},{"damage_healed":0,"gold_gain":0,"player_choice":"Upgraded","damage_taken":0,"max_hp_gain":0,"max_hp_loss":0,"event_name":"Upgrade Shrine","floor":19,"gold_loss":0,"cards_upgraded":["Zap"]}],"is_beta":false,"boss_relics":[{"not_picked":["Runic Pyramid","Coffee Dripper"],"picked":"Black Star"}],"items_purged_floors":[],"is_endless":false,"potions_floor_spawned":[1,7,11,13,16,18,21,22],"killed_by":"Slavers","ascension_level":20}}