{"host":"dkr0dog13pegamnp","time":1613576632,"event":{"mods":["AchievementEnabler","BaseMod","Minty Spire (QoL Compilation)","Rare Cards Sparkle","StSLib","SuperFastMode","everything is the same but u backflip on backflip"],"gold_per_floor":[119,129,141,63,76,76,76,95,122,138,138,153,188,375,387,497,509,540,552,580,603,615,627,627],"floor_reached":23,"language":"KOR","playtime":577,"items_purged":[],"score":215,"play_id":"ee2ae15e-fe32-48cc-b69c-9a15c8c6306d","local_time":"20210218004352","is_ascension_mode":true,"campfire_choices":[{"data":"Defragment","floor":6.0,"key":"SMITH"},{"data":"Double Energy","floor":15,"key":"SMITH"}],"circlet_count":0,"master_deck":["Strike_B","Strike_B","Strike_B","Defend_B","Defend_B+1","Defend_B","Defend_B+1","Zap","Dualcast","Force Field","Defragment","Conserve Battery","Loop","Defragment+1","Hologram","Double Energy+1","Compile Driver","Skim","Doom and Gloom","Multi-Cast","Darkness","Double Energy+1","Capacitor"],"relics":["Cracked Core","War Paint","Omamori","MawBank","Sozu","Eternal Feather"],"acts_visited":["Exordium","TheCity"],"potions_floor_usage":[],"damage_taken":[{"damage":4.0,"enemies":"2 Louse","floor":1.0,"turns":4.0},{"damage":0.0,"enemies":"Cultist","floor":2.0,"turns":4.0},{"damage":12.0,"enemies":"Small Slimes","floor":3.0,"turns":4.0},{"damage":29.0,"enemies":"3 Louse","floor":5.0,"turns":4.0},{"damage":15.0,"enemies":"Exordium Wildlife","floor":8.0,"turns":5.0},{"damage":10.0,"enemies":"Exordium Thugs","floor":10.0,"turns":4.0},{"damage":6.0,"enemies":"3 Louse","floor":12.0,"turns":3.0},{"damage":18.0,"enemies":"3 Sentries","floor":13.0,"turns":7.0},{"damage":12,"enemies":"Hexaghost","floor":16,"turns":8},{"damage":17,"enemies":"2 Thieves","floor":18,"turns":3},{"damage":21,"enemies":"Shell Parasite","floor":20,"turns":5},{"damage":25,"enemies":"Snecko","floor":21,"turns":6},{"damage":58,"enemies":"Gremlin Leader","floor":23,"turns":4}],"seed_played":"-4021405060579048756","potions_obtained":[{"floor":1.0,"key":"Swift Potion"},{"floor":8.0,"key":"ColorlessPotion"},{"floor":10.0,"key":"FairyPotion"},{"floor":16,"key":"SpeedPotion"}],"is_trial":false,"path_per_floor":["M","M","M","$","M","R","?","M","T","M","?","M","E","?","R","B",null,"M","?","M","M","T","E"],"character_chosen":"DEFECT","items_purchased":["Defragment"],"campfire_rested":0,"item_purchase_floors":[4],"current_hp_per_floor":[71,71,59,59,30,30,75,60,60,50,43,37,19,19,19,7,75,58,75,54,29,29,0,0],"gold":627,"neow_bonus":"TRANSFORM_CARD","is_daily":false,"chose_seed":false,"campfire_upgraded":2,"win_rate":0.0,"timestamp":1613576632,"path_taken":["M","M","M","$","M","R","?","M","T","?","?","M","E","?","R","BOSS","M","?","M","M","?","E"],"items_purchased_type":["Card"],"build_version":"2020-12-22","purchased_purges":0,"victory":false,"max_hp_per_floor":[75,75,75,75,75,75,75,75,75,75,75,75,75,75,75,75,75,75,75,75,75,75,75,75],"card_choices":[{"not_picked":["Rebound","Auto Shields"],"picked":"Defragment","floor":1.0},{"not_picked":["Rebound","Chaos"],"picked":"Conserve Battery","floor":2.0},{"not_picked":["Redo","Rip and Tear"],"picked":"Loop","floor":3.0},{"not_picked":["Barrage","Steam"],"picked":"Hologram","floor":5.0},{"not_picked":["Barrage","Streamline"],"picked":"Double Energy","floor":8.0},{"not_picked":["Blizzard","Streamline"],"picked":"Compile Driver","floor":10.0},{"not_picked":["White Noise","Gash"],"picked":"Skim","floor":12.0},{"not_picked":["Chaos","Beam Cell"],"picked":"Doom and Gloom","floor":13.0},{"not_picked":["Meteor Strike","Creative AI"],"picked":"Multi-Cast","floor":16},{"not_picked":["Barrage+1","Ball Lightning+1"],"picked":"Darkness","floor":18},{"not_picked":["Steam Power","Steam"],"picked":"Double Energy+1","floor":20},{"not_picked":["Cold Snap","BootSequence"],"picked":"Capacitor","floor":21}],"player_experience":58803,"relics_obtained":[{"floor":9.0,"key":"War Paint"},{"floor":13.0,"key":"MawBank"},{"floor":22,"key":"Eternal Feather"}],"event_choices":[{"damage_healed":45.0,"max_hp_gain":0.0,"max_hp_loss":0.0,"gold_gain":0.0,"event_name":"Wheel of Change","player_choice":"Full Heal","floor":7.0,"gold_loss":0.0,"damage_taken":0.0},{"damage_healed":0.0,"max_hp_gain":0.0,"max_hp_loss":0.0,"gold_gain":0.0,"event_name":"Scrap Ooze","player_choice":"Success","floor":11.0,"gold_loss":0.0,"damage_taken":7.0,"relics_obtained":["Omamori"]},{"damage_healed":0,"gold_gain":175,"player_choice":"AGREE","damage_taken":0,"max_hp_gain":0,"max_hp_loss":0,"event_name":"Liars Game","floor":14,"gold_loss":0,"cards_obtained":["Doubt"]},{"damage_healed":25,"gold_gain":0,"player_choice":"Heal","damage_taken":0,"max_hp_gain":0,"max_hp_loss":0,"event_name":"The Library","floor":19,"gold_loss":0}],"is_beta":false,"boss_relics":[{"not_picked":["Snecko Eye","Velvet Choker"],"picked":"Sozu"}],"items_purged_floors":[],"is_endless":false,"potions_floor_spawned":[1,8,10,16,18],"killed_by":"Gremlin Leader","ascension_level":2}}