{"host":"f8toxsj3bk02pkeu","time":1613548848,"event":{"mods":["BaseMod","Minty Spire (QoL Compilation)","Permanent Neow","Quick Restart","StSLib","SuperFastMode"],"gold_per_floor":[118,134,149,163,179,179,206,206,206,206,41,116,116,148,148,225,225,241,217,234,234,234,234,234,234,234,253,283,283,293,293,293],"floor_reached":31,"language":"ENG","playtime":837,"items_purged":[],"score":580,"play_id":"72368a43-e4cb-4979-9ae3-7162dc59ddd6","local_time":"20210217010048","is_ascension_mode":true,"campfire_choices":[{"data":"Cloak And Dagger","floor":6.0,"key":"SMITH"},{"floor":10.0,"key":"REST"},{"floor":13.0,"key":"REST"},{"data":"Noxious Fumes","floor":15.0,"key":"SMITH"},{"floor":23,"key":"REST"},{"floor":25,"key":"REST"},{"floor":29,"key":"REST"}],"circlet_count":0,"master_deck":["AscendersBane","Strike_G","Strike_G","Strike_G","Strike_G","Defend_G","Defend_G","Defend_G","Defend_G","Defend_G","Survivor","Neutralize","Cloak And Dagger+1","Accuracy","Deflect","Cloak And Dagger","Blade Dance","Noxious Fumes+1","Cloak And Dagger+1"],"relics":["Ring of the Snake","Vajra","Singing Bowl","Dream Catcher","ClockworkSouvenir","Strawberry","Philosopher\u0027s Stone","InkBottle","Bottled Lightning"],"acts_visited":["Exordium","TheCity"],"potions_floor_usage":[18],"damage_taken":[{"damage":0.0,"enemies":"Cultist","floor":1.0,"turns":4.0},{"damage":1.0,"enemies":"Jaw Worm","floor":2.0,"turns":6.0},{"damage":0.0,"enemies":"2 Louse","floor":3.0,"turns":4.0},{"damage":4.0,"enemies":"Large Slime","floor":4.0,"turns":8.0},{"damage":4.0,"enemies":"2 Fungi Beasts","floor":5.0,"turns":3.0},{"damage":13.0,"enemies":"3 Sentries","floor":7.0,"turns":10.0},{"damage":2.0,"enemies":"Lagavulin","floor":14.0,"turns":6.0},{"damage":44.0,"enemies":"Hexaghost","floor":16.0,"turns":10.0},{"damage":14,"enemies":"Shell Parasite","floor":18,"turns":4},{"damage":6,"enemies":"2 Thieves","floor":19,"turns":4},{"damage":14,"enemies":"3 Cultists","floor":20,"turns":6},{"damage":8,"enemies":"Snecko","floor":27,"turns":5},{"damage":61,"enemies":"Book of Stabbing","floor":28,"turns":6},{"damage":16,"enemies":"Snake Plant","floor":30,"turns":5},{"damage":45,"enemies":"Gremlin Leader","floor":31,"turns":5}],"seed_played":"7080678126453227913","potions_obtained":[{"floor":1.0,"key":"SteroidPotion"},{"floor":3.0,"key":"Strength Potion"},{"floor":5.0,"key":"BlessingOfTheForge"},{"floor":7.0,"key":"Ancient Potion"},{"floor":14.0,"key":"CunningPotion"},{"floor":18,"key":"SmokeBomb"},{"floor":27,"key":"Energy Potion"}],"is_trial":false,"path_per_floor":["M","M","M","M","M","R","E","?","T","R","$","?","R","E","R","B",null,"M","M","M","?","?","R","?","R","T","M","E","R","M","E"],"character_chosen":"THE_SILENT","items_purchased":["ClockworkSouvenir"],"campfire_rested":5,"item_purchase_floors":[11],"current_hp_per_floor":[59,58,58,54,50,50,39,32,32,52,52,41,63,68,68,26,66,52,48,36,12,30,58,58,87,87,81,22,52,38,0,0],"gold":293,"neow_bonus":"RANDOM_COMMON_RELIC","is_daily":false,"chose_seed":false,"campfire_upgraded":2,"win_rate":0.0,"timestamp":1613548848,"path_taken":["M","M","?","M","M","R","E","?","T","R","$","?","R","E","R","BOSS","M","M","M","?","?","R","?","R","T","M","E","R","M","E"],"items_purchased_type":["Relic"],"build_version":"2020-12-22","purchased_purges":0,"victory":false,"max_hp_per_floor":[66,66,66,66,66,66,68,68,68,68,68,68,70,77,77,79,79,79,81,83,88,88,90,90,92,92,94,96,98,100,100,100],"card_choices":[{"not_picked":["Heel Hook","Catalyst"],"picked":"Cloak And Dagger","floor":1.0},{"not_picked":["Flying Knee","PiercingWail"],"picked":"Accuracy","floor":2.0},{"not_picked":["Terror","Dodge and Roll"],"picked":"Deflect","floor":3.0},{"not_picked":["Catalyst","Slice","Bullet Time"],"picked":"SKIP","floor":4.0},{"not_picked":["Bouncing Flask","Acrobatics"],"picked":"Cloak And Dagger","floor":5.0},{"not_picked":["Dagger Spray","Deflect","Choke"],"picked":"Singing Bowl","floor":7.0},{"not_picked":["Dagger Spray","Prepared"],"picked":"Blade Dance","floor":10.0},{"not_picked":["Setup","Poisoned Stab","Underhanded Strike"],"picked":"Singing Bowl","floor":13.0},{"not_picked":["Accuracy","Outmaneuver"],"picked":"Noxious Fumes","floor":14.0},{"not_picked":["Malaise","Storm of Steel","Night Terror"],"picked":"Singing Bowl","floor":16.0},{"not_picked":["Deflect","Terror"],"picked":"Cloak And Dagger+1","floor":18},{"not_picked":["Sucker Punch","All Out Attack","Deadly Poison"],"picked":"Singing Bowl","floor":19},{"not_picked":["Dagger Throw","Burst","Prepared"],"picked":"Singing Bowl","floor":20},{"not_picked":["Dodge and Roll","Cloak And Dagger","Underhanded Strike"],"picked":"Singing Bowl","floor":23},{"not_picked":["Quick Slash","Deadly Poison","Bane"],"picked":"Singing Bowl","floor":25},{"not_picked":["Masterful Stab","Sucker Punch","Cloak And Dagger"],"picked":"Singing Bowl","floor":27},{"not_picked":["Catalyst","Setup","Outmaneuver+1"],"picked":"Singing Bowl","floor":28},{"not_picked":["Deflect","Poisoned Stab+1","Crippling Poison"],"picked":"Singing Bowl","floor":29},{"not_picked":["Bane","Heel Hook","Backstab"],"picked":"Singing Bowl","floor":30}],"player_experience":992378,"relics_obtained":[{"floor":7.0,"key":"Singing Bowl"},{"floor":9.0,"key":"Dream Catcher"},{"floor":14.0,"key":"Strawberry"},{"floor":26,"key":"InkBottle"},{"floor":28,"key":"Bottled Lightning"}],"event_choices":[{"cards_removed":["Strike_G"],"damage_healed":0.0,"max_hp_gain":0.0,"max_hp_loss":0.0,"gold_gain":0.0,"event_name":"Golden Wing","player_choice":"Card Removal","floor":8.0,"gold_loss":0.0,"damage_taken":7.0},{"damage_healed":0.0,"max_hp_gain":0.0,"max_hp_loss":0.0,"gold_gain":75.0,"event_name":"World of Goop","player_choice":"Gather Gold","floor":12.0,"gold_loss":0.0,"damage_taken":11.0},{"damage_healed":0,"gold_gain":0,"player_choice":"Shed Blood","damage_taken":29,"max_hp_gain":5,"max_hp_loss":0,"event_name":"Forgotten Altar","floor":21,"gold_loss":0},{"damage_healed":18,"gold_gain":0,"player_choice":"Heal","damage_taken":0,"max_hp_gain":0,"max_hp_loss":0,"event_name":"The Library","floor":22,"gold_loss":0},{"damage_healed":0,"gold_gain":0,"player_choice":"Ignored","damage_taken":0,"max_hp_gain":0,"max_hp_loss":0,"event_name":"Ghosts","floor":24,"gold_loss":0}],"is_beta":false,"boss_relics":[{"not_picked":["Ring of the Serpent","Velvet Choker"],"picked":"Philosopher\u0027s Stone"}],"items_purged_floors":[],"is_endless":false,"potions_floor_spawned":[1,3,5,7,14,18,19,27],"killed_by":"Gremlin Leader","ascension_level":20}}