{"host":"mgjbkrm6zb65cm01","time":1613571167,"event":{"mods":["ATMod(°¢èªMod)","BaseMod","Conspire","Good Game Mod","Minty Spire (QoL Compilation)","Quick Restart","Relic Stats","Spicy Shops","StSLib","UnlockEverythingMod","noobMod"],"gold_per_floor":[115,128,147,166,186,217,217,243,297,330,350,366,366,441,441,539,539,559,559],"floor_reached":18,"language":"ZHS","playtime":963,"items_purged":[],"score":211,"play_id":"76e73fe6-e6e6-483e-a9db-f719b5442386","local_time":"20210217221247","is_ascension_mode":false,"campfire_choices":[{"data":"AT_ShrugMaster","floor":7,"key":"SMITH"},{"floor":13,"key":"RECALL"},{"data":"Barricade","floor":15,"key":"SMITH"}],"circlet_count":0,"master_deck":["Strike_R","Strike_R","Strike_R","Strike_R","Defend_R","Defend_R","Defend_R","Bash","Barricade+1","AT_ShrugMaster+1","conspire:HitWhereItHurts","Rupture","Ghostly Armor","Sword Boomerang","Ghostly Armor","conspire:Charge","AT_IchimonjiDouble","Entrench","Double Tap","Iron Wave+1","True Grit","Offering"],"relics":["Burning Blood","REME:ComplimentaryCards","ice","AT_ATBox","AT_ArchangelStaff","Molten Egg 2","AT_EbonyIvory","conspire:DeflatedDodgeball"],"acts_visited":["Exordium","TheCity"],"potions_floor_usage":[16],"damage_taken":[{"damage":0,"enemies":"Cultist","floor":1,"turns":6},{"damage":6,"enemies":"conspire:RoseBush","floor":2,"turns":5},{"damage":6,"enemies":"2 Louse","floor":3,"turns":3},{"damage":0,"enemies":"Looter","floor":4,"turns":4},{"damage":2,"enemies":"conspire:2 RoseBushes","floor":5,"turns":5},{"damage":45,"enemies":"Gremlin Nob","floor":6,"turns":6},{"damage":0,"enemies":"Lagavulin","floor":8,"turns":11},{"damage":27,"enemies":"3 Sentries","floor":10,"turns":8},{"damage":0,"enemies":"Exordium Wildlife","floor":11,"turns":3},{"damage":0,"enemies":"3 Louse","floor":12,"turns":4},{"damage":4,"enemies":"The Guardian","floor":16,"turns":14},{"damage":15,"enemies":"Spheric Guardian","floor":18,"turns":4}],"seed_played":"-3527451159779806602","potions_obtained":[{"floor":4,"key":"Ancient Potion"},{"floor":8,"key":"PowerPotion"},{"floor":10,"key":"Block Potion"}],"is_trial":false,"path_per_floor":["M","M","M","M","M","E","R","E","T","E","M","M","R","?","R","B",null,"M"],"character_chosen":"IRONCLAD","items_purchased":[],"campfire_rested":0,"item_purchase_floors":[],"current_hp_per_floor":[62,62,62,68,72,33,33,39,39,18,24,30,30,22,22,24,80,71,71],"gold":559,"neow_bonus":"TRANSFORM_TWO_CARDS","is_daily":false,"chose_seed":false,"campfire_upgraded":2,"win_rate":0.0,"timestamp":1613571167,"path_taken":["M","M","M","M","M","E","R","E","T","E","M","?","R","?","R","BOSS","M"],"items_purchased_type":[],"build_version":"2020-12-22","purchased_purges":0,"victory":false,"max_hp_per_floor":[80,80,80,80,80,80,80,80,80,80,80,80,80,80,80,80,80,80,80],"relic_stats":{"counters":[12,73],"obtain_stats":[{"REME:ComplimentaryCards":0,"AT_ATBox":0,"Molten Egg 2":8,"AT_EbonyIvory":9,"ice":0,"conspire:DeflatedDodgeball":10,"AT_ArchangelStaff":6,"Burning Blood":0},{"REME:ComplimentaryCards":0,"AT_ATBox":0,"Molten Egg 2":7,"AT_EbonyIvory":7,"ice":0,"conspire:DeflatedDodgeball":8,"AT_ArchangelStaff":6,"Burning Blood":0},{"REME:ComplimentaryCards":0,"AT_ATBox":0,"Molten Egg 2":40,"AT_EbonyIvory":40,"ice":0,"conspire:DeflatedDodgeball":48,"AT_ArchangelStaff":29,"Burning Blood":0}],"Burning Blood":72},"card_choices":[{"not_picked":["AT_IchimonjiDouble","Pommel Strike"],"picked":"Ghostly Armor","floor":1},{"not_picked":["Feel No Pain","Warcry"],"picked":"Sword Boomerang","floor":2},{"not_picked":["AT_GerminateFire","Heavy Blade"],"picked":"Ghostly Armor","floor":3},{"not_picked":["AT_IchimonjiDouble","Inflame"],"picked":"conspire:Charge","floor":4},{"not_picked":["Fiend Fire","Cleave"],"picked":"AT_IchimonjiDouble","floor":5},{"not_picked":["Shrug It Off","Dark Embrace"],"picked":"Entrench","floor":6},{"not_picked":["Rupture","Second Wind","Shrug It Off"],"picked":"SKIP","floor":8},{"not_picked":["Heavy Blade+1","Anger+1"],"picked":"Double Tap","floor":10},{"not_picked":["Perfected Strike+1","Pummel+1"],"picked":"Iron Wave+1","floor":11},{"not_picked":["Flex","Dual Wield"],"picked":"True Grit","floor":12},{"not_picked":["Corruption","conspire:HitWhereItHurts+1"],"picked":"Offering","floor":16}],"player_experience":169170,"relics_obtained":[{"floor":6,"key":"AT_ArchangelStaff"},{"floor":8,"key":"Molten Egg 2"},{"floor":9,"key":"AT_EbonyIvory"},{"floor":10,"key":"conspire:DeflatedDodgeball"}],"event_choices":[{"damage_healed":0,"gold_gain":75,"player_choice":"Touch","damage_taken":8,"max_hp_gain":0,"max_hp_loss":0,"event_name":"FaceTrader","floor":14,"gold_loss":0}],"is_beta":false,"boss_relics":[{"not_picked":["Coffee Dripper","conspire:SeveredTorchhead","Snecko Eye"]}],"items_purged_floors":[],"is_endless":false,"potions_floor_spawned":[4,8,10,11,12],"killed_by":"Spheric Guardian","ascension_level":0}}