{"host":"vl29iwkwnyytuw8q","time":1613603875,"event":{"mods":["BaseMod","Minty Spire (QoL Compilation)","Permanent Neow","Relic Stats","StSLib"],"gold_per_floor":[115,125,125,140,159,159,159,159,159,159,174,209,225,54,54,129,129,143,143,156,187,102,102,113,113,136,183,203,538,538,553,553,632,632,644,432,432,432,447,477,477,505,529,529,581,581,581,130,130,130,130],"floor_reached":52,"language":"ENG","playtime":2683,"items_purged":["Strike_G","Strike_G+1"],"score":2147,"play_id":"51e62322-59a9-4f34-9fa2-7aa709b7a0b4","local_time":"20210218001755","is_ascension_mode":true,"campfire_choices":[{"data":"Mayhem","floor":6.0,"key":"SMITH"},{"floor":8.0,"key":"REST"},{"data":"Predator","floor":10.0,"key":"SMITH"},{"data":"Blade Dance","floor":15.0,"key":"SMITH"},{"data":"Tools of the Trade","floor":23.0,"key":"SMITH"},{"data":"Well Laid Plans","floor":25.0,"key":"SMITH"},{"data":"Neutralize","floor":32.0,"key":"SMITH"},{"data":"After Image","floor":41,"key":"SMITH"},{"data":"Footwork","floor":44,"key":"SMITH"},{"data":"Accuracy","floor":49,"key":"SMITH"}],"circlet_count":0,"master_deck":["AscendersBane","Strike_G+1","Strike_G+1","Strike_G+1","Defend_G+1","Defend_G+1","Defend_G+1","Defend_G+1","Defend_G+1","Survivor+1","Neutralize+1","Mayhem+1","Blade Dance+1","Predator+1","Acrobatics+1","PiercingWail+1","Underhanded Strike+1","Terror+1","Backflip+1","Skewer+1","Deflect+1","Cloak And Dagger+1","Prepared+1","Tools of the Trade+1","Blade Dance+1","Well Laid Plans+1","Acrobatics+1","Night Terror+1","Blade Dance+1","Adrenaline+1","PiercingWail+1","After Image+1","Escape Plan+1","Footwork+1","PiercingWail+1","Cloak And Dagger+1","Acrobatics+1","Calculated Gamble+1","Flash of Steel","Panache","Deflect+1","Discovery+1","Predator","Accuracy+1","Underhanded Strike"],"relics":["Ring of the Snake","Toxic Egg 2","Eternal Feather","Meat on the Bone","Orrery","HoveringKite","Red Mask","Paper Crane","Dream Catcher","Lantern","Old Coin","Sozu","Matryoshka","Vajra","Whetstone","Sundial","Bronze Scales","Turnip","Mark of the Bloom"],"acts_visited":["Exordium","TheCity","TheBeyond"],"potions_floor_usage":[51,51],"damage_taken":[{"damage":0.0,"enemies":"2 Louse","floor":1.0,"turns":4.0},{"damage":2.0,"enemies":"Jaw Worm","floor":2.0,"turns":5.0},{"damage":7.0,"enemies":"Small Slimes","floor":4.0,"turns":4.0},{"damage":3.0,"enemies":"3 Louse","floor":5.0,"turns":5.0},{"damage":0.0,"enemies":"Lagavulin","floor":7.0,"turns":1.0},{"damage":9.0,"enemies":"Exordium Thugs","floor":11.0,"turns":5.0},{"damage":24.0,"enemies":"3 Sentries","floor":12.0,"turns":8.0},{"damage":4.0,"enemies":"Looter","floor":13.0,"turns":3.0},{"damage":42.0,"enemies":"The Guardian","floor":16.0,"turns":12.0},{"damage":13.0,"enemies":"3 Byrds","floor":18.0,"turns":6.0},{"damage":5.0,"enemies":"Shell Parasite","floor":20.0,"turns":4.0},{"damage":30.0,"enemies":"Masked Bandits","floor":21.0,"turns":4.0},{"damage":0.0,"enemies":"Centurion and Healer","floor":24.0,"turns":4.0},{"damage":0.0,"enemies":"Chosen and Byrds","floor":28.0,"turns":5.0},{"damage":0.0,"enemies":"Book of Stabbing","floor":29.0,"turns":3.0},{"damage":9.0,"enemies":"Shelled Parasite and Fungi","floor":31.0,"turns":3.0},{"damage":55.0,"enemies":"Automaton","floor":33.0,"turns":9.0},{"damage":4.0,"enemies":"3 Shapes","floor":35.0,"turns":4.0},{"damage":0,"enemies":"Orb Walker","floor":39,"turns":3},{"damage":0,"enemies":"Nemesis","floor":40,"turns":4},{"damage":0,"enemies":"Giant Head","floor":42,"turns":6},{"damage":0,"enemies":"2 Orb Walkers","floor":45,"turns":4},{"damage":0,"enemies":"Awakened One","floor":50,"turns":7},{"damage":9,"enemies":"Donu and Deca","floor":51,"turns":7}],"seed_played":"6255561010580650124","potions_obtained":[{"floor":4.0,"key":"SmokeBomb"},{"floor":13.0,"key":"ColorlessPotion"},{"floor":18.0,"key":"Block Potion"},{"floor":20.0,"key":"DistilledChaos"},{"floor":31.0,"key":"Dexterity Potion"},{"floor":33.0,"key":"Regen Potion"}],"is_trial":false,"path_per_floor":["M","M","?","M","M","R","E","R","T","R","M","E","M","$","R","B",null,"M","?","M","?","?","R","M","R","T","T","M","E","?","M","R","B",null,"M","$","?","T","M","E","R","E","T","R","?","?","?","$","R","B","B",null],"character_chosen":"THE_SILENT","items_purchased":["Orrery","Footwork","PiercingWail+1","Deflect+1","Discovery+1","Predator","Accuracy","Underhanded Strike"],"campfire_rested":1,"item_purchase_floors":[14,36,36,48,48,48,48,48],"current_hp_per_floor":[59,57,46,39,36,36,36,54,54,60,51,27,35,35,50,20,50,37,37,32,14,14,32,32,50,50,50,50,50,50,41,59,16,49,45,45,45,45,45,45,60,60,60,60,60,60,50,50,50,50,41],"gold":130,"neow_bonus":"RANDOM_COLORLESS_2","is_daily":false,"chose_seed":false,"campfire_upgraded":9,"win_rate":0.0,"timestamp":1613603875,"path_taken":["M","M","?","M","M","R","E","R","T","R","M","E","M","$","R","BOSS","M","?","M","?","?","R","?","R","T","?","M","E","?","M","R","BOSS","M","$","?","?","?","E","R","E","T","R","?","?","?","?","R","BOSS","BOSS"],"items_purchased_type":["Relic","Card","Card","Card","Card","Card","Card","Card"],"build_version":"2020-12-22","purchased_purges":2,"victory":true,"max_hp_per_floor":[60,60,60,60,60,60,60,60,60,60,60,60,60,60,60,60,60,60,60,60,60,60,60,60,60,60,60,60,60,60,60,60,60,60,60,60,60,60,60,60,60,60,60,60,60,60,60,60,60,60,60],"relic_stats":{"Mark of the Bloom":42,"counters":[24,120],"HoveringKite":[58],"Eternal Feather":90,"Whetstone":["Strike_G","Strike_G"],"Sozu":2,"Dream Catcher":0,"Sundial":[2],"Bronze Scales":[63],"Turnip":[0],"obtain_stats":[{"Lantern":27,"Mark of the Bloom":46,"HoveringKite":17,"Vajra":40,"Eternal Feather":9,"Whetstone":42,"Paper Crane":22,"Old Coin":29,"Sozu":34,"Dream Catcher":26,"Matryoshka":38,"Sundial":43,"Bronze Scales":43,"Orrery":14,"Turnip":45,"Red Mask":21,"Toxic Egg 2":3,"Ring of the Snake":0,"Meat on the Bone":12},{"Lantern":13,"Mark of the Bloom":22,"HoveringKite":9,"Vajra":20,"Eternal Feather":5,"Whetstone":21,"Paper Crane":12,"Old Coin":15,"Sozu":17,"Dream Catcher":13,"Matryoshka":18,"Sundial":21,"Bronze Scales":21,"Orrery":8,"Turnip":22,"Red Mask":12,"Toxic Egg 2":2,"Ring of the Snake":0,"Meat on the Bone":7},{"Lantern":65,"Mark of the Bloom":106,"HoveringKite":47,"Vajra":96,"Eternal Feather":19,"Whetstone":102,"Paper Crane":61,"Old Coin":73,"Sozu":85,"Dream Catcher":65,"Matryoshka":89,"Sundial":102,"Bronze Scales":102,"Orrery":35,"Turnip":106,"Red Mask":61,"Toxic Egg 2":9,"Ring of the Snake":0,"Meat on the Bone":32}],"Ring of the Snake":[48],"Meat on the Bone":48},"card_choices":[{"not_picked":["Magnetism","Chrysalis"],"picked":"Mayhem","floor":0.0},{"not_picked":["Backflip","Bane"],"picked":"Blade Dance","floor":1.0},{"not_picked":["Slice","Prepared"],"picked":"Predator","floor":2.0},{"not_picked":["Prepared+1","Choke"],"picked":"Acrobatics+1","floor":4.0},{"not_picked":["Outmaneuver+1","Blade Dance+1"],"picked":"PiercingWail+1","floor":5.0},{"not_picked":["Setup+1","Noxious Fumes"],"picked":"Underhanded Strike","floor":11.0},{"not_picked":["Flechettes","Expertise+1"],"picked":"Terror+1","floor":12.0},{"not_picked":["Heel Hook","Finisher"],"picked":"Dagger Throw","floor":13.0},{"not_picked":["Finisher","Blade Dance+1"],"picked":"Backflip+1","floor":14.0},{"not_picked":["Dash","Glass Knife"],"picked":"Skewer","floor":14.0},{"not_picked":["Backflip+1","Quick Slash"],"picked":"Deflect+1","floor":14.0},{"not_picked":["Deadly Poison+1","Blade Dance+1"],"picked":"Cloak And Dagger+1","floor":14.0},{"not_picked":["Underhanded Strike","Backflip+1"],"picked":"Prepared+1","floor":14.0},{"not_picked":["Doppelganger+1","Storm of Steel+1"],"picked":"Tools of the Trade","floor":16.0},{"not_picked":["Dodge and Roll+1","Setup+1"],"picked":"Blade Dance+1","floor":18.0},{"not_picked":["PiercingWail+1","Sucker Punch"],"picked":"Well Laid Plans","floor":20.0},{"not_picked":["Blade Dance+1","Dash"],"picked":"Acrobatics+1","floor":21.0},{"not_picked":["Quick Slash","Blade Dance+1"],"picked":"Night Terror+1","floor":24.0},{"not_picked":["Acrobatics+1","Masterful Stab+1"],"picked":"Blade Dance+1","floor":28.0},{"not_picked":["All Out Attack","Bane+1"],"picked":"Adrenaline+1","floor":29.0},{"not_picked":["Concentrate+1","Quick Slash"],"picked":"PiercingWail+1","floor":31.0},{"not_picked":["Die Die Die","Grand Finale"],"picked":"After Image","floor":33.0},{"not_picked":["Sucker Punch","Deflect+1"],"picked":"Escape Plan+1","floor":35.0},{"not_picked":["Well Laid Plans+1","Quick Slash","Dagger Throw"],"picked":"SKIP","floor":39},{"not_picked":["Masterful Stab","Quick Slash"],"picked":"Cloak And Dagger+1","floor":40},{"not_picked":["Dagger Throw","Deadly Poison+1"],"picked":"Acrobatics+1","floor":42},{"not_picked":["PiercingWail+1","Infinite Blades"],"picked":"Calculated Gamble+1","floor":45},{"not_picked":["Purity+1","Chrysalis+1"],"picked":"Flash of Steel","floor":47},{"not_picked":["Magnetism","Blind+1"],"picked":"Panache","floor":47}],"player_experience":695511,"relics_obtained":[{"floor":9.0,"key":"Eternal Feather"},{"floor":12.0,"key":"Meat on the Bone"},{"floor":21.0,"key":"Red Mask"},{"floor":26.0,"key":"Dream Catcher"},{"floor":27.0,"key":"Lantern"},{"floor":29.0,"key":"Old Coin"},{"floor":38.0,"key":"Matryoshka"},{"floor":40,"key":"Vajra"},{"floor":42,"key":"Whetstone"},{"floor":43,"key":"Sundial"},{"floor":43,"key":"Bronze Scales"},{"floor":45,"key":"Turnip"}],"event_choices":[{"damage_healed":0.0,"max_hp_gain":0.0,"max_hp_loss":0.0,"gold_gain":0.0,"event_name":"Scrap Ooze","player_choice":"Success","floor":3.0,"gold_loss":0.0,"damage_taken":11.0,"relics_obtained":["Toxic Egg 2"]},{"damage_healed":0.0,"max_hp_gain":0.0,"max_hp_loss":0.0,"gold_gain":0.0,"event_name":"Ghosts","player_choice":"Ignored","floor":19.0,"gold_loss":0.0,"damage_taken":0.0},{"damage_healed":0.0,"max_hp_gain":0.0,"max_hp_loss":0.0,"gold_gain":0.0,"event_name":"Masked Bandits","player_choice":"Fought Bandits","floor":21.0,"gold_loss":0.0,"damage_taken":0.0},{"damage_healed":0.0,"max_hp_gain":0.0,"max_hp_loss":0.0,"gold_gain":0.0,"event_name":"Addict","player_choice":"Obtained Relic","floor":22.0,"gold_loss":85.0,"damage_taken":0.0,"relics_obtained":["Paper Crane"]},{"damage_healed":0.0,"max_hp_gain":0.0,"max_hp_loss":0.0,"gold_gain":0.0,"event_name":"Vampires","player_choice":"Ignored","floor":30.0,"gold_loss":0.0,"damage_taken":0.0},{"cards_removed":["Dagger Throw"],"damage_healed":0.0,"max_hp_gain":0.0,"max_hp_loss":0.0,"gold_gain":0.0,"event_name":"Falling","player_choice":"Removed Attack","floor":37.0,"gold_loss":0.0,"damage_taken":0.0},{"damage_healed":0,"gold_gain":0,"player_choice":"Fight","damage_taken":0,"max_hp_gain":0,"max_hp_loss":0,"event_name":"Mysterious Sphere","floor":45,"gold_loss":0},{"damage_healed":0,"gold_gain":0,"player_choice":"Upgrade","damage_taken":0,"relics_obtained":["Mark of the Bloom"],"max_hp_gain":0,"max_hp_loss":0,"event_name":"MindBloom","floor":46,"gold_loss":0,"cards_upgraded":["Strike_G","Strike_G","Defend_G","Defend_G","Defend_G","Defend_G","Defend_G","Survivor","Underhanded Strike","Skewer"]},{"damage_healed":0,"gold_gain":0,"player_choice":"Memory 3","damage_taken":10,"max_hp_gain":0,"max_hp_loss":0,"event_name":"SensoryStone","floor":47,"gold_loss":0}],"is_beta":false,"boss_relics":[{"not_picked":["Fusion Hammer","Black Star"],"picked":"HoveringKite"},{"not_picked":["Coffee Dripper","Tiny House"],"picked":"Sozu"}],"items_purged_floors":[36,48],"is_endless":false,"potions_floor_spawned":[4,13,18,20,31,33,42,45],"ascension_level":20}}