{"host":"bg8va46pgqgvtzim","time":1613563155,"event":{"mods":["BaseMod","Minty Spire (QoL Compilation)","Quick Restart","StSLib","SuperFastMode"],"gold_per_floor":[18,18,36,36,50,50,64,77,107,107,132,132,200,47,80,80,80,80,96,109,109,109,109,209,209,219,229,144,44,44,58,72,87,103,103,114,39,69,69,95,121,196,208,208,220,220,239,259,272,272,272,377,377,389,406,420,438,245,262,262,291,291,291,291,318,334,368,368,379,394,394,410,422,448,448,448,448,448,2,27,27],"floor_reached":82,"language":"ZHS","playtime":2748,"items_purged":["Strike_G","Underhanded Strike","Survivor","Blade Dance+1"],"score":1908,"play_id":"661fbdfd-2e75-4268-9042-0b9ea0ba5f4e","local_time":"20210217195915","is_ascension_mode":true,"campfire_choices":[{"data":"Noxious Fumes","floor":10,"key":"SMITH"},{"data":"Accuracy","floor":16,"key":"SMITH"},{"data":"Acrobatics","floor":18,"key":"SMITH"},{"data":"Acrobatics","floor":22,"key":"SMITH"},{"data":"Accuracy","floor":23,"key":"SMITH"},{"data":"Prepared","floor":35,"key":"SMITH"},{"data":"Prepared","floor":44,"key":"SMITH"},{"data":"Reflex","floor":46,"key":"SMITH"},{"data":"Blur","floor":50,"key":"SMITH"},{"data":"Well Laid Plans","floor":51,"key":"SMITH"},{"data":"Tactician","floor":60,"key":"SMITH"},{"data":"Apotheosis","floor":68,"key":"SMITH"},{"data":"Expertise","floor":71,"key":"SMITH"},{"floor":75,"key":"RECALL"},{"data":"Master of Strategy","floor":78,"key":"SMITH"}],"circlet_count":0,"master_deck":["Neutralize+1","Deflect+1","Escape Plan+1","Noxious Fumes+1","Acrobatics+1","Acrobatics+1","Accuracy+1","Accuracy+1","Malaise","Accuracy","Well Laid Plans+1","Eviscerate","Backstab+1","Prepared+1","Eviscerate","Reflex+1","Prepared+1","PiercingWail","Reflex","Blur+1","Calculated Gamble+1","Tactician+1","Concentrate+1","Expertise+1","Finesse+1","Apotheosis+1","Master of Strategy+1","Calculated Gamble","Calculated Gamble+1","Tactician"],"relics":["Ring of the Snake","Toy Ornithopter","PreservedInsect","Tingsha","Letter Opener","WingedGreaves","Pandora\u0027s Box","The Specimen","Turnip","Anchor","Smiling Mask","Runic Pyramid","Orrery","Blue Candle","Ornamental Fan","War Paint","Whetstone","Bottled Tornado","HornCleat","Toolbox","Orichalcum"],"acts_visited":["Exordium","TheCity","TheBeyond","TheEnding"],"potions_floor_usage":[9,9,81,81],"damage_taken":[{"damage":0,"enemies":"Jaw Worm","floor":1,"turns":4},{"damage":0,"enemies":"2 Louse","floor":3,"turns":3},{"damage":1,"enemies":"Cultist","floor":5,"turns":6},{"damage":1,"enemies":"Looter","floor":7,"turns":3},{"damage":2,"enemies":"2 Fungi Beasts","floor":8,"turns":4},{"damage":0,"enemies":"Gremlin Nob","floor":9,"turns":2},{"damage":12,"enemies":"3 Sentries","floor":11,"turns":7},{"damage":0,"enemies":"Lagavulin","floor":15,"turns":5},{"damage":0,"enemies":"Red Slaver","floor":19,"turns":2},{"damage":0,"enemies":"Exordium Wildlife","floor":20,"turns":4},{"damage":0,"enemies":"Slime Boss","floor":24,"turns":3},{"damage":0,"enemies":"Spheric Guardian","floor":26,"turns":2},{"damage":0,"enemies":"3 Byrds","floor":27,"turns":2},{"damage":0,"enemies":"Sentry and Sphere","floor":31,"turns":3},{"damage":7,"enemies":"Cultist and Chosen","floor":32,"turns":4},{"damage":0,"enemies":"Centurion and Healer","floor":33,"turns":2},{"damage":0,"enemies":"3 Cultists","floor":34,"turns":2},{"damage":0,"enemies":"Snecko","floor":36,"turns":3},{"damage":0,"enemies":"Book of Stabbing","floor":38,"turns":3},{"damage":0,"enemies":"Cultist and Chosen","floor":43,"turns":2},{"damage":0,"enemies":"Snake Plant","floor":45,"turns":2},{"damage":0,"enemies":"Snecko","floor":47,"turns":2},{"damage":0,"enemies":"Centurion and Healer","floor":48,"turns":2},{"damage":0,"enemies":"Sentry and Sphere","floor":49,"turns":1},{"damage":0,"enemies":"Automaton","floor":52,"turns":3},{"damage":0,"enemies":"3 Shapes","floor":54,"turns":2},{"damage":0,"enemies":"Orb Walker","floor":55,"turns":2},{"damage":0,"enemies":"Maw","floor":56,"turns":3},{"damage":0,"enemies":"Transient","floor":57,"turns":5},{"damage":0,"enemies":"Writhing Mass","floor":59,"turns":2},{"damage":0,"enemies":"Reptomancer","floor":61,"turns":2},{"damage":0,"enemies":"Jaw Worm Horde","floor":66,"turns":1},{"damage":0,"enemies":"Nemesis","floor":67,"turns":1},{"damage":0,"enemies":"4 Shapes","floor":69,"turns":2},{"damage":0,"enemies":"Spire Growth","floor":70,"turns":1},{"damage":0,"enemies":"Writhing Mass","floor":72,"turns":2},{"damage":0,"enemies":"3 Darklings","floor":73,"turns":2},{"damage":0,"enemies":"Reptomancer","floor":74,"turns":1},{"damage":0,"enemies":"Donu and Deca","floor":76,"turns":1},{"damage":0,"enemies":"Shield and Spear","floor":80,"turns":1},{"damage":0,"enemies":"The Heart","floor":81,"turns":3}],"seed_played":"5716378022376368656","potions_obtained":[{"floor":1,"key":"DistilledChaos"},{"floor":8,"key":"SteroidPotion"},{"floor":9,"key":"Dexterity Potion"},{"floor":11,"key":"Ancient Potion"},{"floor":20,"key":"Ancient Potion"},{"floor":34,"key":"Swift Potion"},{"floor":52,"key":"Swift Potion"},{"floor":69,"key":"DistilledChaos"}],"is_trial":false,"path_per_floor":["M","$","M","?","M","?","M","M","E","R","E","T","T","$","E","R","?","R","M","M","?","R","R","B",null,"M","M","?","$","?","M","M","M","M","R","M","$","E","?","T","T","?","M","R","M","R","M","M","M","R","R","B",null,"M","M","M","M","$","M","R","E","?","?","T","T","M","E","R","M","M","R","M","M","E","R","B",null,"R","$","E","B",null],"character_chosen":"THE_SILENT","items_purchased":["Accuracy","Reflex","Orrery","HornCleat","Toolbox"],"campfire_rested":0,"item_purchase_floors":[14,37,58,79,79],"current_hp_per_floor":[70,70,70,75,74,74,73,71,71,71,59,59,59,59,59,59,44,44,44,44,44,44,44,44,75,75,75,75,75,75,75,68,68,68,68,68,68,68,68,68,68,61,61,61,61,61,61,61,61,61,61,61,75,75,75,75,75,75,75,75,75,65,65,65,65,65,65,65,65,65,65,65,65,65,65,65,71,71,71,71,71],"gold":27,"neow_bonus":"TRANSFORM_TWO_CARDS","is_daily":false,"chose_seed":false,"campfire_upgraded":14,"win_rate":0.0,"timestamp":1613563155,"path_taken":["M","$","M","?","M","?","?","M","E","R","E","T","T","$","E","R","?","R","M","M","?","R","R","BOSS","M","M","?","$","?","?","M","M","?","R","M","$","E","?","T","T","?","M","R","M","R","M","M","M","R","R","BOSS","M","M","M","?","$","M","R","E","?","?","T","T","M","E","R","M","M","R","?","M","E","R","BOSS","R","$","E","BOSS"],"items_purchased_type":["Card","Card","Relic","Relic","Relic"],"build_version":"2020-12-22","purchased_purges":4,"victory":true,"max_hp_per_floor":[70,70,70,75,75,75,75,75,75,75,75,75,75,75,75,75,75,75,75,75,75,75,75,75,75,75,75,75,75,75,75,75,75,75,75,75,75,75,75,75,75,75,75,75,75,75,75,75,75,75,75,75,75,75,75,75,75,75,75,75,75,75,71,71,71,71,71,71,71,71,71,71,71,71,71,71,71,71,71,71,71],"card_choices":[{"not_picked":["Setup","Poisoned Stab","Flying Knee"],"picked":"SKIP","floor":1},{"not_picked":["PiercingWail","Slice"],"picked":"Blade Dance","floor":5},{"not_picked":["Tactician","Backflip"],"picked":"Noxious Fumes","floor":7},{"not_picked":["Deadly Poison","Dagger Throw"],"picked":"Acrobatics","floor":8},{"not_picked":["Quick Slash","Noxious Fumes"],"picked":"Acrobatics","floor":9},{"not_picked":["Catalyst","Phantasmal Killer","Quick Slash"],"picked":"SKIP","floor":11},{"not_picked":["Unload","Backflip","Underhanded Strike"],"picked":"SKIP","floor":15},{"not_picked":["Underhanded Strike","Masterful Stab"],"picked":"Accuracy","floor":19},{"not_picked":["PiercingWail","Blade Dance","Accuracy"],"picked":"SKIP","floor":20},{"not_picked":["Unload","Doppelganger"],"picked":"Malaise","floor":24},{"not_picked":["Dagger Throw","Endless Agony"],"picked":"Reflex","floor":26},{"not_picked":["Choke","Caltrops","Sucker Punch"],"picked":"SKIP","floor":27},{"not_picked":["Blade Dance","Bane+1"],"picked":"Prepared","floor":31},{"not_picked":["Finisher","Cloak And Dagger","PiercingWail"],"picked":"SKIP","floor":32},{"not_picked":["Finisher","Cloak And Dagger"],"picked":"PiercingWail","floor":32},{"not_picked":["Flying Knee+1","Eviscerate","Bane"],"picked":"SKIP","floor":33},{"not_picked":["Bane+1","PiercingWail","Infinite Blades+1"],"picked":"SKIP","floor":34},{"not_picked":["Escape Plan","Bullet Time","Masterful Stab"],"picked":"SKIP","floor":36},{"not_picked":["Glass Knife","Poisoned Stab","Sucker Punch"],"picked":"SKIP","floor":38},{"not_picked":["Deadly Poison","PiercingWail","Finisher+1"],"picked":"SKIP","floor":43},{"not_picked":["PiercingWail+1","Accuracy+1","Leg Sweep"],"picked":"SKIP","floor":45},{"not_picked":["Backflip","Skewer","Masterful Stab+1"],"picked":"SKIP","floor":47},{"not_picked":["Finisher+1","Infinite Blades"],"picked":"Calculated Gamble+1","floor":48},{"not_picked":["Predator","Underhanded Strike+1","Eviscerate"],"picked":"SKIP","floor":49},{"not_picked":["Catalyst+1","Dagger Spray+1","Cloak And Dagger"],"picked":"SKIP","floor":54},{"not_picked":["Bane","All Out Attack","Dagger Spray"],"picked":"SKIP","floor":55},{"not_picked":["Poisoned Stab","Riddle With Holes+1","Deadly Poison+1"],"picked":"SKIP","floor":56},{"not_picked":["Underhanded Strike","Backstab+1","Bane+1"],"picked":"SKIP","floor":57},{"not_picked":["Flechettes","Bane"],"picked":"Tactician","floor":58},{"not_picked":["Deflect","Finisher"],"picked":"Concentrate+1","floor":58},{"not_picked":["Bane","Blade Dance"],"picked":"Expertise","floor":58},{"not_picked":["Dagger Throw+1","Sucker Punch+1","Slice+1"],"picked":"SKIP","floor":59},{"not_picked":["Dagger Throw+1","Phantasmal Killer","Unload"],"picked":"SKIP","floor":61},{"not_picked":["Chrysalis","Impatience"],"picked":"Finesse","floor":62},{"not_picked":["Enlightenment","Panacea"],"picked":"Apotheosis","floor":62},{"not_picked":["Dark Shackles","Dramatic Entrance"],"picked":"Master of Strategy","floor":62},{"not_picked":["Flying Knee","Dagger Throw","Dodge and Roll"],"picked":"SKIP","floor":66},{"not_picked":["Backflip+1","Sucker Punch"],"picked":"Calculated Gamble","floor":67},{"not_picked":["Masterful Stab+1","Predator"],"picked":"Calculated Gamble+1","floor":69},{"not_picked":["Dodge and Roll","Endless Agony","Dagger Spray+1"],"picked":"SKIP","floor":70},{"not_picked":["Blade Dance","Footwork","Outmaneuver+1"],"picked":"SKIP","floor":72},{"not_picked":["Predator","Unload"],"picked":"Tactician","floor":73},{"not_picked":["Phantasmal Killer","Dagger Throw","Finisher+1"],"picked":"SKIP","floor":74},{"not_picked":["Quick Slash+1","Slice","Dodge and Roll"],"picked":"SKIP","floor":80}],"player_experience":2483005,"relics_obtained":[{"floor":9,"key":"Toy Ornithopter"},{"floor":11,"key":"PreservedInsect"},{"floor":12,"key":"Tingsha"},{"floor":13,"key":"Letter Opener"},{"floor":15,"key":"WingedGreaves"},{"floor":30,"key":"Turnip"},{"floor":38,"key":"Anchor"},{"floor":41,"key":"Smiling Mask"},{"floor":61,"key":"Blue Candle"},{"floor":64,"key":"Ornamental Fan"},{"floor":65,"key":"War Paint"},{"floor":67,"key":"Whetstone"},{"floor":74,"key":"Bottled Tornado"},{"floor":80,"key":"Orichalcum"}],"event_choices":[{"damage_healed":0,"gold_gain":0,"player_choice":"Donut","damage_taken":0,"max_hp_gain":5,"max_hp_loss":0,"event_name":"Big Fish","floor":4,"gold_loss":0},{"damage_healed":0,"gold_gain":0,"cards_transformed":["Strike_G"],"player_choice":"Transformed","damage_taken":0,"max_hp_gain":0,"max_hp_loss":0,"event_name":"Transmorgrifier","floor":6,"gold_loss":0,"cards_obtained":["Escape Plan"]},{"damage_healed":0,"gold_gain":0,"player_choice":"Entered Light","damage_taken":15,"max_hp_gain":0,"max_hp_loss":0,"event_name":"Shining Light","floor":17,"gold_loss":0,"cards_upgraded":["Defend_G","Escape Plan"]},{"damage_healed":0,"gold_gain":0,"player_choice":"Upgraded","damage_taken":0,"max_hp_gain":0,"max_hp_loss":0,"event_name":"Upgrade Shrine","floor":21,"gold_loss":0,"cards_upgraded":["Blade Dance"]},{"damage_healed":0,"gold_gain":0,"player_choice":"Obtained Relic","damage_taken":0,"relics_obtained":["The Specimen"],"max_hp_gain":0,"max_hp_loss":0,"event_name":"Addict","floor":28,"gold_loss":85},{"damage_healed":0,"gold_gain":0,"player_choice":"Relic","damage_taken":0,"max_hp_gain":0,"max_hp_loss":0,"event_name":"Wheel of Change","floor":30,"gold_loss":0},{"damage_healed":0,"gold_gain":0,"player_choice":"Read","damage_taken":0,"max_hp_gain":0,"max_hp_loss":0,"event_name":"The Library","floor":39,"gold_loss":0,"cards_obtained":["Blur"]},{"damage_healed":0,"gold_gain":75,"player_choice":"Touch","damage_taken":7,"max_hp_gain":0,"max_hp_loss":0,"event_name":"FaceTrader","floor":42,"gold_loss":0},{"damage_healed":0,"gold_gain":0,"player_choice":"Memory 3","damage_taken":10,"max_hp_gain":0,"max_hp_loss":0,"event_name":"SensoryStone","floor":62,"gold_loss":0},{"damage_healed":0,"gold_gain":0,"player_choice":"Max HP","damage_taken":0,"max_hp_gain":0,"max_hp_loss":4,"event_name":"Winding Halls","floor":63,"gold_loss":0}],"is_beta":false,"boss_relics":[{"not_picked":["Tiny House","WristBlade"],"picked":"Pandora\u0027s Box"},{"not_picked":["Ring of the Serpent","Black Star"],"picked":"Runic Pyramid"}],"items_purged_floors":[14,29,58,79],"is_endless":false,"potions_floor_spawned":[1,8,9,11,20,31,33,34,45,48,52,54,57,67,69,73,74],"ascension_level":1}}