{"host":"5ffrjkuvgrxgllwx","time":1613591410,"event":{"mods":["AchievementEnabler","BaseMod","Colored Map","Colored Powertips","Minty Spire (QoL Compilation)","Quick Restart","Rare Cards Sparkle","StSLib","everything is the same but u backflip on backflip"],"gold_per_floor":[117,130,130,145,70,70,88,102,153,98,98,98,98,138,138,231,231,247,247,247],"floor_reached":19,"language":"ENG","playtime":607,"items_purged":["Injury"],"score":309,"play_id":"06d4c913-0308-4de5-915b-528bc92d0acc","local_time":"20210217145010","is_ascension_mode":true,"campfire_choices":[{"floor":11,"key":"REST"},{"data":"Brilliance","floor":13,"key":"SMITH"},{"data":"DevaForm","floor":15,"key":"SMITH"}],"circlet_count":0,"master_deck":["AscendersBane","Strike_P","Strike_P","Defend_P","Defend_P","Defend_P","Defend_P","Eruption","Vigilance","MentalFortress","BowlingBash","BattleHymn","Consecrate","Brilliance+1","Protect","DevaForm+1","Omniscience"],"relics":["PureWater","NeowsBlessing","Golden Idol","Damaru","Sundial","Empty Cage"],"acts_visited":["Exordium","TheCity"],"potions_floor_usage":[8,16,18],"damage_taken":[{"damage":0.0,"enemies":"Cultist","floor":1.0,"turns":1.0},{"damage":0.0,"enemies":"Small Slimes","floor":2.0,"turns":1.0},{"damage":0.0,"enemies":"2 Louse","floor":4.0,"turns":1.0},{"damage":19,"enemies":"Lots of Slimes","floor":7,"turns":5},{"damage":4,"enemies":"3 Louse","floor":8,"turns":3},{"damage":23,"enemies":"Lagavulin","floor":14,"turns":7},{"damage":43,"enemies":"The Guardian","floor":16,"turns":8},{"damage":27,"enemies":"2 Thieves","floor":18,"turns":4},{"damage":31,"enemies":"3 Byrds","floor":19,"turns":4}],"seed_played":"2612019126147589775","potions_obtained":[{"floor":1.0,"key":"LiquidMemories"},{"floor":2.0,"key":"Fire Potion"},{"floor":16,"key":"DuplicationPotion"}],"is_trial":false,"path_per_floor":["M","M","?","M","$","?","M","M","T","$","R","?","R","E","R","B",null,"M","M"],"character_chosen":"WATCHER","items_purchased":["Protect"],"campfire_rested":1,"item_purchase_floors":[10],"current_hp_per_floor":[61,61,61,61,61,66,47,43,43,43,64,73,73,50,50,7,57,30,0,0],"gold":247,"neow_bonus":"THREE_ENEMY_KILL","is_daily":false,"chose_seed":false,"campfire_upgraded":2,"win_rate":0.0,"timestamp":1613591410,"path_taken":["M","M","?","M","$","?","M","M","T","$","R","?","R","E","R","BOSS","M","?"],"items_purchased_type":["Card"],"build_version":"2020-12-22","purchased_purges":1,"victory":false,"max_hp_per_floor":[68,68,68,68,68,73,73,73,73,73,73,73,73,73,73,73,73,73,73,73],"card_choices":[{"not_picked":["Collect","PathToVictory"],"picked":"MentalFortress","floor":1.0},{"not_picked":["MentalFortress","ForeignInfluence"],"picked":"BowlingBash","floor":2.0},{"not_picked":["FollowUp","Consecrate"],"picked":"BattleHymn","floor":4.0},{"not_picked":["SandsOfTime","FlyingSleeves"],"picked":"Consecrate","floor":7},{"not_picked":["CrushJoints","FollowUp"],"picked":"Brilliance","floor":8},{"not_picked":["FlyingSleeves","Brilliance"],"picked":"DevaForm","floor":14},{"not_picked":["Vault","Alpha"],"picked":"Omniscience","floor":16},{"not_picked":["EmptyFist","BowlingBash","Consecrate"],"picked":"SKIP","floor":18}],"player_experience":1397819,"relics_obtained":[{"floor":9,"key":"Damaru"},{"floor":14,"key":"Sundial"}],"event_choices":[{"damage_healed":0.0,"max_hp_gain":0.0,"max_hp_loss":0.0,"gold_gain":0.0,"event_name":"Golden Idol","player_choice":"Take Wound","floor":3.0,"gold_loss":0.0,"damage_taken":0.0,"relics_obtained":["Golden Idol"],"cards_obtained":["Injury"]},{"damage_healed":0.0,"max_hp_gain":5.0,"max_hp_loss":0.0,"gold_gain":0.0,"event_name":"Big Fish","player_choice":"Donut","floor":6.0,"gold_loss":0.0,"damage_taken":0.0},{"damage_healed":9,"gold_gain":0,"player_choice":"Full Heal","damage_taken":0,"max_hp_gain":0,"max_hp_loss":0,"event_name":"Wheel of Change","floor":12,"gold_loss":0}],"is_beta":false,"boss_relics":[{"not_picked":["Runic Dome","Runic Pyramid"],"picked":"Empty Cage"}],"items_purged_floors":[5],"is_endless":false,"potions_floor_spawned":[1,2,4,16],"killed_by":"3 Byrds","ascension_level":17}}