{"host":"nlbr7nnijupf3yfg","time":1613587259,"event":{"mods":["AchievementEnabler","BaseMod","BetterRewards","Card Forge","Colored Powertips","DeckTracker","Downfall","Hubris","Infinite Spire","Minty Spire (QoL Compilation)","Quick Restart","Relic Stats","Replay The Spire","Shop Mod","StSLib","SuperFastMode"],"gold_per_floor":[117,127,127,127,52,87,104,104,104,130,145,178,197,213,213,310,310,235,235,252,252,252],"floor_reached":21,"language":"ENG","playtime":476,"items_purged":["Pain"],"score":209,"play_id":"dd1f9bbe-8e7e-4d3a-9e82-b0c5c9cfa9cb","local_time":"20210217134059","is_ascension_mode":true,"campfire_choices":[{"floor":8,"key":"REST"},{"floor":15,"key":"REST"}],"circlet_count":0,"master_deck":["Zap","Dualcast","Ball Lightning","Lockon","Gash","Biased Cognition","Gash","Cold Snap","White Noise","Capacitor","Ball Lightning","ReplayRNGCard","Static Discharge","Crystallizer","hubris:SpecializedCircuitry","Amplify","Fission","Capacitor","Doom and Gloom","ReplayRNGCard","BasicCrystalCard","Cold Snap+1"],"relics":["Cracked Core","Hammer of Thor","Seething Fire","Anvil of the Gods","WarpedTongs","infinitespire:Freezer","Replay:Bottled Flurry","bronze:DecasWashers","Letter Opener","Pandora\u0027s Box","Onion Ring"],"acts_visited":["Exordium","TheCity"],"potions_floor_usage":[20],"damage_taken":[{"damage":0,"enemies":"Small Slimes","floor":1,"turns":2},{"damage":1,"enemies":"Cultist","floor":2,"turns":3},{"damage":18,"enemies":"Lagavulin","floor":6,"turns":4},{"damage":4,"enemies":"Jaw Worm","floor":7,"turns":2},{"damage":12,"enemies":"Gremlin Nob","floor":10,"turns":3},{"damage":1,"enemies":"Lots of Slimes","floor":11,"turns":3},{"damage":13,"enemies":"Lagavulin","floor":12,"turns":4},{"damage":9,"enemies":"2 Fungi Beasts","floor":13,"turns":3},{"damage":11,"enemies":"Red Slaver","floor":14,"turns":2},{"damage":27,"enemies":"Fading Forest","floor":16,"turns":11},{"damage":16,"enemies":"2 Thieves","floor":18,"turns":5},{"damage":13,"enemies":"3 Byrds","floor":20,"turns":4},{"damage":49,"enemies":"3 Cultists","floor":21,"turns":4}],"seed_played":"1875139665479861512","potions_obtained":[{"floor":1,"key":"Energy Potion"},{"floor":7,"key":"AttackPotion"},{"floor":12,"key":"Adrenaline Potion"},{"floor":20,"key":"LiquidBronze"}],"is_trial":false,"path_per_floor":["M","M","$","?","$","E","M","R","T","E","M","E","M","M","R","B",null,"M","?","M","M"],"character_chosen":"DEFECT","items_purchased":["Ball Lightning"],"campfire_rested":2,"item_purchase_floors":[0],"current_hp_per_floor":[75,74,74,74,74,56,52,74,74,62,61,48,39,28,50,38,75,59,59,46,0,0],"gold":252,"neow_bonus":"","is_daily":false,"chose_seed":false,"campfire_upgraded":0,"win_rate":0.0,"timestamp":1613587259,"path_taken":["M","M","$","?","?","E","?","R","T","E","?","E","M","M","R","BOSS","M","?","?","M"],"items_purchased_type":["Card"],"build_version":"2020-12-22","purchased_purges":1,"victory":false,"max_hp_per_floor":[75,75,75,75,75,75,75,75,75,75,75,75,75,75,75,75,75,75,75,75,75,75],"relic_stats":{"counters":[19,71],"Pandora\u0027s Box":["Static Discharge","Crystallizer","hubris:SpecializedCircuitry","Amplify","Fission","Capacitor","Doom and Gloom","ReplayRNGCard"],"Letter Opener":[15],"obtain_stats":[{"bronze:DecasWashers":10,"Vajra":2,"Hammer of Thor":0,"Seething Fire":0,"Letter Opener":12,"White Beast Statue":9,"WarpedTongs":4,"Anvil of the Gods":0,"Pandora\u0027s Box":17,"Onion Ring":19,"WingedGreaves":10,"Replay:Bottled Flurry":9,"Cracked Core":0,"infinitespire:PuzzleCube":7,"infinitespire:Freezer":6},{"bronze:DecasWashers":11,"Vajra":1,"Hammer of Thor":0,"Seething Fire":0,"Letter Opener":13,"White Beast Statue":4,"WarpedTongs":8,"Anvil of the Gods":0,"Pandora\u0027s Box":16,"Onion Ring":17,"WingedGreaves":5,"Replay:Bottled Flurry":10,"Cracked Core":0,"infinitespire:PuzzleCube":4,"infinitespire:Freezer":9},{"bronze:DecasWashers":35,"Vajra":2,"Hammer of Thor":0,"Seething Fire":0,"Letter Opener":42,"White Beast Statue":11,"WarpedTongs":26,"Anvil of the Gods":0,"Pandora\u0027s Box":58,"Onion Ring":63,"WingedGreaves":20,"Replay:Bottled Flurry":32,"Cracked Core":0,"infinitespire:PuzzleCube":11,"infinitespire:Freezer":30}],"WarpedTongs":[45]},"card_choices":[{"not_picked":["Chaos","Rebound"],"picked":"Lockon","floor":1},{"not_picked":["Redo","Coolheaded"],"picked":"Gash","floor":2},{"not_picked":["ReplaySort","Redo"],"picked":"Biased Cognition","floor":6},{"not_picked":["Rebound","Sweeping Beam"],"picked":"Gash","floor":7},{"not_picked":["Reprogram","ReplayTheSpireMod:GoodbyeWorld"],"picked":"Cold Snap","floor":10},{"not_picked":["ReplayTheSpireMod:System Scan","Compile Driver","Steam"],"picked":"SKIP","floor":11},{"not_picked":["Conserve Battery","Barrage"],"picked":"White Noise","floor":12},{"not_picked":["Redo","Steam"],"picked":"Capacitor","floor":13},{"not_picked":["Steam Power","Go for the Eyes"],"picked":"Ball Lightning","floor":14},{"not_picked":["ReplayTheSpireMod:Fabricate Wheel","Amplify"],"picked":"ReplayRNGCard","floor":16},{"not_picked":["Cold Snap","Leap"],"picked":"BasicCrystalCard","floor":18},{"not_picked":["BootSequence","Skim+1"],"picked":"Cold Snap+1","floor":20}],"player_experience":97417,"relics_obtained":[{"floor":6,"key":"infinitespire:Freezer"},{"floor":9,"key":"Replay:Bottled Flurry"},{"floor":10,"key":"bronze:DecasWashers"},{"floor":12,"key":"Letter Opener"}],"event_choices":[{"damage_healed":0,"gold_gain":0,"player_choice":"Rummage","damage_taken":0,"relics_obtained":["WarpedTongs"],"max_hp_gain":0,"max_hp_loss":0,"event_name":"Accursed Blacksmith","floor":4,"gold_loss":0,"cards_obtained":["Pain"]},{"damage_healed":0,"gold_gain":0,"player_choice":"Gave Potion","damage_taken":0,"relics_obtained":["Onion Ring"],"max_hp_gain":0,"max_hp_loss":0,"event_name":"WeMeetAgain","floor":19,"gold_loss":0}],"is_beta":false,"boss_relics":[{"not_picked":["Ectoplasm","Snecko Eye"],"picked":"Pandora\u0027s Box"}],"items_purged_floors":[5],"is_endless":false,"potions_floor_spawned":[1,7,12,13,14,20],"killed_by":"3 Cultists","ascension_level":1}}