{"host":"ypzb5vvnu9f3ii1t","time":1613546690,"event":{"mods":["AchievementEnabler","BaseMod","Colored Map","DeckTracker","Keyboard Shortcuts","Minty Spire (QoL Compilation)","Permanent Neow","Quick Restart","SuperFastMode"],"gold_per_floor":[109,156,343,124,138,165,165,165,165,175,192,192,192,208,208,312,312,329,340,356,256,256,256],"floor_reached":22,"language":"KOR","playtime":895,"items_purged":["Doubt","Vigilance"],"score":310,"play_id":"87170f2f-cec9-4898-bab9-04905b1b2e8d","local_time":"20210217162450","is_ascension_mode":true,"campfire_choices":[{"data":"Eruption","floor":7.0,"key":"SMITH"},{"data":"TalkToTheHand","floor":13.0,"key":"SMITH"},{"floor":15.0,"key":"REST"}],"circlet_count":0,"master_deck":["Strike_P","Strike_P","Strike_P","Strike_P","Defend_P","Defend_P","Defend_P","Defend_P","Eruption+1","TalkToTheHand+1","InnerPeace"],"relics":["PureWater","NeowsBlessing","MawBank","Medical Kit","PreservedInsect","Pear","VioletLotus"],"acts_visited":["Exordium","TheCity"],"potions_floor_usage":[],"damage_taken":[{"damage":0.0,"enemies":"Cultist","floor":1.0,"turns":1.0},{"damage":0.0,"enemies":"2 Louse","floor":5.0,"turns":1.0},{"damage":0.0,"enemies":"Lagavulin","floor":6.0,"turns":1.0},{"damage":2.0,"enemies":"Jaw Worm","floor":10.0,"turns":4.0},{"damage":8.0,"enemies":"Red Slaver","floor":11.0,"turns":3.0},{"damage":10.0,"enemies":"Large Slime","floor":14.0,"turns":5.0},{"damage":62.0,"enemies":"The Guardian","floor":16.0,"turns":17.0},{"damage":11.0,"enemies":"Chosen","floor":18.0,"turns":8.0},{"damage":35.0,"enemies":"Shell Parasite","floor":19.0,"turns":8.0},{"damage":29,"enemies":"Snecko","floor":20,"turns":8},{"damage":0,"enemies":"Shelled Parasite and Fungi","floor":22,"turns":1}],"seed_played":"-242986528687463239","potions_obtained":[{"floor":10.0,"key":"GamblersBrew"},{"floor":11.0,"key":"Block Potion"},{"floor":16.0,"key":"Fruit Juice"},{"floor":18.0,"key":"Regen Potion"},{"floor":20,"key":"GamblersBrew"}],"is_trial":false,"path_per_floor":["M","T","?","$","M","E","R","$","T","M","M","?","R","M","R","B",null,"M","M","M","$","M"],"character_chosen":"WATCHER","items_purchased":["Medical Kit"],"campfire_rested":1,"item_purchase_floors":[4],"current_hp_per_floor":[65,65,65,65,65,65,65,65,75,73,65,65,65,55,79,17,71,60,40,11,11,11,11],"gold":256,"neow_bonus":"THREE_ENEMY_KILL","is_daily":false,"chose_seed":false,"campfire_upgraded":2,"win_rate":0.0,"timestamp":1613546690,"path_taken":["M","?","?","$","M","E","R","?","T","?","M","?","R","M","R","BOSS","M","M","M","$","M"],"items_purchased_type":["Relic"],"build_version":"2020-12-22","purchased_purges":2,"victory":false,"max_hp_per_floor":[72,72,72,72,72,72,72,72,82,82,82,82,82,82,82,82,87,87,87,87,87,87,87],"card_choices":[{"not_picked":["Crescendo","TalkToTheHand","ClearTheMind"],"picked":"SKIP","floor":1.0},{"not_picked":["Crescendo","ClearTheMind"],"picked":"TalkToTheHand","floor":1.0},{"not_picked":["Study","WreathOfFlame","Perseverance"],"picked":"SKIP","floor":5.0},{"not_picked":["DeceiveReality","Evaluate","Protect"],"picked":"SKIP","floor":6.0},{"not_picked":["Protect","Crescendo","Halt"],"picked":"SKIP","floor":10.0},{"not_picked":["BowlingBash","Prostrate","SashWhip"],"picked":"SKIP","floor":11.0},{"not_picked":["EmptyMind","FollowUp"],"picked":"InnerPeace","floor":14.0},{"not_picked":["Meditate+1","BowlingBash","Halt"],"picked":"SKIP","floor":18.0},{"not_picked":["FollowUp","FlurryOfBlows","BowlingBash"],"picked":"SKIP","floor":19.0},{"not_picked":["EmptyFist","EmptyBody","FlurryOfBlows"],"picked":"SKIP","floor":20}],"player_experience":234602,"relics_obtained":[{"floor":2.0,"key":"MawBank"},{"floor":6.0,"key":"PreservedInsect"},{"floor":9.0,"key":"Pear"}],"event_choices":[{"damage_healed":0.0,"max_hp_gain":0.0,"max_hp_loss":0.0,"gold_gain":175.0,"event_name":"Liars Game","player_choice":"AGREE","floor":3.0,"gold_loss":0.0,"damage_taken":0.0,"cards_obtained":["Doubt"]},{"damage_healed":0.0,"max_hp_gain":0.0,"max_hp_loss":0.0,"gold_gain":0.0,"event_name":"Shining Light","player_choice":"Ignored","floor":12.0,"gold_loss":0.0,"damage_taken":0.0}],"is_beta":false,"boss_relics":[{"not_picked":["Runic Dome","SacredBark"],"picked":"VioletLotus"}],"items_purged_floors":[4,21],"is_endless":false,"potions_floor_spawned":[10,11,16,18,20],"killed_by":"Shelled Parasite and Fungi","ascension_level":7}}