{"host":"vlqej45p0v31lhdi","time":1613536169,"event":{"mods":["AchievementEnabler","BaseMod","Bestiary","Colored Powertips","Minty Spire (QoL Compilation)","Relic Stats"],"gold_per_floor":[116,116,41,60,77,77,97,18,18,18,51,68,103,118,118,118,118],"floor_reached":16,"language":"ENG","playtime":9329,"items_purged":["Writhe"],"score":213,"play_id":"c096e651-8a74-4d2d-9141-8e4ef18b643f","local_time":"20210216222929","is_ascension_mode":true,"campfire_choices":[{"data":"Bash","floor":6.0,"key":"SMITH"},{"floor":10.0,"key":"REST"},{"data":"Battle Trance","floor":15.0,"key":"SMITH"}],"circlet_count":0,"master_deck":["AscendersBane","Strike_R","Strike_R","Strike_R","Strike_R+1","Strike_R","Defend_R","Defend_R","Defend_R","Defend_R","Bash+1","Cleave+1","Dropkick","Impervious","Twin Strike","Evolve","Immolate","Headbutt","Battle Trance+1"],"relics":["Burning Blood","Unceasing Top","Regal Pillow","Bottled Lightning","Bag of Marbles"],"acts_visited":["Exordium"],"potions_floor_usage":[16],"damage_taken":[{"damage":11.0,"enemies":"2 Louse","floor":1.0,"turns":4.0},{"damage":1.0,"enemies":"Cultist","floor":4.0,"turns":3.0},{"damage":9.0,"enemies":"Jaw Worm","floor":5.0,"turns":4.0},{"damage":12.0,"enemies":"Looter","floor":7.0,"turns":3.0},{"damage":8.0,"enemies":"Gremlin Nob","floor":11.0,"turns":3.0},{"damage":20.0,"enemies":"Large Slime","floor":12.0,"turns":5.0},{"damage":20.0,"enemies":"Lagavulin","floor":13.0,"turns":6.0},{"damage":0.0,"enemies":"2 Fungi Beasts","floor":14.0,"turns":2.0},{"damage":81,"enemies":"Hexaghost","floor":16,"turns":10}],"seed_played":"6069083129350209143","potions_obtained":[{"floor":1.0,"key":"SneckoOil"},{"floor":4.0,"key":"Regen Potion"},{"floor":12.0,"key":"PowerPotion"},{"floor":14.0,"key":"BloodPotion"}],"is_trial":false,"path_per_floor":["M","?","$","M","M","R","M","$","T","R","E","M","E","M","R","B"],"character_chosen":"IRONCLAD","items_purchased":["Evolve"],"campfire_rested":1,"item_purchase_floors":[8],"current_hp_per_floor":[63,40,40,45,42,42,36,36,36,73,71,57,57,63,63,0,0],"gold":118,"neow_bonus":"ONE_RARE_RELIC","is_daily":false,"chose_seed":false,"campfire_upgraded":2,"win_rate":0.0,"timestamp":1613536169,"path_taken":["M","?","$","M","M","R","M","$","T","R","E","M","E","M","R","BOSS"],"items_purchased_type":["Card"],"build_version":"2020-12-22","purchased_purges":1,"victory":false,"max_hp_per_floor":[75,75,75,75,75,75,75,75,75,75,75,75,75,75,75,75,75],"relic_stats":{"Regal Pillow":15,"counters":[9,40],"obtain_stats":[{"Regal Pillow":9,"Bag of Marbles":13,"Bottled Lightning":11,"Burning Blood":0,"Unceasing Top":0},{"Regal Pillow":4,"Bag of Marbles":7,"Bottled Lightning":5,"Burning Blood":0,"Unceasing Top":0},{"Regal Pillow":14,"Bag of Marbles":28,"Bottled Lightning":17,"Burning Blood":0,"Unceasing Top":0}],"Burning Blood":48,"Unceasing Top":[0]},"card_choices":[{"not_picked":["Warcry","True Grit"],"picked":"Cleave","floor":1.0},{"not_picked":["Flex","Iron Wave"],"picked":"Dropkick","floor":4.0},{"not_picked":["Body Slam","Pommel Strike"],"picked":"Impervious","floor":5.0},{"not_picked":["Flex","Thunderclap"],"picked":"Twin Strike","floor":7.0},{"not_picked":["Combust","Cleave"],"picked":"Immolate","floor":11.0},{"not_picked":["Wild Strike","Pummel"],"picked":"Headbutt","floor":12.0},{"not_picked":["Shrug It Off","Entrench"],"picked":"Battle Trance","floor":13.0},{"not_picked":["Heavy Blade","Armaments","Dropkick"],"picked":"SKIP","floor":14.0}],"player_experience":2963027,"relics_obtained":[{"floor":9.0,"key":"Regal Pillow"},{"floor":11.0,"key":"Bottled Lightning"},{"floor":13.0,"key":"Bag of Marbles"}],"event_choices":[{"damage_healed":0.0,"max_hp_gain":0.0,"max_hp_loss":0.0,"gold_gain":0.0,"event_name":"Shining Light","player_choice":"Entered Light","floor":2.0,"gold_loss":0.0,"damage_taken":23.0,"cards_upgraded":["Cleave","Strike_R"]}],"is_beta":false,"boss_relics":[],"items_purged_floors":[3],"is_endless":false,"potions_floor_spawned":[1,4,12,14],"killed_by":"Hexaghost","ascension_level":18}}