{"host":"egwexuw5uvnxf11j","time":1613526569,"event":{"mods":["2.2 Compatiblity","Aspiration","BaseMod","Better Note","Better Sensory Stone","Better Third Choice","Displayed Cursed Tome","Downfall","Hermit","Key Reminder","Koishi","Marisa????????","Minty Spire (QoL Compilation)","Quick Restart","Shade Mod","Spicy Shops","StSLib","The Construct","The Cursed","The Runesmith","The Senshi","The Servant 0.9.4","Transform Curses"],"gold_per_floor":[109,284,284,296,56,86,154,197,271,308,308,649,678,636,636,745,745,774,792,792,286,308,308,345,35,35,35,56,74,97,120,120,234,234,256,317,317,339,113,148,148,148,148,157,157,157,184,206,206,206,206,206,20,60,60,60],"floor_reached":55,"language":"ENG","playtime":2713,"items_purged":["Defend_B"],"score":842,"play_id":"c79802bc-f784-4a57-ba95-e6ea9be2ddb6","local_time":"20210216204929","is_ascension_mode":true,"campfire_choices":[{"floor":15,"key":"REST"},{"floor":23,"key":"REST"},{"floor":27,"key":"REST"},{"floor":32,"key":"REST"},{"floor":41,"key":"REST"},{"floor":49,"key":"RECALL"}],"circlet_count":0,"master_deck":["Strike_B+1","Strike_B","Strike_B","Defend_B+1","Defend_B","Zap","Dualcast","Panacea","Redo","Darkness","Sunder","Aggregate","Go for the Eyes","Gash","Coolheaded","Leap","FTL","Streamline","All For One","Defragment","Glacier","Fusion","Blizzard+1","Undo","Sunder","Doom and Gloom","Sweeping Beam","Conserve Battery","Beam Cell","Flash of Steel+1","Bandage Up","Conserve Battery","Gash+1","Electrodynamics","Streamline+1","White Noise+1","Static Discharge","Defragment","Panache+1","Compile Driver+1","Writhe","Loop+1","Hologram+1","Leap"],"relics":["Cracked Core","Symbiotic Virus","Juzu Bracelet","CeramicFish","aspiration:ArtOfWarUpgrade","White Beast Statue","aspiration:Lifesprig","Old Coin","aspiration:MobileForge","HandDrill","Akabeko","Gambling Chip","Membership Card","Dead Branch","aspiration:FrozenJewel","aspiration:PoetsPen_weak","construct:RocketBooster","Frozen Egg 2","theSenshi:SuperSailorFukuRelic","Cables","Mummified Hand","StrikeDummy","Whetstone"],"acts_visited":["Exordium","TheCity","TheBeyond","TheEnding"],"potions_floor_usage":[6,6,7,7,10,12,16,18,18,24,31,33,33,33,36,36,40,50,50],"damage_taken":[{"damage":7,"enemies":"Small Slimes","floor":1,"turns":3},{"damage":1,"enemies":"Cultist","floor":4,"turns":3},{"damage":14,"enemies":"Gremlin Nob","floor":6,"turns":3},{"damage":10,"enemies":"Gremlin Nob","floor":7,"turns":3},{"damage":30,"enemies":"3 Sentries","floor":8,"turns":6},{"damage":11,"enemies":"Lagavulin","floor":10,"turns":5},{"damage":16,"enemies":"3 Sentries","floor":12,"turns":6},{"damage":0,"enemies":"2 Louse","floor":13,"turns":2},{"damage":13,"enemies":"Hexaghost","floor":16,"turns":8},{"damage":39,"enemies":"3 Byrds","floor":18,"turns":6},{"damage":9,"enemies":"Spheric Guardian","floor":22,"turns":4},{"damage":30,"enemies":"Slavers","floor":24,"turns":6},{"damage":6,"enemies":"Centurion and Healer","floor":28,"turns":12},{"damage":28,"enemies":"Chosen and Byrds","floor":30,"turns":5},{"damage":0,"enemies":"Snecko","floor":31,"turns":4},{"damage":52,"enemies":"Automaton","floor":33,"turns":12},{"damage":0,"enemies":"Orb Walker","floor":35,"turns":2},{"damage":67,"enemies":"2 Orb Walkers","floor":36,"turns":6},{"damage":16,"enemies":"3 Shapes","floor":38,"turns":2},{"damage":73,"enemies":"Nemesis","floor":40,"turns":7},{"damage":0,"enemies":"3 Darklings","floor":47,"turns":3},{"damage":19,"enemies":"Writhing Mass","floor":48,"turns":3},{"damage":35,"enemies":"Awakened One","floor":50,"turns":8},{"damage":16,"enemies":"Shield and Spear","floor":54,"turns":6},{"damage":57,"enemies":"The Heart","floor":55,"turns":2}],"seed_played":"8487751941344897062","potions_obtained":[{"floor":1,"key":"EntropicBrew"},{"floor":6,"key":"hexamod:SoulburnPotion"},{"floor":10,"key":"bronze:BurnAndBuffPotion"},{"floor":12,"key":"sneckomod:MuddlingPotion"},{"floor":13,"key":"BlessingOfTheForge"},{"floor":16,"key":"EntropicBrew"},{"floor":18,"key":"construct:ShiftPotion"},{"floor":22,"key":"Slimebound:ThreeZeroPotion"},{"floor":24,"key":"EntropicBrew"},{"floor":30,"key":"ColorlessPotion"},{"floor":33,"key":"Dexterity Potion"},{"floor":35,"key":"PotionOfCapacity"},{"floor":36,"key":"Swift Potion"},{"floor":40,"key":"DistilledChaos"},{"floor":47,"key":"FearPotion"},{"floor":48,"key":"hexamod:SoulburnPotion"},{"floor":54,"key":"Swift Potion"}],"is_trial":false,"path_per_floor":["M","?","?","M","$","E","?","E","T","E","?","E","M","?","R","B",null,"M","?","?","$","M","R","E","$","T","R","M","?","M","M","R","B",null,"M","?","?","M","$","E","R","?","T","?","R","?","M","M","R","B",null,"R","$","E","B"],"character_chosen":"DEFECT","items_purchased":["Symbiotic Virus","Sunder","Aggregate","HandDrill","Akabeko","Self Repair","Blizzard","Undo","Sunder","Membership Card","Sweeping Beam","Conserve Battery","Dead Branch","Defragment","Frozen Egg 2","Panache+1","Mummified Hand","StrikeDummy"],"campfire_rested":5,"item_purchase_floors":[5,5,5,21,21,21,21,21,21,25,25,25,25,39,39,39,53,53],"current_hp_per_floor":[68,68,68,67,67,53,43,13,13,2,27,11,11,11,33,20,75,36,36,36,36,27,49,26,26,26,48,49,49,28,39,61,13,75,75,19,66,54,54,26,45,45,45,62,62,62,62,47,47,18,66,66,66,50,0,0],"gold":60,"neow_bonus":"RANDOM_COLORLESS","is_daily":false,"chose_seed":false,"campfire_upgraded":0,"win_rate":0.0,"timestamp":1613526569,"path_taken":["M","?","?","?","$","E","?","E","T","E","?","E","M","?","R","BOSS","M","?","?","$","M","R","E","$","T","R","M","?","M","M","R","BOSS","M","?","?","M","$","E","R","?","T","?","R","?","M","M","R","BOSS","R","$","E","BOSS"],"items_purchased_type":["Relic","Card","Card","Relic","Relic","Card","Card","Card","Card","Relic","Card","Card","Relic","Card","Relic","Card","Relic","Relic"],"build_version":"2020-12-22","purchased_purges":1,"victory":false,"max_hp_per_floor":[75,75,75,75,75,75,75,75,75,75,75,75,75,75,75,75,75,75,75,75,75,75,75,75,75,75,75,75,75,75,75,75,75,75,75,75,66,66,66,66,66,66,66,66,66,66,66,66,66,66,66,66,66,66,66,66],"card_choices":[{"not_picked":["Purity","Jack Of All Trades"],"picked":"Panacea","floor":0},{"not_picked":["Heatsinks","Hologram"],"picked":"Redo","floor":1},{"not_picked":["Conserve Battery","Go for the Eyes"],"picked":"Darkness","floor":4},{"not_picked":["Reprogram","Stack"],"picked":"Go for the Eyes","floor":6},{"not_picked":["Stack","Heatsinks"],"picked":"Gash","floor":7},{"not_picked":["Rip and Tear","Barrage"],"picked":"Coolheaded","floor":8},{"not_picked":["Multi-Cast","Fission"],"picked":"Leap","floor":10},{"not_picked":["Reboot","Ball Lightning"],"picked":"FTL","floor":12},{"not_picked":["Ball Lightning","Recycle"],"picked":"Streamline","floor":13},{"not_picked":["Buffer","Reboot"],"picked":"All For One","floor":16},{"not_picked":["Tempest","Stack+1"],"picked":"Defragment","floor":18},{"not_picked":["Self Repair","Blizzard"],"picked":"Doom and Gloom","floor":22},{"not_picked":["Compile Driver","Aggregate+1"],"picked":"Stack","floor":24},{"not_picked":["Leap","Cold Snap"],"picked":"Beam Cell","floor":28},{"not_picked":["Swift Strike","Transmutation"],"picked":"Flash of Steel","floor":29},{"not_picked":["PanicButton","Magnetism"],"picked":"Bandage Up","floor":29},{"not_picked":["Leap","Stack"],"picked":"Conserve Battery","floor":30},{"not_picked":["Steam Power","Stack"],"picked":"Gash+1","floor":31},{"not_picked":["Buffer","Echo Form"],"picked":"Electrodynamics","floor":33},{"not_picked":["Cold Snap+1","Hologram"],"picked":"Streamline+1","floor":35},{"not_picked":["Leap","Compile Driver+1"],"picked":"White Noise+1","floor":36},{"not_picked":["Lockon+1","Ball Lightning+1"],"picked":"Static Discharge","floor":38},{"not_picked":["Stack+1","Turbo+1"],"picked":"Compile Driver+1","floor":40},{"not_picked":["Reprogram+1","Skim+1"],"picked":"Loop+1","floor":47},{"not_picked":["Beam Cell+1","Gash"],"picked":"Hologram+1","floor":48},{"not_picked":["aspiration:Polymerization","Steam Power+1"],"picked":"Leap","floor":54}],"player_experience":2095509,"relics_obtained":[{"floor":6,"key":"Juzu Bracelet"},{"floor":7,"key":"CeramicFish"},{"floor":8,"key":"Art of War"},{"floor":9,"key":"White Beast Statue"},{"floor":10,"key":"aspiration:Lifesprig"},{"floor":12,"key":"Old Coin"},{"floor":24,"key":"Gambling Chip"},{"floor":26,"key":"aspiration:FrozenJewel"},{"floor":36,"key":"construct:RocketBooster"},{"floor":40,"key":"theSenshi:SuperSailorFukuRelic"},{"floor":54,"key":"Whetstone"}],"event_choices":[{"damage_healed":0,"gold_gain":175,"player_choice":"AGREE","damage_taken":109,"max_hp_gain":0,"max_hp_loss":0,"event_name":"betterThird:BetterSerpent","floor":2,"gold_loss":0},{"cards_removed":["Doubt"],"damage_healed":0,"gold_gain":0,"player_choice":"Purged","damage_taken":0,"max_hp_gain":0,"max_hp_loss":0,"event_name":"Purifier","floor":3,"gold_loss":0},{"damage_healed":0,"gold_gain":0,"player_choice":"Searched \u00271\u0027 times","damage_taken":0,"max_hp_gain":0,"max_hp_loss":0,"event_name":"Dead Adventurer","floor":7,"gold_loss":0},{"damage_healed":25,"gold_gain":0,"player_choice":"Banana","damage_taken":0,"max_hp_gain":0,"max_hp_loss":0,"event_name":"Big Fish","floor":11,"gold_loss":0},{"damage_healed":0,"gold_gain":0,"player_choice":"Left","damage_taken":0,"max_hp_gain":0,"max_hp_loss":0,"event_name":"betterThird:BetterGoop","floor":14,"gold_loss":42},{"damage_healed":0,"gold_gain":0,"cards_transformed":["Defend_B","Strike_B"],"player_choice":"Became Test Subject","damage_taken":0,"max_hp_gain":0,"max_hp_loss":0,"event_name":"Drug Dealer","floor":19,"gold_loss":0,"cards_obtained":["Glacier","Fusion"]},{"damage_healed":0,"gold_gain":0,"player_choice":"Ignored","damage_taken":0,"max_hp_gain":0,"max_hp_loss":0,"event_name":"Vampires","floor":20,"gold_loss":0},{"damage_healed":0,"gold_gain":2,"player_choice":"1","damage_taken":0,"max_hp_gain":0,"max_hp_loss":0,"event_name":"betterStone:BetterStone","floor":29,"gold_loss":0},{"damage_healed":0,"gold_gain":0,"player_choice":"Fight","damage_taken":0,"max_hp_gain":0,"max_hp_loss":0,"event_name":"Mysterious Sphere","floor":36,"gold_loss":0},{"damage_healed":66,"gold_gain":0,"player_choice":"Heal","damage_taken":0,"max_hp_gain":0,"max_hp_loss":9,"event_name":"The Moai Head","floor":37,"gold_loss":0},{"cards_removed":["Self Repair"],"damage_healed":0,"gold_gain":0,"player_choice":"Gave Card","damage_taken":0,"relics_obtained":["Cables"],"max_hp_gain":0,"max_hp_loss":0,"event_name":"WeMeetAgain","floor":42,"gold_loss":0},{"damage_healed":17,"gold_gain":0,"player_choice":"Writhe","damage_taken":0,"max_hp_gain":0,"max_hp_loss":0,"event_name":"Winding Halls","floor":44,"gold_loss":0,"cards_obtained":["Writhe"]},{"cards_removed":["Stack"],"damage_healed":0,"gold_gain":0,"player_choice":"Removed Skill","damage_taken":0,"max_hp_gain":0,"max_hp_loss":0,"event_name":"Falling","floor":46,"gold_loss":0}],"is_beta":false,"boss_relics":[{"not_picked":["Astrolabe","aspiration:RitualDagger"],"picked":"aspiration:MobileForge"},{"not_picked":["Runesmith:UraniumAnvil","aspiration:RunicSpoon"],"picked":"aspiration:PoetsPen_weak"}],"items_purged_floors":[25],"is_endless":false,"potions_floor_spawned":[1,6,10,12,13,16,18,22,24,28,30,31,33,35,36,38,40,47,48,54],"killed_by":"The Heart","ascension_level":3}}