{"host":"2j7k79oxv8es4yqd","time":1613572483,"event":{"mods":["BaseMod","Minty Spire (QoL Compilation)","Permanent Neow","StSLib"],"gold_per_floor":[110,110,121,139,139,139,174,174,174,208,148,161,192,202,202,297,297,316,328,343,147,166,193,468,468,468],"floor_reached":25,"language":"ZHT","playtime":1157,"items_purged":["Strike_G","Strike_G"],"score":267,"play_id":"9b90f651-c5dc-4a8c-8b71-7a65bd0a2b8b","local_time":"20210217223443","is_ascension_mode":true,"campfire_choices":[{"data":"Neutralize","floor":6,"key":"SMITH"},{"floor":8,"key":"RECALL"},{"data":"Envenom","floor":15,"key":"SMITH"}],"circlet_count":0,"master_deck":["Strike_G","Strike_G","Strike_G","Defend_G","Defend_G","Defend_G","Defend_G","Defend_G","Survivor","Neutralize+1","Underhanded Strike+1","Dagger Throw","Slice","Backflip","Slice","Deflect","Envenom+1","Corpse Explosion","Underhanded Strike+1","Reflex+1","Prepared+1","Deflect+1","Concentrate+1"],"relics":["Runic Pyramid","The Courier","Question Card","Omamori","Boot","Black Star","Snake Skull","Bronze Scales","White Beast Statue"],"acts_visited":["Exordium","TheCity"],"potions_floor_usage":[7,18,18,20,25],"damage_taken":[{"damage":5,"enemies":"2 Louse","floor":1,"turns":4},{"damage":0,"enemies":"Cultist","floor":3,"turns":3},{"damage":2,"enemies":"Jaw Worm","floor":4,"turns":3},{"damage":3,"enemies":"Lagavulin","floor":7,"turns":6},{"damage":5,"enemies":"3 Sentries","floor":10,"turns":7},{"damage":4,"enemies":"Lots of Slimes","floor":12,"turns":5},{"damage":4,"enemies":"Lagavulin","floor":13,"turns":6},{"damage":2,"enemies":"Looter","floor":14,"turns":2},{"damage":19,"enemies":"The Guardian","floor":16,"turns":11},{"damage":14,"enemies":"2 Thieves","floor":18,"turns":4},{"damage":2,"enemies":"Chosen","floor":19,"turns":4},{"damage":28,"enemies":"Snake Plant","floor":20,"turns":5},{"damage":13,"enemies":"Snecko","floor":22,"turns":6},{"damage":6,"enemies":"Book of Stabbing","floor":23,"turns":6},{"damage":12,"enemies":"Slavers","floor":25,"turns":2}],"seed_played":"4955144721164545857","potions_obtained":[{"floor":1,"key":"Strength Potion"},{"floor":3,"key":"ColorlessPotion"},{"floor":10,"key":"SkillPotion"},{"floor":14,"key":"SteroidPotion"},{"floor":16,"key":"LiquidMemories"},{"floor":20,"key":"DuplicationPotion"}],"is_trial":false,"path_per_floor":["M","?","M","M","?","R","E","R","T","E","$","M","E","M","R","B",null,"M","M","M","$","M","E","?","E"],"character_chosen":"THE_SILENT","items_purchased":["Snake Skull"],"campfire_rested":0,"item_purchase_floors":[21],"current_hp_per_floor":[65,65,65,63,63,63,60,60,60,55,55,51,47,45,45,26,70,56,54,26,26,13,7,7,0,0],"gold":468,"neow_bonus":"BOSS_RELIC","is_daily":false,"chose_seed":false,"campfire_upgraded":2,"win_rate":0.0,"timestamp":1613572483,"path_taken":["M","?","M","?","?","R","E","R","T","E","$","M","E","M","R","BOSS","M","?","M","$","M","E","?","E"],"items_purchased_type":["Relic"],"build_version":"2020-12-22","purchased_purges":2,"victory":false,"max_hp_per_floor":[70,70,70,70,70,70,70,70,70,70,70,70,70,70,70,70,70,70,70,70,70,70,70,70,70,70],"card_choices":[{"not_picked":["Leg Sweep","Dagger Spray"],"picked":"Underhanded Strike","floor":1},{"not_picked":["Flying Knee","Deflect"],"picked":"Dagger Throw","floor":3},{"not_picked":["Calculated Gamble","Cloak And Dagger"],"picked":"Slice","floor":4},{"not_picked":["Dodge and Roll","Backstab"],"picked":"Backflip","floor":7},{"not_picked":["Flying Knee","Dagger Throw","Sucker Punch"],"picked":"Slice","floor":10},{"not_picked":["Phantasmal Killer","Quick Slash","Flying Knee"],"picked":"Deflect","floor":12},{"not_picked":["Poisoned Stab","Expertise","Flying Knee"],"picked":"Envenom","floor":13},{"not_picked":["Dash","Well Laid Plans","Deadly Poison","Infinite Blades"],"picked":"SKIP","floor":14},{"not_picked":["Unload","Burst","A Thousand Cuts"],"picked":"Corpse Explosion","floor":16},{"not_picked":["Setup+1","Quick Slash+1","Sucker Punch+1"],"picked":"Underhanded Strike+1","floor":18},{"not_picked":["Prepared","Bane+1","Blade Dance+1"],"picked":"Reflex+1","floor":19},{"not_picked":["Reflex+1","Cloak And Dagger+1","Flechettes+1"],"picked":"Prepared+1","floor":20},{"not_picked":["Crippling Poison","Underhanded Strike+1","Dodge and Roll+1"],"picked":"Deflect+1","floor":22},{"not_picked":["Dagger Spray","Terror","Endless Agony"],"picked":"Concentrate+1","floor":23}],"player_experience":562930,"relics_obtained":[{"floor":7,"key":"The Courier"},{"floor":9,"key":"Question Card"},{"floor":10,"key":"Omamori"},{"floor":13,"key":"Boot"},{"floor":23,"key":"Bronze Scales"},{"floor":23,"key":"White Beast Statue"}],"event_choices":[{"damage_healed":0,"gold_gain":0,"player_choice":"Bought 0 Potions","damage_taken":0,"max_hp_gain":0,"max_hp_loss":0,"event_name":"The Woman in Blue","floor":2,"gold_loss":0},{"damage_healed":0,"gold_gain":0,"player_choice":"Forge","damage_taken":0,"max_hp_gain":0,"max_hp_loss":0,"event_name":"Accursed Blacksmith","floor":5,"gold_loss":0,"cards_upgraded":["Underhanded Strike"]},{"damage_healed":0,"gold_gain":275,"player_choice":"Desecrate","damage_taken":0,"max_hp_gain":0,"max_hp_loss":0,"event_name":"Golden Shrine","floor":24,"gold_loss":0,"cards_obtained":["Regret"]}],"is_beta":false,"boss_relics":[{"not_picked":["Velvet Choker","Tiny House"],"picked":"Black Star"}],"items_purged_floors":[11,21],"is_endless":false,"potions_floor_spawned":[1,3,10,14,16,20],"killed_by":"Slavers","ascension_level":2}}