{"host":"63uc7iyb40dnlk3k","time":1613578700,"event":{"mods":["2.2 Compatiblity","AchievementEnabler","BaseMod","Defuse TimeMaze Blight","Downfall","Jorbs\u0027s Wanderer Trilogy","Minty Spire (QoL Compilation)","Random Character Button","StSLib"],"gold_per_floor":[118,130,144,156,166,166,199,199,199,199,199,217,247,261,261,363,363,381,151,162,87,87,112,112,140,167,201,201,201,32,47,47,147,147,165,177,177,177,193,193,205,205,205,218,236,271,149,56,56,56,56,56,56,88,88],"floor_reached":56,"language":"ENG","playtime":7293,"items_purged":["Decay"],"score":1397,"play_id":"470dab42-4253-4d82-9105-9bed10d12980","local_time":"20210217181820","is_ascension_mode":false,"campfire_choices":[{"data":"Chill","floor":6,"key":"SMITH"},{"data":"Loop","floor":8,"key":"SMITH"},{"data":"Redo","floor":11,"key":"SMITH"},{"data":"Coolheaded","floor":15,"key":"SMITH"},{"data":"Blizzard","floor":24,"key":"SMITH"},{"data":"Loop","floor":29,"key":"SMITH"},{"data":"Capacitor","floor":32,"key":"SMITH"},{"data":"Defragment","floor":40,"key":"SMITH"},{"data":"Static Discharge","floor":42,"key":"SMITH"},{"floor":49,"key":"RECALL"},{"data":"Dualcast","floor":52,"key":"SMITH"}],"circlet_count":0,"master_deck":["Strike_B","Strike_B","Strike_B","Defend_B","Defend_B","Defend_B","Defend_B","Zap","Dualcast+1","Chill+1","Coolheaded+1","Self Repair","Redo+1","Conserve Battery","Loop+1","Multi-Cast+1","Genetic Algorithm+1","Hologram+1","Fission+1","Turbo+1","Loop+1","Electrodynamics","Hologram+1","Storm+1","Undo+1","Seek+1","Blizzard+1","Consume+1","stsjorbsmod:Procrastination","Cold Snap","Defragment+1","Panacea+1","Capacitor+1","Seek+1","Static Discharge+1","Deep Breath+1","Secret Weapon+1","Blind+1","Storm+1","Capacitor+1","Chaos+1","Skim+1","Redo+1","Finesse+1"],"relics":["Cracked Core","Ancient Tea Set","FossilizedHelix","Toxic Egg 2","Bird Faced Urn","Cursed Key","Orrery","Oddly Smooth Stone","Meat on the Bone","Nunchaku","Lantern","DataDisk","Inserter","Happy Flower","Orichalcum"],"acts_visited":["Exordium","TheCity","TheBeyond","TheEnding"],"potions_floor_usage":[13,13,18,25,39,41,54,54,55],"damage_taken":[{"damage":1,"enemies":"Jaw Worm","floor":1,"turns":3},{"damage":0,"enemies":"Cultist","floor":2,"turns":4},{"damage":6,"enemies":"2 Louse","floor":3,"turns":2},{"damage":1,"enemies":"2 Fungi Beasts","floor":4,"turns":5},{"damage":2,"enemies":"Exordium Wildlife","floor":5,"turns":6},{"damage":16,"enemies":"Lagavulin","floor":7,"turns":9},{"damage":0,"enemies":"Lots of Slimes","floor":12,"turns":6},{"damage":0,"enemies":"3 Sentries","floor":13,"turns":10},{"damage":0,"enemies":"Red Slaver","floor":14,"turns":4},{"damage":72,"enemies":"Slime Boss","floor":16,"turns":17},{"damage":25,"enemies":"Chosen","floor":18,"turns":12},{"damage":0,"enemies":"3 Byrds","floor":20,"turns":3},{"damage":0,"enemies":"Gremlin Leader","floor":23,"turns":6},{"damage":0,"enemies":"Book of Stabbing","floor":25,"turns":5},{"damage":24,"enemies":"Gremlin Leader","floor":27,"turns":7},{"damage":0,"enemies":"Shelled Parasite and Fungi","floor":31,"turns":5},{"damage":0,"enemies":"Collector","floor":33,"turns":7},{"damage":0,"enemies":"Orb Walker","floor":35,"turns":4},{"damage":0,"enemies":"3 Darklings","floor":36,"turns":2},{"damage":0,"enemies":"Transient","floor":39,"turns":5},{"damage":5,"enemies":"Writhing Mass","floor":41,"turns":3},{"damage":0,"enemies":"3 Darklings","floor":44,"turns":5},{"damage":0,"enemies":"Maw","floor":45,"turns":4},{"damage":0,"enemies":"Giant Head","floor":46,"turns":4},{"damage":0,"enemies":"Awakened One","floor":50,"turns":9},{"damage":56,"enemies":"Shield and Spear","floor":54,"turns":5},{"damage":59,"enemies":"The Heart","floor":55,"turns":7}],"seed_played":"-5723302762507449621","potions_obtained":[{"floor":1,"key":"Energy Potion"},{"floor":4,"key":"Guardian:BlockOnCardUsePotion"},{"floor":5,"key":"LiquidBronze"},{"floor":16,"key":"SkillPotion"},{"floor":27,"key":"Fruit Juice"},{"floor":31,"key":"Slimebound:ThreeZeroPotion"},{"floor":33,"key":"Dexterity Potion"},{"floor":36,"key":"AttackPotion"},{"floor":39,"key":"Swift Potion"},{"floor":45,"key":"Fire Potion"},{"floor":54,"key":"sneckomod:MuddlingPotion"}],"is_trial":false,"path_per_floor":["M","M","M","M","M","R","E","R","T","?","R","M","E","M","R","B",null,"M","$","M","?","?","E","R","E","T","E","?","R","$","M","R","B",null,"M","M","?","?","M","R","M","R","T","M","M","E","$","$","R","B",null,"R","$","E","B",null],"character_chosen":"DEFECT","items_purchased":["Loop","Orrery","Defragment","Panacea+1","Redo+1","Finesse+1"],"campfire_rested":0,"item_purchase_floors":[19,19,30,30,47,48],"current_hp_per_floor":[74,74,75,75,75,75,66,66,66,66,66,73,75,75,75,10,75,57,57,70,70,70,75,75,75,75,60,60,60,60,75,75,75,75,75,75,65,65,75,75,75,75,75,75,75,75,75,75,75,75,75,75,75,55,33],"gold":88,"neow_bonus":"THREE_CARDS","is_daily":false,"chose_seed":false,"campfire_upgraded":10,"win_rate":0.0,"timestamp":1613578700,"path_taken":["M","M","M","M","M","R","E","R","T","?","R","M","E","?","R","BOSS","M","$","M","?","?","E","R","E","T","E","?","R","$","M","R","BOSS","M","M","?","?","M","R","?","R","T","M","M","E","?","$","R","BOSS","R","$","E","BOSS"],"items_purchased_type":["Card","Relic","Card","Card","Card","Card"],"build_version":"2020-12-22","purchased_purges":1,"victory":true,"max_hp_per_floor":[75,75,75,75,75,75,75,75,75,75,75,75,75,75,75,75,75,75,75,75,75,75,75,75,75,75,75,75,75,75,75,75,75,75,75,75,75,75,75,75,75,75,75,75,75,75,75,75,75,75,75,75,75,80,80],"card_choices":[{"not_picked":["Streamline","Compile Driver"],"picked":"Chill","floor":0},{"not_picked":["Fusion","Reprogram"],"picked":"Coolheaded","floor":1},{"not_picked":["Compile Driver","Darkness"],"picked":"Self Repair","floor":2},{"not_picked":["Turbo","Auto Shields"],"picked":"Redo","floor":3},{"not_picked":["Self Repair","Turbo"],"picked":"Conserve Battery","floor":4},{"not_picked":["Beam Cell","Aggregate","Redo"],"picked":"SKIP","floor":5},{"not_picked":["Beam Cell","Conserve Battery"],"picked":"Loop","floor":7},{"not_picked":["Coolheaded+1","Steam+1"],"picked":"Multi-Cast+1","floor":12},{"not_picked":["Reinforced Body+1","Recycle+1"],"picked":"Genetic Algorithm+1","floor":13},{"not_picked":["Gash","Turbo+1"],"picked":"Hologram+1","floor":14},{"not_picked":["Core Surge","Multi-Cast+1"],"picked":"Fission+1","floor":16},{"not_picked":["Leap+1","Force Field+1"],"picked":"Turbo+1","floor":18},{"not_picked":["Genetic Algorithm+1","Leap+1"],"picked":"Electrodynamics","floor":19},{"not_picked":["Stack+1","Leap+1"],"picked":"Hologram+1","floor":19},{"not_picked":["Undo+1","Go for the Eyes"],"picked":"Storm+1","floor":19},{"not_picked":["Rip and Tear","FTL"],"picked":"Undo+1","floor":19},{"not_picked":["Sweeping Beam+1","Redo+1"],"picked":"Seek+1","floor":19},{"not_picked":["Sweeping Beam+1","Coolheaded+1","Barrage+1"],"picked":"SKIP","floor":20},{"not_picked":["Melter","Aggregate+1"],"picked":"Blizzard","floor":23},{"not_picked":["FTL","Stack+1"],"picked":"Consume+1","floor":25},{"not_picked":["Lockon","Electrodynamics"],"picked":"Cold Snap","floor":27},{"not_picked":["Go for the Eyes","Blizzard"],"picked":"Capacitor","floor":31},{"not_picked":["Creative AI","Hyperbeam"],"picked":"Seek+1","floor":33},{"not_picked":["Streamline+1","Redo+1","Reprogram+1"],"picked":"SKIP","floor":35},{"not_picked":["Ball Lightning","Blizzard+1"],"picked":"Static Discharge","floor":36},{"not_picked":["Discovery+1","Apotheosis+1"],"picked":"Deep Breath+1","floor":37},{"not_picked":["Jack Of All Trades+1","Madness+1"],"picked":"Secret Weapon+1","floor":37},{"not_picked":["Dark Shackles+1","Chrysalis+1"],"picked":"Blind+1","floor":37},{"not_picked":["Sweeping Beam+1","Hologram+1","Force Field+1"],"picked":"SKIP","floor":39},{"not_picked":["Gash+1","Stack+1"],"picked":"Capacitor+1","floor":41},{"not_picked":["Go for the Eyes+1","Leap+1","Force Field+1"],"picked":"SKIP","floor":44},{"not_picked":["Sunder+1","Stack+1"],"picked":"Chaos+1","floor":45},{"not_picked":["Force Field+1","Defragment"],"picked":"Skim+1","floor":46},{"not_picked":["FTL","Hyperbeam","Streamline"],"picked":"SKIP","floor":54}],"player_experience":373355,"relics_obtained":[{"floor":7,"key":"Ancient Tea Set"},{"floor":9,"key":"FossilizedHelix"},{"floor":10,"key":"Toxic Egg 2"},{"floor":13,"key":"Bird Faced Urn"},{"floor":23,"key":"Oddly Smooth Stone"},{"floor":25,"key":"Meat on the Bone"},{"floor":26,"key":"Nunchaku"},{"floor":27,"key":"Lantern"},{"floor":46,"key":"Happy Flower"},{"floor":54,"key":"Orichalcum"}],"event_choices":[{"damage_healed":0,"gold_gain":0,"player_choice":"Relic","damage_taken":0,"max_hp_gain":0,"max_hp_loss":0,"event_name":"Wheel of Change","floor":10,"gold_loss":0},{"cards_removed":["Strike_B"],"damage_healed":0,"gold_gain":0,"player_choice":"Gave Gold","damage_taken":0,"max_hp_gain":0,"max_hp_loss":0,"event_name":"Beggar","floor":21,"gold_loss":75},{"damage_healed":0,"gold_gain":0,"player_choice":"Ignored","damage_taken":0,"max_hp_gain":0,"max_hp_loss":0,"event_name":"Vampires","floor":22,"gold_loss":0},{"damage_healed":0,"gold_gain":0,"player_choice":"Opened","damage_taken":0,"relics_obtained":["DataDisk"],"max_hp_gain":0,"max_hp_loss":0,"event_name":"The Mausoleum","floor":28,"gold_loss":0},{"damage_healed":0,"gold_gain":0,"player_choice":"Memory 3","damage_taken":10,"max_hp_gain":0,"max_hp_loss":0,"event_name":"SensoryStone","floor":37,"gold_loss":0},{"damage_healed":0,"gold_gain":0,"player_choice":"Copied","damage_taken":0,"max_hp_gain":0,"max_hp_loss":0,"event_name":"Duplicator","floor":38,"gold_loss":0,"cards_obtained":["Storm"]}],"is_beta":false,"boss_relics":[{"not_picked":["Busted Crown","SacredBark"],"picked":"Cursed Key"},{"not_picked":["Philosopher\u0027s Stone","SlaversCollar"],"picked":"Inserter"}],"items_purged_floors":[47],"is_endless":false,"potions_floor_spawned":[1,4,5,12,16,27,31,33,36,39,45,54],"ascension_level":0}}