{"host":"CottonTail234","time":1613527997,"event":{"mods":["BaseMod","Colored Map","Minty Spire (QoL Compilation)","StSLib"],"gold_per_floor":[112,112,132,207,207,207,242,252,252,266,295,295,324,339,339,339,339],"floor_reached":16,"language":"ENG","playtime":644,"items_purged":[],"score":247,"play_id":"2ed3a1a6-6050-40cc-b0ba-0adc03d0a5fc","local_time":"20210216191317","is_ascension_mode":true,"campfire_choices":[{"data":"Eruption","floor":6,"key":"SMITH"},{"floor":12,"key":"REST"},{"floor":15,"key":"REST"}],"circlet_count":0,"master_deck":["AscendersBane","Strike_P","Strike_P","Strike_P","Strike_P","Defend_P","Defend_P","Defend_P","Eruption+1","Vigilance","CutThroughFate","ClearTheMind","FollowUp","TalkToTheHand","Meditate","ConjureBlade","ThirdEye","Swivel"],"relics":["PureWater","NeowsBlessing","Bottled Flame","White Beast Statue","Lantern","Blood Vial"],"acts_visited":["Exordium"],"potions_floor_usage":[11,12,16],"damage_taken":[{"damage":0,"enemies":"2 Louse","floor":1,"turns":1},{"damage":0,"enemies":"Jaw Worm","floor":3,"turns":1},{"damage":0,"enemies":"Lagavulin","floor":7,"turns":1},{"damage":0,"enemies":"Cultist","floor":8,"turns":2},{"damage":0,"enemies":"Looter","floor":10,"turns":1},{"damage":18,"enemies":"Gremlin Nob","floor":11,"turns":3},{"damage":35,"enemies":"3 Sentries","floor":13,"turns":8},{"damage":5,"enemies":"3 Louse","floor":14,"turns":4},{"damage":46,"enemies":"The Guardian","floor":16,"turns":10}],"seed_played":"-8598574706181521179","potions_obtained":[{"floor":3,"key":"BottledMiracle"},{"floor":10,"key":"ColorlessPotion"},{"floor":11,"key":"Fruit Juice"},{"floor":13,"key":"FearPotion"},{"floor":14,"key":"SteroidPotion"}],"is_trial":false,"path_per_floor":["M","?","M","?","?","R","E","M","T","M","E","R","E","M","R","B"],"character_chosen":"WATCHER","items_purchased":[],"campfire_rested":2,"item_purchase_floors":[],"current_hp_per_floor":[61,61,61,50,50,50,50,50,50,50,32,58,23,20,41,0,0],"gold":339,"neow_bonus":"THREE_ENEMY_KILL","is_daily":false,"chose_seed":false,"campfire_upgraded":1,"win_rate":0.0,"timestamp":1613527997,"path_taken":["M","?","M","?","?","R","E","M","T","M","E","R","E","M","R","BOSS"],"items_purchased_type":[],"build_version":"2020-12-18","purchased_purges":0,"victory":false,"max_hp_per_floor":[68,68,68,68,68,68,68,68,68,68,68,73,73,73,73,73,73],"card_choices":[{"not_picked":["JustLucky","DeceiveReality"],"picked":"CutThroughFate","floor":1},{"not_picked":["Halt","Prostrate"],"picked":"ClearTheMind","floor":3},{"not_picked":["Vengeance","CutThroughFate"],"picked":"FollowUp","floor":7},{"not_picked":["BowlingBash","Halt"],"picked":"TalkToTheHand","floor":8},{"not_picked":["ClearTheMind","CrushJoints"],"picked":"Meditate","floor":10},{"not_picked":["WindmillStrike","Evaluate"],"picked":"ConjureBlade","floor":11},{"not_picked":["WindmillStrike","Pray"],"picked":"ThirdEye","floor":13},{"not_picked":["FollowUp","Adaptation"],"picked":"Swivel","floor":14}],"player_experience":2195911,"relics_obtained":[{"floor":7,"key":"Bottled Flame"},{"floor":9,"key":"White Beast Statue"},{"floor":11,"key":"Lantern"},{"floor":13,"key":"Blood Vial"}],"event_choices":[{"damage_healed":0,"gold_gain":0,"player_choice":"Ignored","damage_taken":0,"max_hp_gain":0,"max_hp_loss":0,"event_name":"Liars Game","floor":2,"gold_loss":0},{"damage_healed":0,"gold_gain":75,"player_choice":"Gather Gold","damage_taken":11,"max_hp_gain":0,"max_hp_loss":0,"event_name":"World of Goop","floor":4,"gold_loss":0},{"cards_removed":["Defend_P"],"damage_healed":0,"gold_gain":0,"player_choice":"Offered Basic","damage_taken":0,"max_hp_gain":0,"max_hp_loss":0,"event_name":"Bonfire Elementals","floor":5,"gold_loss":0}],"is_beta":true,"boss_relics":[],"items_purged_floors":[],"is_endless":false,"potions_floor_spawned":[3,10,11,13,14],"killed_by":"The Guardian","ascension_level":14}}