{"host":"njcl8kinlkfw245p","time":1613583659,"event":{"mods":["BaseMod","Block Reminder","Colored Map","Googly Eyes","KinomotoSakuraMod(????)","Minty Spire (QoL Compilation)","StSLib","The Senshi","Unceasing Turn Reminder","everything is the same but u backflip on backflip"],"gold_per_floor":[119,135,135,159,159,194,194,234,258,258,276,276,290,290,290,290,290],"floor_reached":16,"language":"ENG","playtime":760,"items_purged":[],"score":127,"play_id":"b795f5f8-bac1-4907-b307-440aa7991222","local_time":"20210217094059","is_ascension_mode":true,"campfire_choices":[{"floor":7,"key":"REST"},{"floor":10,"key":"REST"},{"floor":15,"key":"REST"}],"circlet_count":0,"master_deck":["Strike_R","Strike_R","Strike_R","Strike_R","Strike_R","Defend_R","Defend_R","Defend_R","Defend_R+1","Bash+1","Exhume","Sever Soul","Shrug It Off","Dark Embrace","Fire Breathing","Seeing Red","Uppercut","Dual Wield"],"relics":["Burning Blood","Golden Idol","Bag of Preparation","Red Skull","Bronze Scales"],"acts_visited":["Exordium"],"potions_floor_usage":[6],"damage_taken":[{"damage":4,"enemies":"2 Louse","floor":1,"turns":4},{"damage":7,"enemies":"Jaw Worm","floor":2,"turns":3},{"damage":0,"enemies":"Cultist","floor":4,"turns":3},{"damage":60,"enemies":"Lagavulin","floor":6,"turns":8},{"damage":30,"enemies":"Gremlin Nob","floor":8,"turns":5},{"damage":7,"enemies":"Large Slime","floor":11,"turns":4},{"damage":16,"enemies":"3 Louse","floor":13,"turns":3},{"damage":32,"enemies":"The Guardian","floor":16,"turns":2}],"seed_played":"-3826200868014264212","potions_obtained":[{"floor":4,"key":"Energy Potion"},{"floor":8,"key":"Swift Potion"},{"floor":13,"key":"Strength Potion"}],"is_trial":false,"path_per_floor":["M","M","?","M","$","E","R","E","T","R","M","?","M","?","R","B"],"character_chosen":"IRONCLAD","items_purchased":[],"campfire_rested":3,"item_purchase_floors":[],"current_hp_per_floor":[80,79,59,65,65,11,35,11,11,35,34,34,24,8,32,0,0],"gold":290,"neow_bonus":"ONE_RANDOM_RARE_CARD","is_daily":false,"chose_seed":false,"campfire_upgraded":0,"win_rate":0.0,"timestamp":1613583659,"path_taken":["M","M","?","M","$","E","R","E","T","R","M","?","M","?","R","BOSS"],"items_purchased_type":[],"build_version":"2020-12-22","purchased_purges":0,"victory":false,"max_hp_per_floor":[80,80,80,80,80,80,80,80,80,80,80,80,80,80,80,80,80],"card_choices":[{"not_picked":["Twin Strike","Iron Wave"],"picked":"Sever Soul","floor":1},{"not_picked":["Sentinel","Clash"],"picked":"Shrug It Off","floor":2},{"not_picked":["Warcry","Heavy Blade"],"picked":"Dark Embrace","floor":4},{"not_picked":["Limit Break","Blood for Blood"],"picked":"Fire Breathing","floor":6},{"not_picked":["Twin Strike","Rampage"],"picked":"Seeing Red","floor":8},{"not_picked":["Flex","Warcry"],"picked":"Uppercut","floor":11},{"not_picked":["Havoc","Anger"],"picked":"Dual Wield","floor":13}],"player_experience":954981,"relics_obtained":[{"floor":6,"key":"Bag of Preparation"},{"floor":8,"key":"Red Skull"},{"floor":9,"key":"Bronze Scales"}],"event_choices":[{"damage_healed":0,"gold_gain":0,"player_choice":"Take Damage","damage_taken":20,"relics_obtained":["Golden Idol"],"max_hp_gain":0,"max_hp_loss":0,"event_name":"Golden Idol","floor":3,"gold_loss":0},{"damage_healed":0,"gold_gain":0,"player_choice":"Ignored","damage_taken":0,"max_hp_gain":0,"max_hp_loss":0,"event_name":"Liars Game","floor":12,"gold_loss":0},{"damage_healed":0,"gold_gain":0,"player_choice":"Entered Light","damage_taken":16,"max_hp_gain":0,"max_hp_loss":0,"event_name":"Shining Light","floor":14,"gold_loss":0,"cards_upgraded":["Bash","Defend_R"]}],"is_beta":false,"boss_relics":[],"items_purged_floors":[],"is_endless":false,"potions_floor_spawned":[4,8,13],"killed_by":"The Guardian","ascension_level":3}}