{"host":"4rvk26w7t08d5zdj","time":1613600898,"event":{"mods":["AchievementEnabler","Aspiration","BaseMod","Challenge The Spire","Colored Powertips","Conspire","Energized Spire","GifTheSpireLib","Minty Spire (QoL Compilation)","Rare Cards Sparkle","Relic Filter Mod","Relic Stats","Reliquary","Spire Arcade","StSLib","The Animator","The Blue Laboratory"],"gold_per_floor":[110,110,122,122,140,140,163,190,267,298,325,425,443,3,3,106,131,150,175,175,188,113,113,132,132,132,199,6,23,23,75,75,179,204,219,219,79,89,89,144,159,159,184,196,210,226,24,42,42,42,42,42,587,637,692,799,799,322,322,322],"floor_reached":59,"language":"ENG","playtime":7197,"items_purged":["animator:Strike"],"score":853,"play_id":"65fc864f-b792-453a-9bb2-0ddcf9dbec32","local_time":"20210217142818","is_ascension_mode":false,"campfire_choices":[{"data":"animator:Pride","floor":6.0,"key":"SMITH"},{"floor":15.0,"key":"REST"},{"floor":23.0,"key":"REST"},{"data":"animator:Kaijin","floor":25.0,"key":"SMITH"},{"floor":32.0,"key":"REST"},{"floor":42.0,"key":"REST"},{"floor":49.0,"key":"RECALL"},{"data":"animator:Aqua","floor":52,"key":"SMITH"}],"circlet_count":0,"master_deck":["animator:Strike_TenSura","animator:Defend_TenSura","animator:Strike+1","animator:Benimaru","animator:Shuna","animator:Mitsurugi","animator:Entoma","animator:Pride+1","animator:Shizu","animator:PandorasActor","animator:Elsword","animator:Priestess","animator:Kaijin","animator:DwarfShaman+1","animator:Gilgamesh+1","animator:SakuraMatou","animator:SwordMaiden","animator:ElricEdward","animator:Shalltear","animator:Vesta","animator:Vesta","animator:Evileye+1","animator:Sloth","animator:Caster","animator:Fredrika","animator:Hakurou","animator:ChaikaBohdan","animator:Chung+1","animator:Lancer","animator:RinTohsaka","animator:Aqua+1","animator:CowGirl","animator:AcuraAkari","animator:Millim+2","animator:Sloth+1","animator:Greed+1","animator:Layla"],"relics":["animator:TheEgnaroPiece","animator:LivingPicture","animator:TheMissingPiece","animator:AncientMedallion"],"acts_visited":["Exordium","TheCity","TheBeyond","TheEnding","EYB:TheUnnamedReign"],"potions_floor_usage":[55,59],"damage_taken":[{"damage":0.0,"enemies":"Small Slimes","floor":1.0,"turns":4.0},{"damage":0.0,"enemies":"Cultist","floor":3.0,"turns":3.0},{"damage":0.0,"enemies":"2 Louse","floor":5.0,"turns":3.0},{"damage":4.0,"enemies":"Lots of Slimes","floor":7.0,"turns":5.0},{"damage":45.0,"enemies":"3 Sentries","floor":8.0,"turns":7.0},{"damage":0.0,"enemies":"Looter","floor":10.0,"turns":3.0},{"damage":9.0,"enemies":"Lagavulin","floor":11.0,"turns":4.0},{"damage":0.0,"enemies":"Large Slime","floor":13.0,"turns":4.0},{"damage":0.0,"enemies":"The Guardian","floor":16.0,"turns":7.0},{"damage":17.0,"enemies":"conspire:FuzzyDice","floor":18.0,"turns":4.0},{"damage":1.0,"enemies":"Spheric Guardian","floor":21.0,"turns":6.0},{"damage":5.0,"enemies":"conspire:HollyBat","floor":24.0,"turns":7.0},{"damage":19.0,"enemies":"Book of Stabbing","floor":27.0,"turns":8.0},{"damage":4.0,"enemies":"3 Cultists","floor":29.0,"turns":4.0},{"damage":26.0,"enemies":"conspire:MimicChest","floor":31.0,"turns":5.0},{"damage":38.0,"enemies":"Collector","floor":33.0,"turns":9.0},{"damage":0.0,"enemies":"Orb Walker","floor":35.0,"turns":4.0},{"damage":4.0,"enemies":"3 Shapes","floor":38.0,"turns":5.0},{"damage":57.0,"enemies":"Giant Head","floor":40.0,"turns":9.0},{"damage":1.0,"enemies":"Jaw Worm Horde","floor":41.0,"turns":5.0},{"damage":8.0,"enemies":"Spire Growth","floor":44.0,"turns":6.0},{"damage":0.0,"enemies":"4 Shapes","floor":45.0,"turns":6.0},{"damage":0.0,"enemies":"Maw","floor":46.0,"turns":6.0},{"damage":9.0,"enemies":"Jaw Worm Horde","floor":48.0,"turns":4.0},{"damage":33.0,"enemies":"Awakened One","floor":50.0,"turns":12.0},{"damage":58,"enemies":"animator:TRIPLE_SHAPES_WEAK","floor":54,"turns":14},{"damage":15,"enemies":"animator:UNNAMED_CULTIST_1","floor":55,"turns":18},{"damage":75,"enemies":"animator:UNNAMED_CULTIST_2","floor":59,"turns":15}],"seed_played":"-6880637881765316914","potions_obtained":[{"floor":3.0,"key":"FearPotion"},{"floor":5.0,"key":"blueLaboratory:ArtificerPotion"},{"floor":7.0,"key":"conspire:TimeTravelPotion"},{"floor":8.0,"key":"blueLaboratory:PhilterOfMotion"},{"floor":21.0,"key":"SpeedPotion"},{"floor":31.0,"key":"Swift Potion"},{"floor":33.0,"key":"blueLaboratory:NullPotion"},{"floor":40.0,"key":"FearPotion"},{"floor":44.0,"key":"FearPotion"},{"floor":45.0,"key":"ColorlessPotion"},{"floor":54,"key":"animator:FalseLifePotion"},{"floor":55,"key":"animator:FalseLifePotion"}],"is_trial":false,"path_per_floor":["M","?","M","?","M","R","M","E","T","M","E","?","M","$","R","B",null,"M","?","?","M","?","R","M","R","T","E","$","M","?","?","R","B",null,"M","?","$","M","?","E","M","R","T","M","M","M","$","M","R","B",null,"R","??","M","M","T","?","$","M"],"character_chosen":"THE_ANIMATOR","items_purchased":["animator:DwarfShaman+1","Thread and Needle","Bronze Scales","animator:Vesta","animator:Eris","animator:Entoma+1","ClockworkSouvenir","animator:Greed","animator:AncientMedallion","animator:Layla"],"campfire_rested":4,"item_purchase_floors":[14,14,28,28,37,47,47,58,58,58],"current_hp_per_floor":[72,58,58,58,60,60,58,31,31,33,24,24,25,25,49,51,83,66,49,49,48,48,72,69,69,69,52,52,50,79,55,82,46,93,95,105,105,102,106,54,56,88,88,83,90,95,95,88,88,59,114,114,86,31,18,18,27,27,0,0],"gold":322,"neow_bonus":"TEN_PERCENT_HP_BONUS","is_daily":false,"chose_seed":false,"campfire_upgraded":3,"win_rate":0.0,"timestamp":1613600898,"path_taken":["M","?","M","?","M","R","M","E","T","M","E","?","M","$","R","BOSS","M","?","?","?","?","R","M","R","T","E","$","M","?","?","R","BOSS","M","?","?","?","?","E","M","R","T","M","M","?","?","M","R","BOSS","R","??","M","M","T","?","$","M"],"items_purchased_type":["Card","Relic","Relic","Card","Card","Card","Relic","Card","Relic","Card"],"build_version":"2020-12-22","purchased_purges":1,"victory":false,"max_hp_per_floor":[72,72,72,72,74,74,76,78,78,80,80,80,81,81,81,83,83,83,83,83,83,83,83,85,85,85,87,87,89,89,91,91,93,93,95,105,105,106,106,108,108,108,108,108,110,110,110,112,112,114,114,114,86,87,87,87,87,87,87,87],"relic_stats":{"counters":[28,185],"obtain_stats":[{"animator:WizardHat":27,"animator:TheMissingPiece":0,"Astrolabe":34,"Thread and Needle":14,"conspire:Boomerang":8,"aspiration:SecretTechniqueScroll":17,"aspiration:RitualStick":19,"ClockworkSouvenir":47,"Nunchaku":40,"animator:TheEgnaroPiece":53,"animator:PurgingStone":0,"animator:AncientMedallion":56,"Shuriken":11,"Sundial":43,"Bronze Scales":28,"Molten Egg 2":9,"animator:LivingPicture":0,"WingedGreaves":31},{"animator:WizardHat":13,"animator:TheMissingPiece":0,"Astrolabe":16,"Thread and Needle":8,"conspire:Boomerang":5,"aspiration:SecretTechniqueScroll":9,"aspiration:RitualStick":10,"ClockworkSouvenir":23,"Nunchaku":19,"animator:TheEgnaroPiece":25,"animator:PurgingStone":0,"animator:AncientMedallion":27,"Shuriken":7,"Sundial":20,"Bronze Scales":13,"Molten Egg 2":5,"animator:LivingPicture":0,"WingedGreaves":15},{"animator:WizardHat":64,"animator:TheMissingPiece":0,"Astrolabe":82,"Thread and Needle":33,"conspire:Boomerang":22,"aspiration:SecretTechniqueScroll":40,"aspiration:RitualStick":44,"ClockworkSouvenir":122,"Nunchaku":99,"animator:TheEgnaroPiece":138,"animator:PurgingStone":0,"animator:AncientMedallion":170,"Shuriken":29,"Sundial":104,"Bronze Scales":64,"Molten Egg 2":22,"animator:LivingPicture":0,"WingedGreaves":73}]},"card_choices":[{"not_picked":["animator:Lu","animator:SakuraMatou"],"picked":"animator:Mitsurugi","floor":1.0},{"not_picked":["animator:ChlammyZell","animator:Gluttony"],"picked":"animator:Entoma","floor":3.0},{"not_picked":["animator:AcuraTooru","animator:Chung"],"picked":"animator:Pride","floor":5.0},{"not_picked":["animator:Vesta","animator:Souei"],"picked":"animator:Shizu","floor":7.0},{"not_picked":["animator:ElricEdward","animator:Guy"],"picked":"animator:PandorasActor","floor":8.0},{"not_picked":["animator:Vanir+1","animator:HighElfArcher+1"],"picked":"animator:Elsword+1","floor":10.0},{"not_picked":["animator:AcuraAkari","animator:Evileye"],"picked":"animator:Priestess","floor":11.0},{"not_picked":["animator:Shion+1","animator:Souei"],"picked":"animator:Kaijin","floor":13.0},{"not_picked":["animator:Greed","animator:ChaikaTrabant+1"],"picked":"animator:Gilgamesh+1","floor":16.0},{"not_picked":["animator:YunYun+1","animator:Priestess"],"picked":"animator:SakuraMatou+1","floor":18.0},{"not_picked":["animator:Priestess","animator:Chung"],"picked":"animator:ElricEdward+1","floor":21.0},{"not_picked":["animator:AcuraAkari","animator:YunYun+1"],"picked":"animator:Shalltear+1","floor":24.0},{"not_picked":["animator:Benimaru+1","animator:Hakurou+1"],"picked":"animator:Vesta","floor":27.0},{"not_picked":["animator:Shuna","animator:Vesta"],"picked":"animator:Evileye","floor":29.0},{"not_picked":["animator:ShinjiMatou","animator:Mitsurugi+1"],"picked":"animator:Sloth+1","floor":31.0},{"not_picked":["animator:Greed","animator:ChaikaTrabant+1"],"picked":"animator:Ainz","floor":33.0},{"not_picked":["animator:DwarfShaman+1","animator:Benimaru+1"],"picked":"animator:ChaikaBohdan+1","floor":35.0},{"not_picked":["animator:SwordMaiden","animator:Millim+1"],"picked":"animator:Chung","floor":38.0},{"not_picked":["animator:EmiyaShirou","animator:ShinjiMatou"],"picked":"animator:Lancer+1","floor":40.0},{"not_picked":["animator:Pride","animator:Jibril+1"],"picked":"animator:RinTohsaka+1","floor":41.0},{"not_picked":["animator:AcuraAkari","animator:GuildGirl+1"],"picked":"animator:Aqua","floor":44.0},{"not_picked":["animator:Rider","animator:Ara+1"],"picked":"animator:CowGirl+1","floor":45.0},{"not_picked":["animator:PandorasActor","animator:Cocytus+1"],"picked":"animator:Entoma+1","floor":46.0},{"not_picked":["animator:RinTohsaka","animator:Ara+1"],"picked":"animator:AcuraAkari","floor":48.0},{"not_picked":["animator:Priestess+1","animator:AcuraTooru"],"picked":"animator:Millim+1","floor":54},{"not_picked":["animator:Elsword","animator:ShinjiMatou"],"picked":"animator:Sloth+1","floor":55}],"player_experience":1093913,"relics_obtained":[{"floor":8.0,"key":"conspire:Boomerang"},{"floor":9.0,"key":"Molten Egg 2"},{"floor":11.0,"key":"Shuriken"},{"floor":27.0,"key":"animator:WizardHat"},{"floor":31.0,"key":"WingedGreaves"},{"floor":40.0,"key":"Nunchaku"},{"floor":43.0,"key":"Sundial"},{"floor":53,"key":"animator:TheEgnaroPiece"},{"floor":56,"key":"animator:AncientMedallion"}],"event_choices":[{"damage_healed":0.0,"max_hp_gain":0.0,"max_hp_loss":0.0,"gold_gain":0.0,"event_name":"Shining Light","player_choice":"Entered Light","floor":2.0,"gold_loss":0.0,"damage_taken":14.0,"cards_upgraded":["animator:Shuna","animator:Benimaru"]},{"damage_healed":0.0,"max_hp_gain":0.0,"max_hp_loss":0.0,"gold_gain":0.0,"event_name":"conspire:Investor","player_choice":"Leave","floor":4.0,"gold_loss":0.0,"damage_taken":0.0},{"damage_healed":0.0,"max_hp_gain":0.0,"max_hp_loss":0.0,"gold_gain":100.0,"event_name":"Golden Shrine","player_choice":"Pray","floor":12.0,"gold_loss":0.0,"damage_taken":0.0},{"damage_healed":0.0,"max_hp_gain":0.0,"max_hp_loss":0.0,"gold_gain":0.0,"event_name":"Match and Keep!","player_choice":"1 cards matched","floor":20.0,"gold_loss":0.0,"damage_taken":0.0,"cards_obtained":["animator:SwordMaiden"]},{"cards_removed":["animator:Strike"],"damage_healed":0.0,"max_hp_gain":0.0,"max_hp_loss":0.0,"gold_gain":0.0,"event_name":"Beggar","player_choice":"Gave Gold","floor":22.0,"gold_loss":75.0,"damage_taken":0.0},{"damage_healed":29.0,"max_hp_gain":0.0,"max_hp_loss":0.0,"gold_gain":0.0,"event_name":"The Library","player_choice":"Heal","floor":30.0,"gold_loss":0.0,"damage_taken":0.0},{"cards_removed":["animator:Ainz"],"damage_healed":0.0,"max_hp_gain":10.0,"max_hp_loss":0.0,"gold_gain":0.0,"event_name":"Bonfire Elementals","player_choice":"Offered Rare","floor":36.0,"gold_loss":0.0,"damage_taken":0.0},{"damage_healed":4.0,"max_hp_gain":0.0,"max_hp_loss":0.0,"gold_gain":0.0,"event_name":"Wheel of Change","player_choice":"Full Heal","floor":39.0,"gold_loss":0.0,"damage_taken":0.0}],"is_beta":false,"boss_relics":[{"not_picked":["animator:HolyGrailRelic","energizedSpire:DeadBattery"],"picked":"aspiration:SecretTechniqueScroll"},{"not_picked":["reliquary:KinkedSpring","Philosopher\u0027s Stone"],"picked":"Astrolabe"}],"items_purged_floors":[14],"is_endless":false,"potions_floor_spawned":[3,5,7,8,21,31,33,40,44,45,54],"killed_by":"animator:UNNAMED_CULTIST_2","ascension_level":0}}