{"host":"f6w7z8zvb0mi4wy9","time":1613565249,"event":{"mods":["BaseMod","Colored Map","Minty Spire (QoL Compilation)","READ ME - Guardian Mod","StSLib","SuperFastMode","The Jungle"],"gold_per_floor":[118,146,34,60,89,132,132,173,198,241,241,262,262,317,317,425,425,444,444,453,453,472,506,506,549,618,643,658,673,682,682,682],"floor_reached":31,"language":"KOR","playtime":816,"items_purged":[],"score":310,"play_id":"8cccd315-afea-4b74-8b4e-611d3ead59cd","local_time":"20210217213409","is_ascension_mode":true,"campfire_choices":[{"data":"Zap","floor":7.0,"key":"SMITH"},{"data":"Dualcast","floor":11.0,"key":"SMITH"},{"floor":15.0,"key":"REST"},{"floor":24.0,"key":"REST"}],"circlet_count":0,"master_deck":["Strike_B","Strike_B+1","Strike_B","Strike_B","Defend_B","Defend_B","Defend_B","Defend_B","Zap+1","Dualcast+1","Go for the Eyes+1","Thunder Strike","Capacitor","Ball Lightning","BootSequence","Coolheaded","Hologram","Core Surge","Ball Lightning","Skim","Core Surge","FTL","Defragment","Gash","Tempest+1","Self Repair","Steam","Decay"],"relics":["Cracked Core","CeramicFish","StrikeDummy","DataDisk","Vajra","Inserter","Boot","Lantern","Bottled Flame"],"acts_visited":["Exordium","TheCity"],"potions_floor_usage":[],"damage_taken":[{"damage":4.0,"enemies":"Cultist","floor":1.0,"turns":4.0},{"damage":0.0,"enemies":"2 Louse","floor":2.0,"turns":3.0},{"damage":0.0,"enemies":"Small Slimes","floor":4.0,"turns":2.0},{"damage":0.0,"enemies":"2 Fungi Beasts","floor":5.0,"turns":3.0},{"damage":15.0,"enemies":"3 Sentries","floor":6.0,"turns":7.0},{"damage":4.0,"enemies":"Lagavulin","floor":8.0,"turns":7.0},{"damage":10.0,"enemies":"3 Sentries","floor":10.0,"turns":6.0},{"damage":7.0,"enemies":"Large Slime","floor":12.0,"turns":3.0},{"damage":16.0,"enemies":"Hexaghost","floor":16.0,"turns":8.0},{"damage":20.0,"enemies":"Spheric Guardian","floor":18.0,"turns":4.0},{"damage":10.0,"enemies":"2 Thieves","floor":22.0,"turns":3.0},{"damage":37.0,"enemies":"Book of Stabbing","floor":23.0,"turns":5.0},{"damage":17.0,"enemies":"Slavers","floor":25.0,"turns":6.0},{"damage":11.0,"enemies":"Snake Plant","floor":27.0,"turns":4.0},{"damage":2.0,"enemies":"Sentry and Sphere","floor":28.0,"turns":3.0},{"damage":9,"enemies":"3 Cultists","floor":29,"turns":4},{"damage":13,"enemies":"Gremlin Leader","floor":31,"turns":2}],"seed_played":"-8786587866729162602","potions_obtained":[{"floor":2.0,"key":"GamblersBrew"},{"floor":4.0,"key":"SteroidPotion"},{"floor":5.0,"key":"AttackPotion"},{"floor":10.0,"key":"BlessingOfTheForge"},{"floor":16.0,"key":"PowerPotion"},{"floor":23.0,"key":"GamblersBrew"},{"floor":27.0,"key":"Fruit Juice"},{"floor":29,"key":"Strength Potion"}],"is_trial":false,"path_per_floor":["M","M","$","M","M","E","R","E","T","E","R","M","?","?","R","B",null,"M","?","?","?","M","E","R","E","T","M","M","M","?","E"],"character_chosen":"DEFECT","items_purchased":["Capacitor","Ball Lightning"],"campfire_rested":2,"item_purchase_floors":[3,3],"current_hp_per_floor":[71,71,71,71,71,56,56,52,52,42,42,35,20,20,42,26,75,55,55,55,55,45,8,30,13,13,14,12,10,10,0,0],"gold":682,"neow_bonus":"RANDOM_COMMON_RELIC","is_daily":false,"chose_seed":false,"campfire_upgraded":2,"win_rate":0.0,"timestamp":1613565249,"path_taken":["M","M","?","M","M","E","R","E","T","E","R","M","?","?","R","BOSS","M","?","?","?","?","E","R","E","T","M","M","?","?","E"],"items_purchased_type":["Card","Card"],"build_version":"2020-12-22","purchased_purges":0,"victory":false,"max_hp_per_floor":[75,75,75,75,75,75,75,75,75,75,75,75,75,75,75,75,75,75,75,75,75,75,75,75,75,75,80,80,80,80,80,80],"card_choices":[{"not_picked":["Hologram","Stack"],"picked":"Go for the Eyes","floor":1.0},{"not_picked":["Rip and Tear","Conserve Battery"],"picked":"Thunder Strike","floor":2.0},{"not_picked":["Barrage","Leap"],"picked":"BootSequence","floor":4.0},{"not_picked":["Self Repair","Consume"],"picked":"Coolheaded","floor":5.0},{"not_picked":["Loop","Double Energy"],"picked":"Hologram","floor":6.0},{"not_picked":["Go for the Eyes","Conserve Battery"],"picked":"Core Surge","floor":8.0},{"not_picked":["Leap","Barrage"],"picked":"Ball Lightning","floor":10.0},{"not_picked":["Glacier","Stack"],"picked":"Skim","floor":12.0},{"not_picked":["Biased Cognition","Thunder Strike"],"picked":"Core Surge","floor":16.0},{"not_picked":["Static Discharge","Coolheaded"],"picked":"FTL","floor":18.0},{"not_picked":["Compile Driver","Sweeping Beam+1"],"picked":"Gash","floor":22.0},{"not_picked":["Sunder","Genetic Algorithm"],"picked":"Tempest+1","floor":23.0},{"not_picked":["Lockon+1","Amplify"],"picked":"Self Repair","floor":25.0},{"not_picked":["Rip and Tear","Rebound"],"picked":"Steam","floor":27.0},{"not_picked":["Coolheaded","Rebound","Double Energy"],"picked":"SKIP","floor":28.0},{"not_picked":["Aggregate+1","Genetic Algorithm+1","Amplify"],"picked":"SKIP","floor":29}],"player_experience":946756,"relics_obtained":[{"floor":6.0,"key":"StrikeDummy"},{"floor":8.0,"key":"DataDisk"},{"floor":10.0,"key":"Vajra"},{"floor":23.0,"key":"Boot"},{"floor":25.0,"key":"Lantern"},{"floor":26.0,"key":"Bottled Flame"}],"event_choices":[{"damage_healed":0.0,"max_hp_gain":0.0,"max_hp_loss":0.0,"gold_gain":0.0,"event_name":"Shining Light","player_choice":"Entered Light","floor":13.0,"gold_loss":0.0,"damage_taken":15.0,"cards_upgraded":["Go for the Eyes","Strike_B"]},{"damage_healed":0.0,"max_hp_gain":0.0,"max_hp_loss":0.0,"gold_gain":55.0,"event_name":"Golden Wing","player_choice":"Gained Gold","floor":14.0,"gold_loss":0.0,"damage_taken":0.0},{"damage_healed":0.0,"max_hp_gain":0.0,"max_hp_loss":0.0,"gold_gain":0.0,"event_name":"Ghosts","player_choice":"Ignored","floor":19.0,"gold_loss":0.0,"damage_taken":0.0},{"damage_healed":0.0,"max_hp_gain":0.0,"max_hp_loss":0.0,"gold_gain":0.0,"event_name":"The Library","player_choice":"Read","floor":20.0,"gold_loss":0.0,"damage_taken":0.0,"cards_obtained":["Defragment"]},{"damage_healed":0.0,"max_hp_gain":0.0,"max_hp_loss":0.0,"gold_gain":0.0,"event_name":"The Mausoleum","player_choice":"Ignored","floor":21.0,"gold_loss":0.0,"damage_taken":0.0},{"damage_healed":0,"gold_gain":0,"player_choice":"Smashed Altar","damage_taken":0,"max_hp_gain":0,"max_hp_loss":0,"event_name":"Forgotten Altar","floor":30,"gold_loss":0,"cards_obtained":["Decay"]}],"is_beta":false,"boss_relics":[{"not_picked":["Fusion Hammer","FrozenCore"],"picked":"Inserter"}],"items_purged_floors":[],"is_endless":false,"potions_floor_spawned":[2,4,5,10,16,23,27,29],"killed_by":"Gremlin Leader","ascension_level":1}}