{"host":"d4km6p8r92tm3vpl","time":1613593868,"event":{"mods":["AchievementEnabler","BaseMod","Colored Map","Colored Powertips","DeckTracker","Minty Spire (QoL Compilation)","Relic Stats","StSLib"],"gold_per_floor":[119,132,132,132,155,155,189,207,207,250,250,270,301,316,316,412,412,432,446,162,162,14,14,52,52,52,86,130,161,202,233,233,327,327,352,125,138,138,163,163,198,198,198,198,198,212,212,212,212,212,212],"floor_reached":50,"language":"ENG","playtime":2333,"items_purged":[],"score":1163,"play_id":"6428dc4b-690c-4b1a-8a3a-61bcdef8f47d","local_time":"20210217153108","is_ascension_mode":true,"campfire_choices":[{"data":"Adrenaline","floor":6.0,"key":"SMITH"},{"data":"Backflip","floor":11.0,"key":"SMITH"},{"data":"Footwork","floor":15.0,"key":"SMITH"},{"data":"Noxious Fumes","floor":23,"key":"SMITH"},{"data":"Burst","floor":25,"key":"SMITH"},{"floor":32,"key":"REST"},{"data":"Bouncing Flask","floor":40,"key":"SMITH"},{"data":"Adrenaline","floor":42,"key":"SMITH"},{"floor":47,"key":"RECALL"},{"data":"Neutralize","floor":49,"key":"SMITH"}],"circlet_count":0,"master_deck":["AscendersBane","Strike_G","Strike_G","Strike_G","Strike_G","Defend_G","Defend_G","Defend_G","Defend_G","Defend_G","Survivor","Neutralize+1","Dagger Spray","Dagger Spray","Adrenaline+1","Backstab","Backflip+1","Flying Knee","Dash","Leg Sweep","Footwork+1","Burst+1","Deflect","Riddle With Holes","Noxious Fumes+1","Dodge and Roll","Adrenaline+1","Tools of the Trade","Well Laid Plans","Bouncing Flask+1","Catalyst+1"],"relics":["Ring of the Snake","Golden Idol","CaptainsWheel","Pocketwatch","Shuriken","WingedGreaves","Philosopher\u0027s Stone","StrikeDummy","OrangePellets","Eternal Feather","Pen Nib","Smiling Mask","Red Mask","Bottled Flame","FossilizedHelix","HoveringKite","Oddly Smooth Stone","Paper Crane","Sundial"],"acts_visited":["Exordium","TheCity","TheBeyond"],"potions_floor_usage":[24,27,41,46],"damage_taken":[{"damage":0.0,"enemies":"Small Slimes","floor":1.0,"turns":5.0},{"damage":0.0,"enemies":"Jaw Worm","floor":2.0,"turns":5.0},{"damage":1.0,"enemies":"Cultist","floor":5.0,"turns":4.0},{"damage":17.0,"enemies":"Gremlin Nob","floor":7.0,"turns":5.0},{"damage":0.0,"enemies":"Red Slaver","floor":8.0,"turns":6.0},{"damage":2.0,"enemies":"Lagavulin","floor":10.0,"turns":5.0},{"damage":0.0,"enemies":"2 Fungi Beasts","floor":12.0,"turns":3.0},{"damage":0.0,"enemies":"3 Sentries","floor":13.0,"turns":4.0},{"damage":0.0,"enemies":"Blue Slaver","floor":14.0,"turns":4.0},{"damage":7.0,"enemies":"Hexaghost","floor":16.0,"turns":12.0},{"damage":0,"enemies":"3 Byrds","floor":18,"turns":3},{"damage":1,"enemies":"Chosen","floor":19,"turns":5},{"damage":0,"enemies":"Gremlin Leader","floor":24,"turns":6},{"damage":17,"enemies":"Slavers","floor":27,"turns":8},{"damage":7,"enemies":"Book of Stabbing","floor":28,"turns":7},{"damage":0,"enemies":"Masked Bandits","floor":29,"turns":4},{"damage":23,"enemies":"Slavers","floor":30,"turns":7},{"damage":7,"enemies":"Gremlin Leader","floor":31,"turns":6},{"damage":0,"enemies":"Champ","floor":33,"turns":13},{"damage":0,"enemies":"Orb Walker","floor":35,"turns":4},{"damage":0,"enemies":"3 Shapes","floor":37,"turns":4},{"damage":18,"enemies":"Writhing Mass","floor":39,"turns":9},{"damage":37,"enemies":"Giant Head","floor":41,"turns":10},{"damage":12,"enemies":"Jaw Worm Horde","floor":46,"turns":3},{"damage":61,"enemies":"Awakened One","floor":50,"turns":8}],"seed_played":"108237686788507973","potions_obtained":[{"floor":8.0,"key":"LiquidMemories"},{"floor":12.0,"key":"Explosive Potion"},{"floor":24,"key":"GamblersBrew"},{"floor":28,"key":"PowerPotion"},{"floor":37,"key":"SteroidPotion"},{"floor":41,"key":"SpeedPotion"}],"is_trial":false,"path_per_floor":["M","M","?","T","M","R","E","M","T","E","R","M","E","M","R","B",null,"M","M","$","?","$","R","E","R","T","E","E","?","E","E","R","B",null,"M","$","M","?","M","R","E","R","T","?","$","M","R","?","R","B"],"character_chosen":"THE_SILENT","items_purchased":["Noxious Fumes","StrikeDummy","OrangePellets","Well Laid Plans","Oddly Smooth Stone"],"campfire_rested":1,"item_purchase_floors":[20,20,22,36,36],"current_hp_per_floor":[59,59,59,59,58,58,41,41,41,39,39,39,39,39,39,32,54,54,53,53,53,53,53,53,61,61,44,37,37,14,7,40,40,56,56,56,56,56,38,56,19,37,37,37,37,25,43,43,58,0,0],"gold":212,"neow_bonus":"REMOVE_CARD","is_daily":false,"chose_seed":false,"campfire_upgraded":8,"win_rate":0.0,"timestamp":1613593868,"path_taken":["M","M","?","?","M","R","E","?","T","E","R","M","E","M","R","BOSS","M","M","$","?","$","R","E","R","T","E","E","?","E","E","R","BOSS","M","$","M","?","M","R","E","R","T","?","$","M","R","?","R","BOSS"],"items_purchased_type":["Card","Relic","Relic","Card","Relic"],"build_version":"2020-12-22","purchased_purges":0,"victory":false,"max_hp_per_floor":[66,66,61,61,61,61,61,61,61,61,61,61,61,61,61,61,61,61,61,61,61,61,61,61,61,61,61,61,61,61,61,61,61,61,61,61,61,61,61,61,61,61,61,58,58,58,58,58,58,58,58],"relic_stats":{"OrangePellets":[9],"counters":[25,150],"Golden Idol":150,"Shuriken":[54],"Sundial":[0],"HoveringKite":[25],"Eternal Feather":92,"Pen Nib":[15],"Smiling Mask":0,"obtain_stats":[{"Golden Idol":3,"HoveringKite":34,"Oddly Smooth Stone":36,"Eternal Feather":24,"Pen Nib":27,"Paper Crane":41,"Smiling Mask":28,"OrangePellets":22,"CaptainsWheel":4,"Bottled Flame":30,"Shuriken":9,"Sundial":43,"Philosopher\u0027s Stone":17,"WingedGreaves":10,"Red Mask":29,"StrikeDummy":20,"FossilizedHelix":31,"Ring of the Snake":0,"Pocketwatch":7},{"Golden Idol":2,"HoveringKite":19,"Oddly Smooth Stone":20,"Eternal Feather":13,"Pen Nib":14,"Paper Crane":23,"Smiling Mask":15,"OrangePellets":12,"CaptainsWheel":2,"Bottled Flame":17,"Shuriken":5,"Sundial":23,"Philosopher\u0027s Stone":10,"WingedGreaves":6,"Red Mask":16,"StrikeDummy":12,"FossilizedHelix":18,"Ring of the Snake":0,"Pocketwatch":4},{"Golden Idol":10,"HoveringKite":112,"Oddly Smooth Stone":116,"Eternal Feather":67,"Pen Nib":75,"Paper Crane":139,"Smiling Mask":82,"OrangePellets":61,"CaptainsWheel":10,"Bottled Flame":93,"Shuriken":25,"Sundial":139,"Philosopher\u0027s Stone":53,"WingedGreaves":30,"Red Mask":86,"StrikeDummy":61,"FossilizedHelix":99,"Ring of the Snake":0,"Pocketwatch":19}],"Ring of the Snake":[50],"Pocketwatch":[135]},"card_choices":[{"not_picked":["Acrobatics","Backflip"],"picked":"Dagger Spray","floor":1.0},{"not_picked":["Caltrops","Underhanded Strike"],"picked":"Dagger Spray","floor":2.0},{"not_picked":["Bane","Skewer"],"picked":"Adrenaline","floor":5.0},{"not_picked":["Dodge and Roll","Underhanded Strike"],"picked":"Backstab","floor":7.0},{"not_picked":["Quick Slash","PiercingWail"],"picked":"Backflip","floor":8.0},{"not_picked":["Underhanded Strike","Dodge and Roll"],"picked":"Flying Knee","floor":10.0},{"not_picked":["Deadly Poison","Crippling Poison"],"picked":"Dash","floor":12.0},{"not_picked":["Dodge and Roll","Infinite Blades"],"picked":"Leg Sweep","floor":13.0},{"not_picked":["Dodge and Roll","Outmaneuver"],"picked":"Footwork","floor":14.0},{"not_picked":["Venomology","Phantasmal Killer"],"picked":"Burst","floor":16.0},{"not_picked":["Sucker Punch+1","Acrobatics"],"picked":"Deflect","floor":18},{"not_picked":["Heel Hook","Sucker Punch"],"picked":"Riddle With Holes","floor":19},{"not_picked":["Deflect","Flying Knee","Outmaneuver+1"],"picked":"SKIP","floor":24},{"not_picked":["Eviscerate","Riddle With Holes"],"picked":"Leg Sweep","floor":27},{"not_picked":["Masterful Stab","Cloak And Dagger","Flying Knee"],"picked":"SKIP","floor":28},{"not_picked":["Quick Slash","Accuracy"],"picked":"Dodge and Roll","floor":29},{"not_picked":["Dagger Spray","Reflex","Catalyst"],"picked":"SKIP","floor":30},{"not_picked":["Poisoned Stab","Acrobatics"],"picked":"Adrenaline","floor":31},{"not_picked":["Unload","A Thousand Cuts"],"picked":"Tools of the Trade","floor":33},{"not_picked":["Underhanded Strike+1","Dagger Throw","Concentrate+1"],"picked":"SKIP","floor":35},{"not_picked":["Sucker Punch","Quick Slash","Dodge and Roll"],"picked":"SKIP","floor":37},{"not_picked":["Acrobatics","Skewer+1"],"picked":"Bouncing Flask","floor":39},{"not_picked":["Dodge and Roll","Tactician"],"picked":"Catalyst+1","floor":41},{"not_picked":["Dagger Spray+1","Prepared+1","Dodge and Roll"],"picked":"SKIP","floor":46}],"player_experience":853572,"relics_obtained":[{"floor":4.0,"key":"CaptainsWheel"},{"floor":7.0,"key":"Pocketwatch"},{"floor":9.0,"key":"Shuriken"},{"floor":10.0,"key":"WingedGreaves"},{"floor":24,"key":"Eternal Feather"},{"floor":27,"key":"Pen Nib"},{"floor":28,"key":"Smiling Mask"},{"floor":29,"key":"Red Mask"},{"floor":30,"key":"Bottled Flame"},{"floor":31,"key":"FossilizedHelix"},{"floor":41,"key":"Paper Crane"},{"floor":43,"key":"Sundial"}],"event_choices":[{"damage_healed":0.0,"max_hp_gain":0.0,"max_hp_loss":5.0,"gold_gain":0.0,"event_name":"Golden Idol","player_choice":"Lose Max HP","floor":3.0,"gold_loss":0.0,"damage_taken":0.0,"relics_obtained":["Golden Idol"]},{"damage_healed":0,"gold_gain":0,"player_choice":"Ignored","damage_taken":0,"max_hp_gain":0,"max_hp_loss":0,"event_name":"Vampires","floor":21,"gold_loss":0},{"damage_healed":0,"gold_gain":0,"player_choice":"Fought Bandits","damage_taken":0,"max_hp_gain":0,"max_hp_loss":0,"event_name":"Masked Bandits","floor":29,"gold_loss":0},{"cards_removed":["Leg Sweep"],"damage_healed":0,"gold_gain":0,"player_choice":"Removed Skill","damage_taken":0,"max_hp_gain":0,"max_hp_loss":0,"event_name":"Falling","floor":38,"gold_loss":0},{"damage_healed":0,"gold_gain":0,"player_choice":"Max HP","damage_taken":0,"max_hp_gain":0,"max_hp_loss":3,"event_name":"Winding Halls","floor":44,"gold_loss":0},{"damage_healed":0,"gold_gain":0,"player_choice":"Ignored","damage_taken":0,"max_hp_gain":0,"max_hp_loss":0,"event_name":"Tomb of Lord Red Mask","floor":48,"gold_loss":0}],"is_beta":false,"boss_relics":[{"not_picked":["Runic Pyramid","Pandora\u0027s Box"],"picked":"Philosopher\u0027s Stone"},{"not_picked":["Busted Crown","Cursed Key"],"picked":"HoveringKite"}],"items_purged_floors":[],"is_endless":false,"potions_floor_spawned":[8,12,16,24,28,29,30,33,37,39,41],"killed_by":"Awakened One","ascension_level":14}}