{"host":"3c8x8j1h2jyrixpf","time":1613599128,"event":{"mods":["BaseMod","Colored Powertips","Highlight Path","Minty Spire (QoL Compilation)","StSLib"],"gold_per_floor":[118,47,57,57,71,104,104,134,134,65,65,11,23,54,54,132,132,114,127,161,47,67,67,100,100,147,147,147],"floor_reached":27,"language":"ENG","playtime":1279,"items_purged":["Strike_G"],"score":411,"play_id":"174c947f-92f9-4642-89ab-d78f7e8be019","local_time":"20210217155848","is_ascension_mode":true,"campfire_choices":[{"data":"Footwork","floor":7,"key":"SMITH"},{"data":"Glass Knife","floor":15,"key":"SMITH"},{"floor":23,"key":"REST"}],"circlet_count":0,"master_deck":["AscendersBane","Strike_G","Defend_G","Defend_G","Defend_G","Defend_G","Defend_G","Survivor","Neutralize","Poisoned Stab","Footwork+1","Blade Dance","Bane","Phantasmal Killer+1","PiercingWail+1","Glass Knife+1","Poisoned Stab","Footwork","Dagger Throw","Adrenaline+1","Backflip+1","Envenom","Footwork","Blade Dance+1","Adrenaline+1"],"relics":["Empty Cage","Toxic Egg 2","Meat on the Bone","Tingsha","Snecko Eye","Red Mask","PreservedInsect","Potion Belt"],"acts_visited":["Exordium","TheCity"],"potions_floor_usage":[6,14,20,24],"damage_taken":[{"damage":0,"enemies":"2 Louse","floor":1,"turns":3},{"damage":0,"enemies":"Cultist","floor":3,"turns":5},{"damage":0,"enemies":"Jaw Worm","floor":5,"turns":5},{"damage":16,"enemies":"3 Sentries","floor":6,"turns":11},{"damage":21,"enemies":"Gremlin Nob","floor":8,"turns":5},{"damage":1,"enemies":"3 Louse","floor":13,"turns":4},{"damage":13,"enemies":"3 Sentries","floor":14,"turns":7},{"damage":44,"enemies":"Hexaghost","floor":16,"turns":11},{"damage":23,"enemies":"2 Thieves","floor":18,"turns":4},{"damage":14,"enemies":"Shell Parasite","floor":19,"turns":7},{"damage":27,"enemies":"Masked Bandits","floor":20,"turns":6},{"damage":5,"enemies":"Snecko","floor":22,"turns":5},{"damage":41,"enemies":"Slavers","floor":24,"turns":10},{"damage":20,"enemies":"Centurion and Healer","floor":27,"turns":2}],"seed_played":"-3572224098633398173","potions_obtained":[{"floor":3,"key":"SpeedPotion"},{"floor":4,"key":"GhostInAJar"},{"floor":4,"key":"FairyPotion"},{"floor":6,"key":"BlessingOfTheForge"},{"floor":13,"key":"DistilledChaos"},{"floor":14,"key":"DuplicationPotion"},{"floor":19,"key":"CunningPotion"}],"is_trial":false,"path_per_floor":["M","$","M","?","M","E","R","E","T","$","?","$","M","E","R","B",null,"M","M","?","$","M","R","E","?","T","M"],"character_chosen":"THE_SILENT","items_purchased":["Footwork","Glass Knife","Poisoned Stab","Footwork"],"campfire_rested":1,"item_purchase_floors":[2,10,12,21],"current_hp_per_floor":[63,63,63,63,63,47,47,26,26,26,26,26,37,36,36,27,59,36,34,19,19,26,47,18,18,18,0,0],"gold":147,"neow_bonus":"BOSS_RELIC","is_daily":false,"chose_seed":false,"campfire_upgraded":2,"win_rate":0.0,"timestamp":1613599128,"path_taken":["M","$","M","?","?","E","R","E","T","$","?","?","M","E","R","BOSS","M","M","?","$","M","R","E","?","T","?"],"items_purchased_type":["Card","Card","Card","Card"],"build_version":"2020-12-22","purchased_purges":1,"victory":false,"max_hp_per_floor":[70,70,70,70,70,70,70,70,70,70,70,70,70,70,70,70,70,70,70,70,70,70,70,70,70,70,70,70],"card_choices":[{"not_picked":["Dodge and Roll","Backflip"],"picked":"Poisoned Stab","floor":1},{"not_picked":["Poisoned Stab","Blur"],"picked":"Blade Dance","floor":3},{"not_picked":["Acrobatics","Quick Slash"],"picked":"Bane","floor":5},{"not_picked":["Prepared+1","Endless Agony"],"picked":"Phantasmal Killer+1","floor":6},{"not_picked":["Storm of Steel+1","Flying Knee"],"picked":"PiercingWail+1","floor":8},{"not_picked":["Reflex+1","Finisher"],"picked":"Footwork","floor":13},{"not_picked":["Finisher","Eviscerate"],"picked":"Dagger Throw","floor":14},{"not_picked":["Night Terror+1","Envenom"],"picked":"Adrenaline+1","floor":16},{"not_picked":["Flying Knee","Blade Dance+1"],"picked":"Backflip+1","floor":18},{"not_picked":["Outmaneuver+1","Poisoned Stab","Bane"],"picked":"SKIP","floor":19},{"not_picked":["Sucker Punch","Tactician+1"],"picked":"Envenom","floor":20},{"not_picked":["Deflect+1","Terror+1"],"picked":"Blade Dance+1","floor":22},{"not_picked":["Reflex+1","Sucker Punch","Deflect+1"],"picked":"SKIP","floor":24}],"player_experience":262546,"relics_obtained":[{"floor":6,"key":"Toxic Egg 2"},{"floor":8,"key":"Meat on the Bone"},{"floor":14,"key":"Tingsha"},{"floor":20,"key":"Red Mask"},{"floor":24,"key":"PreservedInsect"},{"floor":26,"key":"Potion Belt"}],"event_choices":[{"damage_healed":0,"gold_gain":0,"player_choice":"Got Potions","damage_taken":0,"max_hp_gain":0,"max_hp_loss":0,"event_name":"Lab","floor":4,"gold_loss":0},{"cards_removed":["Strike_G"],"damage_healed":0,"gold_gain":0,"player_choice":"Card Removal","damage_taken":0,"max_hp_gain":0,"max_hp_loss":0,"event_name":"Wheel of Change","floor":11,"gold_loss":0},{"damage_healed":0,"gold_gain":0,"player_choice":"Fought Bandits","damage_taken":0,"max_hp_gain":0,"max_hp_loss":0,"event_name":"Masked Bandits","floor":20,"gold_loss":0},{"damage_healed":0,"gold_gain":0,"player_choice":"Copied","damage_taken":0,"max_hp_gain":0,"max_hp_loss":0,"event_name":"Duplicator","floor":25,"gold_loss":0,"cards_obtained":["Adrenaline"]}],"is_beta":false,"boss_relics":[{"not_picked":["Velvet Choker","Tiny House"],"picked":"Snecko Eye"}],"items_purged_floors":[21],"is_endless":false,"potions_floor_spawned":[3,6,13,14,19],"killed_by":"Centurion and Healer","ascension_level":13}}