{"host":"72n3jwtrlpjobydj","time":1613544862,"event":{"mods":["AchievementEnabler","BaseMod","CapriCore","DeckTracker","Hermit","Koishi","KomeijiMod","Lobotomy","Marisa£¨Ùöéë¡¡Øª×âÞÞ£©","Minty Spire (QoL Compilation)","Permanent Neow","StSLib","SuperFastMode","The Cursed","The Hierophant","The Immortal"],"gold_per_floor":[118,138,63,63,82,82,109,109,154,186,204,216,231,231,231,329,329,349,363,67,67,80,80,100,116,164,164,181,181,27,46,46,46,46],"floor_reached":33,"language":"KOR","playtime":1017,"items_purged":["Defend_R","Strike_R"],"score":286,"play_id":"b9ec664b-843c-46df-b5d0-c1d498bc0212","local_time":"20210217155422","is_ascension_mode":false,"campfire_choices":[{"data":"Seeing Red","floor":6,"key":"SMITH"},{"floor":8,"key":"REST"},{"floor":15,"key":"REST"},{"floor":23,"key":"REST"},{"floor":27,"key":"REST"},{"floor":29,"key":"REST"},{"data":"True Grit","floor":32,"key":"SMITH"}],"circlet_count":0,"master_deck":["Strike_R","Strike_R","Strike_R","Defend_R","Defend_R","Bash","Seeing Red+1","Warcry+1","Exhume","Warcry","Disarm","Disarm","True Grit+1","Feed"],"relics":["Burning Blood","ThirstyCross","Blood Vial","Omamori","Centennial Puzzle","Empty Cage","Lee\u0027s Waffle","Bronze Scales","Regal Pillow"],"acts_visited":["Exordium","TheCity"],"potions_floor_usage":[7,10,16,18,19,28,33,33],"damage_taken":[{"damage":2,"enemies":"Small Slimes","floor":1,"turns":4},{"damage":6,"enemies":"Jaw Worm","floor":2,"turns":5},{"damage":0,"enemies":"Cultist","floor":5,"turns":2},{"damage":27,"enemies":"Gremlin Nob","floor":7,"turns":4},{"damage":44,"enemies":"Lagavulin","floor":10,"turns":6},{"damage":11,"enemies":"Large Slime","floor":11,"turns":3},{"damage":9,"enemies":"3 Louse","floor":12,"turns":4},{"damage":16,"enemies":"2 Fungi Beasts","floor":13,"turns":4},{"damage":58,"enemies":"The Guardian","floor":16,"turns":9},{"damage":47,"enemies":"Spheric Guardian","floor":18,"turns":6},{"damage":66,"enemies":"3 Byrds","floor":19,"turns":6},{"damage":21,"enemies":"Centurion and Healer","floor":22,"turns":6},{"damage":57,"enemies":"Shelled Parasite and Fungi","floor":24,"turns":8},{"damage":31,"enemies":"Chosen and Byrds","floor":25,"turns":5},{"damage":12,"enemies":"Snake Plant","floor":28,"turns":5},{"damage":13,"enemies":"Centurion and Healer","floor":31,"turns":10},{"damage":104,"enemies":"Champ","floor":33,"turns":16}],"seed_played":"-1458956519530920200","potions_obtained":[{"floor":2,"key":"Energy Potion"},{"floor":7,"key":"Regen Potion"},{"floor":11,"key":"SneckoOil"},{"floor":12,"key":"BloodPotion"},{"floor":16,"key":"LiquidBronze"},{"floor":18,"key":"Block Potion"},{"floor":19,"key":"BlessingOfTheForge"},{"floor":25,"key":"Dexterity Potion"}],"is_trial":false,"path_per_floor":["M","M","$","?","M","R","E","R","T","E","M","M","M","?","R","B",null,"M","M","$","?","M","R","M","M","T","R","M","R","$","M","R","B"],"character_chosen":"IRONCLAD","items_purchased":["Lee\u0027s Waffle","Bronze Scales","True Grit"],"campfire_rested":5,"item_purchase_floors":[20,20,30],"current_hp_per_floor":[76,76,76,76,82,82,61,89,89,67,64,63,55,55,83,33,96,74,16,103,82,69,101,52,29,29,76,72,108,108,101,101,0,0],"gold":46,"neow_bonus":"TWENTY_PERCENT_HP_BONUS","is_daily":false,"chose_seed":false,"campfire_upgraded":2,"win_rate":0.0,"timestamp":1613544862,"path_taken":["M","M","$","?","M","R","E","R","T","E","M","M","M","?","R","BOSS","M","M","?","?","M","R","M","M","T","R","M","R","$","M","R","BOSS"],"items_purchased_type":["Relic","Relic","Card"],"build_version":"2020-12-22","purchased_purges":2,"victory":false,"max_hp_per_floor":[96,96,96,96,96,96,96,96,96,96,96,96,96,96,96,96,96,96,96,103,108,108,108,108,108,108,108,108,108,108,108,108,108,108],"card_choices":[{"not_picked":["Headbutt","Cleave"],"picked":"Seeing Red","floor":1},{"not_picked":["Armaments","Anger","Heavy Blade"],"picked":"SKIP","floor":2},{"not_picked":["Cleave","Bludgeon","Rampage"],"picked":"SKIP","floor":5},{"not_picked":["Headbutt","Shrug It Off","Power Through"],"picked":"SKIP","floor":7},{"not_picked":["Seeing Red","Clash","Pommel Strike"],"picked":"SKIP","floor":10},{"not_picked":["Body Slam","Wild Strike","True Grit"],"picked":"SKIP","floor":11},{"not_picked":["Clothesline","Thunderclap"],"picked":"Warcry","floor":12},{"not_picked":["Spot Weakness","Clash","Armaments"],"picked":"SKIP","floor":13},{"not_picked":["Demon Form","Impervious"],"picked":"Exhume","floor":16},{"not_picked":["Flex","Spot Weakness"],"picked":"Warcry","floor":18},{"not_picked":["Iron Wave","Metallicize+1","Sword Boomerang"],"picked":"SKIP","floor":19},{"not_picked":["Carnage","Anger"],"picked":"Disarm","floor":22},{"not_picked":["Twin Strike","Second Wind"],"picked":"Disarm","floor":24},{"not_picked":["Inflame+1","Shrug It Off+1","Iron Wave+1"],"picked":"SKIP","floor":25},{"not_picked":["Wild Strike","Armaments","Heavy Blade+1"],"picked":"SKIP","floor":28},{"not_picked":["Whirlwind","Shrug It Off+1"],"picked":"Feed","floor":31}],"player_experience":65009,"relics_obtained":[{"floor":7,"key":"Blood Vial"},{"floor":9,"key":"Omamori"},{"floor":10,"key":"Centennial Puzzle"},{"floor":26,"key":"Regal Pillow"}],"event_choices":[{"damage_healed":0,"gold_gain":0,"player_choice":"Upgraded","damage_taken":0,"max_hp_gain":0,"max_hp_loss":0,"event_name":"Upgrade Shrine","floor":14,"gold_loss":0,"cards_upgraded":["Warcry"]},{"damage_healed":0,"gold_gain":0,"player_choice":"Shed Blood","damage_taken":26,"max_hp_gain":5,"max_hp_loss":0,"event_name":"Forgotten Altar","floor":21,"gold_loss":0}],"is_beta":false,"boss_relics":[{"not_picked":["Busted Crown","SacredBark"],"picked":"Empty Cage"}],"items_purged_floors":[3,30],"is_endless":false,"potions_floor_spawned":[2,7,11,12,16,18,19,25],"killed_by":"Champ","ascension_level":0}}