{"host":"w8xisjf5mgmfjvmt","time":1613529316,"event":{"mods":["BaseMod","BetterRewards","Bossed Relics","Challenge The Spire","Conspire","Energized Spire","Filter the Spire","Minty Spire (QoL Compilation)","Quarter Circle Forward PUNCH!","Quick Restart","Relic Filter Mod","Relic Stats","Reliquary","Replay The Spire","Say the Spire","Shop Mod","Spicy Shops","StSLib","Thieving Mod","¡¾ÒÅÎï¿¨ÅÆ¡¿REMEMod","óô»ðÖ¸ÄÏ"],"gold_per_floor":[110,135,145,161,177,177,210,210,233,233,233,266,281,73,73,150,150,160,175,192,192,212,246,246,266,266,276,307,319,333,362,362,362,362],"floor_reached":33,"language":"ZHS","playtime":998,"items_purged":["Strike_R"],"score":867,"play_id":"4db5278f-b9cd-4d91-8a40-b80d19d76237","local_time":"20210217103516","is_ascension_mode":true,"campfire_choices":[{"data":"Bludgeon","floor":6.0,"key":"SMITH"},{"data":"Bash","floor":8.0,"key":"SMITH"},{"data":"ReplayTheSpireMod:Limb From Limb","floor":10.0,"key":"SMITH"},{"data":"Uppercut","floor":15.0,"key":"SMITH"},{"data":"Offering","floor":24.0,"key":"SMITH"},{"data":"Double Tap","floor":32.0,"key":"SMITH"}],"circlet_count":0,"master_deck":["AscendersBane","Strike_R","Strike_R+1","Strike_R+1","Defend_R","Defend_R","Defend_R","Defend_R","Bash+1","Bludgeon+1","ReplayTheSpireMod:Limb From Limb+1","Second Wind","Infernal Blade","Clothesline","Uppercut+1","Immolate+1","Offering+1","ReplayTheSpireMod:LeadingStrike","Dual Wield","Burning Pact","Double Tap+1","Power Through"],"relics":["REME_ComplimentaryCards","Snecko Eye","Art of War","Ancient Tea Set","Whetstone","reliquary:PrincelyHelmet","Replay:Ringing Soul","reliquary:ThirdArm","Regal Pillow","reliquary:GummyVitamins","Ornamental Fan"],"acts_visited":["Exordium","TheCity"],"potions_floor_usage":[33],"damage_taken":[{"damage":0.0,"enemies":"Small Slimes","floor":1.0,"turns":1.0},{"damage":0.0,"enemies":"conspire:MimicChest","floor":2.0,"turns":2.0},{"damage":0.0,"enemies":"Cultist","floor":3.0,"turns":2.0},{"damage":0.0,"enemies":"2 Louse","floor":4.0,"turns":1.0},{"damage":0.0,"enemies":"Red Slaver","floor":5.0,"turns":1.0},{"damage":5.0,"enemies":"3 Sentries","floor":7.0,"turns":3.0},{"damage":2.0,"enemies":"Lagavulin","floor":12.0,"turns":2.0},{"damage":0.0,"enemies":"Exordium Thugs","floor":13.0,"turns":2.0},{"damage":24.0,"enemies":"Hexaghost","floor":16.0,"turns":3.0},{"damage":19.0,"enemies":"2 Thieves","floor":18.0,"turns":3.0},{"damage":6.0,"enemies":"conspire:FuzzyDice","floor":19.0,"turns":3.0},{"damage":0.0,"enemies":"Cultist and Chosen","floor":20.0,"turns":2.0},{"damage":6.0,"enemies":"Snecko","floor":22.0,"turns":4.0},{"damage":6.0,"enemies":"REME_1_Revenger","floor":23.0,"turns":2.0},{"damage":6.0,"enemies":"Snake Plant","floor":25.0,"turns":2.0},{"damage":3.0,"enemies":"Centurion and Healer","floor":27.0,"turns":3.0},{"damage":6.0,"enemies":"conspire:Head Lice","floor":28.0,"turns":2.0},{"damage":6.0,"enemies":"Cultist and Chosen","floor":29.0,"turns":3.0},{"damage":6.0,"enemies":"Snake Plant","floor":30.0,"turns":2.0},{"damage":6.0,"enemies":"conspire:SneckoGhost","floor":31.0,"turns":4.0},{"damage":24,"enemies":"conspire:MysteriousRune","floor":33,"turns":4}],"seed_played":"1413400132216500249","potions_obtained":[{"floor":2.0,"key":"BloodPotion"},{"floor":3.0,"key":"Energy Potion"},{"floor":12.0,"key":"Energy Potion"},{"floor":18.0,"key":"Adrenaline Potion"},{"floor":23.0,"key":"Strength Potion"},{"floor":25.0,"key":"Dexterity Potion"},{"floor":28.0,"key":"Elixir"},{"floor":29.0,"key":"FearPotion"}],"is_trial":false,"path_per_floor":["M","?","M","M","M","R","E","R","T","R","?","E","M","$","R","B",null,"M","M","M","?","M","E","R","M","T","M","E","M","M","E","R","B"],"character_chosen":"IRONCLAD","items_purchased":["Immolate+1"],"campfire_rested":0,"item_purchase_floors":[14],"current_hp_per_floor":[68,68,68,68,68,68,63,63,63,63,63,64,64,67,67,62,79,63,57,60,60,57,51,51,48,48,45,39,33,30,24,24,0,0],"gold":362,"neow_bonus":"BOSS_RELIC","is_daily":false,"chose_seed":false,"campfire_upgraded":6,"win_rate":0.0,"timestamp":1613529316,"path_taken":["M","?","?","M","M","R","E","R","T","R","?","E","M","$","R","BOSS","M","?","?","?","M","E","R","M","T","?","E","M","M","E","R","BOSS"],"items_purchased_type":["Card"],"build_version":"2020-12-22","purchased_purges":1,"victory":false,"max_hp_per_floor":[75,75,75,75,75,75,75,75,75,75,75,78,78,81,81,84,84,87,87,90,90,93,93,93,96,96,96,96,96,99,99,99,99,99],"relic_stats":{"Regal Pillow":0,"counters":[21,51],"Ornamental Fan":[8],"Snecko Eye":[108,101,85,87],"Art of War":[1],"Whetstone":["Strike_R","Strike_R"],"obtain_stats":[{"Replay:Ringing Soul":12,"Regal Pillow":23,"reliquary:PrincelyHelmet":11,"Ornamental Fan":31,"Snecko Eye":0,"reliquary:GummyVitamins":28,"Art of War":2,"Whetstone":9,"Ancient Tea Set":7,"reliquary:ThirdArm":17,"Burning Blood":0,"REME_ComplimentaryCards":0},{"Replay:Ringing Soul":7,"Regal Pillow":14,"reliquary:PrincelyHelmet":6,"Ornamental Fan":20,"Snecko Eye":0,"reliquary:GummyVitamins":17,"Art of War":2,"Whetstone":6,"Ancient Tea Set":6,"reliquary:ThirdArm":9,"Burning Blood":0,"REME_ComplimentaryCards":0},{"Replay:Ringing Soul":12,"Regal Pillow":31,"reliquary:PrincelyHelmet":10,"Ornamental Fan":47,"Snecko Eye":0,"reliquary:GummyVitamins":38,"Art of War":3,"Whetstone":10,"Ancient Tea Set":10,"reliquary:ThirdArm":17,"Burning Blood":0,"REME_ComplimentaryCards":0}]},"card_choices":[{"not_picked":["Defy Death","REME_SingleHolding"],"picked":"ReplayTheSpireMod:Limb From Limb","floor":1.0},{"not_picked":["Twin Strike","Body Slam"],"picked":"Second Wind","floor":3.0},{"not_picked":["Cleave","REME_SingleHolding","Headbutt"],"picked":"SKIP","floor":4.0},{"not_picked":["Entrench","Wild Strike"],"picked":"Infernal Blade","floor":5.0},{"not_picked":["Twin Strike","Sword Boomerang"],"picked":"Clothesline","floor":7.0},{"not_picked":["ReplayTheSpireMod:Limb From Limb","Rampage"],"picked":"Uppercut","floor":12.0},{"not_picked":["Pummel","Searing Blow","Havoc"],"picked":"SKIP","floor":13.0},{"not_picked":["Limit Break","Brutality"],"picked":"Offering","floor":16.0},{"not_picked":["REME_FearOfPain","Armaments","ReplayTheSpireMod:LeadingStrike"],"picked":"SKIP","floor":18.0},{"not_picked":["REME_FearOfPain","Armaments"],"picked":"ReplayTheSpireMod:LeadingStrike","floor":18.0},{"not_picked":["Sword Boomerang+1","Heavy Blade","ReplayTheSpireMod:LeadingStrike"],"picked":"SKIP","floor":19.0},{"not_picked":["Flex","Entrench"],"picked":"Dual Wield","floor":20.0},{"not_picked":["Twin Strike","True Grit"],"picked":"Burning Pact","floor":22.0},{"not_picked":["Clash","Armaments","Searing Blow"],"picked":"SKIP","floor":23.0},{"not_picked":["Sever Soul","Wild Strike"],"picked":"Double Tap","floor":25.0},{"not_picked":["Fire Breathing","Rampage","Pommel Strike"],"picked":"SKIP","floor":27.0},{"not_picked":["Body Slam","Sever Soul","Seeing Red"],"picked":"SKIP","floor":28.0},{"not_picked":["Armaments+1","Run Through","Heavy Blade+1"],"picked":"SKIP","floor":29.0},{"not_picked":["Armaments+1","Run Through","Heavy Blade+1"],"picked":"SKIP","floor":29.0},{"not_picked":["Feel No Pain","REME_Fury"],"picked":"Power Through","floor":30.0},{"not_picked":["Fire Breathing","Headbutt","Clash"],"picked":"SKIP","floor":31.0}],"player_experience":1367906,"relics_obtained":[{"floor":2.0,"key":"Art of War"},{"floor":7.0,"key":"Ancient Tea Set"},{"floor":9.0,"key":"Whetstone"},{"floor":11.0,"key":"reliquary:PrincelyHelmet"},{"floor":12.0,"key":"Replay:Ringing Soul"},{"floor":23.0,"key":"Regal Pillow"},{"floor":28.0,"key":"reliquary:GummyVitamins"},{"floor":31.0,"key":"Ornamental Fan"}],"event_choices":[{"damage_healed":0.0,"max_hp_gain":0.0,"max_hp_loss":0.0,"gold_gain":0.0,"event_name":"Wheel of Change","player_choice":"Relic","floor":11.0,"gold_loss":0.0,"damage_taken":0.0},{"cards_removed":["Strike_R"],"damage_healed":0.0,"max_hp_gain":0.0,"max_hp_loss":0.0,"gold_gain":0.0,"event_name":"Purifier","player_choice":"Purged","floor":21.0,"gold_loss":0.0,"damage_taken":0.0}],"is_beta":false,"boss_relics":[{"not_picked":["reliquary:Ember","Replay:Drink Me"],"picked":"reliquary:ThirdArm"}],"items_purged_floors":[14],"is_endless":false,"potions_floor_spawned":[2,3,5,12,18,23,25,28,29],"killed_by":"conspire:MysteriousRune","ascension_level":20}}