{"host":"m9osufisr3agwk96","time":1613558784,"event":{"mods":["AchievementEnabler","Aspiration","Bard","BaseMod","Colored Map","Colored Powertips","Downfall","Duelist Mod","Friendly Minions","GifTheSpireLib","Gremlin Mod","Hermit","Hero for Fun","Highlight Path","Hubris","Infinite Spire","Minty Spire (QoL Compilation)","Rare Cards Sparkle","Reliquary","Replay The Spire","Shop Mod","StSLib","Td1madao Mod","The Cursed","The Hierophant","The Necromancer"],"gold_per_floor":[110,285,285,303,316,316,334,361,387,403,0,27,27,43,43,143,143,154,154,169,169,186,186,212,212,212,212,212,232,232,82,82,182,182,199,213,213,21,21,21,21,33,85,85,110,110,129,146,146,146,146],"floor_reached":50,"language":"ENG","playtime":2437,"items_purged":[],"score":515,"play_id":"b4a13038-6ed9-4a6c-a139-134ff7a7bffa","local_time":"20210217024624","is_ascension_mode":false,"campfire_choices":[{"data":"TheCursedMod:CursedStaff","floor":6,"key":"SMITH"},{"floor":15,"key":"REST"},{"data":"ReplayTheSpireMod:Black Plague","floor":23,"key":"SMITH"},{"floor":25,"key":"REST"},{"data":"Double Tap","floor":32,"key":"SMITH"},{"floor":40,"key":"REST"},{"floor":44,"key":"REST"},{"floor":46,"key":"REST"},{"floor":49,"key":"REST"}],"circlet_count":0,"master_deck":["TheCursedMod:Strike_TheCursed+1","TheCursedMod:Strike_TheCursed+1","TheCursedMod:Strike_TheCursed+1","TheCursedMod:Strike_TheCursed+1","TheCursedMod:Defend_TheCursed+1","TheCursedMod:Defend_TheCursed+1","TheCursedMod:Defend_TheCursed+1","TheCursedMod:CleanUpWorkshop","TheCursedMod:Dregs","TheCursedMod:CursedShiv","TheCursedMod:CursedStaff+1","TheCursedMod:RavingStaff","TheCursedMod:BlessingInDisguise","TheCursedMod:Grudge","TheCursedMod:CursedStaff","TheCursedMod:HellfireBreathing","TheCursedMod:ReleasedKnowledge+1","TheCursedMod:StunningStrike","Power Through+1","TheCursedMod:SaltUponWound","infinitespire:Gouge+1","ReplayTheSpireMod:Black Plague+1","Bloodletting","Dual Wield+1","Double Tap+1","ReplayTheSpireMod:Black Plague+1","Demon Form","Uppercut","TheCursedMod:SoulCrush","Enlightenment","TheCursedMod:SurpriseAttack+1","TheCursedMod:ManaCirculation","TheCursedMod:StingEye+1","TheCursedMod:DoubleShield+1"],"relics":["TheCursedMod:BlackMagic101","NeowsBlessing","Odd Mushroom","hubris:TenFootPole","Lantern","Bottled Lightning","Centennial Puzzle","aspiration:IroncladSkillbook","Empty Cage","reliquary:Bookmark","PreservedInsect","reliquary:Knoch","DollysMirror","TheCursedMod:OminousMark","Replay:Rubber Ducky","Chameleon Ring"],"acts_visited":["Exordium","TheCity","TheBeyond"],"potions_floor_usage":[8,12,16,18,33,33,42,42,42,45,50],"damage_taken":[{"damage":0,"enemies":"2 Louse","floor":1,"turns":1},{"damage":0,"enemies":"Small Slimes","floor":4,"turns":1},{"damage":0,"enemies":"Cultist","floor":5,"turns":1},{"damage":0,"enemies":"Looter","floor":7,"turns":2},{"damage":13,"enemies":"The Mushroom Lair","floor":8,"turns":4},{"damage":5,"enemies":"Exordium Thugs","floor":10,"turns":4},{"damage":8,"enemies":"Lagavulin","floor":12,"turns":5},{"damage":0,"enemies":"Blue Slaver","floor":14,"turns":2},{"damage":49,"enemies":"The Guardian","floor":16,"turns":10},{"damage":10,"enemies":"3 Byrds","floor":18,"turns":6},{"damage":11,"enemies":"Chosen","floor":20,"turns":5},{"damage":0,"enemies":"Centurion and Healer","floor":22,"turns":6},{"damage":10,"enemies":"Nightmare","floor":24,"turns":6},{"damage":3,"enemies":"3 Cultists","floor":29,"turns":4},{"damage":19,"enemies":"Collector","floor":33,"turns":6},{"damage":6,"enemies":"3 Shapes","floor":35,"turns":4},{"damage":58,"enemies":"3 Darklings","floor":36,"turns":10},{"damage":16,"enemies":"Jaw Worm Horde","floor":42,"turns":3},{"damage":9,"enemies":"Giant Head","floor":45,"turns":3},{"damage":8,"enemies":"Transient","floor":47,"turns":5},{"damage":3,"enemies":"Maw","floor":48,"turns":5},{"damage":76,"enemies":"Awakened One","floor":50,"turns":7}],"seed_played":"5840713824108595502","potions_obtained":[{"floor":7,"key":"SteroidPotion"},{"floor":8,"key":"LiquidBronze"},{"floor":10,"key":"Languid Potion"},{"floor":16,"key":"Adrenaline Potion"},{"floor":20,"key":"Death Potion"},{"floor":24,"key":"Fire Potion"},{"floor":36,"key":"AttackPotion"},{"floor":42,"key":"Guardian:BlockOnCardUsePotion"},{"floor":47,"key":"Adrenaline Potion"},{"floor":48,"key":"GamblersBrew"}],"is_trial":false,"path_per_floor":["M","?","?","M","M","R","M","?","T","M","$","E","?","M","R","B",null,"M","?","M","AVR","M","R","NM","R","T","?","?","M","?","$","R","B",null,"M","M","?","$","?","R","?","M","T","R","E","R","M","M","R","B"],"character_chosen":"THE_CURSED","items_purchased":["Lantern","Bottled Lightning","DollysMirror","ColorlessPotion","AttackPotion","Enlightenment"],"campfire_rested":6,"item_purchase_floors":[11,11,31,38,38,38],"current_hp_per_floor":[75,75,75,75,75,75,75,62,62,57,57,49,49,49,71,22,75,69,69,62,62,66,66,60,75,75,75,75,75,75,75,75,60,75,73,19,19,19,19,41,41,29,29,51,46,68,64,65,75,0,0],"gold":146,"neow_bonus":"THREE_ENEMY_KILL","is_daily":false,"chose_seed":false,"campfire_upgraded":3,"win_rate":0.0,"timestamp":1613558784,"path_taken":["M","?","?","?","M","R","M","?","T","M","?","E","?","M","R","BOSS","M","?","M","AVR","M","R","NM","R","T","?","?","?","?","$","R","BOSS","M","M","?","$","?","R","?","M","T","R","E","R","?","M","R","BOSS"],"items_purchased_type":["Relic","Relic","Relic","Potion","Potion","Card"],"build_version":"2020-12-22","purchased_purges":0,"victory":false,"max_hp_per_floor":[75,75,75,75,75,75,75,75,75,75,75,75,75,75,75,75,75,75,75,75,75,75,75,75,75,75,75,75,75,75,75,75,75,75,75,75,75,75,75,75,75,75,75,75,75,75,75,75,75,75,75],"card_choices":[{"not_picked":["TheCursedMod:SpitefulPlan","TheCursedMod:Obscuration"],"picked":"TheCursedMod:CursedShiv","floor":1},{"not_picked":["TheCursedMod:FleshFromBone","TheCursedMod:Mangle"],"picked":"TheCursedMod:CursedStaff","floor":4},{"not_picked":["TheCursedMod:Torture","TheCursedMod:WearCloak"],"picked":"TheCursedMod:RavingStaff","floor":5},{"not_picked":["TheCursedMod:Wield","TheCursedMod:SurpriseAttack"],"picked":"TheCursedMod:BlessingInDisguise","floor":7},{"not_picked":["TheCursedMod:CursedShiv","TheCursedMod:RapidMovement"],"picked":"TheCursedMod:Grudge","floor":8},{"not_picked":["TheCursedMod:CircleOfFlame","TheCursedMod:TacticalStrike"],"picked":"TheCursedMod:CursedStaff","floor":10},{"not_picked":["TheCursedMod:Stretching","TheCursedMod:CircleOfAmplification"],"picked":"TheCursedMod:HellfireBreathing","floor":12},{"not_picked":["TheCursedMod:CursedMace","TheCursedMod:Wield"],"picked":"TheCursedMod:ReleasedKnowledge","floor":14},{"not_picked":["TheCursedMod:UltimatePain","TheCursedMod:Neurasthenia"],"picked":"TheCursedMod:StunningStrike","floor":16},{"not_picked":["Cleave","TheCursedMod:CursedMace","TheCursedMod:RavingStaff"],"picked":"Power Through+1","floor":18},{"not_picked":["TheCursedMod:SmokeScreen","Cleave+1","Sword Boomerang"],"picked":"TheCursedMod:SaltUponWound","floor":20},{"not_picked":["Blood for Blood","TheCursedMod:CursedAmulet+1","TheCursedMod:SoulCrush"],"picked":"Bloodletting","floor":22},{"not_picked":["hubris:CleavingFinish","TheCursedMod:FuryStrike","Seeing Red"],"picked":"Dual Wield+1","floor":24},{"not_picked":["Replay:Undeath\u0027s Touch","TheCursedMod:CursedMace","infinitespire:OneForAll"],"picked":"Double Tap","floor":29},{"not_picked":["TheCursedMod:CursedRelics","Berserk","TheCursedMod:NeowsMight"],"picked":"Demon Form","floor":33},{"not_picked":["TheCursedMod:FleshFromBone","Pommel Strike","Headbutt+1"],"picked":"Uppercut","floor":35},{"not_picked":["Feel No Pain","TheCursedMod:CursedShiv","TheCursedMod:RapidMovement"],"picked":"TheCursedMod:SoulCrush","floor":36},{"not_picked":["TheCursedMod:RapidMovement","Warcry+1","TheCursedMod:Torture"],"picked":"TheCursedMod:SurpriseAttack+1","floor":42},{"not_picked":["Thunderclap+1","Twin Strike+1","TheCursedMod:Mangle+1"],"picked":"TheCursedMod:ManaCirculation","floor":45},{"not_picked":["Power Through+1","TheCursedMod:TacticalStrike","TheCursedMod:CursedAmulet"],"picked":"TheCursedMod:StingEye+1","floor":47},{"not_picked":["Replay:Undeath\u0027s Touch","ReplayTheSpireMod:LeadingStrike","TheCursedMod:SoulReap"],"picked":"TheCursedMod:DoubleShield+1","floor":48}],"player_experience":499410,"relics_obtained":[{"floor":8,"key":"Odd Mushroom"},{"floor":9,"key":"hubris:TenFootPole"},{"floor":12,"key":"Centennial Puzzle"},{"floor":24,"key":"PreservedInsect"},{"floor":43,"key":"Replay:Rubber Ducky"},{"floor":45,"key":"Chameleon Ring"}],"event_choices":[{"damage_healed":0,"gold_gain":175,"player_choice":"AGREE","damage_taken":0,"max_hp_gain":0,"max_hp_loss":0,"event_name":"Liars Game","floor":2,"gold_loss":0,"cards_obtained":["Doubt"]},{"damage_healed":0,"gold_gain":0,"player_choice":"Fought Mushrooms","damage_taken":0,"max_hp_gain":0,"max_hp_loss":0,"event_name":"Mushrooms","floor":8,"gold_loss":0},{"damage_healed":0,"gold_gain":0,"player_choice":"Simplicity","damage_taken":0,"max_hp_gain":0,"max_hp_loss":0,"event_name":"Back to Basics","floor":19,"gold_loss":0,"cards_upgraded":["TheCursedMod:Strike_TheCursed","TheCursedMod:Strike_TheCursed","TheCursedMod:Strike_TheCursed","TheCursedMod:Defend_TheCursed","TheCursedMod:Defend_TheCursed","TheCursedMod:Defend_TheCursed","TheCursedMod:Defend_TheCursed"]},{"damage_healed":0,"gold_gain":0,"player_choice":"Upgraded","damage_taken":0,"max_hp_gain":0,"max_hp_loss":0,"event_name":"Upgrade Shrine","floor":28,"gold_loss":0,"cards_upgraded":["infinitespire:Gouge"]},{"cards_removed":["TheCursedMod:CursedWand"],"damage_healed":0,"gold_gain":0,"player_choice":"Removed Attack","damage_taken":0,"max_hp_gain":0,"max_hp_loss":0,"event_name":"Falling","floor":37,"gold_loss":0},{"damage_healed":0,"gold_gain":0,"player_choice":"Upgraded","damage_taken":0,"max_hp_gain":0,"max_hp_loss":0,"event_name":"Upgrade Shrine","floor":41,"gold_loss":0,"cards_upgraded":["TheCursedMod:ReleasedKnowledge"]}],"is_beta":false,"boss_relics":[{"not_picked":["Snecko Eye","Runic Pyramid"],"picked":"aspiration:IroncladSkillbook"},{"not_picked":["ChewingGum","hubris:BlackHole"],"picked":"TheCursedMod:OminousMark"}],"items_purged_floors":[],"is_endless":true,"potions_floor_spawned":[7,8,10,16,20,24,36,42,47,48],"killed_by":"Awakened One","ascension_level":0}}