{"host":"o9lehcdjc4u6j9un","time":1613576331,"event":{"mods":["Aspiration","BaseMod","Better-Laid Plans","Bossed Relics","Colored Map","Downfall","Gremlin Mod","Hermit","Marisa£®ÏF”Í°°ƒß¿Ì…≥£©","Minty Spire (QoL Compilation)","Reimu£®≤©¿ˆ¡È√Œ£©","Remilia£®¿Ÿ√◊¿Ú—«£©","StSLib","The Alterego","The Hierophant","The Jungle","The Marked","The Runesmith","The Senshi","The Servant 0.9.4","Yakumo Yukari mod","Youmu£®ªÍ∆«—˝√Œ£©","≤–¡Ù÷ÆŒÔ"],"gold_per_floor":[112,130,148,148,47,47,78,78,78,78,97,129,149,160,160,263,263,275,286,302,58,72,102,102,137,160,170,182,213,213,226,226,326,326,339,389,98,114,114,148,167,197,221,241,241,241,91,103,103,103],"floor_reached":51,"language":"ZHS","playtime":5865,"items_purged":["Regret","Injury","Runesmith:Strike_RS","Runesmith:Strike_RS"],"score":906,"play_id":"c1ba5aac-de92-4b7c-8ad7-4d6a434288a7","local_time":"20210217233851","is_ascension_mode":false,"campfire_choices":[{"data":"Runesmith:CraftFirestone","floor":6,"key":"SMITH"},{"data":"Runesmith:Permafrost","floor":10,"key":"SMITH"},{"data":"Runesmith:HammerAndChisel","floor":15,"key":"SMITH"},{"floor":24,"key":"REST"},{"floor":30,"key":"REST"},{"data":"Runesmith:FrozenChisel","floor":32,"key":"SMITH"},{"floor":45,"key":"REST"},{"data":"Madness","floor":49,"key":"SMITH"}],"circlet_count":0,"master_deck":["Runesmith:Strike_RS","Runesmith:Defend_RS","Runesmith:Defend_RS","Runesmith:Defend_RS","Runesmith:Defend_RS","Runesmith:CraftFirestone+1","Runesmith:Fortify","Runesmith:Permafrost+1","Runesmith:StaticCage","Runesmith:HammerAndChisel+1","Runesmith:FrozenChisel+1","Runesmith:UnstableHammer","Runesmith:HeatExchange","aspiration:UnbridledHammer+1","Runesmith:CraftProtectio","Runesmith:HeatedChisel+1","Runesmith:Firewall","Runesmith:CraftPrismatica","Runesmith:Reinforce+1","Runesmith:Grindstone+1","Runesmith:MakeshiftArmor+1","Runesmith:Retool","Runesmith:Overpower+1","Runesmith:HeatedChisel+1","Runesmith:Accelerate","Runesmith:CraftProtectio","Runesmith:RuneHurl+1","Runesmith:StaticCage","Runesmith:CraftIndustria","Runesmith:HammerTime+1","aspiration:UnbridledHammer+1","Master of Strategy","Runesmith:Attraction","Runesmith:HammerThrow+1","Runesmith:RuneHurl+1","aspiration:UnbridledHammer+1","Runesmith:HammerThrow+1","Madness+1","Forethought","Flash of Steel+1"],"relics":["Runesmith:BrokenRuby","Thread and Needle","Juzu Bracelet","Molten Egg 2","Bird Faced Urn","PreservedInsect","aspiration:FutureDiary","TheAbacus","Bronze Scales","PlaceholderMod:DeVermisMysteriis","Bag of Preparation","Oddly Smooth Stone","expansioncontent:StudyCardRelic","StoneCalendar","Blood Vial","aspiration:ChemicalBlood","theSenshi:SailorFukuRelic"],"acts_visited":["Exordium","Exordium","TheBeyond"],"potions_floor_usage":[2,12,16,16,22,29,41,50,50,50,50,50],"damage_taken":[{"damage":1,"enemies":"Jaw Worm","floor":1,"turns":4},{"damage":3,"enemies":"Small Slimes","floor":2,"turns":5},{"damage":2,"enemies":"2 Louse","floor":3,"turns":3},{"damage":2,"enemies":"Lagavulin","floor":7,"turns":7},{"damage":6,"enemies":"Blue Slaver","floor":11,"turns":4},{"damage":0,"enemies":"Gremlin Nob","floor":12,"turns":3},{"damage":0,"enemies":"Exordium Thugs","floor":13,"turns":3},{"damage":0,"enemies":"Red Slaver","floor":14,"turns":3},{"damage":0,"enemies":"Hexaghost","floor":16,"turns":10},{"damage":8,"enemies":"theJungle:MUSHROOMGANG","floor":18,"turns":4},{"damage":8,"enemies":"theJungle:GiantWrat","floor":19,"turns":5},{"damage":9,"enemies":"theJungle:Lyon","floor":20,"turns":7},{"damage":15,"enemies":"theJungle:JungleHuntersEncounter","floor":22,"turns":6},{"damage":15,"enemies":"theJungle:Cassacara","floor":23,"turns":7},{"damage":5,"enemies":"theJungle:2_Phrogs","floor":25,"turns":5},{"damage":0,"enemies":"Snake Plant","floor":27,"turns":3},{"damage":7,"enemies":"theJungle:SlimyTreeVines","floor":28,"turns":3},{"damage":6,"enemies":"theJungle:MamaSnecko","floor":29,"turns":4},{"damage":0,"enemies":"theJungle:JungleHuntersEncounter","floor":31,"turns":4},{"damage":0,"enemies":"theJungle:FunGuy","floor":33,"turns":8},{"damage":0,"enemies":"Orb Walker","floor":35,"turns":3},{"damage":5,"enemies":"Mind Bloom Boss Battle","floor":36,"turns":6},{"damage":18,"enemies":"3 Shapes","floor":38,"turns":4},{"damage":0,"enemies":"Nemesis","floor":40,"turns":3},{"damage":23,"enemies":"Maw","floor":41,"turns":5},{"damage":12,"enemies":"Giant Head","floor":42,"turns":7},{"damage":0,"enemies":"Sphere and 2 Shapes","floor":44,"turns":4},{"damage":0,"enemies":"Spire Growth","floor":48,"turns":3},{"damage":46,"enemies":"Awakened One","floor":50,"turns":9}],"seed_played":"-3715314420908924809","potions_obtained":[{"floor":1,"key":"Weak Potion"},{"floor":2,"key":"Fruit Juice"},{"floor":13,"key":"Dexterity Potion"},{"floor":14,"key":"GamblersBrew"},{"floor":20,"key":"SkillPotion"},{"floor":25,"key":"PowerPotion"},{"floor":27,"key":"PowerPotion"},{"floor":33,"key":"SmokeBomb"},{"floor":35,"key":"GrandPatriotsElixir:ReiMu"},{"floor":41,"key":"Fire Potion"},{"floor":44,"key":"LiquidMemories"},{"floor":50,"key":"SteroidPotion"}],"is_trial":false,"path_per_floor":["M","M","M","?","$","R","E","?","T","R","M","E","M","M","R","B",null,"M","M","M","$","M","E","R","E","T","M","M","E","R","M","R","B",null,"M","?","$","M","$","E","M","E","T","M","R","?","$","M","R","B",null],"character_chosen":"RUNESMITH_CLASS","items_purchased":["Runesmith:UnstableHammer","TheAbacus","Master of Strategy"],"campfire_rested":3,"item_purchase_floors":[5,21,37],"current_hp_per_floor":[69,71,69,69,69,69,67,67,67,67,63,63,63,63,63,63,75,67,61,52,52,37,24,46,43,43,43,39,35,57,57,57,65,75,75,73,73,59,59,61,50,44,44,48,70,60,60,64,64,28],"gold":103,"neow_bonus":"TRANSFORM_CARD","is_daily":false,"chose_seed":false,"campfire_upgraded":5,"win_rate":0.0,"timestamp":1613576331,"path_taken":["M","M","M","?","$","R","E","?","T","R","M","E","M","M","R","BOSS","M","M","M","$","M","E","R","E","T","M","M","E","R","M","R","BOSS","M","?","$","M","?","E","M","E","T","M","R","?","$","M","R","BOSS"],"items_purchased_type":["Card","Relic","Card"],"build_version":"2020-12-22","purchased_purges":4,"victory":true,"max_hp_per_floor":[70,75,75,75,75,75,75,75,75,75,75,75,75,75,75,75,75,75,75,75,75,75,75,75,75,75,75,75,75,75,75,75,75,75,75,75,75,75,75,75,75,75,75,75,75,75,75,75,75,75],"card_choices":[{"not_picked":["Runesmith:Permafrost","Runesmith:Repurpose"],"picked":"Runesmith:StaticCage","floor":1},{"not_picked":["Runesmith:Accelerate","Runesmith:Empowerment"],"picked":"Runesmith:HammerAndChisel","floor":2},{"not_picked":["Runesmith:ShiftingStrike","Runesmith:CraftReservo"],"picked":"Runesmith:FrozenChisel","floor":3},{"not_picked":["Runesmith:DoubleUp","Runesmith:EarthShield"],"picked":"Runesmith:HeatExchange","floor":7},{"not_picked":["Runesmith:MakeshiftArmor","Runesmith:Electrocute+1"],"picked":"aspiration:UnbridledHammer+1","floor":11},{"not_picked":["Runesmith:ChiselStab+1","Runesmith:ElementalConversion"],"picked":"Runesmith:CraftProtectio","floor":12},{"not_picked":["Runesmith:CraftMedicinae","aspiration:UnbridledHammer+1"],"picked":"Runesmith:HeatedChisel+1","floor":13},{"not_picked":["Runesmith:Grindstone","Runesmith:HeatExchange+1"],"picked":"Runesmith:Firewall","floor":14},{"not_picked":["Runesmith:MetallurgicalResearch","Runesmith:FissionHammer+1"],"picked":"Runesmith:CraftPrismatica","floor":16},{"not_picked":["Runesmith:CraftSpiculum","Runesmith:UnstableHammer+1"],"picked":"Runesmith:Reinforce+1","floor":18},{"not_picked":["Runesmith:Terraform","Runesmith:MakeshiftArmor"],"picked":"Runesmith:Grindstone+1","floor":19},{"not_picked":["Runesmith:FrozenChisel+1","Runesmith:CraftMagma"],"picked":"Runesmith:MakeshiftArmor+1","floor":20},{"not_picked":["Runesmith:UnlimitedPower","Runesmith:MakeshiftArmor+1"],"picked":"Runesmith:Retool","floor":22},{"not_picked":["Runesmith:Repurpose","Runesmith:LithiumIon+1"],"picked":"Runesmith:Overpower+1","floor":23},{"not_picked":["Runesmith:EnergizedChisel+1","Runesmith:UnstableHammer+1"],"picked":"Runesmith:HeatedChisel+1","floor":25},{"not_picked":["Runesmith:HeatExchange+1","Runesmith:EnergizedChisel+1"],"picked":"Runesmith:Accelerate","floor":27},{"not_picked":["Runesmith:ShiftingStrike+1","Runesmith:UnstableHammer+1"],"picked":"Runesmith:CraftProtectio","floor":28},{"not_picked":["Runesmith:CreatorForm","Runesmith:MetallurgicalResearch"],"picked":"Runesmith:RuneHurl+1","floor":29},{"not_picked":["Runesmith:NanitesCloud","Runesmith:Overpower+1"],"picked":"Runesmith:StaticCage","floor":31},{"not_picked":["Runesmith:Duplicate","Runesmith:CreatorForm"],"picked":"Runesmith:CraftIndustria","floor":33},{"not_picked":["Runesmith:ShiftingStrike+1","Runesmith:Terraform"],"picked":"Runesmith:HammerTime+1","floor":35},{"not_picked":["Runesmith:Repurpose","Runesmith:Grindstone"],"picked":"aspiration:UnbridledHammer+1","floor":36},{"not_picked":["Runesmith:ChiselStab+1","Runesmith:HeatExchange+1"],"picked":"Runesmith:Attraction","floor":38},{"not_picked":["Runesmith:LastStand","Runesmith:CraftProtectio"],"picked":"Runesmith:HammerThrow+1","floor":40},{"not_picked":["Runesmith:Malloc","Runesmith:Repurpose"],"picked":"Runesmith:RuneHurl+1","floor":41},{"not_picked":["Runesmith:CraftProtectio+1","Runesmith:BackupBattery"],"picked":"aspiration:UnbridledHammer+1","floor":42},{"not_picked":["Runesmith:UnlimitedPower","Runesmith:ShiftingStrike+1"],"picked":"Runesmith:HammerThrow+1","floor":44},{"not_picked":["Blind","Panacea"],"picked":"Madness","floor":46},{"not_picked":["Madness","Purity"],"picked":"Forethought","floor":46},{"not_picked":["Mind Blast+1","Finesse"],"picked":"Flash of Steel+1","floor":46},{"not_picked":["Runesmith:Overpower+1","Runesmith:HeatedChisel+1","Runesmith:UnstableHammer+1"],"picked":"SKIP","floor":48}],"player_experience":317059,"relics_obtained":[{"floor":7,"key":"Juzu Bracelet"},{"floor":9,"key":"Bird Faced Urn"},{"floor":12,"key":"PreservedInsect"},{"floor":23,"key":"Bronze Scales"},{"floor":25,"key":"PlaceholderMod:DeVermisMysteriis"},{"floor":26,"key":"Bag of Preparation"},{"floor":29,"key":"Oddly Smooth Stone"},{"floor":36,"key":"StoneCalendar"},{"floor":40,"key":"Blood Vial"},{"floor":42,"key":"aspiration:ChemicalBlood"},{"floor":43,"key":"theSenshi:SailorFukuRelic"}],"event_choices":[{"damage_healed":0,"gold_gain":0,"player_choice":"Box","damage_taken":0,"relics_obtained":["Thread and Needle"],"max_hp_gain":0,"max_hp_loss":0,"event_name":"Big Fish","floor":4,"gold_loss":0,"cards_obtained":["Regret"]},{"damage_healed":0,"gold_gain":0,"player_choice":"Fight","damage_taken":0,"max_hp_gain":0,"max_hp_loss":0,"event_name":"MindBloom","floor":36,"gold_loss":0},{"damage_healed":0,"gold_gain":0,"player_choice":"Memory 3","damage_taken":10,"max_hp_gain":0,"max_hp_loss":0,"event_name":"SensoryStone","floor":46,"gold_loss":0}],"is_beta":false,"boss_relics":[{"not_picked":["Runesmith:PocketReactor","aspiration:RunicSpoon"],"picked":"aspiration:FutureDiary"},{"not_picked":["Sozu","Snecko Eye"],"picked":"expansioncontent:StudyCardRelic"}],"items_purged_floors":[5,21,37,47],"is_endless":false,"potions_floor_spawned":[1,2,13,14,20,25,27,33,35,41,44],"ascension_level":0}}