{"host":"5h6e4l6hpn0p5lap","time":1613588041,"event":{"mods":["AchievementEnabler","BaseMod","Better Altar","Better Match","Better Sensory Stone","Better Skull","Better Third Choice","Colored Map","Filter the Spire","Minty Spire (QoL Compilation)","StSLib"],"gold_per_floor":[116,127,145,159,84,84,115,115,161,161,172,172,186,202,202,306,306,326,326,389,213,231,231,231],"floor_reached":23,"language":"ENG","playtime":851,"items_purged":["Bash","Iron Wave"],"score":263,"play_id":"7bd9f65d-b8a4-4d47-9a18-c5eafc918935","local_time":"20210217135401","is_ascension_mode":true,"campfire_choices":[{"data":"Whirlwind","floor":6,"key":"SMITH"},{"data":"Corruption","floor":10,"key":"SMITH"},{"floor":12,"key":"REST"},{"data":"Flex","floor":15,"key":"SMITH"}],"circlet_count":0,"master_deck":["Reaper","Thunderclap","Flex+1","Clothesline","Whirlwind+1","Corruption+1","Heavy Blade","Inflame","Battle Trance","Exhume","Limit Break","Rage","Fire Breathing","Immolate","Juggernaut","Pommel Strike","Rupture","Pummel","Sentinel","Ghostly Armor","Shrug It Off","Twin Strike","Dual Wield+1"],"relics":["Burning Blood","StrikeDummy","Regal Pillow","Oddly Smooth Stone","Pandora\u0027s Box","SsserpentHead"],"acts_visited":["Exordium","TheCity"],"potions_floor_usage":[7,16,16,16,23],"damage_taken":[{"damage":6,"enemies":"Cultist","floor":1,"turns":4},{"damage":16,"enemies":"Jaw Worm","floor":2,"turns":5},{"damage":2,"enemies":"2 Louse","floor":3,"turns":4},{"damage":12,"enemies":"Looter","floor":4,"turns":4},{"damage":20,"enemies":"3 Sentries","floor":7,"turns":3},{"damage":15,"enemies":"Large Slime","floor":11,"turns":6},{"damage":10,"enemies":"2 Fungi Beasts","floor":13,"turns":4},{"damage":0,"enemies":"Lots of Slimes","floor":14,"turns":1},{"damage":75,"enemies":"Hexaghost","floor":16,"turns":10},{"damage":19,"enemies":"2 Thieves","floor":18,"turns":2},{"damage":12,"enemies":"Chosen","floor":20,"turns":4},{"damage":13,"enemies":"Snake Plant","floor":22,"turns":3},{"damage":53,"enemies":"Gremlin Leader","floor":23,"turns":4}],"seed_played":"2333356339908525269","potions_obtained":[{"floor":4,"key":"Block Potion"},{"floor":11,"key":"BloodPotion"},{"floor":13,"key":"PowerPotion"},{"floor":14,"key":"SkillPotion"},{"floor":20,"key":"BlessingOfTheForge"}],"is_trial":false,"path_per_floor":["M","M","M","M","$","R","E","?","T","R","M","R","M","M","R","B",null,"M","?","M","$","M","E"],"character_chosen":"IRONCLAD","items_purchased":["Shrug It Off","Twin Strike"],"campfire_rested":1,"item_purchase_floors":[21,21],"current_hp_per_floor":[72,62,72,72,72,72,58,40,40,40,39,72,72,72,72,23,60,47,47,41,41,34,0,0],"gold":231,"neow_bonus":"THREE_RARE_CARDS","is_daily":false,"chose_seed":false,"campfire_upgraded":3,"win_rate":0.0,"timestamp":1613588041,"path_taken":["M","?","M","M","$","R","E","?","T","R","M","R","M","M","R","BOSS","M","?","?","$","M","E"],"items_purchased_type":["Card","Card"],"build_version":"2020-12-22","purchased_purges":2,"victory":false,"max_hp_per_floor":[72,72,72,72,72,72,72,72,72,72,72,72,72,72,72,72,72,72,72,72,72,72,72,72],"card_choices":[{"not_picked":["Barricade","Double Tap"],"picked":"Reaper","floor":0},{"not_picked":["Shrug It Off","Reckless Charge"],"picked":"Thunderclap","floor":1},{"not_picked":["Headbutt","Havoc"],"picked":"Flex","floor":2},{"not_picked":["Thunderclap","Wild Strike"],"picked":"Clothesline","floor":3},{"not_picked":["Flex","Shrug It Off"],"picked":"Whirlwind","floor":4},{"not_picked":["Wild Strike","Thunderclap"],"picked":"Corruption","floor":7},{"not_picked":["Warcry","Iron Wave"],"picked":"Heavy Blade","floor":11},{"not_picked":["Clash","Wild Strike"],"picked":"Inflame","floor":13},{"not_picked":["Reckless Charge","Pommel Strike"],"picked":"Battle Trance","floor":14},{"not_picked":["Brutality","Bludgeon"],"picked":"Exhume","floor":16},{"not_picked":["Havoc+1","Iron Wave"],"picked":"Sentinel","floor":18},{"not_picked":["Heavy Blade+1","Perfected Strike"],"picked":"Ghostly Armor","floor":20},{"not_picked":["Clash","Body Slam+1"],"picked":"Dual Wield+1","floor":22}],"player_experience":1136386,"relics_obtained":[{"floor":7,"key":"StrikeDummy"},{"floor":9,"key":"Oddly Smooth Stone"}],"event_choices":[{"damage_healed":0,"gold_gain":0,"player_choice":"Relic ","damage_taken":18,"max_hp_gain":0,"max_hp_loss":0,"event_name":"betterThird:BetterScrap","floor":8,"gold_loss":0,"cards_obtained":["BootSequence"]},{"damage_healed":0,"gold_gain":0,"player_choice":"Trade","damage_taken":0,"relics_obtained":["SsserpentHead"],"max_hp_gain":0,"max_hp_loss":0,"event_name":"FaceTrader","floor":19,"gold_loss":0}],"is_beta":false,"boss_relics":[{"not_picked":["Runic Cube","SlaversCollar"],"picked":"Pandora\u0027s Box"}],"items_purged_floors":[5,21],"is_endless":false,"potions_floor_spawned":[4,11,13,14,20],"killed_by":"Gremlin Leader","ascension_level":7}}