{"host":"4ojbxe11utoi7geq","time":1613534656,"event":{"mods":["2.2 Compatiblity","Act Like it!","Aspiration","Astrologer","Bard","BaseMod","Challenge The Spire","ChefMod","Colored Map","Colored Powertips","Conspire","Elementarium","Energized Spire","Gensokyo","GifTheSpireLib","Halation","Hallownest","Hermit","Hubris","Infinite Spire","Jedi Mod","Jorbs\u0027s Wanderer Trilogy","Marisa（霧雨　魔理沙）","Marked Mod","Menagerie","Minty Spire (QoL Compilation)","Permanent Neow","Reliquary","Replay The Spire","Robot Space Explorer","Ruina","Spicy Shops","Spire Arcade","StSLib","Stuff the Spire","The Blue Laboratory","The Bug Knight","The Construct","The Disciple","The Hayseed","The Hierophant","The Marked","The Runesmith","The Sage","TheFirefly"],"gold_per_floor":[116,136,22,22,42,42,76,86,111,131,131,29,29,29,29,127,127,143,143,143],"floor_reached":19,"language":"ENG","playtime":2281,"items_purged":["stsjorbsmod:Procrastination"],"score":192,"play_id":"60832415-c311-4afa-aa3c-e253dff15de5","local_time":"20210216230416","is_ascension_mode":false,"campfire_choices":[{"data":"Neutralize","floor":6,"key":"SMITH"},{"data":"A Thousand Cuts","floor":11,"key":"SMITH"},{"data":"Blur","floor":13,"key":"SMITH"},{"data":"Predator","floor":15,"key":"SMITH"}],"circlet_count":0,"master_deck":["Strike_G","Strike_G","Strike_G","Defend_G","Defend_G","Defend_G","Defend_G","Defend_G","Survivor","Neutralize+1","Replay:Bag of Tricks+1","Poisoned Stab","Dagger Throw","Dash+1","Blur+1","A Thousand Cuts+1","PiercingWail","Predator+1","Dagger Spray+1","Venomology","PiercingWail+1"],"relics":["Ring of the Snake","Hallownest:DreamNailRelic","reliquary:PurpleTingedLeaf","Blue Doll","ReplayTheSpireMod:CursedCoin","Guide Book","reliquary:KinkedSpring"],"acts_visited":["Exordium","Hallownest:Greenpath"],"potions_floor_usage":[19],"damage_taken":[{"damage":0,"enemies":"Hallownest:monsterHuskWarrior","floor":1,"turns":4},{"damage":0,"enemies":"Hallownest:2_Tiktiks_and_1_Crawlid","floor":2,"turns":4},{"damage":0,"enemies":"2_ Uuma","floor":5,"turns":3},{"damage":0,"enemies":"Hallownest:eliteVengeflyKing","floor":7,"turns":10},{"damage":10,"enemies":"Hallownest:1_Ooma_and_2_Uuma","floor":8,"turns":9},{"damage":0,"enemies":"Hallownest:MossCreep_and_Mosskin","floor":10,"turns":5},{"damage":3,"enemies":"Hallownest:monsterMarmu","floor":14,"turns":5},{"damage":15,"enemies":"Hallownest:BossHornet","floor":16,"turns":12},{"damage":0,"enemies":"Hallownest:3_Youths","floor":18,"turns":4},{"damage":2,"enemies":"Hallownest:2_Mistakes","floor":19,"turns":7}],"seed_played":"5078569054777272094","potions_obtained":[{"floor":8,"key":"ColorlessPotion"},{"floor":16,"key":"blueLaboratory:NinjaPotion"}],"is_trial":false,"path_per_floor":["M","M","$","?","M","R","E","M","T","M","R","$","R","?","R","B",null,"M","M"],"character_chosen":"THE_SILENT","items_purchased":["Dash","ReplayTheSpireMod:CursedCoin","Dagger Spray+1","Guide Book"],"campfire_rested":0,"item_purchase_floors":[3,12,12,12],"current_hp_per_floor":[49,49,49,49,49,49,49,42,42,44,44,44,44,43,43,32,70,70,68,68],"gold":143,"neow_bonus":"THREE_RARE_CARDS","is_daily":false,"chose_seed":false,"campfire_upgraded":4,"win_rate":0.0,"timestamp":1613534656,"path_taken":["M","M","$","?","?","R","E","M","T","M","R","?","R","?","R","BOSS","M","M"],"items_purchased_type":["Card","Relic","Card","Relic"],"build_version":"2020-12-22","purchased_purges":1,"victory":false,"max_hp_per_floor":[70,70,70,70,70,70,70,70,70,70,70,70,70,70,70,70,70,70,70,70],"card_choices":[{"not_picked":["Poison Darts","Tools of the Trade"],"picked":"Replay:Bag of Tricks","floor":0},{"not_picked":["jedi:acidrain","Quick Slash"],"picked":"Poisoned Stab","floor":1},{"not_picked":["StuffTheSpire:ClusterCrunch","Quick Slash"],"picked":"Dagger Throw","floor":2},{"not_picked":["Quick Slash","jedi:pocketpoison"],"picked":"Blur","floor":5},{"not_picked":["Masterful Stab","Quick Slash"],"picked":"A Thousand Cuts","floor":7},{"not_picked":["Bouncing Flask","jedi:acidrain"],"picked":"PiercingWail","floor":8},{"not_picked":["StuffTheSpire:MirrorStance","Hidden Blade"],"picked":"Predator","floor":10},{"not_picked":["infinitespire:Neurotoxin","Phantasmal Killer"],"picked":"Venomology","floor":16},{"not_picked":["Dagger Spray","Slice"],"picked":"PiercingWail+1","floor":18}],"player_experience":3011,"relics_obtained":[{"floor":7,"key":"reliquary:PurpleTingedLeaf"},{"floor":9,"key":"Blue Doll"}],"event_choices":[],"is_beta":false,"boss_relics":[{"not_picked":["aspiration:PoetsPen_weak","halation:Risk"],"picked":"reliquary:KinkedSpring"}],"items_purged_floors":[12],"is_endless":false,"potions_floor_spawned":[8,14,16],"killed_by":"Hallownest:2_Mistakes","ascension_level":0}}