{"host":"00f1p9ihhzi7hxfk","time":1613579676,"event":{"mods":["AchievementEnabler","BaseMod","Colored Map","Colored Powertips","Minty Spire (QoL Compilation)","Rare Cards Sparkle","Relic Stats"],"gold_per_floor":[117,129,142,213,213,213,227,26,26,26,37,37,47,47,47,147,147,147,147,11,11,11,11,11,11,11,11,11,11,11,11,11,11,11,11,11,11,11,11,11,11,11,11,11,11,11,11,11,11,11],"floor_reached":51,"language":"DEU","playtime":3011,"items_purged":[],"score":744,"play_id":"f254a302-a039-4217-9193-6ae1a7568934","local_time":"20210217173436","is_ascension_mode":false,"campfire_choices":[{"data":"Rage","floor":10.0,"key":"SMITH"},{"floor":12.0,"key":"REST"},{"data":"Flex","floor":15.0,"key":"SMITH"},{"data":"Berserk","floor":23.0,"key":"SMITH"},{"data":"Flex","floor":25.0,"key":"SMITH"},{"floor":32,"key":"REST"},{"data":"Immolate","floor":40,"key":"SMITH"},{"floor":42,"key":"DIG"},{"floor":47,"key":"REST"},{"floor":49,"key":"DIG"}],"circlet_count":0,"master_deck":["Strike_R","Strike_R","Strike_R","Strike_R","Defend_R","Defend_R","Defend_R","Defend_R","Bash","Flex+1","Rage+1","Heavy Blade+1","Flex+1","Pummel","Limit Break+1","Berserk+1","Pommel Strike+1","Inflame+1","Limit Break+1","Burning Pact+1","Shockwave+1","Headbutt","Shrug It Off+1","Immolate+1","Heavy Blade+1","Battle Trance+1","Flex+1"],"relics":["Burning Blood","Nunchaku","Omamori","Toxic Egg 2","Ectoplasm","Bag of Marbles","Gremlin Horn","Sozu","Shovel","Ornamental Fan","Lantern","Strawberry","Self Forming Clay"],"acts_visited":["Exordium","TheCity","TheBeyond"],"potions_floor_usage":[27,44,50,50],"damage_taken":[{"damage":0.0,"enemies":"Small Slimes","floor":1.0,"turns":3.0},{"damage":0.0,"enemies":"2 Louse","floor":2.0,"turns":3.0},{"damage":2.0,"enemies":"Jaw Worm","floor":3.0,"turns":3.0},{"damage":2.0,"enemies":"Looter","floor":7.0,"turns":2.0},{"damage":14.0,"enemies":"Gremlin Gang","floor":11.0,"turns":6.0},{"damage":1.0,"enemies":"2 Fungi Beasts","floor":13.0,"turns":3.0},{"damage":50.0,"enemies":"The Guardian","floor":16.0,"turns":11.0},{"damage":2.0,"enemies":"Spheric Guardian","floor":18.0,"turns":4.0},{"damage":14.0,"enemies":"3 Byrds","floor":19.0,"turns":6.0},{"damage":0.0,"enemies":"Sentry and Sphere","floor":22.0,"turns":3.0},{"damage":10.0,"enemies":"Chosen and Byrds","floor":24.0,"turns":3.0},{"damage":0,"enemies":"Book of Stabbing","floor":27,"turns":1},{"damage":6,"enemies":"Cultist and Chosen","floor":28,"turns":4},{"damage":15,"enemies":"Snake Plant","floor":29,"turns":4},{"damage":12,"enemies":"Automaton","floor":33,"turns":5},{"damage":0,"enemies":"3 Shapes","floor":35,"turns":2},{"damage":0,"enemies":"Orb Walker","floor":36,"turns":2},{"damage":15,"enemies":"Maw","floor":37,"turns":4},{"damage":7,"enemies":"4 Shapes","floor":38,"turns":3},{"damage":20,"enemies":"Reptomancer","floor":41,"turns":4},{"damage":37,"enemies":"Transient","floor":44,"turns":5},{"damage":4,"enemies":"Giant Head","floor":46,"turns":5},{"damage":55,"enemies":"Time Eater","floor":50,"turns":6}],"seed_played":"-7804230681107637874","potions_obtained":[{"floor":1.0,"key":"Block Potion"},{"floor":16.0,"key":"Weak Potion"},{"floor":18.0,"key":"EntropicBrew"},{"floor":19.0,"key":"SteroidPotion"},{"floor":28,"key":"BloodPotion"},{"floor":33,"key":"LiquidBronze"}],"is_trial":false,"path_per_floor":["M","M","M","?","?","?","M","$","T","R","M","R","M","$","R","B",null,"M","M","$","?","M","R","M","R","T","E","M","M","$","?","R","B",null,"M","M","M","M","?","R","E","R","T","M","$","E","R","$","R","B",null],"character_chosen":"IRONCLAD","items_purchased":["Omamori","Flex","Limit Break+1"],"campfire_rested":3,"item_purchase_floors":[8,8,20],"current_hp_per_floor":[80,80,80,80,80,80,80,80,80,80,72,80,80,80,80,36,80,80,72,72,72,78,78,74,74,74,80,80,71,71,71,80,74,80,80,80,71,70,70,70,56,56,56,41,41,50,76,76,76,42],"gold":11,"neow_bonus":"RANDOM_COMMON_RELIC","is_daily":false,"chose_seed":false,"campfire_upgraded":5,"win_rate":0.0,"timestamp":1613579676,"path_taken":["M","M","M","?","?","?","M","$","T","R","M","R","M","?","R","BOSS","M","M","$","?","M","R","M","R","T","E","?","M","$","?","R","BOSS","M","M","M","?","?","R","E","R","T","?","$","E","R","$","R","BOSS"],"items_purchased_type":["Relic","Card","Card"],"build_version":"2020-12-22","purchased_purges":0,"victory":true,"max_hp_per_floor":[80,80,80,80,80,80,80,80,80,80,80,80,80,80,80,80,80,80,80,80,80,80,80,80,80,80,80,80,80,80,80,80,80,80,80,80,80,80,80,80,80,80,80,80,80,87,87,87,87,87],"relic_stats":{"Sozu":2,"Nunchaku":[16],"Shovel":2,"Gremlin Horn":[10,11],"counters":[23,92],"Ornamental Fan":[24],"Self Forming Clay":[15],"Ectoplasm":502,"obtain_stats":[{"Lantern":43,"Gremlin Horn":27,"Self Forming Clay":49,"Omamori":8,"Burning Blood":0,"Sozu":34,"Nunchaku":0,"Shovel":41,"Ornamental Fan":42,"Strawberry":46,"Ectoplasm":17,"Bag of Marbles":26,"Toxic Egg 2":9},{"Lantern":20,"Gremlin Horn":12,"Self Forming Clay":22,"Omamori":4,"Burning Blood":0,"Sozu":15,"Nunchaku":0,"Shovel":20,"Ornamental Fan":20,"Strawberry":22,"Ectoplasm":7,"Bag of Marbles":11,"Toxic Egg 2":4},{"Lantern":76,"Gremlin Horn":48,"Self Forming Clay":86,"Omamori":11,"Burning Blood":0,"Sozu":61,"Nunchaku":0,"Shovel":76,"Ornamental Fan":76,"Strawberry":86,"Ectoplasm":31,"Bag of Marbles":47,"Toxic Egg 2":11}],"Burning Blood":97},"card_choices":[{"not_picked":["Seeing Red","Sword Boomerang"],"picked":"Flex","floor":1.0},{"not_picked":["Anger","Bloodletting"],"picked":"Rage","floor":2.0},{"not_picked":["Intimidate","Iron Wave"],"picked":"Heavy Blade","floor":3.0},{"not_picked":["Thunderclap","Fire Breathing","Seeing Red"],"picked":"SKIP","floor":7.0},{"not_picked":["Havoc+1","Wild Strike"],"picked":"Pummel","floor":11.0},{"not_picked":["Perfected Strike","Combust"],"picked":"Limit Break+1","floor":13.0},{"not_picked":["Juggernaut","Barricade"],"picked":"Berserk","floor":16.0},{"not_picked":["Iron Wave","Second Wind+1"],"picked":"Pommel Strike+1","floor":18.0},{"not_picked":["Bloodletting+1","Warcry+1"],"picked":"Inflame+1","floor":19.0},{"not_picked":["Sword Boomerang","Feel No Pain+1"],"picked":"Burning Pact+1","floor":22.0},{"not_picked":["Ghostly Armor+1","Blood for Blood+1"],"picked":"Shockwave+1","floor":24.0},{"not_picked":["Rampage","True Grit+1","Burning Pact+1"],"picked":"SKIP","floor":27},{"not_picked":["Cleave","Armaments+1"],"picked":"Headbutt","floor":28},{"not_picked":["Thunderclap","Bloodletting+1"],"picked":"Shrug It Off+1","floor":29},{"not_picked":["Bludgeon","Corruption"],"picked":"Immolate","floor":33},{"not_picked":["Warcry+1","Body Slam+1"],"picked":"Heavy Blade+1","floor":35},{"not_picked":["Pommel Strike","Dual Wield+1"],"picked":"Battle Trance+1","floor":36},{"not_picked":["Armaments+1","Sword Boomerang+1","Warcry+1"],"picked":"SKIP","floor":37},{"not_picked":["Sentinel+1","Searing Blow+1","Ghostly Armor+1"],"picked":"SKIP","floor":38},{"not_picked":["Juggernaut","Infernal Blade+1","Thunderclap+1"],"picked":"SKIP","floor":41},{"not_picked":["Warcry+1","Havoc+1","Seeing Red+1"],"picked":"SKIP","floor":44},{"not_picked":["Iron Wave","Blood for Blood"],"picked":"Flex+1","floor":46}],"player_experience":108261,"relics_obtained":[{"floor":9.0,"key":"Toxic Egg 2"},{"floor":26.0,"key":"Bag of Marbles"},{"floor":27,"key":"Gremlin Horn"},{"floor":41,"key":"Shovel"},{"floor":42,"key":"Ornamental Fan"},{"floor":43,"key":"Lantern"},{"floor":46,"key":"Strawberry"},{"floor":49,"key":"Self Forming Clay"}],"event_choices":[{"damage_healed":0.0,"max_hp_gain":0.0,"max_hp_loss":0.0,"gold_gain":71.0,"event_name":"Golden Wing","player_choice":"Gained Gold","floor":4.0,"gold_loss":0.0,"damage_taken":0.0},{"damage_healed":0.0,"max_hp_gain":0.0,"max_hp_loss":0.0,"gold_gain":0.0,"event_name":"Shining Light","player_choice":"Ignored","floor":5.0,"gold_loss":0.0,"damage_taken":0.0},{"cards_removed":["Strike_R"],"damage_healed":0.0,"max_hp_gain":0.0,"max_hp_loss":0.0,"gold_gain":0.0,"event_name":"Living Wall","player_choice":"Forget","floor":6.0,"gold_loss":0.0,"damage_taken":0.0},{"damage_healed":0.0,"max_hp_gain":0.0,"max_hp_loss":0.0,"gold_gain":0.0,"event_name":"Accursed Blacksmith","player_choice":"Forge","floor":21.0,"gold_loss":0.0,"damage_taken":0.0,"cards_upgraded":["Heavy Blade"]},{"damage_healed":0,"gold_gain":100,"player_choice":"Pray","damage_taken":0,"max_hp_gain":0,"max_hp_loss":0,"event_name":"Golden Shrine","floor":31,"gold_loss":0},{"damage_healed":0,"gold_gain":0,"player_choice":"0 cards matched","damage_taken":0,"max_hp_gain":0,"max_hp_loss":0,"event_name":"Match and Keep!","floor":39,"gold_loss":0,"cards_obtained":[]}],"is_beta":false,"boss_relics":[{"not_picked":["Coffee Dripper","SacredBark"],"picked":"Ectoplasm"},{"not_picked":["Mark of Pain","Snecko Eye"],"picked":"Sozu"}],"items_purged_floors":[],"is_endless":false,"potions_floor_spawned":[1,16,18,19,28,33,36,38,44],"ascension_level":0}}