{"host":"baujym3o9opv3mbj","time":1613547958,"event":{"mods":["AchievementEnabler","BaseMod","Colored Map","Minty Spire (QoL Compilation)","Rare Cards Sparkle","StSLib","SuperFastMode"],"gold_per_floor":[118,130,130,148,112,143,143,163,210,210,51,106,125,137,137,237,237,253,273,1,1,14,48,48,48,348,366,366,381,391,406,406,406,406],"floor_reached":33,"language":"KOR","playtime":2518,"items_purged":[],"score":346,"play_id":"5a396729-c28b-439b-90a7-e302c0740ed4","local_time":"20210217164558","is_ascension_mode":false,"campfire_choices":[{"floor":10,"key":"REST"},{"floor":15,"key":"REST"},{"floor":25,"key":"REST"},{"floor":28,"key":"REST"},{"floor":32,"key":"REST"}],"circlet_count":0,"master_deck":["Strike_G","Strike_G","Strike_G+1","Strike_G","Strike_G","Defend_G","Defend_G","Defend_G","Defend_G","Defend_G","Survivor","Neutralize","PiercingWail","Slice+1","Sucker Punch","Flying Knee","Slice","Die Die Die","Outmaneuver+1","Dagger Throw","Backstab","Venomology+1","Bouncing Flask","PiercingWail","PiercingWail","Sucker Punch","Heel Hook+1","Predator","Neutralize","Backflip","Parasite","Dagger Throw","Sucker Punch","Deadly Poison+1","PiercingWail"],"relics":["Ring of the Snake","Bottled Flame","MealTicket","Bronze Scales","Runic Pyramid","Membership Card","PreservedInsect","War Paint","Old Coin"],"acts_visited":["Exordium","TheCity"],"potions_floor_usage":[2,13,16,16,22,23,29,30,31,33,33,33],"damage_taken":[{"damage":3,"enemies":"Small Slimes","floor":1,"turns":4},{"damage":14,"enemies":"Jaw Worm","floor":2,"turns":4},{"damage":2,"enemies":"2 Louse","floor":4,"turns":3},{"damage":39,"enemies":"3 Sentries","floor":6,"turns":10},{"damage":7,"enemies":"Red Slaver","floor":8,"turns":5},{"damage":26,"enemies":"Lagavulin Event","floor":12,"turns":7},{"damage":11,"enemies":"Lots of Slimes","floor":13,"turns":2},{"damage":5,"enemies":"Exordium Thugs","floor":14,"turns":3},{"damage":11,"enemies":"Slime Boss","floor":16,"turns":10},{"damage":5,"enemies":"Chosen","floor":18,"turns":4},{"damage":24,"enemies":"Spheric Guardian","floor":19,"turns":4},{"damage":7,"enemies":"Snecko","floor":22,"turns":4},{"damage":18,"enemies":"Book of Stabbing","floor":23,"turns":5},{"damage":15,"enemies":"Snake Plant","floor":27,"turns":4},{"damage":6,"enemies":"Centurion and Healer","floor":29,"turns":4},{"damage":46,"enemies":"3 Cultists","floor":30,"turns":5},{"damage":5,"enemies":"Snake Plant","floor":31,"turns":3},{"damage":59,"enemies":"Automaton","floor":33,"turns":8}],"seed_played":"-6494178556326109954","potions_obtained":[{"floor":2,"key":"Fruit Juice"},{"floor":8,"key":"Swift Potion"},{"floor":13,"key":"Fruit Juice"},{"floor":14,"key":"Explosive Potion"},{"floor":19,"key":"PowerPotion"},{"floor":27,"key":"CultistPotion"}],"is_trial":false,"path_per_floor":["M","M","?","M","?","E","?","M","T","R","$","?","M","M","R","B",null,"M","M","$","?","M","E","?","R","T","M","R","M","M","M","R","B"],"character_chosen":"THE_SILENT","items_purchased":["Die Die Die","PiercingWail","Membership Card","PreservedInsect","Sucker Punch"],"campfire_rested":5,"item_purchase_floors":[11,20,20,20,20],"current_hp_per_floor":[74,65,49,47,47,8,35,28,28,52,67,41,35,30,56,45,87,82,58,73,73,66,48,48,74,74,59,85,79,33,28,54,0,0],"gold":406,"neow_bonus":"TEN_PERCENT_HP_BONUS","is_daily":false,"chose_seed":false,"campfire_upgraded":0,"win_rate":0.0,"timestamp":1613547958,"path_taken":["M","M","?","M","?","E","?","?","T","R","$","?","M","M","R","BOSS","M","M","$","?","M","E","?","R","T","M","R","?","?","M","R","BOSS"],"items_purchased_type":["Card","Card","Relic","Relic","Card"],"build_version":"2020-12-22","purchased_purges":0,"victory":false,"max_hp_per_floor":[77,82,82,82,82,82,82,82,82,82,82,82,87,87,87,87,87,87,87,87,87,87,87,87,87,87,87,87,87,87,87,87,87,87],"card_choices":[{"not_picked":["Acrobatics","Dodge and Roll"],"picked":"PiercingWail","floor":1},{"not_picked":["Reflex","Infinite Blades"],"picked":"Slice","floor":2},{"not_picked":["Acrobatics","Quick Slash"],"picked":"Sucker Punch","floor":4},{"not_picked":["Glass Knife","Deflect"],"picked":"Flying Knee","floor":6},{"not_picked":["Deflect","Acrobatics"],"picked":"Slice","floor":8},{"not_picked":["Dodge and Roll","Deflect"],"picked":"Outmaneuver","floor":12},{"not_picked":["Poisoned Stab","Dodge and Roll"],"picked":"Dagger Throw","floor":13},{"not_picked":["Adrenaline","Blur"],"picked":"Backstab","floor":14},{"not_picked":["After Image","Burst"],"picked":"Venomology","floor":16},{"not_picked":["Endless Agony+1","Backflip"],"picked":"Bouncing Flask","floor":18},{"not_picked":["Caltrops","Masterful Stab"],"picked":"PiercingWail","floor":19},{"not_picked":["Underhanded Strike","Blade Dance"],"picked":"Heel Hook+1","floor":22},{"not_picked":["Quick Slash","Endless Agony"],"picked":"Predator","floor":23},{"not_picked":["Acrobatics","Eviscerate+1"],"picked":"Dagger Throw","floor":27},{"not_picked":["Slice","Outmaneuver"],"picked":"Sucker Punch","floor":29},{"not_picked":["Slice","Expertise+1"],"picked":"Deadly Poison+1","floor":30},{"not_picked":["Outmaneuver","Blur+1"],"picked":"PiercingWail","floor":31}],"player_experience":7260,"relics_obtained":[{"floor":6,"key":"Bottled Flame"},{"floor":9,"key":"MealTicket"},{"floor":12,"key":"Bronze Scales"},{"floor":23,"key":"War Paint"},{"floor":26,"key":"Old Coin"}],"event_choices":[{"damage_healed":0,"gold_gain":0,"player_choice":"Entered Light","damage_taken":16,"max_hp_gain":0,"max_hp_loss":0,"event_name":"Shining Light","floor":3,"gold_loss":0,"cards_upgraded":["Strike_G","Slice"]},{"damage_healed":0,"gold_gain":0,"player_choice":"Left Gold","damage_taken":0,"max_hp_gain":0,"max_hp_loss":0,"event_name":"World of Goop","floor":5,"gold_loss":36},{"damage_healed":27,"gold_gain":0,"player_choice":"Banana","damage_taken":0,"max_hp_gain":0,"max_hp_loss":0,"event_name":"Big Fish","floor":7,"gold_loss":0},{"damage_healed":0,"gold_gain":0,"player_choice":"Searched \u00271\u0027 times","damage_taken":0,"max_hp_gain":0,"max_hp_loss":0,"event_name":"Dead Adventurer","floor":12,"gold_loss":0},{"damage_healed":0,"gold_gain":0,"player_choice":"Ignored","damage_taken":0,"max_hp_gain":0,"max_hp_loss":0,"event_name":"Ghosts","floor":21,"gold_loss":0},{"damage_healed":0,"gold_gain":0,"player_choice":"3 cards matched","damage_taken":0,"max_hp_gain":0,"max_hp_loss":0,"event_name":"Match and Keep!","floor":24,"gold_loss":0,"cards_obtained":["Neutralize","Backflip","Parasite"]}],"is_beta":false,"boss_relics":[{"not_picked":["WristBlade","Ring of the Serpent"],"picked":"Runic Pyramid"}],"items_purged_floors":[],"is_endless":false,"potions_floor_spawned":[2,8,13,14,19,27],"killed_by":"Automaton","ascension_level":0}}