{"host":"oigynbtg272c19pw","time":1613578018,"event":{"mods":["BaseMod","Colored Map","Minty Spire (QoL Compilation)","Relic Stats","Slay the Relics Exporter","StSLib"],"gold_per_floor":[116,133,133,133,147,178,224,224,224,257,257,271,300,310,310,389,389,404,329,329,217,234,234,269,281,306,306,337,357,377,708,708,779,779,799,824,334,334,334,366,366,380,380,380,6,36,36,46,46,46,46],"floor_reached":50,"playtime":2867,"items_purged":["Strike_P","Defend_P","Strike_P"],"score":1252,"play_id":"b3797cc9-8ec2-4f58-ae2b-dd69f715589c","local_time":"20210217170658","is_ascension_mode":true,"campfire_choices":[{"data":"Brilliance","floor":8.0,"key":"SMITH"},{"data":"TalkToTheHand","floor":11.0,"key":"SMITH"},{"data":"Eruption","floor":15.0,"key":"SMITH"},{"data":"Meditate","floor":23.0,"key":"SMITH"},{"data":"Prostrate","floor":27.0,"key":"SMITH"},{"data":"Vault","floor":32.0,"key":"SMITH"},{"floor":41.0,"key":"REST"},{"floor":44.0,"key":"RECALL"},{"data":"MentalFortress","floor":49.0,"key":"SMITH"}],"circlet_count":0,"master_deck":["AscendersBane","Strike_P","Defend_P+1","Defend_P","Defend_P+1","Eruption+1","Vigilance","Brilliance+1","TalkToTheHand+1","EmptyFist","Conclude","FlurryOfBlows","Pray","Prostrate+1","FlurryOfBlows","Meditate+1","Wireheading","JustLucky+1","EmptyBody","FearNoEvil","Vault+1","Brilliance","Wallop","Consecrate+1","MentalFortress+1"],"relics":["PureWater","Damaru","Orichalcum","Letter Opener","Boot","Meat on the Bone","Black Star","Oddly Smooth Stone","Kunai","Bag of Preparation","StoneCalendar","Question Card","Old Coin","Ice Cream","SacredBark","Bird Faced Urn","Lantern","War Paint","Matryoshka","Dream Catcher","Ancient Tea Set","MealTicket","PreservedInsect","Vajra"],"acts_visited":["Exordium","TheCity","TheBeyond"],"potions_floor_usage":[],"damage_taken":[{"damage":0.0,"enemies":"Small Slimes","floor":1.0,"turns":2.0},{"damage":0.0,"enemies":"Jaw Worm","floor":2.0,"turns":3.0},{"damage":0.0,"enemies":"Cultist","floor":5.0,"turns":4.0},{"damage":15.0,"enemies":"Lagavulin","floor":6.0,"turns":8.0},{"damage":17.0,"enemies":"3 Sentries","floor":10.0,"turns":9.0},{"damage":1.0,"enemies":"Exordium Wildlife","floor":12.0,"turns":3.0},{"damage":5.0,"enemies":"Gremlin Nob","floor":13.0,"turns":3.0},{"damage":2.0,"enemies":"Exordium Thugs","floor":14.0,"turns":5.0},{"damage":20.0,"enemies":"The Guardian","floor":16.0,"turns":9.0},{"damage":19.0,"enemies":"Chosen","floor":18.0,"turns":5.0},{"damage":0.0,"enemies":"Spheric Guardian","floor":22.0,"turns":1.0},{"damage":12.0,"enemies":"Gremlin Leader","floor":24.0,"turns":6.0},{"damage":20.0,"enemies":"Snake Plant","floor":25.0,"turns":4.0},{"damage":31.0,"enemies":"Book of Stabbing","floor":28.0,"turns":6.0},{"damage":5.0,"enemies":"Sentry and Sphere","floor":29.0,"turns":3.0},{"damage":0.0,"enemies":"Cultist and Chosen","floor":30.0,"turns":4.0},{"damage":0.0,"enemies":"Gremlin Leader","floor":31.0,"turns":4.0},{"damage":18.0,"enemies":"Champ","floor":33.0,"turns":7.0},{"damage":0.0,"enemies":"Orb Walker","floor":35.0,"turns":2.0},{"damage":0.0,"enemies":"Mind Bloom Boss Battle","floor":36.0,"turns":7.0},{"damage":44.0,"enemies":"Giant Head","floor":40.0,"turns":9.0},{"damage":22.0,"enemies":"3 Darklings","floor":42.0,"turns":3.0},{"damage":10.0,"enemies":"Reptomancer","floor":46.0,"turns":6.0},{"damage":3.0,"enemies":"4 Shapes","floor":48.0,"turns":6.0},{"damage":57,"enemies":"Time Eater","floor":50,"turns":6}],"seed_played":"-1546124048866727347","potions_obtained":[{"floor":1.0,"key":"Explosive Potion"},{"floor":4.0,"key":"SpeedPotion"},{"floor":4.0,"key":"EntropicBrew"},{"floor":6.0,"key":"Weak Potion"},{"floor":10.0,"key":"ColorlessPotion"},{"floor":16.0,"key":"StancePotion"},{"floor":24.0,"key":"Regen Potion"},{"floor":28.0,"key":"BottledMiracle"},{"floor":29.0,"key":"FearPotion"},{"floor":46.0,"key":"Block Potion"}],"is_trial":false,"path_per_floor":["M","M","?","?","M","E","T","R","T","E","R","M","E","M","R","B",null,"M","?","?","$","M","R","E","M","T","R","E","M","M","E","R","B",null,"M","?","$","?","?","E","R","M","T","R","$","E","$","M","R","B"],"character_chosen":"WATCHER","items_purchased":["Meditate","Lantern","War Paint","PowerPotion","MentalFortress","MealTicket"],"campfire_rested":1,"item_purchase_floors":[21,37,37,37,45,45],"current_hp_per_floor":[61,61,61,61,61,46,46,46,46,44,44,43,38,36,36,28,54,35,35,72,72,72,72,60,40,40,40,36,43,43,43,43,37,63,63,63,63,63,63,33,53,43,43,43,43,37,52,53,53,0,0],"gold":46,"neow_bonus":"THREE_RARE_CARDS","is_daily":false,"chose_seed":false,"campfire_upgraded":7,"win_rate":0.0,"timestamp":1613578018,"path_taken":["M","M","?","?","?","E","?","R","T","E","R","M","E","M","R","BOSS","M","?","?","$","M","R","E","M","T","R","E","M","?","E","R","BOSS","M","?","$","?","?","E","R","M","T","R","$","E","$","M","R","BOSS"],"items_purchased_type":["Card","Relic","Relic","Potion","Card","Relic"],"build_version":"2020-12-13","purchased_purges":3,"victory":false,"max_hp_per_floor":[62,62,62,62,62,62,62,62,62,62,62,62,62,62,62,62,62,62,62,72,72,72,72,72,72,72,72,72,72,72,72,72,72,72,72,72,72,72,68,68,68,68,68,68,68,68,68,68,68,68,68],"relic_stats":{"counters":[25,125],"StoneCalendar":[52],"PreservedInsect":0,"Bag of Preparation":[24],"Letter Opener":[99],"Orichalcum":[72],"War Paint":["Defend_P","Defend_P"],"Boot":[80],"Question Card":11,"Dream Catcher":1,"Bird Faced Urn":[14],"MealTicket":15,"Black Star":5,"Kunai":[52],"obtain_stats":[{"Ice Cream":31,"Lantern":37,"SacredBark":34,"Damaru":6,"Oddly Smooth Stone":24,"Vajra":46,"StoneCalendar":28,"PreservedInsect":46,"Bag of Preparation":26,"Letter Opener":9,"Orichalcum":7,"War Paint":37,"Boot":10,"Question Card":28,"Ancient Tea Set":43,"Old Coin":31,"Dream Catcher":40,"Matryoshka":40,"Bird Faced Urn":36,"MealTicket":45,"Black Star":17,"Kunai":24,"PureWater":0,"Meat on the Bone":13},{"Ice Cream":17,"Lantern":20,"SacredBark":18,"Damaru":4,"Oddly Smooth Stone":12,"Vajra":23,"StoneCalendar":14,"PreservedInsect":23,"Bag of Preparation":13,"Letter Opener":4,"Orichalcum":4,"War Paint":20,"Boot":5,"Question Card":14,"Ancient Tea Set":22,"Old Coin":17,"Dream Catcher":21,"Matryoshka":21,"Bird Faced Urn":20,"MealTicket":22,"Black Star":9,"Kunai":12,"PureWater":0,"Meat on the Bone":7},{"Ice Cream":79,"Lantern":95,"SacredBark":86,"Damaru":17,"Oddly Smooth Stone":58,"Vajra":113,"StoneCalendar":68,"PreservedInsect":113,"Bag of Preparation":62,"Letter Opener":17,"Orichalcum":17,"War Paint":95,"Boot":26,"Question Card":68,"Ancient Tea Set":107,"Old Coin":79,"Dream Catcher":104,"Matryoshka":104,"Bird Faced Urn":95,"MealTicket":107,"Black Star":46,"Kunai":58,"PureWater":0,"Meat on the Bone":32}],"Meat on the Bone":72},"card_choices":[{"not_picked":["Ragnarok","DevaForm"],"picked":"Brilliance","floor":0.0},{"not_picked":["InnerPeace","EmptyBody"],"picked":"TalkToTheHand","floor":1.0},{"not_picked":["Crescendo","ThirdEye"],"picked":"EmptyFist","floor":2.0},{"not_picked":["WreathOfFlame","JustLucky"],"picked":"Conclude","floor":5.0},{"not_picked":["JustLucky","CrushJoints"],"picked":"FlurryOfBlows","floor":6.0},{"not_picked":["MasterReality","CutThroughFate"],"picked":"Pray","floor":10.0},{"not_picked":["JustLucky","CutThroughFate"],"picked":"Prostrate","floor":12.0},{"not_picked":["Nirvana","FlyingSleeves","JustLucky"],"picked":"SKIP","floor":13.0},{"not_picked":["Halt","FollowUp"],"picked":"FlurryOfBlows","floor":14.0},{"not_picked":["Ragnarok","Alpha"],"picked":"Devotion","floor":16.0},{"not_picked":["Halt","EmptyFist","FollowUp"],"picked":"SKIP","floor":18.0},{"not_picked":["WindmillStrike","JustLucky"],"picked":"Wireheading","floor":22.0},{"not_picked":["CrushJoints","Indignation"],"picked":"JustLucky+1","floor":24.0},{"not_picked":["MasterReality","CrushJoints+1","FlyingSleeves"],"picked":"SKIP","floor":25.0},{"not_picked":["Evaluate","JustLucky","Nirvana"],"picked":"SKIP","floor":28.0},{"not_picked":["Evaluate","JustLucky","Nirvana"],"picked":"SKIP","floor":28.0},{"not_picked":["BowlingBash","FlurryOfBlows","Prostrate"],"picked":"EmptyBody","floor":29.0},{"not_picked":["FlyingSleeves","FollowUp+1","SashWhip"],"picked":"FearNoEvil","floor":30.0},{"not_picked":["ClearTheMind","Evaluate","JustLucky"],"picked":"Vault","floor":31.0},{"not_picked":["Vault","Wish","Judgement"],"picked":"Brilliance","floor":33.0},{"not_picked":["Halt","Protect","EmptyFist"],"picked":"Wallop","floor":35.0},{"not_picked":["Blasphemy","WreathOfFlame","Consecrate","InnerPeace"],"picked":"SKIP","floor":40.0},{"not_picked":["CarveReality","Protect","CrushJoints"],"picked":"Consecrate+1","floor":41.0},{"not_picked":["WheelKick","Protect+1","Wireheading","Worship"],"picked":"SKIP","floor":42.0},{"not_picked":["FlurryOfBlows","LikeWater","Conclude","LessonLearned"],"picked":"SKIP","floor":46.0},{"not_picked":["Pray","EmptyBody","PathToVictory","Collect"],"picked":"SKIP","floor":48.0}],"player_experience":1617438,"relics_obtained":[{"floor":6.0,"key":"Damaru"},{"floor":7.0,"key":"Orichalcum"},{"floor":9.0,"key":"Letter Opener"},{"floor":10.0,"key":"Boot"},{"floor":13.0,"key":"Meat on the Bone"},{"floor":24.0,"key":"Oddly Smooth Stone"},{"floor":24.0,"key":"Kunai"},{"floor":26.0,"key":"Bag of Preparation"},{"floor":28.0,"key":"StoneCalendar"},{"floor":28.0,"key":"Question Card"},{"floor":31.0,"key":"Old Coin"},{"floor":31.0,"key":"Ice Cream"},{"floor":36.0,"key":"Bird Faced Urn"},{"floor":40.0,"key":"Matryoshka"},{"floor":40.0,"key":"Dream Catcher"},{"floor":43.0,"key":"Ancient Tea Set"},{"floor":46.0,"key":"PreservedInsect"},{"floor":46.0,"key":"Vajra"}],"event_choices":[{"damage_healed":0.0,"max_hp_gain":0.0,"max_hp_loss":0.0,"gold_gain":0.0,"event_name":"Liars Game","player_choice":"Ignored","floor":3.0,"gold_loss":0.0,"damage_taken":0.0},{"damage_healed":0.0,"max_hp_gain":0.0,"max_hp_loss":0.0,"gold_gain":0.0,"event_name":"Lab","player_choice":"Got Potions","floor":4.0,"gold_loss":0.0,"damage_taken":0.0},{"cards_removed":["Strike_P"],"damage_healed":0.0,"max_hp_gain":0.0,"max_hp_loss":0.0,"gold_gain":0.0,"event_name":"Beggar","player_choice":"Gave Gold","floor":19.0,"gold_loss":75.0,"damage_taken":0.0},{"cards_removed":["Devotion"],"damage_healed":27.0,"max_hp_gain":10.0,"max_hp_loss":0.0,"gold_gain":0.0,"event_name":"Bonfire Elementals","player_choice":"Offered Rare","floor":20.0,"gold_loss":0.0,"damage_taken":0.0},{"damage_healed":0.0,"max_hp_gain":0.0,"max_hp_loss":0.0,"gold_gain":0.0,"event_name":"MindBloom","player_choice":"Fight","floor":36.0,"gold_loss":0.0,"damage_taken":0.0},{"damage_healed":0.0,"max_hp_gain":0.0,"max_hp_loss":0.0,"gold_gain":0.0,"event_name":"Tomb of Lord Red Mask","player_choice":"Ignored","floor":38.0,"gold_loss":0.0,"damage_taken":0.0},{"damage_healed":0.0,"max_hp_gain":0.0,"max_hp_loss":4.0,"gold_gain":0.0,"event_name":"Winding Halls","player_choice":"Max HP","floor":39.0,"gold_loss":0.0,"damage_taken":0.0}],"is_beta":false,"boss_relics":[{"not_picked":["Philosopher\u0027s Stone","Coffee Dripper"],"picked":"Black Star"},{"not_picked":["Astrolabe","Calling Bell"],"picked":"SacredBark"}],"items_purged_floors":[21,37,45],"is_endless":false,"potions_floor_spawned":[1,6,10,16,24,28,29,36,46],"killed_by":"Time Eater","ascension_level":20}}