{"host":"6rd8hsjmp8z8o98z","time":1613605038,"event":{"mods":["AchievementEnabler","BaseMod","Best Route Mod","Better Match","Better Third Choice","BetterRewards","Minty Spire (QoL Compilation)","Relic Stats","Replay The Spire","Say the Spire","Shop Mod","StSLib","The Jungle"],"gold_per_floor":[110,126,126,137,155,155,174,208,231,231,244,244,273,287,287,359,359,371,382,481,492,407,407,434,434,458,458,475,475,202,221,221,297,297,309,358,382,394,45,45,61,96,96,96,20,20,34,52,52,52],"floor_reached":51,"language":"KOR","playtime":3626,"items_purged":["Strike_G","Clumsy"],"score":1655,"play_id":"c3c33748-8cb1-419f-b99a-8c2623d87800","local_time":"20210218083718","is_ascension_mode":true,"campfire_choices":[{"floor":6,"key":"REST"},{"floor":12,"key":"REST"},{"floor":15,"key":"REST"},{"data":"Venomology","floor":23,"key":"SMITH"},{"data":"Dark Shackles","floor":27,"key":"SMITH"},{"data":"Leg Sweep","floor":29,"key":"SMITH"},{"floor":32,"key":"DIG"},{"floor":40,"key":"REST"},{"data":"Bullet Time","floor":44,"key":"SMITH"},{"data":"Calculated Gamble","floor":46,"key":"SMITH"},{"floor":49,"key":"REST"}],"circlet_count":0,"master_deck":["AscendersBane","Strike_G+1","Strike_G","Defend_G+1","Defend_G","Defend_G","Defend_G","Defend_G+1","Survivor+1","Neutralize","Secret Technique+1","Bandage Up","Dark Shackles+1","Caltrops+1","Masterful Stab+1","Poisoned Stab+1","Corpse Explosion","Footwork+1","Footwork+1","Sucker Punch+1","Flechettes+1","Leg Sweep+1","Venomology+1","Well Laid Plans+1","Dagger Spray+1","Quick Slash+1","Calculated Gamble+1","Footwork+1","Bullet Time+1","Prepared+1","Draining Mist+1","Backflip+1","ReplayTheSpireMod:Trickstab+1","Envenom+1","Heel Hook+1","Amnesia","Noxious Fumes+1","Toxin Wave","Bane+1"],"relics":["Ring of the Snake","ReplayTheSpireMod:TigerMarble","Molten Egg 2","HandDrill","Gambling Chip","Frozen Egg 2","Replay:Rubber Ducky","ReplayTheSpireMod:ShopPack","Pen Nib","Gremlin Food","Bronze Scales","Smiling Mask","Bag of Marbles","SacredBark","Replay:Bottled Flurry","Strawberry","Tiny Chest","ClockworkSouvenir","Chameleon Ring","Cursed Key","ReplayTheSpireMod:Ninjato","Simple Rune","Bag of Preparation","ReplayTheSpireMod:Shallot"],"acts_visited":["Exordium","TheCity","TheBeyond"],"potions_floor_usage":[16,18,21,24,28,31,33,33,35,38,42,42,50,50],"damage_taken":[{"damage":0,"enemies":"2 Louse","floor":1,"turns":4},{"damage":0,"enemies":"Cultist","floor":2,"turns":4},{"damage":0,"enemies":"Small Slimes","floor":4,"turns":2},{"damage":8,"enemies":"Looter","floor":5,"turns":3},{"damage":0,"enemies":"3 Louse","floor":7,"turns":1},{"damage":6,"enemies":"Lagavulin","floor":8,"turns":5},{"damage":2,"enemies":"Gremlin Gang","floor":11,"turns":2},{"damage":11,"enemies":"Gremlin Nob","floor":13,"turns":3},{"damage":2,"enemies":"Looter","floor":14,"turns":2},{"damage":33,"enemies":"Fading Forest","floor":16,"turns":11},{"damage":8,"enemies":"2 Thieves","floor":18,"turns":4},{"damage":1,"enemies":"3 Byrds","floor":19,"turns":5},{"damage":10,"enemies":"Snecko","floor":21,"turns":6},{"damage":0,"enemies":"Slavers","floor":24,"turns":1},{"damage":0,"enemies":"Centurion and Healer","floor":28,"turns":3},{"damage":0,"enemies":"Sentry and Sphere","floor":31,"turns":5},{"damage":1,"enemies":"Automaton","floor":33,"turns":12},{"damage":0,"enemies":"Orb Walker","floor":35,"turns":3},{"damage":0,"enemies":"3 Shapes","floor":38,"turns":4},{"damage":1,"enemies":"Jaw Worm Horde","floor":41,"turns":2},{"damage":0,"enemies":"R_Hoarder","floor":42,"turns":6},{"damage":0,"enemies":"4 Shapes","floor":47,"turns":4},{"damage":0,"enemies":"Sphere and 2 Shapes","floor":48,"turns":4},{"damage":0,"enemies":"Time Eater","floor":50,"turns":7}],"seed_played":"-2806144006142226538","potions_obtained":[{"floor":1,"key":"Dexterity Potion"},{"floor":2,"key":"PowerPotion"},{"floor":11,"key":"Languid Potion"},{"floor":14,"key":"DistilledChaos"},{"floor":24,"key":"FearPotion"},{"floor":33,"key":"LiquidMemories"}],"is_trial":false,"path_per_floor":["M","M","?","M","M","R","M","E","T","?","M","R","E","M","R","B",null,"M","M","?","M","?","R","E","?","T","R","M","R","$","M","R","B",null,"M","?","T","M","$","R","M","E","T","R","$","R","M","M","R","B",null],"character_chosen":"THE_SILENT","items_purchased":["ReplayTheSpireMod:TigerMarble","Molten Egg 2","HandDrill","Frozen Egg 2","Replay:Rubber Ducky","ReplayTheSpireMod:ShopPack","Pen Nib","ClockworkSouvenir","Footwork+1","ReplayTheSpireMod:Trickstab+1","Envenom+1","BlessingOfTheForge","Noxious Fumes+1"],"campfire_rested":5,"item_purchase_floors":[0,0,0,0,0,0,0,30,30,39,39,39,45],"current_hp_per_floor":[22,26,26,30,26,45,49,47,47,47,49,66,55,57,66,45,61,57,60,60,54,54,54,61,61,61,61,65,65,65,69,69,72,73,73,55,55,59,59,73,72,73,73,73,73,73,73,73,73,73],"gold":52,"neow_bonus":"","is_daily":false,"chose_seed":false,"campfire_upgraded":5,"win_rate":0.0,"timestamp":1613605038,"path_taken":["M","M","?","M","?","R","?","E","T","?","M","R","E","?","R","BOSS","M","M","?","M","?","R","E","?","T","R","?","R","$","?","R","BOSS","M","?","?","M","$","R","M","E","T","R","?","R","M","M","R","BOSS"],"items_purchased_type":["Relic","Relic","Relic","Relic","Relic","Relic","Relic","Relic","Card","Card","Card","Potion","Card"],"build_version":"2020-12-22","purchased_purges":2,"victory":true,"max_hp_per_floor":[66,66,66,66,66,66,66,66,66,66,66,66,66,66,66,66,66,66,66,66,66,66,66,73,73,73,73,73,73,73,73,73,73,73,73,73,73,73,73,73,73,73,73,73,73,73,73,73,73,73],"relic_stats":{"counters":[70,312],"Gambling Chip":[42],"Bronze Scales":[213],"Tiny Chest":1,"Pen Nib":[17],"HandDrill":[36],"Bag of Preparation":[6],"Smiling Mask":75,"Cursed Key":4,"obtain_stats":[{"Ice Cream":47,"Spirit Poop":44,"Whetstone":41,"Bottled Tornado":28,"Boot":30,"Strawberry":24,"Iron Hammer":43,"Necronomicon":31,"HandDrill":0,"Replay:Bottled Flurry":22,"Pen Nib":0,"War Paint":10,"Question Card":26,"Du-Vu Doll":0,"ReplayTheSpireMod:Shallot":43,"Shuriken":43,"Bronze Scales":9,"Molten Egg 2":0,"Simple Rune":37,"ReplayTheSpireMod:TigerMarble":0,"StrikeDummy":0,"Ring of the Serpent":17,"ReplayFunnel":20,"Lantern":6,"Regal Pillow":13,"Singing Bowl":0,"SacredBark":17,"Mango":45,"Snake Skull":8,"Bag of Preparation":0,"Juzu Bracelet":31,"Cursed Key":17,"Smiling Mask":10,"Replay:Rubber Ducky":30,"ClockworkSouvenir":30,"Nunchaku":44,"Chameleon Ring":32,"Ninja Scroll":29,"Gambling Chip":0,"Tiny Chest":26,"Red Mask":41,"Ring of the Snake":0,"Gremlin Food":8,"ReplayTheSpireMod:Ninjato":36,"Guide Book":39,"PreservedInsect":23,"Orichalcum":26,"Frozen Egg 2":0,"Medical Kit":0,"White Beast Statue":25,"Pondfish Scales":25,"Busted Crown":34,"Ornamental Fan":11,"Art of War":9,"Bag of Marbles":13,"Membership Card":5,"FossilizedHelix":0,"ReplayTheSpireMod:ShopPack":0},{"Ice Cream":26,"Spirit Poop":43,"Whetstone":24,"Bottled Tornado":17,"Boot":18,"Strawberry":60,"Iron Hammer":43,"Necronomicon":39,"HandDrill":46,"Replay:Bottled Flurry":59,"Pen Nib":46,"War Paint":32,"Question Card":16,"Du-Vu Doll":0,"ReplayTheSpireMod:Shallot":67,"Shuriken":25,"Bronze Scales":52,"Molten Egg 2":46,"Simple Rune":64,"ReplayTheSpireMod:TigerMarble":46,"StrikeDummy":0,"Ring of the Serpent":11,"ReplayFunnel":35,"Lantern":5,"Regal Pillow":9,"Singing Bowl":27,"SacredBark":56,"Mango":26,"Snake Skull":31,"Bag of Preparation":0,"Juzu Bracelet":19,"Cursed Key":34,"Smiling Mask":52,"Replay:Rubber Ducky":39,"ClockworkSouvenir":61,"Nunchaku":25,"Chameleon Ring":62,"Ninja Scroll":18,"Gambling Chip":46,"Tiny Chest":60,"Red Mask":42,"Ring of the Snake":0,"Gremlin Food":52,"ReplayTheSpireMod:Ninjato":64,"Guide Book":42,"PreservedInsect":15,"Orichalcum":37,"Frozen Egg 2":46,"Medical Kit":27,"White Beast Statue":16,"Pondfish Scales":37,"Busted Crown":20,"Ornamental Fan":7,"Art of War":5,"Bag of Marbles":54,"Membership Card":30,"FossilizedHelix":27,"ReplayTheSpireMod:ShopPack":46},{"Ice Cream":98,"Spirit Poop":191,"Whetstone":91,"Bottled Tornado":59,"Boot":62,"Strawberry":262,"Iron Hammer":191,"Necronomicon":166,"HandDrill":209,"Replay:Bottled Flurry":261,"Pen Nib":209,"War Paint":128,"Question Card":56,"Du-Vu Doll":0,"ReplayTheSpireMod:Shallot":297,"Shuriken":95,"Bronze Scales":228,"Molten Egg 2":209,"Simple Rune":285,"ReplayTheSpireMod:TigerMarble":209,"StrikeDummy":0,"Ring of the Serpent":36,"ReplayFunnel":145,"Lantern":14,"Regal Pillow":27,"Singing Bowl":110,"SacredBark":246,"Mango":98,"Snake Skull":122,"Bag of Preparation":0,"Juzu Bracelet":65,"Cursed Key":142,"Smiling Mask":228,"Replay:Rubber Ducky":166,"ClockworkSouvenir":265,"Nunchaku":95,"Chameleon Ring":270,"Ninja Scroll":62,"Gambling Chip":209,"Tiny Chest":262,"Red Mask":186,"Ring of the Snake":0,"Gremlin Food":228,"ReplayTheSpireMod:Ninjato":285,"Guide Book":186,"PreservedInsect":50,"Orichalcum":155,"Frozen Egg 2":209,"Medical Kit":110,"White Beast Statue":56,"Pondfish Scales":155,"Busted Crown":74,"Ornamental Fan":22,"Art of War":14,"Bag of Marbles":233,"Membership Card":117,"FossilizedHelix":110,"ReplayTheSpireMod:ShopPack":209}],"Ring of the Snake":[48]},"card_choices":[{"not_picked":["Apotheosis","Violence"],"picked":"Secret Technique","floor":0},{"not_picked":["Impatience","Jack Of All Trades"],"picked":"Bandage Up","floor":0},{"not_picked":["ReplayTheSpireMod:Necrogeddon","Flash of Steel"],"picked":"Dark Shackles","floor":0},{"not_picked":["Poisoned Stab+1","Bouncing Flask"],"picked":"Caltrops+1","floor":1},{"not_picked":["Leg Sweep","PiercingWail"],"picked":"Masterful Stab+1","floor":2},{"not_picked":["ReplayTheSpireMod:Speed Training","Quick Slash+1"],"picked":"Poisoned Stab+1","floor":4},{"not_picked":["Sucker Punch+1","Prepared"],"picked":"Corpse Explosion","floor":5},{"not_picked":["Deflect","Deadly Poison"],"picked":"Footwork+1","floor":7},{"not_picked":["Cloak And Dagger","Blade Dance"],"picked":"Footwork+1","floor":8},{"not_picked":["Dodge and Roll","Dagger Throw+1"],"picked":"Sucker Punch+1","floor":11},{"not_picked":["Underhanded Strike+1","Setup"],"picked":"Flechettes+1","floor":13},{"not_picked":["Backflip","Replay:Bag of Tricks"],"picked":"Leg Sweep","floor":14},{"not_picked":["Phantasmal Killer","Storm of Steel"],"picked":"Venomology","floor":16},{"not_picked":["Reflex","Blade Dance"],"picked":"Well Laid Plans+1","floor":18},{"not_picked":["Quick Slash+1","Underhanded Strike+1"],"picked":"Dagger Spray+1","floor":19},{"not_picked":["Deadly Poison","Slice+1"],"picked":"Quick Slash+1","floor":21},{"not_picked":["Quick Slash+1","ReplayTheSpireMod:From All Sides+1"],"picked":"Calculated Gamble","floor":24},{"not_picked":["Outmaneuver","Sucker Punch+1","Slice+1"],"picked":"SKIP","floor":28},{"not_picked":["Quick Slash+1","Blade Dance","Sucker Punch+1"],"picked":"SKIP","floor":31},{"not_picked":["Corpse Explosion","Grand Finale+1"],"picked":"Bullet Time","floor":33},{"not_picked":["Blade Dance","Hidden Blade"],"picked":"Prepared","floor":35},{"not_picked":["Underhanded Strike+1","Crippling Poison"],"picked":"Draining Mist+1","floor":36},{"not_picked":["Tactician","ReplayTheSpireMod:Shiv Toss+1"],"picked":"Backflip+1","floor":38},{"not_picked":["Slice+1","Dagger Throw+1","Tactician+1"],"picked":"SKIP","floor":41},{"not_picked":["Skewer+1","Riddle With Holes+1"],"picked":"Heel Hook+1","floor":42},{"not_picked":["Dagger Throw+1","ReplayTheSpireMod:The Works"],"picked":"Toxin Wave","floor":47},{"not_picked":["Sucker Punch+1","Dodge and Roll"],"picked":"Bane+1","floor":48}],"player_experience":553489,"relics_obtained":[{"floor":8,"key":"Gremlin Food"},{"floor":9,"key":"Bronze Scales"},{"floor":13,"key":"Bag of Marbles"},{"floor":24,"key":"Strawberry"},{"floor":26,"key":"Tiny Chest"},{"floor":32,"key":"Chameleon Ring"},{"floor":36,"key":"ReplayTheSpireMod:Ninjato"},{"floor":37,"key":"Simple Rune"},{"floor":42,"key":"Bag of Preparation"},{"floor":43,"key":"ReplayTheSpireMod:Shallot"}],"event_choices":[{"cards_removed":["Strike_G"],"damage_healed":0,"gold_gain":0,"player_choice":"Purged","damage_taken":0,"max_hp_gain":0,"max_hp_loss":0,"event_name":"Purifier","floor":3,"gold_loss":0},{"damage_healed":0,"gold_gain":0,"player_choice":"Gave Potion","damage_taken":0,"relics_obtained":["Smiling Mask"],"max_hp_gain":0,"max_hp_loss":0,"event_name":"WeMeetAgain","floor":10,"gold_loss":0},{"damage_healed":0,"gold_gain":99,"player_choice":"Steal","damage_taken":0,"max_hp_gain":0,"max_hp_loss":0,"event_name":"betterThird:BetterNest","floor":20,"gold_loss":0},{"damage_healed":0,"gold_gain":0,"player_choice":"Obtained Relic","damage_taken":0,"relics_obtained":["Replay:Bottled Flurry"],"max_hp_gain":0,"max_hp_loss":0,"event_name":"Addict","floor":22,"gold_loss":85},{"cards_removed":["Strike_G"],"damage_healed":0,"gold_gain":0,"player_choice":"Card Removal","damage_taken":0,"max_hp_gain":0,"max_hp_loss":0,"event_name":"Wheel of Change","floor":25,"gold_loss":0}],"is_beta":false,"boss_relics":[{"not_picked":["Velvet Choker","Honey Jar"],"picked":"SacredBark"},{"not_picked":["Snecko Scales","WristBlade"],"picked":"Cursed Key"}],"items_purged_floors":[30,39],"is_endless":false,"potions_floor_spawned":[1,2,11,14,21,24,31,33,41,47,48],"ascension_level":14}}