{"host":"qjv9b7mze4c73keh","time":1613558118,"event":{"mods":["BaseMod","Colored Map","Colored Powertips","DeckTracker","Highlight Path","Minty Spire (QoL Compilation)","Rare Cards Sparkle","Synergy Search","Unceasing Turn Reminder"],"gold_per_floor":[117,38,3,15,15,15,41,41,65,79,98,98,98],"floor_reached":12,"language":"RUS","playtime":611,"items_purged":[],"score":78,"play_id":"e903eae0-305e-4427-a723-acb4f4b3d87d","local_time":"20210217153518","is_ascension_mode":false,"campfire_choices":[{"data":"Strike_G","floor":6,"key":"PURGE"}],"circlet_count":0,"master_deck":["Strike_G","Strike_G","Strike_G","Strike_G","Defend_G","Defend_G","Defend_G","Defend_G","Defend_G","Survivor","Neutralize","Terror","Catalyst","Deadly Poison","Backflip","Noxious Fumes","Bane"],"relics":["Ring of the Snake","Peace Pipe","Darkstone Periapt","Bag of Preparation"],"acts_visited":["Exordium"],"potions_floor_usage":[7,12],"damage_taken":[{"damage":0,"enemies":"Cultist","floor":1,"turns":4},{"damage":6,"enemies":"2 Louse","floor":4,"turns":4},{"damage":18,"enemies":"Gremlin Nob","floor":7,"turns":3},{"damage":7,"enemies":"Small Slimes","floor":10,"turns":4},{"damage":16,"enemies":"Blue Slaver","floor":11,"turns":3},{"damage":21,"enemies":"Lagavulin","floor":12,"turns":3}],"seed_played":"5457762705280908960","potions_obtained":[{"floor":1,"key":"AttackPotion"},{"floor":7,"key":"DuplicationPotion"}],"is_trial":false,"path_per_floor":["M","$","?","M","?","R","E","$","T","M","M","E"],"character_chosen":"THE_SILENT","items_purchased":["Catalyst"],"campfire_rested":0,"item_purchase_floors":[2],"current_hp_per_floor":[49,49,66,60,60,60,42,42,42,35,19,0,0],"gold":98,"neow_bonus":"ONE_RARE_RELIC","is_daily":false,"chose_seed":false,"campfire_upgraded":0,"win_rate":0.0,"timestamp":1613558118,"path_taken":["M","?","?","M","?","R","E","$","T","M","M","E"],"items_purchased_type":["Card"],"build_version":"2020-12-22","purchased_purges":0,"victory":false,"max_hp_per_floor":[70,70,70,70,70,70,70,70,70,70,70,70,70],"card_choices":[{"not_picked":["Slice","Deflect"],"picked":"Terror","floor":1},{"not_picked":["Well Laid Plans","Sucker Punch"],"picked":"Deadly Poison","floor":4},{"not_picked":["Dash","Deflect"],"picked":"Backflip","floor":7},{"not_picked":["Outmaneuver","Riddle With Holes"],"picked":"Noxious Fumes","floor":10},{"not_picked":["Dagger Throw","Flying Knee"],"picked":"Bane","floor":11}],"player_experience":110987,"relics_obtained":[{"floor":7,"key":"Darkstone Periapt"},{"floor":9,"key":"Bag of Preparation"}],"event_choices":[{"damage_healed":17,"gold_gain":0,"player_choice":"Healed","damage_taken":0,"max_hp_gain":0,"max_hp_loss":0,"event_name":"The Cleric","floor":3,"gold_loss":35},{"damage_healed":0,"gold_gain":0,"player_choice":"Ignored","damage_taken":0,"max_hp_gain":0,"max_hp_loss":0,"event_name":"Shining Light","floor":5,"gold_loss":0}],"is_beta":false,"boss_relics":[],"items_purged_floors":[],"is_endless":false,"potions_floor_spawned":[1,7],"killed_by":"Lagavulin","ascension_level":0}}