{"host":"bc298c4gavna5tx2","time":1613534021,"event":{"mods":["ATMod(阿瑾Mod)","Act Like it!","BaseMod","Challenge The Spire","Energized Spire","Lobotomy","LobotomyExtend","Minty Spire (QoL Compilation)","MostiFishMod","Quarter Circle Forward PUNCH!","Quick Restart","Replay The Spire","Spicy Shops","StSLib","The Marked","【功能Mod】混沌之环修复补丁","【功能Mod】聪明的最终Boss","【遗物卡牌】REMEMod"],"gold_per_floor":[109,128,98,131,146,146,164,164,164,178,22,49,59,79,79,181,181,181,199,199,223,242,242,242],"floor_reached":23,"language":"ZHS","playtime":970,"items_purged":["theMarked:Strike"],"score":328,"play_id":"bd133f51-cb58-40b1-ac12-3232421aad35","local_time":"20210217115341","is_ascension_mode":false,"campfire_choices":[{"data":"theMarked:SoldierOfQuellstein","floor":6.0,"key":"SMITH"},{"data":"theMarked:Polarize","floor":8.0,"key":"SMITH"},{"data":"theMarked:BanishingWave","floor":15.0,"key":"SMITH"}],"circlet_count":0,"master_deck":["theMarked:Strike+1","theMarked:Strike+1","theMarked:Strike+1","theMarked:Strike+1","theMarked:Defend+1","theMarked:Defend+1","theMarked:Defend+1","theMarked:Defend+1","theMarked:SoldierOfQuellstein+1","MostiFishMod:Wind+1","theMarked:ElectricStrings","theMarked:Polarize+1","theMarked:MuscleMemory","theMarked:EmpowerWeapon+1","theMarked:ParalyzingBlade","theMarked:Generate","theMarked:RogueSparks+1","theMarked:BanishingWave+1","theMarked:ComboAttacks","theMarked:BindingBlade","theMarked:MysticalArsenal"],"relics":["theMarked:ArtifactOfAir","AT_ATBox","DaveBox","REME_ComplimentaryCards","FeatherPendant","theMarked:DemonDagger","SynthV:TestCard","LetterFromLob","ReplayTheSpireMod:Lightbulb","REME_HandOfSuture","InkBottle","REME_DuelDisc"],"acts_visited":["Exordium","TheCity"],"potions_floor_usage":[],"damage_taken":[{"damage":0.0,"enemies":"2 Louse","floor":1.0,"turns":3.0},{"damage":0.0,"enemies":"Cultist","floor":2.0,"turns":2.0},{"damage":0.0,"enemies":"Replay:BlueRogue","floor":4.0,"turns":4.0},{"damage":1.0,"enemies":"Jaw Worm","floor":5.0,"turns":3.0},{"damage":0.0,"enemies":"2 Fungi Beasts","floor":7.0,"turns":3.0},{"damage":10.0,"enemies":"Lots of Slimes","floor":10.0,"turns":2.0},{"damage":0.0,"enemies":"Gremlin Nob","floor":12.0,"turns":4.0},{"damage":0.0,"enemies":"Large Slime","floor":13.0,"turns":5.0},{"damage":0.0,"enemies":"Exordium Wildlife","floor":14.0,"turns":3.0},{"damage":0.0,"enemies":"Fading Forest","floor":16.0,"turns":7.0},{"damage":10.0,"enemies":"Shell Parasite","floor":19.0,"turns":2.0},{"damage":0,"enemies":"2 Thieves","floor":22,"turns":2},{"damage":22,"enemies":"Slavers","floor":23,"turns":1}],"seed_played":"6065641893214312938","potions_obtained":[{"floor":1.0,"key":"ColorlessPotion"},{"floor":3.0,"key":"Doom Potion"},{"floor":3.0,"key":"qcfpunch:Challenger_Coin"},{"floor":4.0,"key":"LiquidMemories"},{"floor":7.0,"key":"Flashbang"},{"floor":13.0,"key":"LiquidBronze"}],"is_trial":false,"path_per_floor":["M","M","?","E","M","R","M","R","T","M","$","E","M","M","R","B",null,"M","M","?","T","M","E"],"character_chosen":"THE_DEFAULT","items_purchased":["theMarked:Generate"],"campfire_rested":0,"item_purchase_floors":[11],"current_hp_per_floor":[72,72,72,72,71,71,71,71,71,61,61,61,61,61,61,61,72,32,22,22,22,22,0,0],"gold":242,"neow_bonus":"RANDOM_COMMON_RELIC","is_daily":false,"chose_seed":false,"campfire_upgraded":3,"win_rate":0.0,"timestamp":1613534021,"path_taken":["M","M","?","E","M","R","M","R","T","M","?","E","M","M","R","BOSS","M","M","?","?","M","E"],"items_purchased_type":["Card"],"build_version":"2020-12-22","purchased_purges":1,"victory":false,"max_hp_per_floor":[72,72,72,72,72,72,72,72,72,72,72,72,72,72,72,72,72,72,72,72,72,72,72,72],"card_choices":[{"not_picked":["theMarked:ContemptForTheProud","theMarked:Frustration"],"picked":"theMarked:ElectricStrings","floor":1.0},{"not_picked":["theMarked:CreepingChasm","theMarked:RepellingDischarge","theMarked:ContemptForTheProud","theMarked:EmpowerWeapon"],"picked":"theMarked:Polarize","floor":2.0},{"not_picked":["theMarked:Parkour","theMarked:PowerFlow","theMarked:WardOff","theMarked:ThrowWeapon"],"picked":"theMarked:MuscleMemory","floor":4.0},{"not_picked":["theMarked:Frustration","theMarked:BanishingStrike","theMarked:AttractMetal","theMarked:WastefulAttack","theMarked:ShockingTouch"],"picked":"SKIP","floor":5.0},{"not_picked":["theMarked:AttractMetal","theMarked:RepellingDischarge","theMarked:Parry","theMarked:Electrocute"],"picked":"theMarked:EmpowerWeapon","floor":7.0},{"not_picked":["theMarked:WastefulAttack","theMarked:BanishingWave","theMarked:HeightenedSenses","theMarked:ContemptForTheProud"],"picked":"theMarked:ParalyzingBlade","floor":10.0},{"not_picked":["theMarked:KeepCalmAndFight","theMarked:SwordAndMagic","theMarked:ParalyzingBlade","theMarked:ResourceFulStrike"],"picked":"theMarked:RogueSparks","floor":12.0},{"not_picked":["theMarked:ElectricStrings","theMarked:BanishingStrike","theMarked:HeightenedSenses","theMarked:WardOff"],"picked":"theMarked:BanishingWave","floor":13.0},{"not_picked":["theMarked:ThrowWeapon","theMarked:SelfDefenseTraining","theMarked:EmpowerWeapon","theMarked:RepellingDischarge"],"picked":"theMarked:ComboAttacks","floor":14.0},{"not_picked":["theMarked:TakeOffHeels","theMarked:UnarmedFury","theMarked:EternalStudent","theMarked:TurnInvisible"],"picked":"theMarked:BindingBlade","floor":16.0},{"not_picked":["theMarked:Convert","theMarked:Parkour","theMarked:RogueSparks","theMarked:Parry+1","theMarked:Overthink"],"picked":"SKIP","floor":19.0},{"not_picked":["theMarked:Seal","theMarked:ResourceFulStrike","theMarked:TakeCover+1","theMarked:WardOff+1"],"picked":"theMarked:MysticalArsenal","floor":22}],"player_experience":142783,"relics_obtained":[{"floor":1.0,"key":"SynthV:TestCard"},{"floor":1.0,"key":"LetterFromLob"},{"floor":4.0,"key":"ReplayTheSpireMod:Lightbulb"},{"floor":9.0,"key":"REME_HandOfSuture"},{"floor":12.0,"key":"InkBottle"}],"event_choices":[{"damage_healed":0.0,"max_hp_gain":0.0,"max_hp_loss":0.0,"gold_gain":0.0,"event_name":"The Woman in Blue","player_choice":"Bought 2 Potions","floor":3.0,"gold_loss":0.0,"damage_taken":0.0},{"damage_healed":0.0,"max_hp_gain":0.0,"max_hp_loss":0.0,"gold_gain":0.0,"event_name":"Back to Basics","player_choice":"Simplicity","floor":20.0,"gold_loss":0.0,"damage_taken":0.0,"cards_upgraded":["theMarked:Strike","theMarked:Strike","theMarked:Strike","theMarked:Strike","theMarked:Defend","theMarked:Defend","theMarked:Defend","theMarked:Defend"]}],"is_beta":false,"boss_relics":[{"not_picked":["Snecko Eye","qcfpunch:Crimson_Sash"],"picked":"REME_DuelDisc"}],"items_purged_floors":[11],"is_endless":false,"potions_floor_spawned":[1,4,7,13],"killed_by":"Slavers","ascension_level":0}}