{"host":"r4aerl4ckfvw1dw3","time":1613531282,"event":{"mods":["BaseMod","BetterRewards","Minty Spire (QoL Compilation)","Quick Restart","StSLib"],"gold_per_floor":[112,127,139,155,155,181,194,194,194,204,204,204,220,235,235,338,338,351,266,279,279,279],"floor_reached":21,"language":"ENG","playtime":1350,"items_purged":[],"score":222,"play_id":"5e55016d-6255-4f0e-8688-8e65a1e4598b","local_time":"20210216190802","is_ascension_mode":true,"campfire_choices":[{"floor":8,"key":"REST"},{"data":"Electrodynamics","floor":11,"key":"SMITH"},{"data":"Echo Form","floor":15,"key":"SMITH"}],"circlet_count":0,"master_deck":["Strike_B","Strike_B","Strike_B","Defend_B","Defend_B","Defend_B","Defend_B","Zap","Dualcast","Electrodynamics+1","Defragment","Conserve Battery","Go for the Eyes","Undo","Seek","Genetic Algorithm","Echo Form+1","Machine Learning","Force Field+1","Gash+1"],"relics":["Cracked Core","Blue Candle","Matryoshka","Inserter","Meat on the Bone"],"acts_visited":["Exordium","TheCity"],"potions_floor_usage":[14,16,18],"damage_taken":[{"damage":1,"enemies":"Cultist","floor":1,"turns":3},{"damage":20,"enemies":"Small Slimes","floor":2,"turns":3},{"damage":8,"enemies":"Jaw Worm","floor":3,"turns":4},{"damage":5,"enemies":"2 Fungi Beasts","floor":4,"turns":2},{"damage":26,"enemies":"Gremlin Nob","floor":6,"turns":4},{"damage":8,"enemies":"Exordium Wildlife","floor":7,"turns":3},{"damage":8,"enemies":"Red Slaver","floor":10,"turns":4},{"damage":0,"enemies":"Large Slime","floor":13,"turns":4},{"damage":0,"enemies":"3 Louse","floor":14,"turns":1},{"damage":23,"enemies":"The Guardian","floor":16,"turns":12},{"damage":24,"enemies":"Chosen","floor":18,"turns":5},{"damage":36,"enemies":"Shell Parasite","floor":20,"turns":9},{"damage":24,"enemies":"Snake Plant","floor":21,"turns":4}],"seed_played":"-3279637890174252642","potions_obtained":[{"floor":3,"key":"PotionOfCapacity"},{"floor":6,"key":"FearPotion"},{"floor":7,"key":"DistilledChaos"},{"floor":16,"key":"AttackPotion"}],"is_trial":false,"path_per_floor":["M","M","M","M","?","E","M","R","T","M","R","?","M","M","R","B",null,"M","?","M","M"],"character_chosen":"DEFECT","items_purchased":[],"campfire_rested":1,"item_purchase_floors":[],"current_hp_per_floor":[67,47,39,34,56,30,22,42,42,34,34,27,27,27,27,4,68,44,44,20,0,0],"gold":279,"neow_bonus":"THREE_RARE_CARDS","is_daily":false,"chose_seed":false,"campfire_upgraded":2,"win_rate":0.0,"timestamp":1613531282,"path_taken":["M","?","M","M","?","E","M","R","T","M","R","?","?","M","R","BOSS","M","?","M","M"],"items_purchased_type":[],"build_version":"2020-12-22","purchased_purges":0,"victory":false,"max_hp_per_floor":[68,68,68,68,68,68,68,68,68,68,68,68,68,68,68,68,68,68,68,68,68,68],"card_choices":[{"not_picked":["Hyperbeam","Reboot"],"picked":"Electrodynamics","floor":0},{"not_picked":["Gash","Reprogram"],"picked":"Defragment","floor":1},{"not_picked":["Rip and Tear","Auto Shields"],"picked":"Conserve Battery","floor":2},{"not_picked":["Beam Cell","Steam"],"picked":"Go for the Eyes","floor":3},{"not_picked":["Ball Lightning","Stack"],"picked":"Undo","floor":4},{"not_picked":["Thunder Strike","Hello World"],"picked":"Seek","floor":6},{"not_picked":["Auto Shields","Darkness","Go for the Eyes"],"picked":"SKIP","floor":7},{"not_picked":["Steam","Go for the Eyes"],"picked":"Genetic Algorithm","floor":10},{"not_picked":["Redo","Go for the Eyes","Beam Cell"],"picked":"SKIP","floor":13},{"not_picked":["Defragment","Stack"],"picked":"Echo Form","floor":14},{"not_picked":["Meteor Strike","Rainbow"],"picked":"Machine Learning","floor":16},{"not_picked":["Scrape","Go for the Eyes"],"picked":"Force Field+1","floor":18},{"not_picked":["Go for the Eyes","Streamline+1"],"picked":"Gash+1","floor":20}],"player_experience":611110,"relics_obtained":[{"floor":6,"key":"Blue Candle"},{"floor":9,"key":"Matryoshka"}],"event_choices":[{"damage_healed":22,"gold_gain":0,"player_choice":"Banana","damage_taken":0,"max_hp_gain":0,"max_hp_loss":0,"event_name":"Big Fish","floor":5,"gold_loss":0},{"cards_removed":["Strike_B"],"damage_healed":0,"gold_gain":0,"player_choice":"Card Removal","damage_taken":7,"max_hp_gain":0,"max_hp_loss":0,"event_name":"Golden Wing","floor":12,"gold_loss":0},{"damage_healed":0,"gold_gain":0,"player_choice":"Obtained Relic","damage_taken":0,"relics_obtained":["Meat on the Bone"],"max_hp_gain":0,"max_hp_loss":0,"event_name":"Addict","floor":19,"gold_loss":85}],"is_beta":false,"boss_relics":[{"not_picked":["Sozu","Astrolabe"],"picked":"Inserter"}],"items_purged_floors":[],"is_endless":false,"potions_floor_spawned":[3,6,7,16],"killed_by":"Snake Plant","ascension_level":4}}