{"host":"5h6e4l6hpn0p5lap","time":1613586573,"event":{"mods":["AchievementEnabler","BaseMod","Better Altar","Better Match","Better Sensory Stone","Better Skull","Better Third Choice","Colored Map","Filter the Spire","Minty Spire (QoL Compilation)","StSLib"],"gold_per_floor":[112,112,20,20,37,65,79,94,94,121,156,169,180,215,215,310,310,329,329,364,51,51,51,84,97,97,107,38,38,38,137,137,239,239,252,1251,709,809,825,853,853,853,853],"floor_reached":42,"language":"ENG","playtime":1564,"items_purged":["Strike_R","Normality"],"score":741,"play_id":"139cf838-3b0c-4e5f-8803-ea0a10a5a791","local_time":"20210217132933","is_ascension_mode":true,"campfire_choices":[{"data":"Inflame","floor":15,"key":"SMITH"},{"data":"Trip","floor":23,"key":"SMITH"},{"data":"True Grit","floor":29,"key":"SMITH"},{"data":"True Grit","floor":32,"key":"SMITH"},{"floor":41,"key":"REST"}],"circlet_count":0,"master_deck":["Strike_R+1","Strike_R","Strike_R","Defend_R","Defend_R","Defend_R","Defend_R","Bash","Inflame+1","Swift Strike+1","Reckless Charge","Spot Weakness","Whirlwind","True Grit+1","Pummel","Pommel Strike","Battle Trance","Reaper","Seeing Red+1","Good Instincts","Trip+1","Feed","Ghostly Armor","Disarm","Sentinel","True Grit+1","Rage","Decay","Brutality","Shockwave+1","Normality","Heavy Blade","Shrug It Off","Apotheosis","Flame Barrier+1","Sword Boomerang+1"],"relics":["Burning Blood","NeowsBlessing","Bronze Scales","Strawberry","Anchor","Blue Candle","MealTicket","Velvet Choker","Red Mask","Nunchaku","Question Card","Mark of Pain","Medical Kit","Matryoshka"],"acts_visited":["Exordium","TheCity","TheBeyond"],"potions_floor_usage":[11,14,16,16,25,33,42],"damage_taken":[{"damage":0,"enemies":"Jaw Worm","floor":1,"turns":1},{"damage":0,"enemies":"2 Louse","floor":5,"turns":1},{"damage":0,"enemies":"3 Sentries","floor":6,"turns":2},{"damage":6,"enemies":"Cultist","floor":7,"turns":3},{"damage":11,"enemies":"Blue Slaver","floor":8,"turns":3},{"damage":30,"enemies":"Lagavulin","floor":11,"turns":6},{"damage":10,"enemies":"2 Fungi Beasts","floor":12,"turns":3},{"damage":6,"enemies":"Looter","floor":13,"turns":3},{"damage":0,"enemies":"Gremlin Nob","floor":14,"turns":2},{"damage":46,"enemies":"The Guardian","floor":16,"turns":12},{"damage":0,"enemies":"Chosen","floor":18,"turns":3},{"damage":21,"enemies":"Masked Bandits","floor":20,"turns":3},{"damage":12,"enemies":"Gremlin Leader","floor":24,"turns":5},{"damage":0,"enemies":"3 Byrds","floor":25,"turns":3},{"damage":13,"enemies":"Snake Plant","floor":27,"turns":4},{"damage":88,"enemies":"Collector","floor":33,"turns":14},{"damage":28,"enemies":"Orb Walker","floor":35,"turns":4},{"damage":16,"enemies":"3 Shapes","floor":39,"turns":4},{"damage":37,"enemies":"Nemesis","floor":40,"turns":9},{"damage":84,"enemies":"Reptomancer","floor":42,"turns":5}],"seed_played":"4574963052685856276","potions_obtained":[{"floor":1,"key":"Block Potion"},{"floor":6,"key":"ElixirPotion"},{"floor":7,"key":"LiquidMemories"},{"floor":11,"key":"Explosive Potion"},{"floor":13,"key":"Swift Potion"},{"floor":24,"key":"ColorlessPotion"},{"floor":25,"key":"HeartOfIron"},{"floor":40,"key":"DistilledChaos"}],"is_trial":false,"path_per_floor":["M","?","$","?","M","E","M","M","T","T","E","M","M","E","R","B",null,"M","?","?","$","?","R","E","M","T","M","$","R","?","?","R","B",null,"M","?","$","?","M","E","R","E"],"character_chosen":"IRONCLAD","items_purchased":["Swift Strike","Feed","Ghostly Armor","Rage","Heavy Blade","Shrug It Off","Medical Kit","Apotheosis"],"campfire_rested":1,"item_purchase_floors":[3,21,21,28,37,37,37,37],"current_hp_per_floor":[78,78,78,62,68,74,74,69,76,76,52,48,48,54,54,14,69,85,85,70,85,85,85,82,88,88,81,90,90,90,90,90,65,84,69,69,84,84,74,44,71,0,0],"gold":853,"neow_bonus":"THREE_ENEMY_KILL","is_daily":false,"chose_seed":false,"campfire_upgraded":4,"win_rate":0.0,"timestamp":1613586573,"path_taken":["M","?","$","?","M","E","M","M","T","?","E","M","?","E","R","BOSS","M","?","?","$","?","R","E","?","T","M","$","R","?","?","R","BOSS","M","?","$","?","?","E","R","E"],"items_purchased_type":["Card","Card","Card","Card","Card","Card","Relic","Card"],"build_version":"2020-12-22","purchased_purges":2,"victory":false,"max_hp_per_floor":[80,80,80,80,80,80,80,80,87,87,87,87,87,87,87,87,87,87,87,87,87,87,87,90,90,90,90,90,90,90,90,90,90,90,90,90,90,90,90,90,90,90,90],"card_choices":[{"not_picked":["True Grit","Entrench"],"picked":"Inflame","floor":1},{"not_picked":["Infernal Blade","Disarm"],"picked":"Reckless Charge","floor":5},{"not_picked":["Flex","True Grit"],"picked":"Spot Weakness","floor":6},{"not_picked":["Headbutt","Flex"],"picked":"Whirlwind","floor":7},{"not_picked":["Shockwave","Warcry"],"picked":"True Grit","floor":8},{"not_picked":["Cleave","Thunderclap"],"picked":"Pummel","floor":11},{"not_picked":["Seeing Red","Iron Wave","Demon Form"],"picked":"SKIP","floor":12},{"not_picked":["Sever Soul","Headbutt"],"picked":"Pommel Strike","floor":13},{"not_picked":["Exhume","Armaments"],"picked":"Battle Trance","floor":14},{"not_picked":["Barricade","Feed"],"picked":"Reaper","floor":16},{"not_picked":["Pommel Strike","Iron Wave"],"picked":"Seeing Red+1","floor":18},{"not_picked":["Discovery","Swift Strike"],"picked":"Good Instincts","floor":19},{"not_picked":["Enlightenment","Chrysalis"],"picked":"Trip","floor":19},{"not_picked":["Heavy Blade","Impervious"],"picked":"Disarm","floor":24},{"not_picked":["Warcry+1","Pommel Strike+1"],"picked":"Sentinel","floor":25},{"not_picked":["Clash","Iron Wave+1","Pummel"],"picked":"True Grit","floor":27},{"not_picked":["Bludgeon","Offering","Juggernaut"],"picked":"Brutality","floor":33},{"not_picked":["True Grit","Wild Strike+1","Warcry"],"picked":"Shockwave+1","floor":35},{"not_picked":["Intimidate+1","True Grit+1","Rage"],"picked":"Flame Barrier+1","floor":39},{"not_picked":["Sentinel","Wild Strike","Heavy Blade+1"],"picked":"Sword Boomerang+1","floor":40}],"player_experience":1134382,"relics_obtained":[{"floor":6,"key":"Bronze Scales"},{"floor":9,"key":"Strawberry"},{"floor":10,"key":"Anchor"},{"floor":11,"key":"Blue Candle"},{"floor":14,"key":"MealTicket"},{"floor":20,"key":"Red Mask"},{"floor":24,"key":"Nunchaku"},{"floor":26,"key":"Question Card"},{"floor":40,"key":"Matryoshka"}],"event_choices":[{"damage_healed":0,"gold_gain":0,"player_choice":"Ignored","damage_taken":0,"max_hp_gain":0,"max_hp_loss":0,"event_name":"Golden Wing","floor":2,"gold_loss":0},{"damage_healed":78,"gold_gain":0,"player_choice":"Upgrade","damage_taken":16,"max_hp_gain":0,"max_hp_loss":80,"event_name":"betterThird:BetterShining","floor":4,"gold_loss":0,"cards_upgraded":["Swift Strike","Strike_R"]},{"damage_healed":0,"gold_gain":2,"player_choice":"1","damage_taken":0,"max_hp_gain":0,"max_hp_loss":0,"event_name":"betterStone:BetterStone","floor":19,"gold_loss":0},{"damage_healed":0,"gold_gain":0,"player_choice":"Fought Bandits","damage_taken":0,"max_hp_gain":0,"max_hp_loss":0,"event_name":"Masked Bandits","floor":20,"gold_loss":0},{"cards_removed":["Strike_R"],"damage_healed":0,"gold_gain":0,"player_choice":"Purged","damage_taken":0,"max_hp_gain":0,"max_hp_loss":0,"event_name":"Purifier","floor":22,"gold_loss":0},{"damage_healed":0,"gold_gain":0,"player_choice":" Defy","damage_taken":0,"max_hp_gain":0,"max_hp_loss":0,"event_name":"betterAltar:BetterAltar","floor":30,"gold_loss":0,"cards_obtained":["Decay"]},{"damage_healed":0,"gold_gain":99,"player_choice":"Steal","damage_taken":0,"max_hp_gain":0,"max_hp_loss":0,"event_name":"betterThird:BetterNest","floor":31,"gold_loss":0},{"damage_healed":0,"gold_gain":999,"player_choice":"Gold","damage_taken":0,"max_hp_gain":0,"max_hp_loss":0,"event_name":"MindBloom","floor":36,"gold_loss":0,"cards_obtained":["Normality","Normality"]},{"damage_healed":0,"gold_gain":100,"player_choice":"Pray","damage_taken":0,"max_hp_gain":0,"max_hp_loss":0,"event_name":"Golden Shrine","floor":38,"gold_loss":0}],"is_beta":false,"boss_relics":[{"not_picked":["Astrolabe","Coffee Dripper"],"picked":"Velvet Choker"},{"not_picked":["Fusion Hammer","Black Star"],"picked":"Mark of Pain"}],"items_purged_floors":[21,37],"is_endless":false,"potions_floor_spawned":[1,6,7,11,13,24,25,40],"killed_by":"Reptomancer","ascension_level":7}}