{"host":"8e35oykb3je6g7ng","time":1613527570,"event":{"mods":["Act Like it!","Ascension Unlocker","BaseMod","Better Altar","Better Match","Better Note","Better Sensory Stone","Better Third Choice","BetterRewards","Block Reminder","Card Forge","Colored Map","Conspire","Curses Come First","Dota2Spire","GifTheSpireLib","Jedi Mod","Minty Spire (QoL Compilation)","Permanent Neow","Quick Restart","Spikes Relics","StSLib","Stuff the Spire","The Bladedancer","The Blue Laboratory","The Jungle","The Saiyan","Trackpad","UnlockEverythingMod"],"gold_per_floor":[95,45,63,63,77,111,111,151,188,213,225,237,271,302,314,424,436,538,562,574,574],"floor_reached":20,"language":"ENG","playtime":1747,"items_purged":[],"score":274,"play_id":"7d5c562d-5795-4f88-b8af-ebdd8edfefec","local_time":"20210216210610","is_ascension_mode":true,"campfire_choices":[{"data":"Saiyan:SuperSaiyanForm","floor":11,"key":"SMITH"},{"data":"Saiyan:Fly","floor":12,"key":"SMITH"},{"data":"Saiyan:Teleport","floor":15,"key":"SMITH"}],"circlet_count":0,"master_deck":["Saiyan:SAIYA_Strike","Saiyan:SAIYA_Strike","Saiyan:SAIYA_Strike","Saiyan:SAIYA_Defend","Saiyan:SAIYA_Defend","Saiyan:SAIYA_Defend","Saiyan:SAIYA_Defend","Saiyan:EnergyBlast","Saiyan:KaioKen","Saiyan:RuthlessBlow","Saiyan:Furor","Saiyan:BurningSoul","conspire:SpireCoStock","Saiyan:DoubleMasenko","Saiyan:Kienzan","Saiyan:Fly+1","Saiyan:SuperSaiyanForm+1","Saiyan:PowerUp","Saiyan:FinalFlash","Saiyan:Teleport+1","Saiyan:SenzuBean","Saiyan:TheBomb"],"relics":["SaiyanSoul","SaiyanHeart","Hammer of Thor","Seething Fire","Anvil of the Gods","jedi:arcanewood","MawBank","trackpad:HandOfMidas","Dota2Spire:LotusOrb","Philosopher\u0027s Stone","Akabeko"],"acts_visited":["Exordium","TheCity"],"potions_floor_usage":[6,13,16,18],"damage_taken":[{"damage":4.0,"enemies":"Jaw Worm","floor":1.0,"turns":4.0},{"damage":3.0,"enemies":"2 Louse","floor":3.0,"turns":1.0},{"damage":0.0,"enemies":"Cultist","floor":5.0,"turns":3.0},{"damage":7,"enemies":"Gremlin Nob","floor":6,"turns":4},{"damage":0,"enemies":"Lagavulin","floor":8,"turns":9},{"damage":5,"enemies":"3 Louse","floor":10,"turns":2},{"damage":0,"enemies":"Lots of Slimes","floor":13,"turns":5},{"damage":5,"enemies":"Looter","floor":14,"turns":3},{"damage":0,"enemies":"Slime Boss","floor":16,"turns":15},{"damage":22,"enemies":"conspire:FuzzyDice","floor":18,"turns":7},{"damage":34,"enemies":"2 Thieves","floor":19,"turns":5},{"damage":11,"enemies":"Snake Plant","floor":20,"turns":1}],"seed_played":"-1028735262136453916","potions_obtained":[{"floor":1.0,"key":"Dota2Spire:Clarity"},{"floor":6,"key":"jedi:wingpotion"},{"floor":8,"key":"EssenceOfSteel"},{"floor":10,"key":"blueLaboratory:HummingbirdPotion"},{"floor":14,"key":"blueLaboratory:BottledHope"}],"is_trial":false,"path_per_floor":["M","?","M","?","M","E","?","E","T","M","R","R","M","M","R","B",null,"M","M","M"],"character_chosen":"SAIYAJIN","items_purchased":[],"campfire_rested":0,"item_purchase_floors":[],"current_hp_per_floor":[56,56,53,53,54,48,48,49,49,44,44,44,46,41,41,42,66,44,10,0,0],"gold":574,"neow_bonus":"THREE_CARDS","is_daily":false,"chose_seed":false,"campfire_upgraded":3,"win_rate":0.0,"timestamp":1613527570,"path_taken":["M","?","M","?","?","E","?","E","T","M","?","R","M","M","R","BOSS","M","M","?"],"items_purchased_type":[],"build_version":"2020-12-22","purchased_purges":0,"victory":false,"max_hp_per_floor":[60,60,60,60,61,62,62,63,63,63,63,63,65,65,65,66,66,66,66,66,66],"card_choices":[{"not_picked":["Saiyan:Scouter","Saiyan:BackAttack"],"picked":"Saiyan:Furor","floor":0.0},{"not_picked":["Saiyan:CCCapsule","Saiyan:PowerPole"],"picked":"Saiyan:BurningSoul","floor":1.0},{"not_picked":["Saiyan:BackAttack","Saiyan:TurtleShell"],"picked":"Saiyan:DoubleMasenko","floor":3.0},{"not_picked":["Saiyan:PowerPole","Saiyan:TurtleShell"],"picked":"Saiyan:Fly","floor":5.0},{"not_picked":["Saiyan:ReverberatingForce","Saiyan:TheBomb"],"picked":"Saiyan:SuperSaiyanForm","floor":6},{"not_picked":["Saiyan:SaiyanHubris","Saiyan:BackAttack","Saiyan:DoubleMasenko"],"picked":"SKIP","floor":8},{"not_picked":["Saiyan:MeteorDash","Saiyan:Pacing"],"picked":"Saiyan:PowerUp","floor":10},{"not_picked":["Saiyan:SaiyanHubris","Saiyan:Quickening"],"picked":"Saiyan:FinalFlash","floor":13},{"not_picked":["Saiyan:KiExplosion","Saiyan:Quickening"],"picked":"Saiyan:Teleport","floor":14},{"not_picked":["Saiyan:TransfigurationBeam","Saiyan:Rekindle"],"picked":"Saiyan:SenzuBean","floor":16},{"not_picked":["Saiyan:Scouter","Saiyan:Quickening","Saiyan:BackAttack"],"picked":"SKIP","floor":18},{"not_picked":["Saiyan:Medicine","Saiyan:RemoveWeights"],"picked":"Saiyan:TheBomb","floor":19}],"player_experience":543458,"relics_obtained":[{"floor":6,"key":"jedi:arcanewood"},{"floor":8,"key":"trackpad:HandOfMidas"},{"floor":9,"key":"Dota2Spire:LotusOrb"},{"floor":18,"key":"Akabeko"}],"event_choices":[{"damage_healed":0.0,"max_hp_gain":0.0,"max_hp_loss":0.0,"gold_gain":0.0,"event_name":"conspire:Investor","player_choice":"Invest 1","floor":2.0,"gold_loss":0.0,"damage_taken":0.0},{"damage_healed":0.0,"max_hp_gain":0.0,"max_hp_loss":0.0,"gold_gain":0.0,"cards_transformed":["Saiyan:SAIYA_Strike"],"event_name":"Transmorgrifier","player_choice":"Transformed","floor":4.0,"gold_loss":0.0,"damage_taken":0.0,"cards_obtained":["Saiyan:Kienzan"]},{"damage_healed":0,"gold_gain":0,"player_choice":"Gave Potion","damage_taken":0,"relics_obtained":["MawBank"],"max_hp_gain":0,"max_hp_loss":0,"event_name":"WeMeetAgain","floor":7,"gold_loss":0}],"is_beta":false,"boss_relics":[{"not_picked":["Cursed Key","jedi:battlestandard"],"picked":"Philosopher\u0027s Stone"}],"items_purged_floors":[],"is_endless":false,"potions_floor_spawned":[1,6,8,10,14],"killed_by":"Snake Plant","ascension_level":1}}