{"host":"y6zg4wwu39otf01a","time":1613591966,"event":{"mods":["Act Like it!","Aspiration","BaseMod","Better Altar","Better Match","Better Note","Better Sensory Stone","Better Skull","Better Third Choice","Challenge The Spire","Colored Map","Colored Powertips","Conspire","GifTheSpireLib","Glutton Mod","Halation","Hermit","Highlight Path","Hubris","Infinite Spire","Mimic Mod","Minty Spire (QoL Compilation)","Quick Restart","Random Character Button","Rare Cards Sparkle","Reliquary","Replay The Spire","Retaliation","Ruina","Spicy Shops","StSLib","Stuff the Spire","The Blue Laboratory","The Construct","The Jungle"],"gold_per_floor":[110,110,110,135,135,160,160,172,172,172,191,102,102,117,117,293,293,324,324,249,277,277,277,277],"floor_reached":23,"language":"ENG","playtime":1025,"items_purged":["Pride"],"score":224,"play_id":"4928c01a-af86-435e-b27f-40cb8671a19d","local_time":"20210217135926","is_ascension_mode":true,"campfire_choices":[{"floor":7.0,"key":"REST"},{"floor":10.0,"key":"REST"},{"data":"Crescendo","floor":15.0,"key":"SMITH"}],"circlet_count":0,"master_deck":["hermit:Strike_Hermit","hermit:Strike_Hermit","hermit:Strike_Hermit","hermit:Strike_Hermit","hermit:Defend_Hermit","hermit:Defend_Hermit","hermit:Defend_Hermit","hermit:Defend_Hermit","hermit:Snapshot","hermit:Covet","Clash","Ghostly Armor","Crescendo+1","hermit:GhostlyPresence","CrushJoints","hermit:DeadOrAlive","hermit:Roughhouse","hermit:GhostlyPresence","hermit:DeadOrAlive","hermit:Quickdraw+1","infinitespire:Execution","hermit:OverwhelmingPower"],"relics":["hermit:Momento","Replay:M_SmolderingBlood","conspire:TopHat","conspire:Dentures","halation:Trompette","halation:Toothbrush","aspiration:FrozenJewel","construct:RocketBooster","Ring of Chaos","hubris:Backtick","halation:PenCase","hubris:MysteriousPyramids","Nloth\u0027s Gift"],"acts_visited":["Exordium","TheCity"],"potions_floor_usage":[],"damage_taken":[{"damage":1.0,"enemies":"Cultist","floor":1.0,"turns":3.0},{"damage":11.0,"enemies":"conspire:MimicChest","floor":4.0,"turns":4.0},{"damage":45.0,"enemies":"Lagavulin","floor":6.0,"turns":5.0},{"damage":3.0,"enemies":"Jaw Worm","floor":8.0,"turns":2.0},{"damage":0.0,"enemies":"Small Slimes","floor":11.0,"turns":2.0},{"damage":1.0,"enemies":"Blue Slaver","floor":14.0,"turns":2.0},{"damage":18.0,"enemies":"Slime Boss","floor":16.0,"turns":10.0},{"damage":6.0,"enemies":"Shell Parasite","floor":18.0,"turns":3.0},{"damage":0.0,"enemies":"Spheric Guardian","floor":21.0,"turns":2.0},{"damage":76,"enemies":"Book of Stabbing","floor":23,"turns":5}],"seed_played":"6600023622917208073","potions_obtained":[{"floor":1.0,"key":"blueLaboratory:NullPotion"},{"floor":6.0,"key":"blueLaboratory:ExaltedPotion"},{"floor":11.0,"key":"Ancient Potion"}],"is_trial":false,"path_per_floor":["M","?","?","?","?","E","R","M","T","R","M","$","T","M","R","B",null,"M","AVR","?","M","?","E"],"character_chosen":"HERMIT","items_purchased":["hermit:Roughhouse"],"campfire_rested":2,"item_purchase_floors":[12],"current_hp_per_floor":[74,74,57,46,46,1,23,20,20,42,42,42,42,41,41,23,75,69,72,75,75,75,0,0],"gold":277,"neow_bonus":"NOSTALGIA","is_daily":false,"chose_seed":false,"campfire_upgraded":1,"win_rate":0.0,"timestamp":1613591966,"path_taken":["M","?","?","?","?","E","R","M","T","R","M","?","?","M","R","BOSS","M","AVR","?","M","?","E"],"items_purchased_type":["Card"],"build_version":"2020-12-22","purchased_purges":1,"victory":false,"max_hp_per_floor":[75,75,75,75,75,75,75,75,75,75,75,75,75,75,75,75,75,75,78,81,81,81,81,81],"card_choices":[{"not_picked":["hermit:ShadowCloak","hermit:LowProfile"],"picked":"Clash","floor":1.0},{"not_picked":["hermit:NoHoldsBarred","BowlingBash"],"picked":"Crescendo","floor":4.0},{"not_picked":["hermit:Desperado","Crescendo"],"picked":"hermit:GhostlyPresence","floor":6.0},{"not_picked":["hermit:ItchyTrigger","hermit:SprayPray"],"picked":"CrushJoints","floor":8.0},{"not_picked":["hermit:TakeAim","FollowUp"],"picked":"hermit:DeadOrAlive","floor":11.0},{"not_picked":["Headbutt","Crescendo"],"picked":"hermit:GhostlyPresence","floor":14.0},{"not_picked":["hermit:HighNoon","Ragnarok"],"picked":"hermit:DeadOrAlive","floor":16.0},{"not_picked":["hermit:ItchyTrigger","hermit:Glare"],"picked":"hermit:Quickdraw+1","floor":18.0},{"not_picked":["hermit:GhostlyPresence","hermit:Virtue"],"picked":"hermit:OverwhelmingPower","floor":21.0}],"player_experience":874021,"relics_obtained":[{"floor":4.0,"key":"conspire:Dentures"},{"floor":6.0,"key":"halation:Toothbrush"},{"floor":9.0,"key":"aspiration:FrozenJewel"},{"floor":13.0,"key":"construct:RocketBooster"}],"event_choices":[{"damage_healed":0.0,"max_hp_gain":0.0,"max_hp_loss":0.0,"gold_gain":0.0,"event_name":"The Cleric","player_choice":"Leave","floor":2.0,"gold_loss":0.0,"damage_taken":0.0},{"damage_healed":0.0,"max_hp_gain":0.0,"max_hp_loss":0.0,"gold_gain":0.0,"event_name":"Big Fish","player_choice":"Box","floor":5.0,"gold_loss":0.0,"damage_taken":0.0,"relics_obtained":["halation:Trompette"],"cards_obtained":["Regret"]},{"cards_removed":["Regret"],"damage_healed":0.0,"max_hp_gain":0.0,"max_hp_loss":0.0,"gold_gain":0.0,"event_name":"Beggar","player_choice":"Gave Gold","floor":20.0,"gold_loss":75.0,"damage_taken":0.0},{"damage_healed":0.0,"max_hp_gain":0.0,"max_hp_loss":0.0,"gold_gain":0.0,"event_name":"N\u0027loth","player_choice":"Traded Relic","floor":22.0,"relics_lost":["aspiration:Nostalgia"],"gold_loss":0.0,"damage_taken":0.0,"relics_obtained":["Nloth\u0027s Gift"]}],"is_beta":false,"boss_relics":[{"not_picked":["aspiration:SilentSkillbook","aspiration:FutureDiary"],"picked":"Ring of Chaos"}],"items_purged_floors":[19],"is_endless":false,"potions_floor_spawned":[1,6,11],"killed_by":"Book of Stabbing","ascension_level":4}}