{"host":"8dytqszkx6ijebks","time":1613576393,"event":{"mods":["AchievementEnabler","BaseMod","Colored Map","DeckTracker","Keyboard Shortcuts","Minty Spire (QoL Compilation)","Permanent Neow","SuperFastMode","everything is the same but u backflip on backflip"],"gold_per_floor":[111,111,71,91,16,16,48,48,130,130,30,40,115,135,135,135,135],"floor_reached":16,"language":"KOR","playtime":555,"items_purged":["Bash","Strike_R"],"score":118,"play_id":"d9033966-e5a9-4cb3-a8e8-8f6602937ee9","local_time":"20210218003953","is_ascension_mode":true,"campfire_choices":[{"data":"Barricade","floor":6,"key":"SMITH"},{"floor":8,"key":"REST"},{"data":"Shrug It Off","floor":10,"key":"SMITH"},{"floor":15,"key":"REST"}],"circlet_count":0,"master_deck":["Strike_R","Strike_R","Strike_R","Strike_R","Defend_R","Defend_R","Defend_R","Defend_R","Barricade+1","Shrug It Off+1","Ghostly Armor"],"relics":["Burning Blood","Ancient Tea Set","Self Forming Clay"],"acts_visited":["Exordium"],"potions_floor_usage":[7,16,16,16],"damage_taken":[{"damage":9,"enemies":"Jaw Worm","floor":1,"turns":5},{"damage":2,"enemies":"2 Louse","floor":4,"turns":4},{"damage":46,"enemies":"Lagavulin","floor":7,"turns":11},{"damage":0,"enemies":"Cultist","floor":12,"turns":5},{"damage":16,"enemies":"Lots of Slimes","floor":14,"turns":6},{"damage":20,"enemies":"Slime Boss","floor":16,"turns":15}],"seed_played":"-8155787065441644186","potions_obtained":[{"floor":3,"key":"LiquidBronze"},{"floor":3,"key":"SneckoOil"},{"floor":3,"key":"Ancient Potion"},{"floor":12,"key":"Block Potion"}],"is_trial":false,"path_per_floor":["M","?","?","M","$","R","E","R","T","R","$","M","?","M","R","B"],"character_chosen":"IRONCLAD","items_purchased":[],"campfire_rested":2,"item_purchase_floors":[],"current_hp_per_floor":[53,53,53,57,57,57,17,41,41,41,41,47,36,26,50,30,30],"gold":135,"neow_bonus":"THREE_RARE_CARDS","is_daily":false,"chose_seed":false,"campfire_upgraded":2,"win_rate":0.0,"timestamp":1613576393,"path_taken":["M","?","?","?","?","R","E","R","T","R","$","M","?","M","R","BOSS"],"items_purchased_type":[],"build_version":"2020-12-22","purchased_purges":2,"victory":false,"max_hp_per_floor":[80,80,80,80,80,80,80,80,80,80,80,80,80,80,80,80,80],"card_choices":[{"not_picked":["Berserk","Immolate"],"picked":"Barricade","floor":0},{"not_picked":["Thunderclap","Flex"],"picked":"Shrug It Off","floor":1},{"not_picked":["Thunderclap","Anger","Spot Weakness"],"picked":"SKIP","floor":4},{"not_picked":["Bludgeon","Perfected Strike","Evolve"],"picked":"SKIP","floor":7},{"not_picked":["Blood for Blood","Flex"],"picked":"Ghostly Armor","floor":12},{"not_picked":["Dark Embrace","Blood for Blood","Twin Strike"],"picked":"SKIP","floor":14}],"player_experience":273308,"relics_obtained":[{"floor":7,"key":"Ancient Tea Set"},{"floor":9,"key":"Self Forming Clay"}],"event_choices":[{"damage_healed":0,"gold_gain":0,"player_choice":"Ignored","damage_taken":0,"max_hp_gain":0,"max_hp_loss":0,"event_name":"Liars Game","floor":2,"gold_loss":0},{"damage_healed":0,"gold_gain":0,"player_choice":"Bought 3 Potions","damage_taken":0,"max_hp_gain":0,"max_hp_loss":0,"event_name":"The Woman in Blue","floor":3,"gold_loss":0},{"damage_healed":0,"gold_gain":75,"player_choice":"Gather Gold","damage_taken":11,"max_hp_gain":0,"max_hp_loss":0,"event_name":"World of Goop","floor":13,"gold_loss":0}],"is_beta":false,"boss_relics":[],"items_purged_floors":[5,11],"is_endless":false,"potions_floor_spawned":[4,12],"killed_by":"Slime Boss","ascension_level":4}}