{"host":"jzhosqkmc1ht3q4y","time":1613591479,"event":{"mods":["100% Spire Juice","Act Like it!","Arknights","BaseMod","Better Third Choice","Colored Map","Minty Spire (QoL Compilation)","Rare Cards Sparkle","StSLib","SuperFastMode"],"gold_per_floor":[118,293,308,308,193,193,211,243,243,243,254,254,254],"floor_reached":12,"language":"KOR","playtime":480,"items_purged":["Doubt"],"score":78,"play_id":"b14cdf7e-6086-4c87-9518-ed94041b6ea6","local_time":"20210218045119","is_ascension_mode":false,"campfire_choices":[{"data":"ats:Burning Ground","floor":6.0,"key":"SMITH"}],"circlet_count":0,"master_deck":["ats:Strike C","ats:Strike S","ats:Strike V","ats:Armor Crushing Shot","ats:Defend","ats:Defend","ats:Defend","ats:Defend","ats:Emotion Absorption","ats:Echo Reverb","ats:Spore Proliferation","ats:Burning Ground+1","ats:Flame Of Heaven","ats:Absolute Focus","ats:Healing Strengthening","ats:Ignite"],"relics":["ats:Sanity","ats:Originium","ats:Bonebreaker","Ancient Tea Set"],"acts_visited":["Exordium"],"potions_floor_usage":[12],"damage_taken":[{"damage":10.0,"enemies":"Jaw Worm","floor":1.0,"turns":5.0},{"damage":2.0,"enemies":"Small Slimes","floor":3.0,"turns":6.0},{"damage":1.0,"enemies":"Cultist","floor":7.0,"turns":4.0},{"damage":30.0,"enemies":"Lagavulin","floor":8.0,"turns":10.0},{"damage":8.0,"enemies":"Blue Slaver","floor":11.0,"turns":4.0},{"damage":28,"enemies":"3 Sentries","floor":12,"turns":6}],"seed_played":"4771395776877903215","potions_obtained":[{"floor":1.0,"key":"Dexterity Potion"},{"floor":11.0,"key":"Dexterity Potion"}],"is_trial":false,"path_per_floor":["M","?","M","?","$","R","M","E","T","?","M","E"],"character_chosen":"DOCTOR_CLASS","items_purchased":["ats:Flame Of Heaven"],"campfire_rested":0,"item_purchase_floors":[5],"current_hp_per_floor":[62,62,60,60,60,60,59,29,29,29,21,0,0],"gold":254,"neow_bonus":"TRANSFORM_CARD","is_daily":false,"chose_seed":false,"campfire_upgraded":1,"win_rate":0.0,"timestamp":1613591479,"path_taken":["M","?","M","?","$","R","M","E","T","?","?","E"],"items_purchased_type":["Card"],"build_version":"2020-12-22","purchased_purges":1,"victory":false,"max_hp_per_floor":[72,72,72,72,72,72,72,72,72,72,72,72,72],"card_choices":[{"not_picked":["ats:Healing Drone","ats:Serious Mode"],"picked":"ats:Spore Proliferation","floor":1.0},{"not_picked":["ats:Song Of Battle","ats:Very Hot Blade"],"picked":"ats:Burning Ground","floor":3.0},{"not_picked":["ats:Thorns","ats:Closed Bolt Burst Fire"],"picked":"ats:Absolute Focus","floor":7.0},{"not_picked":["ats:Overload","ats:Flexible Camouflage"],"picked":"ats:Healing Strengthening","floor":8.0},{"not_picked":["ats:Beaten Up","ats:Flexible Camouflage"],"picked":"ats:Ignite","floor":11.0}],"player_experience":779812,"relics_obtained":[{"floor":8.0,"key":"ats:Originium"},{"floor":8.0,"key":"ats:Bonebreaker"},{"floor":9.0,"key":"Ancient Tea Set"}],"event_choices":[{"damage_healed":0.0,"max_hp_gain":0.0,"max_hp_loss":0.0,"gold_gain":175.0,"event_name":"betterThird:BetterSerpent","player_choice":"AGREE","floor":2.0,"gold_loss":0.0,"damage_taken":118.0},{"damage_healed":60.0,"max_hp_gain":0.0,"max_hp_loss":72.0,"gold_gain":0.0,"event_name":"betterThird:BetterShining","player_choice":"Leave","floor":4.0,"gold_loss":0.0,"damage_taken":0.0},{"damage_healed":0.0,"max_hp_gain":0.0,"max_hp_loss":0.0,"gold_gain":0.0,"event_name":"NoteForYourself","player_choice":"Ignored","floor":10.0,"gold_loss":0.0,"damage_taken":0.0}],"is_beta":false,"boss_relics":[],"items_purged_floors":[5],"is_endless":false,"potions_floor_spawned":[1,11],"killed_by":"3 Sentries","ascension_level":0}}