{"host":"5agrj1fd4s00r127","time":1613596635,"event":{"mods":["BaseMod","Minty Spire (QoL Compilation)","StSLib"],"gold_per_floor":[117,135,135,150,168,168,204,204,227,240,240,59,59,73,73,199,199,224,139,139,158,183,226,226,226,294,323,336,361,378,411,411,411,411],"floor_reached":33,"language":"RUS","playtime":1298,"items_purged":[],"score":422,"play_id":"efb301f8-fc29-48ba-8c71-a2229c391877","local_time":"20210217231715","is_ascension_mode":true,"campfire_choices":[{"data":"Infinite Blades","floor":6,"key":"SMITH"},{"floor":11,"key":"REST"},{"floor":13,"key":"REST"},{"data":"Apotheosis","floor":15,"key":"SMITH"},{"floor":25,"key":"REST"},{"floor":32,"key":"RECALL"}],"circlet_count":0,"master_deck":["Strike_G+1","Strike_G+1","Strike_G+1","Strike_G+1","Strike_G+1","Defend_G+1","Defend_G+1","Defend_G+1","Defend_G+1","Defend_G+1","Survivor","Neutralize","Terror","Infinite Blades+1","Injury","Blade Dance","Dagger Spray","Cloak And Dagger","Apotheosis+1","Endless Agony","Phantasmal Killer","Deflect+1","Backstab+1","Cloak And Dagger+1","Night Terror","A Thousand Cuts+1"],"relics":["Ring of the Snake","NeowsBlessing","Bloody Idol","PreservedInsect","Runic Pyramid","Regal Pillow","Gremlin Horn","Frozen Egg 2","Mercury Hourglass","Boot","Pantograph"],"acts_visited":["Exordium","TheCity"],"potions_floor_usage":[7,22,23,27,29],"damage_taken":[{"damage":0,"enemies":"Small Slimes","floor":1,"turns":1},{"damage":0,"enemies":"2 Louse","floor":2,"turns":1},{"damage":0,"enemies":"Jaw Worm","floor":4,"turns":1},{"damage":3,"enemies":"Exordium Wildlife","floor":5,"turns":4},{"damage":38,"enemies":"Gremlin Nob","floor":7,"turns":5},{"damage":11,"enemies":"Large Slime","floor":10,"turns":7},{"damage":0,"enemies":"2 Fungi Beasts","floor":14,"turns":3},{"damage":0,"enemies":"Slime Boss","floor":16,"turns":6},{"damage":8,"enemies":"Spheric Guardian","floor":18,"turns":4},{"damage":1,"enemies":"Shell Parasite","floor":21,"turns":6},{"damage":12,"enemies":"Shelled Parasite and Fungi","floor":22,"turns":4},{"damage":19,"enemies":"Gremlin Leader","floor":23,"turns":5},{"damage":17,"enemies":"Slavers","floor":27,"turns":2},{"damage":23,"enemies":"Snake Plant","floor":28,"turns":3},{"damage":0,"enemies":"Gremlin Leader","floor":29,"turns":3},{"damage":1,"enemies":"Snecko","floor":30,"turns":4},{"damage":22,"enemies":"Book of Stabbing","floor":31,"turns":5},{"damage":97,"enemies":"Champ","floor":33,"turns":11}],"seed_played":"5800955736324399878","potions_obtained":[{"floor":1,"key":"Dexterity Potion"},{"floor":2,"key":"Swift Potion"},{"floor":5,"key":"LiquidBronze"},{"floor":18,"key":"SteroidPotion"},{"floor":21,"key":"SteroidPotion"},{"floor":27,"key":"Block Potion"},{"floor":31,"key":"FairyPotion"}],"is_trial":false,"path_per_floor":["M","M","?","M","M","R","E","?","T","M","R","$","R","M","R","B",null,"M","?","?","M","M","E","?","R","T","E","M","E","M","E","R","B"],"character_chosen":"THE_SILENT","items_purchased":["Apotheosis"],"campfire_rested":3,"item_purchase_floors":[12],"current_hp_per_floor":[70,70,70,70,67,67,29,15,15,4,25,25,46,46,46,46,70,62,62,62,61,49,30,30,66,70,58,40,45,49,32,32,0,0],"gold":411,"neow_bonus":"THREE_ENEMY_KILL","is_daily":false,"chose_seed":false,"campfire_upgraded":2,"win_rate":0.0,"timestamp":1613596635,"path_taken":["M","M","?","M","M","R","E","?","T","M","R","?","R","M","R","BOSS","M","?","?","M","M","E","?","R","T","E","M","E","M","E","R","BOSS"],"items_purchased_type":["Card"],"build_version":"2020-12-22","purchased_purges":0,"victory":false,"max_hp_per_floor":[70,70,70,70,70,70,70,70,70,70,70,70,70,70,70,70,70,70,70,70,70,70,70,70,70,70,70,70,70,70,70,70,70,70],"card_choices":[{"not_picked":["Reflex","Skewer"],"picked":"Terror","floor":1},{"not_picked":["Endless Agony","Bane"],"picked":"Infinite Blades","floor":2},{"not_picked":["Dagger Throw","Bane"],"picked":"Blade Dance","floor":4},{"not_picked":["Flying Knee","Terror"],"picked":"Dagger Spray","floor":5},{"not_picked":["Flechettes","All Out Attack","Deadly Poison"],"picked":"SKIP","floor":7},{"not_picked":["Eviscerate","Quick Slash"],"picked":"Cloak And Dagger","floor":10},{"not_picked":["Well Laid Plans","Prepared"],"picked":"Endless Agony","floor":14},{"not_picked":["Night Terror","Corpse Explosion"],"picked":"Phantasmal Killer","floor":16},{"not_picked":["Skewer","Underhanded Strike","Dagger Spray+1"],"picked":"SKIP","floor":18},{"not_picked":["Deadly Poison+1","Bane"],"picked":"Deflect+1","floor":21},{"not_picked":["Infinite Blades","Deadly Poison"],"picked":"Backstab+1","floor":22},{"not_picked":["Sucker Punch+1","Prepared"],"picked":"Cloak And Dagger+1","floor":23},{"not_picked":["Backstab+1","Underhanded Strike"],"picked":"Night Terror","floor":27},{"not_picked":["Prepared","Deadly Poison","Quick Slash"],"picked":"SKIP","floor":28},{"not_picked":["Flechettes+1","Backflip"],"picked":"A Thousand Cuts+1","floor":29},{"not_picked":["Acrobatics","Reflex","Bane"],"picked":"SKIP","floor":30},{"not_picked":["Backflip+1","Endless Agony","Masterful Stab"],"picked":"SKIP","floor":31}],"player_experience":39257,"relics_obtained":[{"floor":7,"key":"PreservedInsect"},{"floor":23,"key":"Gremlin Horn"},{"floor":26,"key":"Frozen Egg 2"},{"floor":27,"key":"Mercury Hourglass"},{"floor":29,"key":"Boot"},{"floor":31,"key":"Pantograph"}],"event_choices":[{"damage_healed":0,"gold_gain":0,"player_choice":"Take Wound","damage_taken":0,"relics_obtained":["Golden Idol"],"max_hp_gain":0,"max_hp_loss":0,"event_name":"Golden Idol","floor":3,"gold_loss":0,"cards_obtained":["Injury"]},{"damage_healed":0,"gold_gain":0,"player_choice":"Entered Light","damage_taken":14,"max_hp_gain":0,"max_hp_loss":0,"event_name":"Shining Light","floor":8,"gold_loss":0,"cards_upgraded":["Defend_G","Strike_G"]},{"damage_healed":0,"gold_gain":0,"player_choice":"Obtained Relic","damage_taken":0,"relics_obtained":["Regal Pillow"],"max_hp_gain":0,"max_hp_loss":0,"event_name":"Addict","floor":19,"gold_loss":85},{"damage_healed":0,"gold_gain":0,"player_choice":"Simplicity","damage_taken":0,"max_hp_gain":0,"max_hp_loss":0,"event_name":"Back to Basics","floor":20,"gold_loss":0,"cards_upgraded":["Strike_G","Strike_G","Strike_G","Strike_G","Defend_G","Defend_G","Defend_G","Defend_G"]},{"damage_healed":0,"gold_gain":0,"player_choice":"Gave Idol","damage_taken":0,"relics_obtained":["Bloody Idol"],"max_hp_gain":0,"max_hp_loss":0,"event_name":"Forgotten Altar","floor":24,"relics_lost":["Golden Idol"],"gold_loss":0}],"is_beta":false,"boss_relics":[{"not_picked":["Tiny House","Snecko Eye"],"picked":"Runic Pyramid"}],"items_purged_floors":[],"is_endless":false,"potions_floor_spawned":[1,2,5,18,21,27,31],"killed_by":"Champ","ascension_level":1}}