{"host":"5mo0809oo9tcrmpl","time":1613527400,"event":{"mods":["BaseMod","Highlight Path","Minty Spire (QoL Compilation)","Relic Stats","Slay the Relics Exporter"],"gold_per_floor":[110,123,133,150,165,198,212,212,212,212,245,259,334,346,346,423,473,493,506,167,185,100,127,127,127,127,127,127,127,138,170,170,170,170],"floor_reached":33,"language":"ENG","playtime":1701,"items_purged":["Strike_G"],"score":648,"play_id":"fc10af91-eb4f-4f99-b30c-57d435216865","local_time":"20210216200320","is_ascension_mode":true,"campfire_choices":[{"data":"Neutralize","floor":10,"key":"SMITH"},{"floor":15,"key":"REST"},{"floor":24,"key":"REST"},{"data":"After Image","floor":27,"key":"SMITH"},{"data":"Noxious Fumes","floor":29,"key":"SMITH"},{"floor":32,"key":"REST"}],"circlet_count":0,"master_deck":["AscendersBane","Strike_G","Strike_G+1","Strike_G","Defend_G","Defend_G","Defend_G","Defend_G+1","Defend_G","Survivor+1","Neutralize+1","Backflip","Dagger Spray","Masterful Stab","Blade Dance","Deadly Poison","Noxious Fumes+1","After Image+1","Cloak And Dagger","Flying Knee","All Out Attack","Die Die Die","Blade Dance","Backstab","PiercingWail","Leg Sweep","Dagger Spray","Deflect","Endless Agony"],"relics":["Ring of the Snake","War Paint","Boot","Mercury Hourglass","The Specimen","Tiny House","Pantograph","Dead Branch","Question Card","Ninja Scroll","Vajra"],"acts_visited":["Exordium","TheCity"],"potions_floor_usage":[6,11,16,16,23,31],"damage_taken":[{"damage":1,"enemies":"Small Slimes","floor":1,"turns":4},{"damage":2,"enemies":"Jaw Worm","floor":2,"turns":5},{"damage":0,"enemies":"2 Louse","floor":3,"turns":4},{"damage":0,"enemies":"Red Slaver","floor":4,"turns":3},{"damage":0,"enemies":"Exordium Wildlife","floor":5,"turns":6},{"damage":24,"enemies":"Lagavulin","floor":6,"turns":5},{"damage":3,"enemies":"Large Slime","floor":7,"turns":5},{"damage":3,"enemies":"Gremlin Nob","floor":11,"turns":3},{"damage":0,"enemies":"Lots of Slimes","floor":12,"turns":2},{"damage":5,"enemies":"Looter","floor":14,"turns":3},{"damage":19,"enemies":"The Guardian","floor":16,"turns":10},{"damage":14,"enemies":"Shell Parasite","floor":18,"turns":6},{"damage":14,"enemies":"2 Thieves","floor":19,"turns":3},{"damage":26,"enemies":"Snake Plant","floor":21,"turns":4},{"damage":0,"enemies":"Gremlin Leader","floor":23,"turns":4},{"damage":2,"enemies":"Shelled Parasite and Fungi","floor":30,"turns":4},{"damage":18,"enemies":"Book of Stabbing","floor":31,"turns":5},{"damage":70,"enemies":"Champ","floor":33,"turns":9}],"seed_played":"6518322521252120055","potions_obtained":[{"floor":3,"key":"FearPotion"},{"floor":4,"key":"LiquidBronze"},{"floor":7,"key":"Fire Potion"},{"floor":11,"key":"AttackPotion"},{"floor":12,"key":"Weak Potion"},{"floor":17,"key":"CunningPotion"},{"floor":18,"key":"LiquidMemories"},{"floor":23,"key":"ColorlessPotion"},{"floor":30,"key":"Dexterity Potion"}],"is_trial":false,"path_per_floor":["M","M","M","M","M","E","M","?","T","R","E","M","?","M","R","B",null,"M","M","$","M","?","E","R","?","T","R","?","R","M","E","R","B"],"character_chosen":"THE_SILENT","items_purchased":["Pantograph"],"campfire_rested":3,"item_purchase_floors":[20],"current_hp_per_floor":[58,56,56,56,56,32,29,34,34,34,31,31,20,15,36,17,63,49,35,35,9,9,9,31,31,31,31,31,31,29,11,33,0,0],"gold":170,"neow_bonus":"RANDOM_COMMON_RELIC","is_daily":false,"chose_seed":false,"campfire_upgraded":3,"win_rate":0.0,"timestamp":1613527400,"path_taken":["M","M","M","M","M","E","M","?","T","R","E","M","?","M","R","BOSS","M","M","$","M","?","E","R","?","T","R","?","R","?","E","R","BOSS"],"items_purchased_type":["Relic"],"build_version":"2020-12-22","purchased_purges":1,"victory":false,"max_hp_per_floor":[66,66,66,66,66,66,66,71,71,71,71,71,71,71,71,71,76,76,76,76,76,76,76,76,76,76,76,76,76,76,76,76,76,76],"relic_stats":{"counters":[18,85],"Pantograph":25,"Dead Branch":[64],"War Paint":["Defend_G","Survivor"],"Boot":[103],"Question Card":2,"obtain_stats":[{"Tiny House":17,"The Specimen":11,"Ninja Scroll":26,"Pantograph":20,"Dead Branch":22,"Vajra":31,"War Paint":0,"Boot":6,"Question Card":23,"Ring of the Snake":0,"Mercury Hourglass":9},{"Tiny House":11,"The Specimen":8,"Ninja Scroll":15,"Pantograph":13,"Dead Branch":14,"Vajra":17,"War Paint":0,"Boot":6,"Question Card":15,"Ring of the Snake":0,"Mercury Hourglass":7},{"Tiny House":50,"The Specimen":35,"Ninja Scroll":67,"Pantograph":59,"Dead Branch":63,"Vajra":76,"War Paint":0,"Boot":27,"Question Card":67,"Ring of the Snake":0,"Mercury Hourglass":32}],"Ring of the Snake":[36],"Mercury Hourglass":[147]},"card_choices":[{"not_picked":["Dodge and Roll","Outmaneuver"],"picked":"Backflip","floor":1},{"not_picked":["Expertise","Distraction"],"picked":"Dagger Spray","floor":2},{"not_picked":["Backflip","Flechettes"],"picked":"Masterful Stab","floor":3},{"not_picked":["Doppelganger","Backflip"],"picked":"Blade Dance","floor":4},{"not_picked":["Infinite Blades","Dash"],"picked":"Deadly Poison","floor":5},{"not_picked":["Dagger Throw","Accuracy"],"picked":"Noxious Fumes","floor":6},{"not_picked":["Underhanded Strike","Slice"],"picked":"After Image","floor":7},{"not_picked":["Reflex","Underhanded Strike"],"picked":"Cloak And Dagger","floor":11},{"not_picked":["Sucker Punch","A Thousand Cuts"],"picked":"Flying Knee","floor":12},{"not_picked":["Prepared","Accuracy"],"picked":"All Out Attack","floor":14},{"not_picked":["After Image","Doppelganger"],"picked":"Die Die Die","floor":16},{"not_picked":["Escape Plan","Underhanded Strike"],"picked":"Blade Dance","floor":17},{"not_picked":["Quick Slash","Bane+1"],"picked":"Backstab","floor":18},{"not_picked":["Dagger Spray","Sucker Punch","Prepared"],"picked":"SKIP","floor":19},{"not_picked":["Distraction","Well Laid Plans"],"picked":"PiercingWail","floor":21},{"not_picked":["Acrobatics","Outmaneuver","Underhanded Strike"],"picked":"SKIP","floor":23},{"not_picked":["Flying Knee","Dagger Throw","Terror"],"picked":"Deflect","floor":30},{"not_picked":["Concentrate+1","Dash","Escape Plan"],"picked":"Endless Agony","floor":31}],"player_experience":1288433,"relics_obtained":[{"floor":6,"key":"Boot"},{"floor":9,"key":"Mercury Hourglass"},{"floor":11,"key":"The Specimen"},{"floor":23,"key":"Question Card"},{"floor":26,"key":"Ninja Scroll"},{"floor":31,"key":"Vajra"}],"event_choices":[{"damage_healed":0,"gold_gain":0,"player_choice":"Donut","damage_taken":0,"max_hp_gain":5,"max_hp_loss":0,"event_name":"Big Fish","floor":8,"gold_loss":0},{"damage_healed":0,"gold_gain":75,"player_choice":"Gather Gold","damage_taken":11,"max_hp_gain":0,"max_hp_loss":0,"event_name":"World of Goop","floor":13,"gold_loss":0},{"damage_healed":0,"gold_gain":0,"player_choice":"Obtained Relic","damage_taken":0,"relics_obtained":["Dead Branch"],"max_hp_gain":0,"max_hp_loss":0,"event_name":"Addict","floor":22,"gold_loss":85},{"damage_healed":0,"gold_gain":0,"player_choice":"Read","damage_taken":0,"max_hp_gain":0,"max_hp_loss":0,"event_name":"The Library","floor":25,"gold_loss":0,"cards_obtained":["Leg Sweep"]},{"damage_healed":0,"gold_gain":0,"cards_transformed":["Strike_G"],"player_choice":"Transformed","damage_taken":0,"max_hp_gain":0,"max_hp_loss":0,"event_name":"Transmorgrifier","floor":28,"gold_loss":0,"cards_obtained":["Dagger Spray"]}],"is_beta":false,"boss_relics":[{"not_picked":["Philosopher\u0027s Stone","Busted Crown"],"picked":"Tiny House"}],"items_purged_floors":[20],"is_endless":false,"potions_floor_spawned":[3,4,5,7,11,12,18,19,23,30],"killed_by":"Champ","ascension_level":20}}