{"host":"uxjsgyia3bdyayt0","time":1613530081,"event":{"mods":["Act Like it!","BaseMod","Downfall","Gensokyo","Marisa（霧雨　魔理沙）","Minty Spire (QoL Compilation)","Prisma Mod","Reimu（博??梦）","Remilia（蕾米莉?）","StSLib","The Animator","The Servant 0.9.4","Yakumo Yukari mod","Youmu（魂魄妖梦）","Yuyuko"],"gold_per_floor":[111,111,111,111,128,155,155,172,172,183,183,27,53,63,63,162,162,173,192,72,72,72,72,72,72],"floor_reached":24,"language":"ENG","playtime":960,"items_purged":[],"score":213,"play_id":"7efd6ceb-63c3-4e12-8be1-74f117fd224d","local_time":"20210217024801","is_ascension_mode":true,"campfire_choices":[{"floor":7,"key":"REST"},{"data":"PrismaMod:ChloeMaid","floor":11,"key":"SMITH"},{"floor":15,"key":"REST"}],"circlet_count":0,"master_deck":["PrismaMod:ChloeCommonAttack","PrismaMod:ChloeCommonAttack","PrismaMod:ChloeCommonAttack","PrismaMod:ChloeCommonAttack","PrismaMod:ChloeCommonAttack","PrismaMod:ChloeCommonDefend","PrismaMod:ChloeCommonDefend","PrismaMod:ChloeCommonDefend","PrismaMod:ChloeCommonDefend","PrismaMod:ChloeCheapAttack","PrismaMod:ChloeCheapDefend","PrismaMod:ChloeCaladbolg","PrismaMod:ChloeEyeOfTheEuryale","PrismaMod:ChloeExhaustOne","PrismaMod:ChloeMaid+1","PrismaMod:ChloeExhaustTwo","PrismaMod:ChloeMaid","PrismaMod:ChloeCheapAttackTwo+1","PrismaMod:ChloeGreatTracePools+1","PrismaMod:ChloeExhaustTwo+1","PrismaMod:ChloeCheapAttack","Night Terror","PrismaMod:ChloeUnlimitedBladeWorks"],"relics":["PrismaMod:PrismaTraceOn","Gensokyo:OccultBall","Mango","Letter Opener","RuthlessExorcism:ReiMu","DollysMirror","Toy Ornithopter","Astrolabe","Gensokyo:SpiderMask"],"acts_visited":["Gensokyo:Gensokyo","Gensokyo:Gensokyoer"],"potions_floor_usage":[],"damage_taken":[{"damage":0,"enemies":"Gensokyo:3_Fairies","floor":1,"turns":4},{"damage":0,"enemies":"Gensokyo:Python","floor":5,"turns":2},{"damage":12,"enemies":"Gensokyo:Mamizou","floor":6,"turns":7},{"damage":0,"enemies":"Gensokyo:2_Kodama","floor":8,"turns":2},{"damage":7,"enemies":"Gensokyo:Gryphon_and_Rabbit","floor":10,"turns":3},{"damage":14,"enemies":"Gensokyo:Aya","floor":13,"turns":4},{"damage":0,"enemies":"Gensokyo:LivingMonolith","floor":14,"turns":2},{"damage":21,"enemies":"Gensokyo:Kokoro","floor":16,"turns":4},{"damage":19,"enemies":"Gensokyo:AngelMirror","floor":18,"turns":2},{"damage":12,"enemies":"Gensokyo:2_Gloops","floor":19,"turns":5},{"damage":50,"enemies":"Gensokyo:Swordslinger","floor":24,"turns":3}],"seed_played":"-861332551485333731","potions_obtained":[{"floor":5,"key":"LiquidMemories"},{"floor":6,"key":"EssenceOfSteel"},{"floor":14,"key":"CultistPotion"},{"floor":18,"key":"Dexterity Potion"}],"is_trial":false,"path_per_floor":["M","?","?","?","M","E","R","M","T","M","R","$","E","M","R","B",null,"M","M","?","$","?","?","M"],"character_chosen":"CHLOE","items_purchased":["DollysMirror"],"campfire_rested":2,"item_purchase_floors":[12],"current_hp_per_floor":[75,75,68,51,51,39,65,65,65,58,58,58,44,44,70,49,89,70,58,58,58,50,50,0,0],"gold":72,"neow_bonus":"TRANSFORM_CARD","is_daily":false,"chose_seed":false,"campfire_upgraded":1,"win_rate":0.0,"timestamp":1613530081,"path_taken":["M","?","?","?","M","E","R","M","T","M","R","?","E","M","R","BOSS","M","M","?","$","?","?","M"],"items_purchased_type":["Relic"],"build_version":"2020-12-22","purchased_purges":0,"victory":false,"max_hp_per_floor":[75,75,89,89,89,89,89,89,89,89,89,89,89,89,89,89,89,89,89,89,89,89,89,89,89],"card_choices":[{"not_picked":["PrismaMod:ChloeCommonAOEAttack","PrismaMod:ChloeCheapDefendTwo"],"picked":"PrismaMod:ChloeMaid","floor":1},{"not_picked":["PrismaMod:ChloeDiscardRecovery","PrismaMod:ChloeCommonAOEAttack"],"picked":"PrismaMod:ChloeExcalibur","floor":5},{"not_picked":["PrismaMod:ChloeDemonicTutor","PrismaMod:ChloeExhaustTwo"],"picked":"PrismaMod:ChloeCaladbolg","floor":6},{"not_picked":["PrismaMod:ChloeCheapAttack","PrismaMod:ChloeBetterTracePools"],"picked":"PrismaMod:ChloeEyeOfTheEuryale","floor":8},{"not_picked":["PrismaMod:ChloeDiscardRecovery","PrismaMod:ChloeRhongomyniad"],"picked":"PrismaMod:ChloeExhaustOne","floor":10},{"not_picked":["PrismaMod:ChloeExhaustOne","PrismaMod:ChloeCheapDefendTwo"],"picked":"PrismaMod:ChloeExhaustTwo","floor":13},{"not_picked":["PrismaMod:ChloeDiscardRecovery","PrismaMod:ChloeCommonAOEAttack"],"picked":"PrismaMod:ChloeMaid","floor":14},{"not_picked":["PrismaMod:ChloeHalloween","PrismaMod:ChloeCarnivalAOEAttack"],"picked":"PrismaMod:ChloeAnyUncommonTrace","floor":16},{"not_picked":["PrismaMod:ChloeRitsuka","PrismaMod:ChloeCheapAttackTwo"],"picked":"PrismaMod:ChloeCheapAttack","floor":18},{"not_picked":["PrismaMod:ChloeCheapAttackTwo","PrismaMod:ChloeExhaustOne"],"picked":"PrismaMod:ChloeCheapDefend+1","floor":19}],"player_experience":8779,"relics_obtained":[{"floor":6,"key":"RuthlessExorcism:ReiMu"},{"floor":13,"key":"Toy Ornithopter"},{"floor":16,"key":"Gensokyo:OccultBall"}],"event_choices":[],"is_beta":false,"boss_relics":[{"not_picked":["Ectoplasm","Empty Cage"],"picked":"Astrolabe"}],"items_purged_floors":[],"is_endless":false,"potions_floor_spawned":[5,6,14,18,19],"killed_by":"Gensokyo:Swordslinger","ascension_level":1}}