{"host":"2l5k2wp87eek7qja","time":1613585522,"event":{"mods":["BaseMod","Colored Map","Minty Spire (QoL Compilation)","Relic Stats"],"gold_per_floor":[359,359,57,75,94,94,19,19,19,19,19,50,64,64,64,64,64],"floor_reached":16,"language":"ENG","playtime":333,"items_purged":["Strike_G"],"score":196,"play_id":"a8513b7e-fead-4631-988d-ff7e2fdf9938","local_time":"20210217201202","is_ascension_mode":true,"campfire_choices":[{"data":"Skewer","floor":6,"key":"SMITH"},{"data":"Neutralize","floor":8,"key":"SMITH"},{"data":"Cloak And Dagger","floor":11,"key":"SMITH"},{"data":"All Out Attack","floor":15,"key":"SMITH"}],"circlet_count":0,"master_deck":["AscendersBane","Strike_G","Strike_G","Strike_G","Defend_G","Defend_G","Defend_G","Defend_G","Defend_G","Survivor","Neutralize+1","Cloak And Dagger+1","Skewer+1","Flying Knee","Predator","Pain","All Out Attack+1"],"relics":["Ring of the Snake","Question Card","WarpedTongs","Eternal Feather","Lantern"],"acts_visited":["Exordium"],"potions_floor_usage":[12],"damage_taken":[{"damage":3,"enemies":"Jaw Worm","floor":1,"turns":3},{"damage":0,"enemies":"Cultist","floor":4,"turns":3},{"damage":0,"enemies":"2 Louse","floor":5,"turns":3},{"damage":25,"enemies":"Lagavulin","floor":12,"turns":6},{"damage":4,"enemies":"Lots of Slimes","floor":13,"turns":4},{"damage":23,"enemies":"The Guardian","floor":16,"turns":4}],"seed_played":"8835573957858616688","potions_obtained":[{"floor":1,"key":"Swift Potion"},{"floor":4,"key":"ColorlessPotion"},{"floor":13,"key":"BlessingOfTheForge"}],"is_trial":false,"path_per_floor":["M","?","$","M","M","R","$","R","T","?","R","E","M","T","R","B"],"character_chosen":"THE_SILENT","items_purchased":["Question Card","Skewer"],"campfire_rested":0,"item_purchase_floors":[3,3],"current_hp_per_floor":[41,41,41,41,41,41,41,41,41,41,41,16,12,12,21,0,0],"gold":64,"neow_bonus":"TWO_FIFTY_GOLD","is_daily":false,"chose_seed":false,"campfire_upgraded":4,"win_rate":0.0,"timestamp":1613585522,"path_taken":["M","?","$","M","M","R","?","R","T","?","R","E","?","?","R","BOSS"],"items_purchased_type":["Relic","Card"],"build_version":"2020-12-22","purchased_purges":1,"victory":false,"max_hp_per_floor":[66,66,66,66,66,66,66,66,66,66,66,66,66,66,66,66,66],"relic_stats":{"counters":[6,23],"Eternal Feather":9,"Question Card":4,"obtain_stats":[{"Lantern":14,"Eternal Feather":12,"Question Card":3,"Ring of the Snake":0,"WarpedTongs":10},{"Lantern":5,"Eternal Feather":4,"Question Card":1,"Ring of the Snake":0,"WarpedTongs":3},{"Lantern":19,"Eternal Feather":15,"Question Card":3,"Ring of the Snake":0,"WarpedTongs":9}],"Ring of the Snake":[12],"WarpedTongs":[14]},"card_choices":[{"not_picked":["Distraction","Outmaneuver"],"picked":"Cloak And Dagger","floor":1},{"not_picked":["Backflip","Deadly Poison","Choke"],"picked":"Flying Knee","floor":4},{"not_picked":["PiercingWail","Accuracy","Quick Slash"],"picked":"Predator","floor":5},{"not_picked":["Underhanded Strike","Flying Knee","Dodge and Roll"],"picked":"All Out Attack","floor":12},{"not_picked":["Concentrate","Deflect","Flying Knee","Acrobatics"],"picked":"SKIP","floor":13}],"player_experience":798885,"relics_obtained":[{"floor":12,"key":"Eternal Feather"},{"floor":14,"key":"Lantern"}],"event_choices":[{"cards_removed":["Strike_G"],"damage_healed":0,"gold_gain":0,"player_choice":"Purged","damage_taken":0,"max_hp_gain":0,"max_hp_loss":0,"event_name":"Purifier","floor":2,"gold_loss":0},{"damage_healed":0,"gold_gain":0,"player_choice":"Rummage","damage_taken":0,"relics_obtained":["WarpedTongs"],"max_hp_gain":0,"max_hp_loss":0,"event_name":"Accursed Blacksmith","floor":10,"gold_loss":0,"cards_obtained":["Pain"]}],"is_beta":false,"boss_relics":[],"items_purged_floors":[7],"is_endless":false,"potions_floor_spawned":[1,4,13],"killed_by":"The Guardian","ascension_level":20}}