{"host":"kmd7yw11mgzs6kox","time":1613548068,"event":{"mods":["ATMod(阿瑾Mod)","BaseMod","Decade(王小明)","Downfall","GungeonMod","Lobotomy","LobotomyExtend","Marisa（F雨　魔理沙）","Minty Spire (QoL Compilation)","Remilia（蕾米莉亚）","Replay The Spire","Shop Mod","StSLib","The Bladedancer","The Bug Knight","The Poker Player","The Servant 0.9.4","Waifu the Spire","WarShipGirlsR/战舰少女R mod","Youmu（魂魄妖梦）","Yuri Mod"],"gold_per_floor":[100,112,129,129,304,320,343,541,554,554,573,608,608,608,688,803,803,803,881,919,322,322,322,345,390,390],"floor_reached":25,"language":"ZHS","playtime":1299,"items_purged":[],"score":193,"play_id":"8e4714d3-fcc8-4a38-958d-ce107ab7537b","local_time":"20210217154748","is_ascension_mode":false,"campfire_choices":[{"floor":1.0,"key":"RECALL"},{"floor":13.0,"key":"REST"}],"circlet_count":0,"master_deck":[],"relics":["yuri:yuriKnife","AT_ATBox","LetterFromLob","Juzu Bracelet","MagicBullet_r","LaetitiaHeart","ReplayTheSpireMod:Ring of Collecting","ReplayTheSpireMod:Ring of Challenge","AT_MortalBlade","DemoMod:GlassGuonStoneRelic","Sling","Bronze Scales","Garlic","Ring of Fury","DemoMod:WeirdEgg"],"acts_visited":["Exordium","TheCity"],"potions_floor_usage":[],"damage_taken":[{"damage":2.0,"enemies":"Cultist","floor":2.0,"turns":4.0},{"damage":1.0,"enemies":"Small Slimes","floor":3.0,"turns":3.0},{"damage":17.0,"enemies":"Jaw Worm","floor":6.0,"turns":2.0},{"damage":19.0,"enemies":"Gremlin Gang","floor":9.0,"turns":6.0},{"damage":7.0,"enemies":"Gremlin Gang","floor":10.0,"turns":2.0},{"damage":14.0,"enemies":"downfall:LooterAlt","floor":11.0,"turns":2.0},{"damage":13.0,"enemies":"2 Fungi Beasts","floor":12.0,"turns":4.0},{"damage":6.0,"enemies":"Large Slime","floor":15.0,"turns":5.0},{"damage":37.0,"enemies":"IC_STATUS_ARCHETYPE","floor":16.0,"turns":7.0},{"damage":9,"enemies":"downfall:LooterAlt2","floor":19,"turns":3},{"damage":20,"enemies":"Spheric Guardian","floor":20,"turns":2},{"damage":22,"enemies":"downfall:FleeingMerchant","floor":21,"turns":4},{"damage":0,"enemies":"Snecko","floor":25,"turns":2}],"seed_played":"-4923936797565927430","potions_obtained":[{"floor":9.0,"key":"Reflective Coating"},{"floor":12.0,"key":"Block Potion"},{"floor":15.0,"key":"EssenceOfSteel"},{"floor":19,"key":"Languid Potion"}],"is_trial":false,"path_per_floor":["R","M","M","T","?","M","T","?","M","?","M","M","R","?","M","B",null,"R","M","M","$","?","?","T","M"],"character_chosen":"YURI","items_purchased":["Sling","Bronze Scales","Garlic","yuri:TeaSet"],"campfire_rested":1,"item_purchase_floors":[21,21,21,21],"current_hp_per_floor":[88,86,88,88,88,75,75,75,66,37,33,30,56,56,60,33,88,88,79,63,47,87,87,87,87,87],"gold":390,"neow_bonus":"TEN_PERCENT_HP_BONUS","is_daily":false,"chose_seed":false,"campfire_upgraded":0,"win_rate":0.0,"timestamp":1613548068,"path_taken":["R","M","M","?","?","M","T","?","M","?","M","M","R","?","M","BOSS","R","M","M","$","?","?","T","M"],"items_purchased_type":["Relic","Relic","Relic","Card"],"build_version":"2020-12-22","purchased_purges":0,"victory":false,"max_hp_per_floor":[88,88,88,88,88,88,88,88,88,88,88,88,88,88,88,88,88,88,88,88,88,88,88,88,88,88],"card_choices":[{"not_picked":["yuri:Spin","yuri:DebugCard"],"picked":"yuri:HeavierStrike","floor":2.0},{"not_picked":["yuri:MPose","yuri:ThrowingKnives"],"picked":"yuri:SelfHarm","floor":3.0},{"not_picked":["yuri:MPose","yuri:BookBlue"],"picked":"yuri:HeavierStrike","floor":6.0},{"not_picked":["yuri:SelfHarm","yuri:ThrowBook"],"picked":"yuri:GreenTea","floor":8.0},{"not_picked":["yuri:MPose","yuri:GreenTea"],"picked":"yuri:Parry","floor":9.0},{"not_picked":["yuri:ThornRemove","yuri:MPose"],"picked":"yuri:StealPen","floor":11.0},{"not_picked":["yuri:GlitchedStrike","yuri:HeavierStrike"],"picked":"yuri:BrokenCode","floor":12.0},{"not_picked":["yuri:HeavierStrike","yuri:yuriQuickStrike"],"picked":"yuri:RepairCode","floor":15.0},{"not_picked":["yuri:GlitchRemove","yuri:RelentlessStrikes"],"picked":"yuri:ExploitStrike","floor":16.0},{"not_picked":["yuri:DeepBreathing","yuri:HeavierStrike+1"],"picked":"yuri:UntestedCode","floor":19},{"not_picked":["yuri:DebugCard","yuri:TPose"],"picked":"yuri:Spin+1","floor":20},{"not_picked":["yuri:SturdyUniform","yuri:StealPen+1"],"picked":"yuri:RecklessStrike+1","floor":21}],"player_experience":40928,"relics_obtained":[{"floor":2.0,"key":"LetterFromLob"},{"floor":7.0,"key":"Juzu Bracelet"},{"floor":14.0,"key":"ReplayTheSpireMod:Ring of Collecting"},{"floor":14.0,"key":"ReplayTheSpireMod:Ring of Challenge"},{"floor":24,"key":"Ring of Fury"},{"floor":24,"key":"DemoMod:WeirdEgg"}],"event_choices":[{"damage_healed":0,"gold_gain":0,"player_choice":"Ignored","damage_taken":0,"max_hp_gain":0,"max_hp_loss":0,"event_name":"Ghosts","floor":23,"gold_loss":0}],"is_beta":false,"boss_relics":[{"not_picked":["Runic Pyramid","Tiny House"],"picked":"AT_MortalBlade"}],"items_purged_floors":[],"is_endless":false,"potions_floor_spawned":[9,10,12,15,19],"killed_by":"Snecko","ascension_level":0}}