{"host":"kvxcn6q9iznza62e","time":1613603174,"event":{"mods":["100% Spire Juice","2.2 Compatiblity","Act Like it!","Aspiration","BaseMod","Beaked The Cultist","Bestiary","Block Reminder","Colored Map","Colored Powertips","Defective Defect","Downfall","Energized Spire","Fox Events","Friendly Minions","GifTheSpireLib","Gold Saver","Gremlin Mod","Hallownest","Hubris","Infinite Spire","Mimic Mod","Minty Spire (QoL Compilation)","Pale of the Ancients","Quick Restart","Rare Cards Sparkle","Relic Stats","Reliquary","Reorder Act Four","Replay The Spire","Reworked Bosses","Robot Space Explorer","Spicy Shops","StSLib","Stuff the Spire","The Animator","The Blue Laboratory","The Bug Knight","The Cursed","The Jungle","The Necromancer","TheVacant","Uncapped","Unceasing Turn Reminder","Useless Jewels Mod","Wandering Minibosses","[IsaacMod]????","egg","??????REMEMod"],"gold_per_floor":[99,111,111,126,33,64,100,114,134,119,19,51,51,36,47,151,151,51,51,51],"floor_reached":19,"language":"ENG","playtime":2482,"items_purged":[],"score":184,"play_id":"3ff84350-0bc3-4ce7-8cff-ff7d818fbfe7","local_time":"20210217230614","is_ascension_mode":true,"campfire_choices":[{"floor":1.0,"key":"RECALL"},{"floor":11.0,"key":"REST"},{"floor":13.0,"key":"REST"},{"data":"HollowMod:SlysStrikes","floor":18,"key":"SMITH"}],"circlet_count":0,"master_deck":["HollowMod:NailStrikeStart","HollowMod:NailStrikeStart","HollowMod:NailStrikeStart","HollowMod:NailStrikeStart","HollowMod:QuickDashStart","HollowMod:QuickDashStart","HollowMod:QuickDashStart","HollowMod:QuickDashStart","HollowMod:FocusHealStart","HollowMod:PogoStrike","EpicFetus","REME_EyeOfCthun+1","HollowMod:MantisMark","HollowMod:VengefulVoid","HollowMod:HornetsHelp","HollowMod:MantisMark","HollowMod:SiblingsShadow","HollowMod:SlysStrikes+1","HollowMod:DashSlash","HollowMod:WraithStrike","HollowMod:Hiveblood","HollowMod:ShadowDash","HollowMod:SiblingsSouls","HollowMod:MidwifesHunger"],"relics":["HollowMod:VesselMask","HushsDoor","REME_ComplimentaryCards","HowToJump","downfall:HeartBlessingRed","infinitespire:Lucky Rock","Philosopher\u0027s Stone","GuppysHead","GuppysPaw","downfall:HeartBlessingBlue"],"acts_visited":["Exordium","TheCity"],"potions_floor_usage":[],"damage_taken":[{"damage":6.0,"enemies":"Jaw Worm","floor":2.0,"turns":2.0},{"damage":0.0,"enemies":"Small Slimes","floor":4.0,"turns":2.0},{"damage":10.0,"enemies":"downfall:FleeingMerchant","floor":5.0,"turns":4.0},{"damage":4.0,"enemies":"Gremlin Nob","floor":6.0,"turns":3.0},{"damage":4.0,"enemies":"Cultist","floor":7.0,"turns":6.0},{"damage":2.0,"enemies":"Cultist","floor":8.0,"turns":3.0},{"damage":6.0,"enemies":"Lots of Slimes","floor":9.0,"turns":2.0},{"damage":3.0,"enemies":"downfall:FleeingMerchant","floor":10.0,"turns":4.0},{"damage":31.0,"enemies":"3 Sentries","floor":12.0,"turns":6.0},{"damage":15.0,"enemies":"downfall:FleeingMerchant","floor":14.0,"turns":4.0},{"damage":17.0,"enemies":"downfall:LooterAlt","floor":15.0,"turns":4.0},{"damage":42.0,"enemies":"SI_SHIV_ARCHETYPE","floor":16.0,"turns":8.0},{"damage":31,"enemies":"3 Byrds","floor":19,"turns":3}],"seed_played":"8122789122342321398","potions_obtained":[{"floor":2.0,"key":"blueLaboratory:LouseDecoction"},{"floor":4.0,"key":"Elixir"},{"floor":8.0,"key":"blueLaboratory:AbyssPotion"},{"floor":12.0,"key":"blueLaboratory:StoneskinPotion"}],"is_trial":false,"path_per_floor":["R","M","?","M","$","E","MIM","M","M","$","R","E","R","$","M","B",null,"R","M"],"character_chosen":"THE_BUGKNIGHT","items_purchased":["HollowMod:MantisMark","GuppysHead","GuppysPaw"],"campfire_rested":2,"item_purchase_floors":[5,17,17],"current_hp_per_floor":[82,76,76,76,72,68,64,62,56,53,77,46,70,55,43,35,62,72,46,46],"gold":51,"neow_bonus":"TEN_PERCENT_HP_BONUS","is_daily":false,"chose_seed":false,"campfire_upgraded":1,"win_rate":0.0,"timestamp":1613603174,"path_taken":["R","M","?","M","$","E","MIM","M","?","?","R","E","R","$","M","BOSS","R","M"],"items_purchased_type":["Card","Relic","Relic"],"build_version":"2020-12-22","purchased_purges":0,"victory":false,"max_hp_per_floor":[82,82,82,82,82,82,82,82,82,82,82,82,82,82,82,82,62,72,72,72],"relic_stats":{"counters":[13,51],"obtain_stats":[{"KeepersGift":0,"HowToJump":1,"downfall:HeartBlessingRed":11,"GuppysPaw":17,"downfall:HeartBlessingBlue":18,"HollowMod:VesselMask":0,"Philosopher\u0027s Stone":17,"infinitespire:Lucky Rock":12,"GuppysHead":17,"HushsDoor":0,"REME_ComplimentaryCards":0},{"KeepersGift":0,"HowToJump":0,"downfall:HeartBlessingRed":8,"GuppysPaw":12,"downfall:HeartBlessingBlue":12,"HollowMod:VesselMask":0,"Philosopher\u0027s Stone":12,"infinitespire:Lucky Rock":9,"GuppysHead":12,"HushsDoor":0,"REME_ComplimentaryCards":0},{"KeepersGift":0,"HowToJump":0,"downfall:HeartBlessingRed":26,"GuppysPaw":48,"downfall:HeartBlessingBlue":48,"HollowMod:VesselMask":0,"Philosopher\u0027s Stone":48,"infinitespire:Lucky Rock":32,"GuppysHead":48,"HushsDoor":0,"REME_ComplimentaryCards":0}]},"card_choices":[{"not_picked":[],"picked":"EpicFetus","floor":0.0},{"not_picked":["HollowMod:PerfectDash","HollowMod:SharpenedNail"],"picked":"HollowMod:MantisMark","floor":2.0},{"not_picked":["HollowMod:ShapeofUnn","HollowMod:SharpenedNail"],"picked":"HollowMod:VengefulVoid","floor":4.0},{"not_picked":["Bomb","HollowMod:CycloneSlash"],"picked":"HollowMod:HornetsHelp","floor":5.0},{"not_picked":["HollowMod:GoodIntentions","Bomb"],"picked":"HollowMod:SiblingsShadow","floor":6.0},{"not_picked":["HollowMod:WraithStrike","HollowMod:SoulSplash"],"picked":"HollowMod:SlysStrikes","floor":7.0},{"not_picked":["HollowMod:TaintedHusks","HollowMod:SoulStrike"],"picked":"HollowMod:DashSlash","floor":8.0},{"not_picked":["HollowMod:SoulSplash","HollowMod:MawleksShell","HollowMod:NewLittleFool"],"picked":"SKIP","floor":9.0},{"not_picked":["HollowMod:CornifersMapStart","HollowMod:InfectedAttack"],"picked":"HollowMod:WraithStrike","floor":10.0},{"not_picked":["HollowMod:ShapeofUnn","HollowMod:InfectedCysts"],"picked":"HollowMod:Hiveblood","floor":12.0},{"not_picked":["HollowMod:SiblingsSouls","HollowMod:InfectedCysts"],"picked":"HollowMod:ShadowDash","floor":14.0},{"not_picked":["HollowMod:SoulShaman","HollowMod:SiblingsShadow"],"picked":"HollowMod:SiblingsSouls","floor":15.0},{"not_picked":["HollowMod:LifebloodCore","HollowMod:HornetsHelp"],"picked":"HollowMod:MidwifesHunger","floor":16.0}],"player_experience":137179,"relics_obtained":[{"floor":12.0,"key":"infinitespire:Lucky Rock"}],"event_choices":[],"is_beta":false,"boss_relics":[{"not_picked":["energizedSpire:HugeHouse","hubris:VirtuousBlindfold"],"picked":"Philosopher\u0027s Stone"},{"not_picked":[]}],"items_purged_floors":[],"is_endless":false,"potions_floor_spawned":[2,4,8,9,12],"killed_by":"3 Byrds","ascension_level":1}}