{"host":"l2lylj0omvglf5x0","time":1613572633,"event":{"mods":["2.2 Compatiblity","BaseMod","Bestiary","Block Reminder","Colored Map","Colored Powertips","Curses Come First","Highlight Path","Keyboard Shortcuts","Minty Spire (QoL Compilation)","Relic Sorter","Relic Stats","Slay the Relics Exporter","StSLib","SuperFastMode"],"gold_per_floor":[114,164,181,192,192,218,236,266,292,306,381,429,441,468,480,566,578,603,530,558,620,632,632],"floor_reached":22,"language":"ENG","playtime":971,"items_purged":[],"score":363,"play_id":"3624619a-a66e-4ecb-9d67-200437eb2e15","local_time":"20210217153713","is_ascension_mode":true,"campfire_choices":[{"floor":13,"key":"REST"},{"data":"Catalyst","floor":15,"key":"SMITH"}],"circlet_count":0,"master_deck":["AscendersBane","Strike_G","Strike_G","Defend_G","Defend_G","Defend_G","Defend_G","Defend_G","Survivor","Neutralize","Footwork","Blur","Quick Slash","Footwork","Dodge and Roll","Flying Knee","Catalyst+1","Corpse Explosion","Distraction+1","Poisoned Stab+1","Acrobatics+1","Catalyst","Backstab+1"],"relics":["Ring of the Snake","Toy Ornithopter","Mercury Hourglass","Ancient Tea Set","Oddly Smooth Stone","MawBank","Astrolabe","Centennial Puzzle"],"acts_visited":["Exordium","TheCity"],"potions_floor_usage":[6,6,16,20,20],"damage_taken":[{"damage":14,"enemies":"Small Slimes","floor":1,"turns":5},{"damage":0,"enemies":"Cultist","floor":3,"turns":4},{"damage":0,"enemies":"2 Louse","floor":4,"turns":6},{"damage":15,"enemies":"3 Sentries","floor":6,"turns":17},{"damage":0,"enemies":"Blue Slaver","floor":7,"turns":6},{"damage":19,"enemies":"Lagavulin","floor":8,"turns":12},{"damage":0,"enemies":"2 Fungi Beasts","floor":10,"turns":4},{"damage":0,"enemies":"3 Louse","floor":14,"turns":2},{"damage":13,"enemies":"Hexaghost","floor":16,"turns":10},{"damage":25,"enemies":"Shell Parasite","floor":18,"turns":6},{"damage":19,"enemies":"2 Thieves","floor":20,"turns":2},{"damage":31,"enemies":"Shelled Parasite and Fungi","floor":22,"turns":3}],"seed_played":"-4669782637065831385","potions_obtained":[{"floor":1,"key":"SteroidPotion"},{"floor":3,"key":"Dexterity Potion"},{"floor":6,"key":"Explosive Potion"},{"floor":14,"key":"Poison Potion"},{"floor":16,"key":"Energy Potion"},{"floor":18,"key":"Poison Potion"}],"is_trial":false,"path_per_floor":["M","?","M","M","?","E","M","E","T","M","?","T","R","M","R","B",null,"M","?","M","?","M"],"character_chosen":"THE_SILENT","items_purchased":[],"campfire_rested":1,"item_purchase_floors":[],"current_hp_per_floor":[45,45,45,45,50,45,45,26,26,26,15,15,36,36,36,28,60,35,35,26,26,0,0],"gold":632,"neow_bonus":"RANDOM_COMMON_RELIC","is_daily":false,"chose_seed":false,"campfire_upgraded":1,"win_rate":0.0,"timestamp":1613572633,"path_taken":["M","?","M","?","?","E","M","E","T","M","?","?","R","M","R","BOSS","M","?","M","?","M"],"items_purchased_type":[],"build_version":"2020-12-22","purchased_purges":0,"victory":false,"max_hp_per_floor":[66,66,66,66,71,71,71,71,71,71,71,71,71,71,71,71,71,71,71,71,71,71,71],"relic_stats":{"Centennial Puzzle":[6],"counters":[12,77],"Astrolabe":["Distraction","Poisoned Stab","Acrobatics"],"MawBank":120,"obtain_stats":[{"Centennial Puzzle":19,"Astrolabe":17,"Oddly Smooth Stone":9,"Ancient Tea Set":8,"MawBank":12,"Toy Ornithopter":0,"Ring of the Snake":0,"Mercury Hourglass":6},{"Centennial Puzzle":10,"Astrolabe":9,"Oddly Smooth Stone":6,"Ancient Tea Set":6,"MawBank":7,"Toy Ornithopter":0,"Ring of the Snake":0,"Mercury Hourglass":4},{"Centennial Puzzle":72,"Astrolabe":66,"Oddly Smooth Stone":50,"Ancient Tea Set":50,"MawBank":54,"Toy Ornithopter":0,"Ring of the Snake":0,"Mercury Hourglass":32}],"Toy Ornithopter":25,"Ring of the Snake":[24],"Mercury Hourglass":[131]},"card_choices":[{"not_picked":["Bane","Terror"],"picked":"Footwork","floor":1},{"not_picked":["Infinite Blades","Outmaneuver"],"picked":"Blur","floor":3},{"not_picked":["Prepared","Unload"],"picked":"Quick Slash","floor":4},{"not_picked":["Sucker Punch","Crippling Poison"],"picked":"Footwork","floor":6},{"not_picked":["Acrobatics","Predator"],"picked":"Dodge and Roll","floor":7},{"not_picked":["Infinite Blades","Slice"],"picked":"Flying Knee","floor":8},{"not_picked":["Concentrate","Choke","Underhanded Strike"],"picked":"SKIP","floor":10},{"not_picked":["Dagger Throw","Footwork"],"picked":"Catalyst","floor":14},{"not_picked":["Glass Knife","Phantasmal Killer"],"picked":"Corpse Explosion","floor":16},{"not_picked":["Outmaneuver","Dagger Throw"],"picked":"Catalyst","floor":18},{"not_picked":["Heel Hook","Blade Dance"],"picked":"Backstab+1","floor":20}],"player_experience":962804,"relics_obtained":[{"floor":6,"key":"Mercury Hourglass"},{"floor":8,"key":"Ancient Tea Set"},{"floor":9,"key":"Oddly Smooth Stone"},{"floor":12,"key":"MawBank"}],"event_choices":[{"damage_healed":0,"gold_gain":50,"player_choice":"Pray","damage_taken":0,"max_hp_gain":0,"max_hp_loss":0,"event_name":"Golden Shrine","floor":2,"gold_loss":0},{"damage_healed":0,"gold_gain":0,"player_choice":"Donut","damage_taken":0,"max_hp_gain":5,"max_hp_loss":0,"event_name":"Big Fish","floor":5,"gold_loss":0},{"damage_healed":0,"gold_gain":75,"player_choice":"Gather Gold","damage_taken":11,"max_hp_gain":0,"max_hp_loss":0,"event_name":"World of Goop","floor":11,"gold_loss":0},{"damage_healed":0,"gold_gain":0,"player_choice":"Obtained Relic","damage_taken":0,"relics_obtained":["Centennial Puzzle"],"max_hp_gain":0,"max_hp_loss":0,"event_name":"Addict","floor":19,"gold_loss":85},{"damage_healed":0,"gold_gain":50,"player_choice":"Pray","damage_taken":0,"max_hp_gain":0,"max_hp_loss":0,"event_name":"Golden Shrine","floor":21,"gold_loss":0}],"is_beta":false,"boss_relics":[{"not_picked":["Busted Crown","WristBlade"],"picked":"Astrolabe"}],"items_purged_floors":[],"is_endless":false,"potions_floor_spawned":[1,3,6,14,16,18],"killed_by":"Shelled Parasite and Fungi","ascension_level":17}}