{"host":"fiyb7gvx7tok3jeh","time":1613589233,"event":{"mods":["BaseMod","Colored Map","Colored Powertips","DeckTracker","Downfall","Googly Eyes","Highlight Path","Marisa????????","Minty Spire (QoL Compilation)","StSLib","The Cursed","The Servant 0.9.4"],"gold_per_floor":[115,40,55,55,55,81,92,119,119,69,69,102,134,168,168,285,285,311,5,49,49,92,92,144,144,195,255,325,325,385,468,468,468,468],"floor_reached":33,"language":"ENG","playtime":3033,"items_purged":["Defend_MRS","Defend_MRS"],"score":373,"play_id":"6e356c71-ca6b-4a5f-bdbd-efb73c349826","local_time":"20210217211353","is_ascension_mode":false,"campfire_choices":[{"floor":11,"key":"REST"},{"data":"OortCloud","floor":15,"key":"SMITH"},{"data":"WitchOfGreed","floor":23,"key":"SMITH"},{"data":"WitchOfGreed","floor":25,"key":"SMITH"},{"data":"TreasureHunter","floor":29,"key":"SMITH"},{"data":"MillisecondPulsars","floor":32,"key":"SMITH"}],"circlet_count":0,"master_deck":["Strike_MRS","Strike_MRS+1","Strike_MRS+1","Defend_MRS","Defend_MRS","MasterSpark","UpSweep","GalacticHalo","MilkyWay","DC","WitchOfGreed+1","EarthLightRay+1","OortCloud+1","UltimateShortwave","EnergyRecoil+1","WitchOfGreed+1","MagicAbsorber","TreasureHunter+1","MillisecondPulsars+1"],"relics":["MiniHakkero","NeowsBlessing","Blue Candle","Singing Bowl","RampagingMagicTools","Vajra","Nunchaku","AmplifyWand","Strawberry"],"acts_visited":["Exordium","TheCity"],"potions_floor_usage":[16,16,22,22,27,28,31,31,33,33],"damage_taken":[{"damage":0,"enemies":"2 Louse","floor":1,"turns":2},{"damage":0,"enemies":"Small Slimes","floor":3,"turns":1},{"damage":0,"enemies":"Gremlin Nob","floor":6,"turns":1},{"damage":0,"enemies":"Cultist","floor":7,"turns":2},{"damage":8,"enemies":"Exordium Thugs","floor":8,"turns":5},{"damage":10,"enemies":"Looter","floor":12,"turns":3},{"damage":9,"enemies":"Large Slime","floor":13,"turns":4},{"damage":10,"enemies":"Exordium Thugs","floor":14,"turns":5},{"damage":0,"enemies":"The Guardian","floor":16,"turns":13},{"damage":0,"enemies":"Spheric Guardian","floor":18,"turns":4},{"damage":5,"enemies":"3 Byrds","floor":20,"turns":6},{"damage":23,"enemies":"Centurion and Healer","floor":22,"turns":5},{"damage":16,"enemies":"3 Cultists","floor":24,"turns":6},{"damage":0,"enemies":"Cultist and Chosen","floor":27,"turns":8},{"damage":5,"enemies":"Snecko","floor":28,"turns":5},{"damage":4,"enemies":"Snake Plant","floor":30,"turns":4},{"damage":43,"enemies":"Book of Stabbing","floor":31,"turns":8},{"damage":83,"enemies":"Champ","floor":33,"turns":13}],"seed_played":"-6788316830668866717","potions_obtained":[{"floor":3,"key":"Weak Potion"},{"floor":7,"key":"ColorlessPotion"},{"floor":8,"key":"Weak Potion"},{"floor":8,"key":"LiquidMemories"},{"floor":16,"key":"FairyPotion"},{"floor":18,"key":"FearPotion"},{"floor":20,"key":"champ:CounterPotion"},{"floor":22,"key":"Weak Potion"},{"floor":22,"key":"Energy Potion"},{"floor":22,"key":"Block Potion"},{"floor":24,"key":"hexamod:SoulburnPotion"},{"floor":27,"key":"Guardian:BlockOnCardUsePotion"},{"floor":28,"key":"DistilledChaos"},{"floor":30,"key":"StarNLove"},{"floor":31,"key":"Explosive Potion"},{"floor":31,"key":"Explosive Potion"},{"floor":31,"key":"AttackPotion"}],"is_trial":false,"path_per_floor":["M","$","M","$","?","E","M","M","T","?","R","M","M","M","R","B",null,"M","$","M","?","M","R","M","R","T","M","M","R","M","E","R","B"],"character_chosen":"MARISA","items_purchased":["Vajra","WitchOfGreed"],"campfire_rested":1,"item_purchase_floors":[19,19],"current_hp_per_floor":[75,75,75,75,60,60,60,52,52,52,74,67,64,58,58,62,79,79,79,78,78,58,58,50,50,50,58,59,59,63,33,33,0,0],"gold":468,"neow_bonus":"THREE_ENEMY_KILL","is_daily":false,"chose_seed":false,"campfire_upgraded":5,"win_rate":0.0,"timestamp":1613589233,"path_taken":["M","$","M","$","?","E","M","M","T","?","R","M","M","M","R","BOSS","M","$","M","?","M","R","?","R","T","M","M","R","M","E","R","BOSS"],"items_purchased_type":["Relic","Card"],"build_version":"2020-12-22","purchased_purges":2,"victory":false,"max_hp_per_floor":[75,75,75,75,75,75,75,75,75,75,75,77,79,79,79,79,79,79,79,79,79,81,81,83,83,83,85,85,85,87,94,94,94,94],"card_choices":[{"not_picked":["Acceleration","AsteroidBelt"],"picked":"GalacticHalo","floor":1},{"not_picked":["ChargingUp","LuminesStrike"],"picked":"MilkyWay","floor":3},{"not_picked":["MysteriousBeam","MilkyWay"],"picked":"DC","floor":6},{"not_picked":["DragonMeteor","LuminesStrike"],"picked":"WitchOfGreed","floor":7},{"not_picked":["SporeBomb","GravityBeat"],"picked":"EarthLightRay","floor":8},{"not_picked":["Acceleration","Robbery","PowerUp"],"picked":"Singing Bowl","floor":12},{"not_picked":["MachineGunSpark","BigCrunch","AsteroidBelt"],"picked":"Singing Bowl","floor":13},{"not_picked":["ManaConvection","DoubleSpark"],"picked":"OortCloud","floor":14},{"not_picked":["CollectingQuirk","EscapeVelocity"],"picked":"UltimateShortwave","floor":16},{"not_picked":["AsteroidBelt","DoubleSpark"],"picked":"EnergyRecoil+1","floor":18},{"not_picked":["ShootingEcho","OneTimeOff+1"],"picked":"MagicAbsorber","floor":20},{"not_picked":["IllusionStar","FairyDestructionRay","DeepEcoloBomb"],"picked":"Singing Bowl","floor":22},{"not_picked":["MeteoricShower+1","UnstableBomb+1","IllusionStar+1"],"picked":"Singing Bowl","floor":24},{"not_picked":["AsteroidBelt+1","WitchOfGreed","ChargingUp"],"picked":"Singing Bowl","floor":27},{"not_picked":["StarlightTyphoon+1","WitchLeyline"],"picked":"TreasureHunter","floor":28},{"not_picked":["DeepEcoloBomb","Acceleration","WitchOfGreed"],"picked":"Singing Bowl","floor":30},{"not_picked":["GravityBeat","LuminesStrike"],"picked":"MillisecondPulsars","floor":31}],"player_experience":329658,"relics_obtained":[{"floor":6,"key":"Blue Candle"},{"floor":9,"key":"Singing Bowl"},{"floor":26,"key":"Nunchaku"},{"floor":31,"key":"AmplifyWand"},{"floor":31,"key":"Strawberry"}],"event_choices":[{"damage_healed":0,"gold_gain":0,"player_choice":"Entered Light","damage_taken":15,"max_hp_gain":0,"max_hp_loss":0,"event_name":"Shining Light","floor":5,"gold_loss":0,"cards_upgraded":["Strike_MRS","Strike_MRS"]},{"cards_removed":["Strike_MRS"],"damage_healed":0,"gold_gain":0,"player_choice":"Card Removal","damage_taken":0,"max_hp_gain":0,"max_hp_loss":0,"event_name":"The Cleric","floor":10,"gold_loss":50},{"damage_healed":0,"gold_gain":0,"player_choice":"Forge","damage_taken":0,"max_hp_gain":0,"max_hp_loss":0,"event_name":"Accursed Blacksmith","floor":21,"gold_loss":0,"cards_upgraded":["EarthLightRay"]}],"is_beta":false,"boss_relics":[{"not_picked":["Velvet Choker","ExperimentalFamiliar"],"picked":"RampagingMagicTools"}],"items_purged_floors":[2,19],"is_endless":false,"potions_floor_spawned":[3,7,8,12,18,22,27,30,31],"killed_by":"Champ","ascension_level":0}}