{"host":"ox77rn1xcurm2t5a","time":1613599663,"event":{"mods":["2.2 Compatiblity","AchievementEnabler","Act Like it!","Aspiration","BaseMod","Best Route Mod","Better Match","Better Note","Better Sensory Stone","Block Reminder","Colored Map","Colored Powertips","Conjunction","Conspire","Custom Start","Energized Spire","GifTheSpireLib","Gold Saver","Gremlin Skip","Halation","Highlight Path","Hubris","Infinite Spire","Minty Spire (QoL Compilation)","Pale of the Ancients","Quick Restart","Replay The Spire","Reworked Bosses","ShortenTheSpire","Spire Exporter","StSLib","Stuff the Spire","Wandering Minibosses"],"gold_per_floor":[114,129,54,68,85,85,119,119,119,119,133,133,82,117,117,222,222,222,222,222,222,222,222,222,222,222,172,172,172,172,172,172,172,172,172,172,172,172,172,172,172],"floor_reached":40,"language":"ENG","playtime":866,"items_purged":["Defend_R","Strike_R"],"score":634,"play_id":"e2d603ed-6c28-4369-81d8-214ff7441290","local_time":"20210218000743","is_ascension_mode":true,"campfire_choices":[{"data":"Uppercut","floor":6.0,"key":"SMITH"},{"floor":10.0,"key":"RECALL"},{"data":"Sword Boomerang","floor":12.0,"key":"SMITH"},{"data":"Twin Strike","floor":15.0,"key":"SMITH"},{"data":"Demon Form","floor":23.0,"key":"SMITH"},{"data":"Heavy Blade","floor":25.0,"key":"SMITH"},{"data":"Metallicize","floor":32,"key":"SMITH"}],"circlet_count":0,"master_deck":["Strike_R","Strike_R","Strike_R","Strike_R","Defend_R","Defend_R","Defend_R","Bash+1","Clash","Perfected Strike","Sword Boomerang+1","Uppercut+1","Clash","Thunderclap","Clash","Twin Strike+1","Demon Form+1","Cleave","Cleave","Heavy Blade+1","Flex+1","Spot Weakness+1","Metallicize+1","Cleave","Thunderclap+1","Clothesline+1"],"relics":["Burning Blood","NeowsBlessing","hubris:ToyBattleship","hubris:TinFlute","Ectoplasm","Replay:Baseball","StuffTheSpire:Gunfinga","conspire:DecoderRing","StuffTheSpire:BottledHeartBeat"],"acts_visited":["Exordium","TheCity","TheBeyond"],"potions_floor_usage":[29,33,38,40],"damage_taken":[{"damage":0.0,"enemies":"Cultist","floor":1.0,"turns":1.0},{"damage":0.0,"enemies":"2 Louse","floor":2.0,"turns":1.0},{"damage":0.0,"enemies":"Jaw Worm","floor":4.0,"turns":1.0},{"damage":6.0,"enemies":"2 Fungi Beasts","floor":5.0,"turns":3.0},{"damage":6.0,"enemies":"Gremlin Nob","floor":7.0,"turns":4.0},{"damage":5.0,"enemies":"Lots of Slimes","floor":11.0,"turns":3.0},{"damage":10.0,"enemies":"3 Sentries","floor":14.0,"turns":4.0},{"damage":0.0,"enemies":"Slime Boss","floor":16.0,"turns":7.0},{"damage":11.0,"enemies":"Spheric Guardian","floor":18.0,"turns":3.0},{"damage":8.0,"enemies":"Chosen","floor":19.0,"turns":2.0},{"damage":12.0,"enemies":"Snake Plant","floor":21.0,"turns":3.0},{"damage":36.0,"enemies":"Slavers","floor":24.0,"turns":4.0},{"damage":39.0,"enemies":"Book of Stabbing","floor":28.0,"turns":4.0},{"damage":0,"enemies":"3 Cultists","floor":29,"turns":3},{"damage":2,"enemies":"Centurion and Healer","floor":30,"turns":3},{"damage":6,"enemies":"Sentry and Sphere","floor":31,"turns":3},{"damage":27,"enemies":"Automaton","floor":33,"turns":6},{"damage":6,"enemies":"3 Shapes","floor":35,"turns":3},{"damage":24,"enemies":"3 Darklings","floor":36,"turns":3},{"damage":30,"enemies":"Writhing Mass","floor":38,"turns":6},{"damage":28,"enemies":"Nemesis","floor":40,"turns":2}],"seed_played":"-2268798118963310162","potions_obtained":[{"floor":2.0,"key":"SkillPotion"},{"floor":4.0,"key":"Languid Potion"},{"floor":7.0,"key":"Swift Potion"},{"floor":14.0,"key":"EssenceOfSteel"},{"floor":19.0,"key":"ColorlessPotion"},{"floor":20.0,"key":"FairyPotion"},{"floor":20.0,"key":"LiquidBronze"},{"floor":20.0,"key":"Block Potion"},{"floor":21.0,"key":"Swift Potion"},{"floor":28.0,"key":"BlessingOfTheForge"},{"floor":30,"key":"Elixir"},{"floor":31,"key":"BloodPotion"},{"floor":36,"key":"Languid Potion"},{"floor":38,"key":"Fire Potion"}],"is_trial":false,"path_per_floor":["M","M","$","M","M","R","E","?","T","R","M","R","$","E","R","B",null,"M","M","?","M","?","R","E","R","T","?","E","M","M","M","R","B",null,"M","M","AVR","M","?","E"],"character_chosen":"IRONCLAD","items_purchased":["Clash"],"campfire_rested":0,"item_purchase_floors":[13],"current_hp_per_floor":[78,80,80,80,80,80,80,80,80,80,80,80,80,76,76,80,80,75,73,73,67,67,67,37,37,37,37,30,36,40,40,40,35,69,69,51,51,27,27,0,0],"gold":172,"neow_bonus":"THREE_ENEMY_KILL","is_daily":false,"chose_seed":false,"campfire_upgraded":6,"win_rate":0.0,"timestamp":1613599663,"path_taken":["M","M","$","M","?","R","E","?","T","R","M","R","$","E","R","BOSS","M","M","?","?","?","R","E","R","T","?","E","M","M","?","R","BOSS","M","M","AVR","M","?","E"],"items_purchased_type":["Card"],"build_version":"2020-12-22","purchased_purges":2,"victory":false,"max_hp_per_floor":[80,80,80,80,80,80,80,80,80,80,80,80,80,80,80,80,80,80,80,80,80,80,80,80,80,80,80,80,80,80,80,80,80,80,80,80,80,80,80,80,80],"card_choices":[{"not_picked":["Sword Boomerang","Blood for Blood"],"picked":"Clash","floor":1.0},{"not_picked":["ReplayTheSpireMod:LeadingStrike","Sentinel"],"picked":"Perfected Strike","floor":2.0},{"not_picked":["Body Slam","Sentinel"],"picked":"Sword Boomerang","floor":4.0},{"not_picked":["Havoc","Pummel"],"picked":"Uppercut","floor":5.0},{"not_picked":["Rage","Rampage"],"picked":"Clash","floor":7.0},{"not_picked":["Demonic Infusion","Shrug It Off"],"picked":"Thunderclap","floor":11.0},{"not_picked":["StuffTheSpire:Pyroclast","StuffTheSpire:BloodClot"],"picked":"Twin Strike","floor":14.0},{"not_picked":["Replay:Many Hands","Fiend Fire"],"picked":"Demon Form","floor":16.0},{"not_picked":["Wild Strike+1","Anger+1"],"picked":"Cleave","floor":18.0},{"not_picked":["Body Slam","Havoc+1","Sword Boomerang"],"picked":"SKIP","floor":19.0},{"not_picked":["ReplayTheSpireMod:Limb From Limb","Pommel Strike"],"picked":"Cleave","floor":21.0},{"not_picked":["Flame Barrier","StuffTheSpire:TitanForm"],"picked":"Heavy Blade","floor":24.0},{"not_picked":["Shockwave+1","ReplayTheSpireMod:Corrosion Curse+1"],"picked":"Flex+1","floor":28.0},{"not_picked":["Metallicize","Fire Breathing+1"],"picked":"Spot Weakness+1","floor":29},{"not_picked":["Bloodletting+1","Havoc","Combust+1"],"picked":"SKIP","floor":30},{"not_picked":["Rage","Anger"],"picked":"Metallicize","floor":31},{"not_picked":["Replay:Undeath\u0027s Touch+1","ReplayTheSpireMod:Limb From Limb+1"],"picked":"Cleave","floor":35},{"not_picked":["Anger","Twin Strike+1"],"picked":"Thunderclap+1","floor":36},{"not_picked":["Body Slam","Replay:Undeath\u0027s Touch+1"],"picked":"Clothesline+1","floor":38}],"player_experience":3138212,"relics_obtained":[{"floor":7.0,"key":"hubris:ToyBattleship"},{"floor":14.0,"key":"hubris:TinFlute"},{"floor":24.0,"key":"Replay:Baseball"},{"floor":26.0,"key":"StuffTheSpire:Gunfinga"},{"floor":28.0,"key":"conspire:DecoderRing"}],"event_choices":[{"damage_healed":0.0,"max_hp_gain":0.0,"max_hp_loss":0.0,"gold_gain":0.0,"event_name":"Lab","player_choice":"Got Potions","floor":20.0,"gold_loss":0.0,"damage_taken":0.0},{"damage_healed":0.0,"max_hp_gain":0.0,"max_hp_loss":0.0,"gold_gain":0.0,"event_name":"betterNote:BetterNote","player_choice":"Ignored","floor":22.0,"gold_loss":0.0,"damage_taken":0.0,"cards_obtained":["Strike_P"]},{"damage_healed":0.0,"max_hp_gain":0.0,"max_hp_loss":0.0,"gold_gain":0.0,"event_name":"The Joust","player_choice":"Bet on Murderer","floor":27.0,"gold_loss":50.0,"damage_taken":0.0}],"is_beta":false,"boss_relics":[{"not_picked":["ReplayTheSpireMod:Onyx Gauntlets","StuffTheSpire:Kangaroo"],"picked":"Ectoplasm"},{"not_picked":["Ring of Chaos","halation:CatFaceCupcake","halation:HeavySnake"]}],"items_purged_floors":[3,37],"is_endless":false,"potions_floor_spawned":[2,4,7,14,19,21,28,30,31,36,38],"killed_by":"Nemesis","ascension_level":6}}