{"host":"znvnxllcillb3rtw","time":1613524696,"event":{"mods":["BaseMod","DeckTracker","Minty Spire (QoL Compilation)","Relic Stats","StSLib","SuperFastMode","everything is the same but u backflip on backflip"],"gold_per_floor":[116,28,44,57,14,46,46,74,101,101,120,155,169,197,197,197,197],"floor_reached":16,"language":"KOR","playtime":628,"items_purged":[],"score":310,"play_id":"d8183f36-863a-49f6-be8c-bb1811dfcff9","local_time":"20210217101816","is_ascension_mode":true,"campfire_choices":[{"floor":7,"key":"REST"},{"floor":15,"key":"REST"}],"circlet_count":0,"master_deck":["AscendersBane","Strike_B","Strike_B","Strike_B","Strike_B","Defend_B","Defend_B","Defend_B","Defend_B","Zap","Dualcast","Capacitor","Rip and Tear","Doom and Gloom","Conserve Battery","Buffer+1","Turbo","Gash","Buffer","Cold Snap","Undo"],"relics":["Cracked Core","CaptainsWheel","Bag of Preparation","Bag of Marbles","Tiny Chest","Omamori","Anchor"],"acts_visited":["Exordium"],"potions_floor_usage":[6,6,8,16],"damage_taken":[{"damage":1,"enemies":"Cultist","floor":1,"turns":3},{"damage":10,"enemies":"Small Slimes","floor":3,"turns":3},{"damage":2,"enemies":"Jaw Worm","floor":4,"turns":3},{"damage":11,"enemies":"Lagavulin","floor":6,"turns":7},{"damage":16,"enemies":"3 Sentries","floor":8,"turns":6},{"damage":0,"enemies":"Large Slime","floor":11,"turns":3},{"damage":0,"enemies":"Gremlin Nob","floor":12,"turns":4},{"damage":0,"enemies":"2 Fungi Beasts","floor":13,"turns":2},{"damage":25,"enemies":"3 Sentries","floor":14,"turns":9},{"damage":24,"enemies":"Hexaghost","floor":16,"turns":10}],"seed_played":"6816932876929263462","potions_obtained":[{"floor":1,"key":"DistilledChaos"},{"floor":4,"key":"EssenceOfSteel"},{"floor":6,"key":"Strength Potion"},{"floor":14,"key":"GamblersBrew"}],"is_trial":false,"path_per_floor":["M","$","M","M","?","E","R","E","T","?","M","E","M","E","R","B"],"character_chosen":"DEFECT","items_purchased":["Rip and Tear"],"campfire_rested":2,"item_purchase_floors":[2],"current_hp_per_floor":[45,45,35,33,33,22,43,27,27,27,27,27,27,2,23,0,0],"gold":197,"neow_bonus":"ONE_RARE_RELIC","is_daily":false,"chose_seed":false,"campfire_upgraded":0,"win_rate":0.0,"timestamp":1613524696,"path_taken":["M","?","M","M","?","E","R","E","T","?","?","E","M","E","R","BOSS"],"items_purchased_type":["Card"],"build_version":"2020-12-22","purchased_purges":0,"victory":false,"max_hp_per_floor":[71,71,71,71,71,71,71,71,71,71,71,71,71,71,71,71,71],"relic_stats":{"counters":[10,50],"Tiny Chest":0,"Bag of Preparation":[12],"obtain_stats":[{"CaptainsWheel":0,"Anchor":14,"Tiny Chest":9,"Bag of Preparation":6,"Bag of Marbles":8,"Omamori":12,"Cracked Core":0},{"CaptainsWheel":0,"Anchor":9,"Tiny Chest":5,"Bag of Preparation":4,"Bag of Marbles":5,"Omamori":7,"Cracked Core":0},{"CaptainsWheel":0,"Anchor":40,"Tiny Chest":22,"Bag of Preparation":16,"Bag of Marbles":22,"Omamori":29,"Cracked Core":0}]},"card_choices":[{"not_picked":["Hologram","Coolheaded"],"picked":"Capacitor","floor":1},{"not_picked":["Steam","Storm"],"picked":"Doom and Gloom","floor":3},{"not_picked":["Skim","Heatsinks"],"picked":"Conserve Battery","floor":4},{"not_picked":["Blizzard","Chaos"],"picked":"Buffer","floor":6},{"not_picked":["Streamline","Leap"],"picked":"Turbo","floor":8},{"not_picked":["Reinforced Body","Coolheaded"],"picked":"Gash","floor":11},{"not_picked":["Redo","Leap"],"picked":"Buffer","floor":12},{"not_picked":["Static Discharge","Conserve Battery"],"picked":"Cold Snap","floor":13},{"not_picked":["Redo","Heatsinks"],"picked":"Undo","floor":14}],"player_experience":2906678,"relics_obtained":[{"floor":6,"key":"Bag of Preparation"},{"floor":8,"key":"Bag of Marbles"},{"floor":9,"key":"Tiny Chest"},{"floor":12,"key":"Omamori"},{"floor":14,"key":"Anchor"}],"event_choices":[{"damage_healed":0,"gold_gain":0,"player_choice":"Left Gold","damage_taken":0,"max_hp_gain":0,"max_hp_loss":0,"event_name":"World of Goop","floor":5,"gold_loss":43},{"damage_healed":0,"gold_gain":0,"player_choice":"Forge","damage_taken":0,"max_hp_gain":0,"max_hp_loss":0,"event_name":"Accursed Blacksmith","floor":10,"gold_loss":0,"cards_upgraded":["Buffer"]}],"is_beta":false,"boss_relics":[],"items_purged_floors":[],"is_endless":false,"potions_floor_spawned":[1,4,6,14],"killed_by":"Hexaghost","ascension_level":20}}