{"host":"pj05r22d3fegil3v","time":1613547427,"event":{"mods":["BaseMod","Better Altar","Better Match","Better Note","Better Sensory Stone","Better Skull","Better Third Choice","BetterRewards","Card Filter","Colored Powertips","Curses Come First","Custom Start","DeckTracker","Displayed Cursed Tome","Evolution","Minty Spire (QoL Compilation)","Quick Restart","Rare Cards Sparkle","Relic Filter Mod","Smile Girya","StSLib","Weighted Paths","everything is the same but u backflip on backflip","slay the spire mod where everything is the same but ironclad has a cowboy hat"],"gold_per_floor":[111,111,133,133,157,157,157,157,157,157,157,157,232,276,276,416,416,431,459,478,403,205,205,239,239,266,301,301,346,346,69,69,199,199,222,222,72,372,59,59,59,59,59,83,122,122,131,170,170,170],"floor_reached":51,"language":"ENG","playtime":1967,"items_purged":["Poisoned Stab","Cloak And Dagger","Poisoned Stab","Poisoned Stab","Poisoned Stab"],"score":1070,"play_id":"fc34808e-44a9-46cc-a39b-e8a334e1f027","local_time":"20210217023707","daily_mods":["Flight"],"is_ascension_mode":true,"campfire_choices":[{"data":"1","floor":6.0,"key":"LIFT"},{"data":"2","floor":7.0,"key":"LIFT"},{"data":"3","floor":8.0,"key":"LIFT"},{"data":"Footwork","floor":10.0,"key":"SMITH"},{"data":"Noxious Fumes","floor":11.0,"key":"SMITH"},{"data":"Envenom","floor":12.0,"key":"SMITH"},{"data":"MasterReality","floor":15.0,"key":"SMITH"},{"data":"Outmaneuver","floor":23.0,"key":"SMITH"},{"data":"Cloak And Dagger","floor":25.0,"key":"SMITH"},{"data":"Cloak And Dagger","floor":28.0,"key":"SMITH"},{"data":"Cloak And Dagger","floor":30.0,"key":"SMITH"},{"floor":32.0,"key":"REST"},{"floor":40.0,"key":"REST"},{"floor":41.0,"key":"REST"},{"floor":42.0,"key":"REST"},{"floor":46,"key":"REST"},{"floor":49,"key":"REST"}],"circlet_count":0,"master_deck":["MasterReality+1","Envenom+1","Noxious Fumes+1","Cloak And Dagger+1","Cloak And Dagger+1","Cloak And Dagger+1","Cloak And Dagger","Poisoned Stab","Footwork+1","A Thousand Cuts+1","Accuracy+1","Infinite Blades+1","Outmaneuver+1","Catalyst+1","After Image+1","Catalyst+1","Catalyst+1"],"relics":["Ring of the Snake","EVO:Axolotl","CeramicFish","Kunai","Shuriken","The Specimen","Snake Skull","TwistedFunnel","WristBlade","Girya","Golden Idol","Frozen Egg 2","Ancient Tea Set","Pen Nib","Runic Pyramid","Du-Vu Doll","MealTicket","Boot","Strawberry","Dream Catcher","Fusion Hammer","DollysMirror","HornCleat","Juzu Bracelet","Potion Belt"],"acts_visited":["Exordium","TheCity","TheBeyond"],"potions_floor_usage":[],"damage_taken":[{"damage":0.0,"enemies":"Cultist","floor":1.0,"turns":2.0},{"damage":0.0,"enemies":"Jaw Worm","floor":3.0,"turns":2.0},{"damage":0.0,"enemies":"2 Louse","floor":5.0,"turns":2.0},{"damage":0.0,"enemies":"Gremlin Nob","floor":13.0,"turns":3.0},{"damage":1.0,"enemies":"Gremlin Nob","floor":14.0,"turns":3.0},{"damage":0.0,"enemies":"Hexaghost","floor":16.0,"turns":4.0},{"damage":2.0,"enemies":"2 Thieves","floor":18.0,"turns":3.0},{"damage":3.0,"enemies":"3 Byrds","floor":19.0,"turns":3.0},{"damage":11.0,"enemies":"Centurion and Healer","floor":20.0,"turns":4.0},{"damage":9.0,"enemies":"Book of Stabbing","floor":24.0,"turns":3.0},{"damage":2.0,"enemies":"Slavers","floor":27.0,"turns":3.0},{"damage":0.0,"enemies":"Book of Stabbing","floor":29.0,"turns":3.0},{"damage":0.0,"enemies":"Collector","floor":33.0,"turns":5.0},{"damage":6.0,"enemies":"Orb Walker","floor":35.0,"turns":2.0},{"damage":7.0,"enemies":"3 Darklings","floor":44.0,"turns":3.0},{"damage":7,"enemies":"Nemesis","floor":45,"turns":3},{"damage":0,"enemies":"Reptomancer","floor":48,"turns":3},{"damage":9,"enemies":"Time Eater","floor":50,"turns":5}],"seed_played":"-6114310915486960341","potions_obtained":[{"floor":1.0,"key":"GhostInAJar"},{"floor":13.0,"key":"Swift Potion"},{"floor":14.0,"key":"Weak Potion"},{"floor":18.0,"key":"BlessingOfTheForge"},{"floor":24.0,"key":"Strength Potion"},{"floor":33.0,"key":"Poison Potion"},{"floor":35.0,"key":"DuplicationPotion"},{"floor":48,"key":"Swift Potion"}],"is_trial":true,"path_per_floor":["M","?","M","?","M","R","R","R","T","R","R","R","?","E","R","B",null,"M","M","M","$","$","R","E","R","T","E","R","E","R","$","R","B",null,"M","?","$","?","$","R","R","R","T","M","E","R","?","E","R","B",null],"character_chosen":"THE_SILENT","items_purchased":["Infinite Blades+1","Outmaneuver","Dream Catcher","DollysMirror"],"campfire_rested":6,"item_purchase_floors":[22,22,31,39],"current_hp_per_floor":[70,75,75,57,57,57,57,57,57,57,57,57,57,56,56,56,75,73,70,59,59,59,59,50,50,50,48,48,55,55,70,82,82,82,76,76,78,78,78,78,78,78,78,71,64,78,78,78,78,69],"gold":170,"neow_bonus":"","is_daily":false,"chose_seed":false,"campfire_upgraded":8,"win_rate":0.0,"timestamp":1613547427,"path_taken":["M","?","M","?","M","R","R","R","T","R","R","R","?","E","R","BOSS","M","M","M","$","$","R","E","R","T","E","R","E","R","$","R","BOSS","M","?","$","?","$","R","R","R","T","M","E","R","?","E","R","BOSS"],"items_purchased_type":["Card","Card","Relic","Relic"],"build_version":"2020-12-22","purchased_purges":5,"victory":true,"max_hp_per_floor":[70,75,75,75,75,75,75,75,75,75,75,75,75,75,75,75,75,75,75,75,75,75,75,75,75,75,75,75,82,82,82,82,82,82,82,78,78,78,78,78,78,78,78,78,78,78,78,78,78,78],"card_choices":[{"not_picked":["Concentrate","Deadly Poison","Quick Slash"],"picked":"SKIP","floor":1.0},{"not_picked":["Terror","Blade Dance"],"picked":"Footwork","floor":3.0},{"not_picked":["Quick Slash","Deflect","PiercingWail"],"picked":"SKIP","floor":5.0},{"not_picked":["PiercingWail","Malaise","Concentrate"],"picked":"SKIP","floor":14.0},{"not_picked":["Corpse Explosion","Night Terror"],"picked":"A Thousand Cuts+1","floor":16.0},{"not_picked":["Heel Hook+1","Slice+1","Backflip"],"picked":"SKIP","floor":18.0},{"not_picked":["Bouncing Flask","Acrobatics"],"picked":"Accuracy+1","floor":19.0},{"not_picked":["PiercingWail","Quick Slash","Underhanded Strike+1"],"picked":"SKIP","floor":20.0},{"not_picked":["Bane","Bouncing Flask+1","Slice"],"picked":"SKIP","floor":24.0},{"not_picked":["Bane","Bouncing Flask+1","Slice"],"picked":"SKIP","floor":24.0},{"not_picked":["Dagger Spray","Masterful Stab","Underhanded Strike"],"picked":"SKIP","floor":27.0},{"not_picked":["Masterful Stab","Outmaneuver+1"],"picked":"Catalyst+1","floor":29.0},{"not_picked":["Envenom+1","Venomology"],"picked":"After Image+1","floor":33.0},{"not_picked":["Sucker Punch","Prepared","Bane+1"],"picked":"SKIP","floor":35.0},{"not_picked":["Dagger Throw","Escape Plan+1","Concentrate+1"],"picked":"SKIP","floor":44.0},{"not_picked":["Endless Agony+1","Deflect","Well Laid Plans+1"],"picked":"SKIP","floor":45},{"not_picked":["Underhanded Strike+1","Well Laid Plans+1","Deadly Poison"],"picked":"SKIP","floor":48}],"player_experience":139411,"relics_obtained":[{"floor":9.0,"key":"Frozen Egg 2"},{"floor":14.0,"key":"Pen Nib"},{"floor":24.0,"key":"Du-Vu Doll"},{"floor":26.0,"key":"MealTicket"},{"floor":27.0,"key":"Boot"},{"floor":29.0,"key":"Strawberry"},{"floor":43.0,"key":"HornCleat"},{"floor":45,"key":"Juzu Bracelet"},{"floor":48,"key":"Potion Belt"}],"event_choices":[{"damage_healed":0.0,"max_hp_gain":5.0,"max_hp_loss":0.0,"gold_gain":0.0,"event_name":"Big Fish","player_choice":"Donut","floor":2.0,"gold_loss":0.0,"damage_taken":0.0},{"damage_healed":0.0,"max_hp_gain":0.0,"max_hp_loss":0.0,"gold_gain":0.0,"event_name":"Golden Idol","player_choice":"Take Damage","floor":4.0,"gold_loss":0.0,"damage_taken":18.0,"relics_obtained":["Golden Idol"]},{"damage_healed":0.0,"max_hp_gain":0.0,"max_hp_loss":0.0,"gold_gain":0.0,"event_name":"Dead Adventurer","player_choice":"Searched \u00273\u0027 times","floor":13.0,"gold_loss":0.0,"damage_taken":0.0,"relics_obtained":["Ancient Tea Set"]},{"damage_healed":0.0,"max_hp_gain":0.0,"max_hp_loss":4.0,"gold_gain":0.0,"event_name":"Winding Halls","player_choice":"Max HP","floor":36.0,"gold_loss":0.0,"damage_taken":0.0},{"damage_healed":0.0,"max_hp_gain":0.0,"max_hp_loss":0.0,"gold_gain":300.0,"event_name":"Wheel of Change","player_choice":"Gold","floor":38.0,"gold_loss":0.0,"damage_taken":0.0},{"damage_healed":0,"gold_gain":0,"player_choice":"Copied","damage_taken":0,"max_hp_gain":0,"max_hp_loss":0,"event_name":"Duplicator","floor":47,"gold_loss":0,"cards_obtained":["Catalyst"]}],"is_beta":false,"boss_relics":[{"not_picked":["Tiny House","Pandora\u0027s Box"],"picked":"Runic Pyramid"},{"not_picked":["Snecko Eye","Velvet Choker"],"picked":"Fusion Hammer"}],"items_purged_floors":[21,22,31,37,39],"is_endless":false,"potions_floor_spawned":[1,13,14,18,24,33,35,48],"ascension_level":1}}