{"host":"tr0r177cvmpvg89h","time":1613577518,"event":{"mods":["BaseMod","Colored Map","DeckTracker","Minty Spire (QoL Compilation)","StSLib","SuperFastMode"],"gold_per_floor":[119,136,61,79,79,105,105,117,142,142,156,172,201,212,212,307,307,290,309,325,155,169,169,182,182,182,182,195,195,213,66,66,169,169,180,193,193,193],"floor_reached":37,"language":"KOR","playtime":2459,"items_purged":["Strike_G","Strike_G"],"score":387,"play_id":"b1c6bd8a-8f49-4c66-9088-d518a4c6e3a3","local_time":"20210218005838","is_ascension_mode":false,"campfire_choices":[{"data":"Noxious Fumes","floor":7.0,"key":"SMITH"},{"floor":10.0,"key":"REST"},{"floor":15.0,"key":"REST"},{"floor":23,"key":"REST"},{"floor":25,"key":"REST"},{"data":"Noxious Fumes","floor":29,"key":"SMITH"},{"data":"Burst","floor":32,"key":"SMITH"}],"circlet_count":0,"master_deck":["Strike_G","Strike_G","Strike_G","Defend_G","Defend_G","Defend_G","Defend_G","Defend_G","Survivor","Neutralize+1","Bane","Noxious Fumes+1","Noxious Fumes+1","Catalyst","Burst+1","Escape Plan","Noxious Fumes+1","Deflect+1","Corpse Explosion"],"relics":["Ring of the Snake","Snake Skull","Toy Ornithopter","Ancient Tea Set","Kunai","Philosopher\u0027s Stone","Bottled Tornado","Lee\u0027s Waffle","Velvet Choker"],"acts_visited":["Exordium","TheCity","TheBeyond"],"potions_floor_usage":[30],"damage_taken":[{"damage":3.0,"enemies":"Small Slimes","floor":1.0,"turns":4.0},{"damage":0.0,"enemies":"Cultist","floor":2.0,"turns":3.0},{"damage":1.0,"enemies":"2 Louse","floor":4.0,"turns":4.0},{"damage":29.0,"enemies":"Gremlin Nob","floor":6.0,"turns":5.0},{"damage":30.0,"enemies":"Gremlin Gang","floor":8.0,"turns":4.0},{"damage":0.0,"enemies":"3 Louse","floor":11.0,"turns":3.0},{"damage":20.0,"enemies":"Lots of Slimes","floor":12.0,"turns":4.0},{"damage":13.0,"enemies":"Lagavulin","floor":13.0,"turns":6.0},{"damage":0.0,"enemies":"Looter","floor":14.0,"turns":4.0},{"damage":11.0,"enemies":"Hexaghost","floor":16.0,"turns":9.0},{"damage":8.0,"enemies":"2 Thieves","floor":18.0,"turns":5.0},{"damage":32.0,"enemies":"Spheric Guardian","floor":19.0,"turns":7.0},{"damage":22.0,"enemies":"Snecko","floor":20.0,"turns":6.0},{"damage":14,"enemies":"3 Cultists","floor":22,"turns":5},{"damage":0,"enemies":"Chosen and Byrds","floor":24,"turns":4},{"damage":17,"enemies":"Sentry and Sphere","floor":28,"turns":5},{"damage":7,"enemies":"Centurion and Healer","floor":30,"turns":6},{"damage":71,"enemies":"Champ","floor":33,"turns":12},{"damage":11,"enemies":"Orb Walker","floor":35,"turns":4},{"damage":62,"enemies":"3 Shapes","floor":36,"turns":4},{"damage":0,"enemies":"3 Darklings","floor":37,"turns":2}],"seed_played":"-8678332585189709883","potions_obtained":[{"floor":6.0,"key":"DuplicationPotion"},{"floor":8.0,"key":"Energy Potion"},{"floor":12.0,"key":"LiquidBronze"},{"floor":18.0,"key":"LiquidBronze"},{"floor":19.0,"key":"SpeedPotion"},{"floor":28,"key":"Swift Potion"}],"is_trial":false,"path_per_floor":["M","M","$","M","?","E","R","M","T","R","M","M","E","M","R","B",null,"M","M","M","$","M","R","M","R","T","?","M","R","M","$","R","B",null,"M","M","M"],"character_chosen":"THE_SILENT","items_purchased":["Escape Plan","Lee\u0027s Waffle"],"campfire_rested":4,"item_purchase_floors":[21,31],"current_hp_per_floor":[67,67,67,66,66,37,37,12,12,33,33,13,10,10,31,20,70,62,30,18,18,4,25,25,46,46,46,29,29,27,77,77,6,77,66,4,4,4],"gold":193,"neow_bonus":"UPGRADE_CARD","is_daily":false,"chose_seed":false,"campfire_upgraded":3,"win_rate":0.0,"timestamp":1613577518,"path_taken":["M","M","$","M","?","E","R","M","T","R","M","?","E","M","R","BOSS","M","M","M","$","M","R","M","R","T","?","M","R","M","$","R","BOSS","M","M","M"],"items_purchased_type":["Card","Relic"],"build_version":"2020-12-22","purchased_purges":2,"victory":false,"max_hp_per_floor":[70,70,70,70,70,70,70,70,70,70,70,70,70,70,70,70,70,70,70,70,70,70,70,70,70,70,70,70,70,70,77,77,77,77,77,77,77,77],"card_choices":[{"not_picked":["Endless Agony","Deflect"],"picked":"Slice","floor":1.0},{"not_picked":["Flying Knee","Expertise"],"picked":"Bane","floor":2.0},{"not_picked":["Poisoned Stab","Dagger Throw"],"picked":"Noxious Fumes","floor":4.0},{"not_picked":["Predator","Underhanded Strike","Caltrops"],"picked":"SKIP","floor":6.0},{"not_picked":["Backstab","Underhanded Strike"],"picked":"Noxious Fumes","floor":8.0},{"not_picked":["Riddle With Holes","Dash","Prepared"],"picked":"SKIP","floor":11.0},{"not_picked":["Backflip","Underhanded Strike","Slice"],"picked":"SKIP","floor":12.0},{"not_picked":["Dodge and Roll","Sucker Punch"],"picked":"Catalyst","floor":13.0},{"not_picked":["Underhanded Strike","PiercingWail","Dagger Spray"],"picked":"SKIP","floor":14.0},{"not_picked":["Envenom","Phantasmal Killer"],"picked":"Burst","floor":16.0},{"not_picked":["Reflex","Choke","Slice"],"picked":"SKIP","floor":18.0},{"not_picked":["Blade Dance+1","Poisoned Stab+1","Cloak And Dagger"],"picked":"SKIP","floor":19.0},{"not_picked":["Outmaneuver","Deadly Poison","Underhanded Strike"],"picked":"SKIP","floor":20.0},{"not_picked":["Quick Slash","Blur","Escape Plan"],"picked":"SKIP","floor":22},{"not_picked":["Tactician","Slice","Poisoned Stab"],"picked":"SKIP","floor":24},{"not_picked":["Endless Agony","Blur+1"],"picked":"Deflect+1","floor":28},{"not_picked":["Heel Hook","Acrobatics","Prepared"],"picked":"SKIP","floor":30},{"not_picked":["Doppelganger","Die Die Die"],"picked":"Corpse Explosion","floor":33},{"not_picked":["Dagger Spray","Reflex","Deflect+1"],"picked":"SKIP","floor":35},{"not_picked":["Heel Hook","Acrobatics","Quick Slash+1"],"picked":"SKIP","floor":36}],"player_experience":107773,"relics_obtained":[{"floor":6.0,"key":"Toy Ornithopter"},{"floor":9.0,"key":"Ancient Tea Set"},{"floor":13.0,"key":"Kunai"},{"floor":26,"key":"Bottled Tornado"}],"event_choices":[{"cards_removed":["Slice"],"damage_healed":0.0,"max_hp_gain":0.0,"max_hp_loss":0.0,"gold_gain":0.0,"event_name":"WeMeetAgain","player_choice":"Gave Card","floor":5.0,"gold_loss":0.0,"damage_taken":0.0,"relics_obtained":["Snake Skull"]},{"damage_healed":0,"gold_gain":0,"player_choice":"Copied","damage_taken":0,"max_hp_gain":0,"max_hp_loss":0,"event_name":"Duplicator","floor":27,"gold_loss":0,"cards_obtained":["Noxious Fumes"]}],"is_beta":false,"boss_relics":[{"not_picked":["Sozu","Busted Crown"],"picked":"Philosopher\u0027s Stone"},{"not_picked":["Astrolabe","HoveringKite"],"picked":"Velvet Choker"}],"items_purged_floors":[3,21],"is_endless":false,"potions_floor_spawned":[6,8,12,18,19,28],"killed_by":"3 Darklings","ascension_level":0}}