{"host":"t7mx8yfj1no5p62f","time":1613542391,"event":{"mods":["BaseMod","Colored Map","Colored Powertips","Curses Come First","Minty Spire (QoL Compilation)","Relic Stats","StSLib"],"gold_per_floor":[109,109,128,403,422,422,438,469,469,469,482,523,541,65,65,164,164,177,20,35,35,59,93,114,114,139,155,195,211,242,242,242,338,338,363,381,402,425,425,425,758,523,523,559,333,353,384,409,409,409,409,409,409,24,55,55],"floor_reached":57,"language":"ENG","playtime":3646,"items_purged":["Strike_R","Strike_R","Strike_R"],"score":2822,"play_id":"71683f99-0574-46bb-8632-82b88d355f5e","local_time":"20210217011311","is_ascension_mode":true,"campfire_choices":[{"data":"Cleave","floor":6.0,"key":"SMITH"},{"data":"Disarm","floor":15.0,"key":"SMITH"},{"data":"Bludgeon","floor":25.0,"key":"SMITH"},{"data":"Flame Barrier","floor":32,"key":"SMITH"},{"data":"Feel No Pain","floor":40,"key":"SMITH"},{"floor":49,"key":"RECALL"},{"data":"Impervious","floor":53,"key":"SMITH"}],"circlet_count":0,"master_deck":["AscendersBane","Strike_R+1","Strike_R+1","Defend_R","Defend_R","Defend_R","Defend_R","Bash","Intimidate","Cleave+1","Perfected Strike","Thunderclap","Ghostly Armor","Disarm+1","Rage","Flame Barrier+1","Feel No Pain+1","Bludgeon+1","Heavy Blade+1","Reaper","Double Tap","Corruption","Dark Embrace","Impervious","Power Through","Spot Weakness","Impervious+1","Shrug It Off","Shrug It Off","Bludgeon","Body Slam","Fire Breathing+1","Second Wind","Shrug It Off","Flame Barrier"],"relics":["Burning Blood","Golden Idol","Pocketwatch","White Beast Statue","StrikeDummy","Toy Ornithopter","Snecko Eye","Membership Card","Nloth\u0027s Gift","Pen Nib","Whetstone","Dream Catcher","Lantern","Black Star","Regal Pillow","Old Coin","Frozen Eye","Bronze Scales","Lizard Tail","Bottled Tornado","Centennial Puzzle","Gambling Chip","Bag of Preparation","Happy Flower","ClockworkSouvenir","Paper Frog","Oddly Smooth Stone"],"acts_visited":["Exordium","TheCity","TheBeyond","TheEnding"],"potions_floor_usage":[28,30,33,36,37,38,41,44,46,47,54,55,56],"damage_taken":[{"damage":7.0,"enemies":"2 Louse","floor":1.0,"turns":2.0},{"damage":6.0,"enemies":"Cultist","floor":3.0,"turns":4.0},{"damage":15.0,"enemies":"Jaw Worm","floor":5.0,"turns":4.0},{"damage":20.0,"enemies":"Gremlin Gang","floor":7.0,"turns":4.0},{"damage":24.0,"enemies":"Gremlin Nob","floor":8.0,"turns":4.0},{"damage":0.0,"enemies":"Blue Slaver","floor":11.0,"turns":7.0},{"damage":38.0,"enemies":"Lagavulin","floor":12.0,"turns":9.0},{"damage":0.0,"enemies":"Exordium Thugs","floor":13.0,"turns":3.0},{"damage":13.0,"enemies":"Hexaghost","floor":16.0,"turns":12.0},{"damage":17.0,"enemies":"3 Byrds","floor":18.0,"turns":6.0},{"damage":20.0,"enemies":"2 Thieves","floor":20.0,"turns":4.0},{"damage":0.0,"enemies":"Centurion and Healer","floor":22.0,"turns":4.0},{"damage":36.0,"enemies":"Slavers","floor":23.0,"turns":6.0},{"damage":12.0,"enemies":"Shelled Parasite and Fungi","floor":24.0,"turns":3.0},{"damage":0,"enemies":"Snake Plant","floor":27,"turns":1},{"damage":17,"enemies":"Book of Stabbing","floor":28,"turns":5},{"damage":3,"enemies":"Chosen and Byrds","floor":29,"turns":5},{"damage":24,"enemies":"Gremlin Leader","floor":30,"turns":6},{"damage":27,"enemies":"Automaton","floor":33,"turns":8},{"damage":24,"enemies":"3 Darklings","floor":35,"turns":3},{"damage":0,"enemies":"Orb Walker","floor":36,"turns":2},{"damage":35,"enemies":"Writhing Mass","floor":37,"turns":7},{"damage":13,"enemies":"Spire Growth","floor":38,"turns":4},{"damage":7,"enemies":"Reptomancer","floor":41,"turns":5},{"damage":19,"enemies":"Giant Head","floor":44,"turns":7},{"damage":54,"enemies":"Transient","floor":46,"turns":6},{"damage":0,"enemies":"Mind Bloom Boss Battle","floor":47,"turns":7},{"damage":1,"enemies":"3 Darklings","floor":48,"turns":5},{"damage":43,"enemies":"Donu and Deca","floor":50,"turns":9},{"damage":49,"enemies":"Time Eater","floor":51,"turns":10},{"damage":36,"enemies":"Shield and Spear","floor":55,"turns":6},{"damage":2,"enemies":"The Heart","floor":56,"turns":8}],"seed_played":"-7912603699218194471","potions_obtained":[{"floor":5.0,"key":"Weak Potion"},{"floor":8.0,"key":"ColorlessPotion"},{"floor":11.0,"key":"HeartOfIron"},{"floor":12.0,"key":"PowerPotion"},{"floor":16.0,"key":"BloodPotion"},{"floor":18.0,"key":"FairyPotion"},{"floor":20.0,"key":"HeartOfIron"},{"floor":23.0,"key":"SpeedPotion"},{"floor":24.0,"key":"Fire Potion"},{"floor":28,"key":"PowerPotion"},{"floor":30,"key":"Block Potion"},{"floor":33,"key":"EssenceOfSteel"},{"floor":36,"key":"Swift Potion"},{"floor":37,"key":"SneckoOil"},{"floor":38,"key":"ColorlessPotion"},{"floor":41,"key":"BloodPotion"},{"floor":44,"key":"BlessingOfTheForge"},{"floor":46,"key":"BloodPotion"},{"floor":47,"key":"Weak Potion"},{"floor":55,"key":"EntropicBrew"}],"is_trial":false,"path_per_floor":["M","?","M","?","M","R","M","E","T","?","M","E","M","$","R","B",null,"M","$","M","?","M","E","M","R","T","M","E","M","E","?","R","B",null,"M","M","M","M","?","R","E","$","T","E","$","M","?","M","R","B","B",null,"R","$","E","B",null],"character_chosen":"IRONCLAD","items_purchased":["Flame Barrier","Feel No Pain","OrangePellets","Toy Ornithopter","Membership Card","Frozen Eye","Bronze Scales","Shrug It Off","Centennial Puzzle","Shrug It Off","Bludgeon","Bag of Preparation","Happy Flower","ClockworkSouvenir","Second Wind","Shrug It Off","PowerPotion"],"campfire_rested":0,"item_purchase_floors":[14,14,14,14,19,42,42,42,45,45,45,54,54,54,54,54,54],"current_hp_per_floor":[74,74,74,74,65,65,51,33,33,33,39,7,13,13,13,11,58,66,66,52,52,58,51,49,49,49,55,53,62,56,50,50,38,65,47,58,35,48,48,48,73,73,73,74,74,28,60,74,74,74,50,68,68,74,58,74],"gold":55,"neow_bonus":"TEN_PERCENT_HP_BONUS","is_daily":false,"chose_seed":false,"campfire_upgraded":6,"win_rate":0.0,"timestamp":1613542391,"path_taken":["M","?","M","?","?","R","M","E","T","?","M","E","?","?","R","BOSS","M","$","M","?","M","E","?","R","T","M","E","?","E","?","R","BOSS","M","?","M","M","?","R","E","$","T","E","?","M","?","M","R","BOSS","BOSS","R","$","E","BOSS"],"items_purchased_type":["Card","Card","Relic","Relic","Relic","Relic","Relic","Card","Relic","Card","Card","Relic","Relic","Relic","Card","Card","Potion"],"build_version":"2020-12-22","purchased_purges":3,"victory":true,"max_hp_per_floor":[82,74,74,74,74,74,74,74,74,74,74,74,74,74,74,74,74,74,74,74,74,74,74,74,74,74,74,74,74,74,74,74,74,74,74,74,74,74,74,74,74,74,74,74,74,74,74,74,74,74,74,74,74,74,74,74],"relic_stats":{"Regal Pillow":0,"Happy Flower":[4],"counters":[32,176],"Golden Idol":222,"Pen Nib":[21],"Bag of Preparation":[4],"Whetstone":["Strike_R","Strike_R"],"Burning Blood":175,"Dream Catcher":0,"Lizard Tail":0,"Centennial Puzzle":[16],"Bronze Scales":[261],"Gambling Chip":[19],"Snecko Eye":[292,273,266,278],"Nloth\u0027s Gift":2,"Black Star":3,"obtain_stats":[{"Lantern":30,"Regal Pillow":41,"Bag of Preparation":54,"Whetstone":26,"Bottled Tornado":44,"Burning Blood":0,"Old Coin":41,"ClockworkSouvenir":54,"Frozen Eye":42,"Dream Catcher":28,"Lizard Tail":44,"Centennial Puzzle":45,"Gambling Chip":47,"Paper Frog":55,"Happy Flower":54,"Golden Idol":2,"Oddly Smooth Stone":55,"Pen Nib":23,"White Beast Statue":9,"OrangePellets":14,"Bronze Scales":42,"Snecko Eye":17,"Nloth\u0027s Gift":21,"Black Star":34,"Membership Card":19,"StrikeDummy":12,"Toy Ornithopter":14,"Pocketwatch":8},{"Lantern":18,"Regal Pillow":24,"Bag of Preparation":30,"Whetstone":14,"Bottled Tornado":25,"Burning Blood":0,"Old Coin":24,"ClockworkSouvenir":30,"Frozen Eye":24,"Dream Catcher":16,"Lizard Tail":25,"Centennial Puzzle":25,"Gambling Chip":27,"Paper Frog":31,"Happy Flower":30,"Golden Idol":1,"Oddly Smooth Stone":31,"Pen Nib":13,"White Beast Statue":5,"OrangePellets":8,"Bronze Scales":24,"Snecko Eye":9,"Nloth\u0027s Gift":11,"Black Star":19,"Membership Card":10,"StrikeDummy":7,"Toy Ornithopter":8,"Pocketwatch":5},{"Lantern":89,"Regal Pillow":118,"Bag of Preparation":162,"Whetstone":72,"Bottled Tornado":125,"Burning Blood":0,"Old Coin":118,"ClockworkSouvenir":162,"Frozen Eye":118,"Dream Catcher":78,"Lizard Tail":125,"Centennial Puzzle":125,"Gambling Chip":138,"Paper Frog":168,"Happy Flower":162,"Golden Idol":2,"Oddly Smooth Stone":168,"Pen Nib":69,"White Beast Statue":18,"OrangePellets":37,"Bronze Scales":118,"Snecko Eye":49,"Nloth\u0027s Gift":59,"Black Star":97,"Membership Card":55,"StrikeDummy":34,"Toy Ornithopter":37,"Pocketwatch":18}],"Toy Ornithopter":62,"Pocketwatch":[246]},"card_choices":[{"not_picked":["Warcry","Body Slam"],"picked":"Intimidate","floor":1.0},{"not_picked":["Entrench","Clothesline"],"picked":"Cleave","floor":3.0},{"not_picked":["Reckless Charge","Rupture"],"picked":"Perfected Strike","floor":5.0},{"not_picked":["Sword Boomerang","Perfected Strike"],"picked":"Thunderclap","floor":7.0},{"not_picked":["Double Tap","Power Through"],"picked":"Ghostly Armor","floor":8.0},{"not_picked":["Warcry","Perfected Strike"],"picked":"Disarm","floor":11.0},{"not_picked":["Sword Boomerang","Headbutt","Perfected Strike"],"picked":"SKIP","floor":12.0},{"not_picked":["Headbutt","Armaments"],"picked":"Rage","floor":13.0},{"not_picked":["Berserk","Juggernaut"],"picked":"Bludgeon","floor":16.0},{"not_picked":["Flex","Sword Boomerang"],"picked":"Heavy Blade+1","floor":18.0},{"not_picked":["Seeing Red","Iron Wave","Warcry"],"picked":"SKIP","floor":20.0},{"not_picked":["Pommel Strike+1","Shrug It Off"],"picked":"Reaper","floor":22.0},{"not_picked":["Headbutt","Seeing Red","Thunderclap"],"picked":"SKIP","floor":23.0},{"not_picked":["Hemokinesis","Flex+1","Heavy Blade"],"picked":"SKIP","floor":24.0},{"not_picked":["Heavy Blade","Wild Strike"],"picked":"Double Tap","floor":27},{"not_picked":["Twin Strike","Armaments"],"picked":"Corruption","floor":28},{"not_picked":["Rampage","Twin Strike"],"picked":"Dark Embrace","floor":29},{"not_picked":["Sword Boomerang","Clash","Pommel Strike+1"],"picked":"SKIP","floor":30},{"not_picked":["Bludgeon","Reaper"],"picked":"Impervious","floor":33},{"not_picked":["Dark Embrace","Fire Breathing+1"],"picked":"Power Through","floor":35},{"not_picked":["Anger","Fire Breathing","Hemokinesis"],"picked":"SKIP","floor":36},{"not_picked":["Heavy Blade+1","Shrug It Off"],"picked":"Spot Weakness","floor":37},{"not_picked":["Perfected Strike","Dropkick","Headbutt+1"],"picked":"SKIP","floor":38},{"not_picked":["Headbutt+1","Sword Boomerang+1"],"picked":"Impervious","floor":41},{"not_picked":["Heavy Blade","Uppercut","Clash"],"picked":"SKIP","floor":44},{"not_picked":["Heavy Blade","Uppercut","Clash"],"picked":"SKIP","floor":44},{"not_picked":["Combust","Whirlwind","Evolve"],"picked":"SKIP","floor":46},{"not_picked":["Brutality","Anger+1"],"picked":"Body Slam","floor":47},{"not_picked":["Perfected Strike","Second Wind"],"picked":"Fire Breathing+1","floor":48},{"not_picked":["Perfected Strike+1","Double Tap"],"picked":"Flame Barrier","floor":55}],"player_experience":1975125,"relics_obtained":[{"floor":8.0,"key":"Pocketwatch"},{"floor":9.0,"key":"White Beast Statue"},{"floor":12.0,"key":"StrikeDummy"},{"floor":23.0,"key":"Pen Nib"},{"floor":26.0,"key":"Whetstone"},{"floor":28,"key":"Dream Catcher"},{"floor":30,"key":"Lantern"},{"floor":41,"key":"Regal Pillow"},{"floor":41,"key":"Old Coin"},{"floor":44,"key":"Lizard Tail"},{"floor":44,"key":"Bottled Tornado"},{"floor":47,"key":"Gambling Chip"},{"floor":55,"key":"Paper Frog"},{"floor":55,"key":"Oddly Smooth Stone"}],"event_choices":[{"damage_healed":0.0,"max_hp_gain":0.0,"max_hp_loss":8.0,"gold_gain":0.0,"event_name":"Golden Idol","player_choice":"Lose Max HP","floor":2.0,"gold_loss":0.0,"damage_taken":0.0,"relics_obtained":["Golden Idol"]},{"damage_healed":0.0,"max_hp_gain":0.0,"max_hp_loss":0.0,"gold_gain":275.0,"event_name":"Golden Shrine","player_choice":"Desecrate","floor":4.0,"gold_loss":0.0,"damage_taken":0.0,"cards_obtained":["Regret"]},{"cards_removed":["Regret"],"damage_healed":0.0,"max_hp_gain":0.0,"max_hp_loss":0.0,"gold_gain":0.0,"event_name":"Fountain of Cleansing","player_choice":"Removed Curses","floor":10.0,"gold_loss":0.0,"damage_taken":0.0},{"damage_healed":0.0,"max_hp_gain":0.0,"max_hp_loss":0.0,"gold_gain":0.0,"event_name":"N\u0027loth","player_choice":"Traded Relic","floor":21.0,"relics_lost":["OrangePellets"],"gold_loss":0.0,"damage_taken":0.0,"relics_obtained":["Nloth\u0027s Gift"]},{"damage_healed":0,"gold_gain":0,"player_choice":"","damage_taken":6,"max_hp_gain":0,"max_hp_loss":0,"event_name":"Knowing Skull","floor":31,"potions_obtained":[],"gold_loss":0,"cards_obtained":[]},{"damage_healed":0,"gold_gain":0,"player_choice":"0 cards matched","damage_taken":0,"max_hp_gain":0,"max_hp_loss":0,"event_name":"Match and Keep!","floor":39,"gold_loss":0,"cards_obtained":[]},{"damage_healed":0,"gold_gain":0,"player_choice":"Fight","damage_taken":0,"max_hp_gain":0,"max_hp_loss":0,"event_name":"MindBloom","floor":47,"gold_loss":0}],"is_beta":false,"boss_relics":[{"not_picked":["Tiny House","Calling Bell"],"picked":"Snecko Eye"},{"not_picked":["Busted Crown","Velvet Choker"],"picked":"Black Star"}],"items_purged_floors":[42,45,54],"is_endless":false,"potions_floor_spawned":[5,8,11,12,13,16,18,20,22,23,24,27,28,29,30,33,35,36,37,38,41,44,46,47,48,55],"ascension_level":20}}