{"host":"8jwrv7sn1174lfer","time":1613529151,"event":{"mods":["BaseMod","Colored Map","Colored Powertips","Downfall","Highlight Path","Minty Spire (QoL Compilation)","StSLib"],"gold_per_floor":[99,118,135,145,245,245,245,21,49,64,64,94,94,110,120,223,223,223,235,247,265,283,283,283,296,296,328,328,346,246,246,258,358,358,358,373,373,23,38,38,87,87,116,130,149,149,149,169,179,179],"floor_reached":51,"language":"ENG","playtime":3060,"items_purged":["downfall:Malfunctioning"],"score":900,"play_id":"ee17c244-3f07-448b-867c-af6452b03dfb","local_time":"20210216213231","is_ascension_mode":true,"campfire_choices":[{"data":"Guardian:TwinSlam","floor":1,"key":"SMITH"},{"data":"Guardian:RefractedBeam","floor":13,"key":"SMITH"},{"data":"Guardian:RefractedBeam+1","floor":18,"key":"SMITH"},{"data":"Guardian:RefractedBeam+2","floor":23,"key":"SMITH"},{"data":"Guardian:RefractedBeam+3","floor":26,"key":"SMITH"},{"data":"Guardian:PrismaticBeam","floor":30,"key":"SMITH"},{"data":"Guardian:StasisEngine","floor":35,"key":"SMITH"},{"data":"Guardian:FloatingOrbs","floor":40,"key":"SMITH"},{"data":"Guardian:DonusPower","floor":47,"key":"SMITH"}],"circlet_count":0,"master_deck":["Guardian:Strike_Guardian+1","Guardian:Strike_Guardian+1","Guardian:Defend_Guardian+1","Guardian:Defend_Guardian","Guardian:CurlUp","Guardian:TwinSlam+1","Guardian:SentryBeam","Guardian:VentSteam","Guardian:RefractedBeam+4","Guardian:TemporalStrike","Guardian:BronzeOrb","Guardian:FloatingOrbs+1","Guardian:PolyBeam","Guardian:PrismaticBeam+1","Guardian:ConstructionForm","Guardian:StasisEngine+1","Guardian:WalkerClaw+1","Guardian:ShieldSpikes+1","Guardian:FierceBash+1","Guardian:PiercingHide+1","Guardian:DonusPower+1","Guardian:BodySlam"],"relics":["Guardian:ModeShifterPlus","Tiny Chest","Blood Vial","downfall:ShatteredFragment","Blue Candle","Guardian:StasisCodex","Juzu Bracelet","downfall:HeartBlessingGreen","Nunchaku","Astrolabe","Gremlin Horn","Lantern","FossilizedHelix"],"acts_visited":["Exordium","TheCity","TheBeyond"],"potions_floor_usage":[14,15,16,16,22,27,33,43,48,50,50,50,50,50],"damage_taken":[{"damage":2,"enemies":"Small Slimes","floor":2,"turns":3},{"damage":6,"enemies":"Jaw Worm","floor":3,"turns":4},{"damage":2,"enemies":"2 Louse","floor":4,"turns":3},{"damage":0,"enemies":"downfall:FleeingMerchant","floor":8,"turns":4},{"damage":16,"enemies":"3 Sentries","floor":9,"turns":9},{"damage":7,"enemies":"downfall:LooterAlt","floor":10,"turns":3},{"damage":16,"enemies":"Gremlin Nob","floor":12,"turns":3},{"damage":1,"enemies":"Lots of Slimes","floor":14,"turns":4},{"damage":1,"enemies":"Blue Slaver","floor":15,"turns":2},{"damage":9,"enemies":"IC_STATUS_ARCHETYPE","floor":16,"turns":6},{"damage":0,"enemies":"Shell Parasite","floor":19,"turns":3},{"damage":1,"enemies":"downfall:LooterAlt2","floor":20,"turns":3},{"damage":1,"enemies":"Chosen and Byrds","floor":21,"turns":3},{"damage":1,"enemies":"Centurion and Healer","floor":22,"turns":6},{"damage":0,"enemies":"Snecko","floor":25,"turns":3},{"damage":13,"enemies":"Gremlin Leader","floor":27,"turns":6},{"damage":1,"enemies":"Cultist and Chosen","floor":29,"turns":4},{"damage":0,"enemies":"Centurion and Healer","floor":32,"turns":4},{"damage":23,"enemies":"DF_ARCHETYPE_CLAW","floor":33,"turns":8},{"damage":5,"enemies":"3 Darklings","floor":36,"turns":5},{"damage":0,"enemies":"downfall:FleeingMerchant","floor":38,"turns":4},{"damage":0,"enemies":"Orb Walker","floor":39,"turns":3},{"damage":0,"enemies":"Nemesis","floor":43,"turns":5},{"damage":0,"enemies":"4 Shapes","floor":44,"turns":4},{"damage":0,"enemies":"Transient","floor":45,"turns":5},{"damage":0,"enemies":"Writhing Mass","floor":48,"turns":6},{"damage":0,"enemies":"3 Darklings","floor":49,"turns":4},{"damage":0,"enemies":"SI_POISON_ARCHETYPE","floor":50,"turns":6}],"seed_played":"-376050725946196704","potions_obtained":[{"floor":2,"key":"EssenceOfSteel"},{"floor":3,"key":"champ:CounterPotion"},{"floor":9,"key":"EssenceOfSteel"},{"floor":14,"key":"PowerPotion"},{"floor":16,"key":"Block Potion"},{"floor":19,"key":"Block Potion"},{"floor":21,"key":"PowerPotion"},{"floor":22,"key":"SneckoOil"},{"floor":29,"key":"sneckomod:MuddlingPotion"},{"floor":33,"key":"CultistPotion"},{"floor":43,"key":"EntropicBrew"},{"floor":45,"key":"Block Potion"},{"floor":48,"key":"Guardian:DefensiveModePotion"}],"is_trial":false,"path_per_floor":["R","M","M","M","?","?","T","$","E","M","?","E","R","M","M","B",null,"R","M","M","M","M","R","T","M","R","E","?","M","R","T","M","B",null,"R","M","?","$","M","R","T","?","E","M","M","?","R","M","M","B",null],"character_chosen":"GUARDIAN","items_purchased":["Guardian:RefractedBeam","Guardian:Gem_White","Guardian:TemporalStrike","Gremlin Horn"],"campfire_rested":0,"item_purchase_floors":[8,8,8,38],"current_hp_per_floor":[88,86,80,78,78,78,78,78,62,57,33,19,19,20,21,14,88,88,88,87,87,87,87,87,88,88,75,58,59,59,59,61,40,93,93,88,88,90,92,92,92,92,93,93,93,93,93,93,93,93],"gold":179,"neow_bonus":"TEN_PERCENT_HP_BONUS","is_daily":false,"chose_seed":false,"campfire_upgraded":9,"win_rate":0.0,"timestamp":1613529151,"path_taken":["R","M","M","M","?","?","T","?","E","M","?","E","R","M","M","BOSS","R","M","M","M","M","R","T","M","R","E","?","M","R","?","M","BOSS","R","M","?","$","M","R","T","?","E","M","M","?","R","M","M","BOSS"],"items_purchased_type":["Card","Card","Card","Relic"],"build_version":"2020-12-22","purchased_purges":1,"victory":true,"max_hp_per_floor":[88,88,88,88,88,88,88,88,88,88,88,88,88,88,88,88,88,88,88,88,88,88,88,88,88,88,88,93,93,93,93,93,93,93,93,93,93,93,93,93,93,93,93,93,93,93,93,93,93,93],"card_choices":[{"not_picked":["Guardian:ChargeCore","Guardian:Recover"],"picked":"Guardian:SentryBeam","floor":2},{"not_picked":["Guardian:Harden","Guardian:Gem_Lightblue"],"picked":"Guardian:VentSteam","floor":3},{"not_picked":["Guardian:SentryBeam","Guardian:Planning","Guardian:ShieldCharger"],"picked":"SKIP","floor":4},{"not_picked":["Guardian:RollAttack","Guardian:ArmoredProtocol"],"picked":"Guardian:Gem_Cyan","floor":8},{"not_picked":["Guardian:PiercingHide","Guardian:Gem_Purple"],"picked":"Guardian:Gem_Fragmented","floor":9},{"not_picked":["Guardian:BodySlam","Guardian:PrimingBeam"],"picked":"Guardian:BronzeOrb","floor":10},{"not_picked":["Guardian:BronzeArmor","Guardian:TimeSifter"],"picked":"Guardian:Gem_Blue","floor":12},{"not_picked":["Guardian:PrimingBeam","Guardian:Emergency"],"picked":"Guardian:FloatingOrbs","floor":14},{"not_picked":["Guardian:Incinerate","Guardian:RefractedBeam"],"picked":"Guardian:Gem_Cyan","floor":15},{"not_picked":["Guardian:FastForward","Guardian:ExploitGems"],"picked":"Guardian:Gem_Orange","floor":16},{"not_picked":["Guardian:BronzeOrb","Guardian:Gem_Crimson"],"picked":"Guardian:PolyBeam","floor":19},{"not_picked":["Guardian:ChargeCore","Guardian:Reroute","Guardian:Gem_Crimson"],"picked":"SKIP","floor":20},{"not_picked":["Guardian:Gem_Cyan","Guardian:Preprogram"],"picked":"Guardian:PrismaticBeam","floor":21},{"not_picked":["Guardian:Recover","Guardian:TemporalShield","Guardian:PolyBeam"],"picked":"SKIP","floor":22},{"not_picked":["Guardian:VentSteam+1","Guardian:Planning"],"picked":"Guardian:Gem_Cyan","floor":25},{"not_picked":["Guardian:PrismaticBarrier","Guardian:TemporalShield"],"picked":"Guardian:ConstructionForm","floor":27},{"not_picked":["Guardian:Incinerate","Guardian:TemporalStrike"],"picked":"Guardian:Gem_Cyan","floor":29},{"not_picked":["Guardian:Gem_Green","Guardian:Suspension","Guardian:ShieldCharger+1"],"picked":"SKIP","floor":32},{"not_picked":["Guardian:HyperBeam_Guardian","Guardian:Gem_Orange"],"picked":"Guardian:StasisEngine","floor":33},{"not_picked":["Guardian:ChargeCore+1","Guardian:Repulse+1","Guardian:PrimingBeam"],"picked":"SKIP","floor":36},{"not_picked":["Guardian:VentSteam","Guardian:TemporalStrike+1","Guardian:Harden+1"],"picked":"SKIP","floor":38},{"not_picked":["Guardian:TimeBomb+1","Guardian:CrystalBeam+1","Guardian:WalkerClaw+1"],"picked":"SKIP","floor":39},{"not_picked":["Guardian:TemporalStrike+1","Guardian:Gem_Red","Guardian:PolyBeam"],"picked":"SKIP","floor":43},{"not_picked":["Guardian:CrystalBeam","Guardian:Emergency"],"picked":"Guardian:PiercingHide+1","floor":44},{"not_picked":["Guardian:RollAttack","Guardian:Preprogram"],"picked":"Guardian:DonusPower","floor":45},{"not_picked":["Guardian:Planning","Guardian:Gem_Lightblue"],"picked":"Guardian:BodySlam","floor":48},{"not_picked":["Guardian:HyperBeam_Guardian","Guardian:TemporalShield","Guardian:RefractedBeam+1"],"picked":"SKIP","floor":49}],"player_experience":791172,"relics_obtained":[{"floor":7,"key":"Tiny Chest"},{"floor":9,"key":"Blood Vial"},{"floor":12,"key":"Blue Candle"},{"floor":24,"key":"Guardian:StasisCodex"},{"floor":27,"key":"Juzu Bracelet"},{"floor":31,"key":"Nunchaku"},{"floor":41,"key":"Lantern"},{"floor":43,"key":"FossilizedHelix"}],"event_choices":[],"is_beta":false,"boss_relics":[{"not_picked":["bronze:MakeshiftBattery","expansioncontent:StudyCardRelic"],"picked":"Guardian:ModeShifterPlus"},{"not_picked":["SacredBark","Snecko Eye"],"picked":"Astrolabe"}],"items_purged_floors":[38],"is_endless":false,"potions_floor_spawned":[2,3,9,14,16,19,21,22,29,33,36,43,45,48],"ascension_level":1}}