{"host":"apr17x9d6644yr8l","time":1613527567,"event":{"mods":["BaseMod","Downfall","Hermit","Minty Spire (QoL Compilation)","StSLib","The Cursed","The Servant 0.9.4"],"gold_per_floor":[99,119,129,37,57,90,139,159,159,189,203,218,218,218,235,336,386,286,301,320,420,436,436,436,436,451,463,463,463,463,481,498,498,498,498],"floor_reached":33,"language":"ENG","playtime":2752,"items_purged":[],"score":263,"play_id":"0a8a526e-83e2-4282-86e9-a5aa195d2a8e","local_time":"20210216180607","is_ascension_mode":false,"campfire_choices":[{"floor":1,"key":"RECALL"},{"data":"Slimebound:MassRepurpose","floor":18,"key":"SMITH"},{"data":"Slimebound:LevelUp","floor":28,"key":"SMITH"},{"data":"Slimebound:Teamwork","floor":30,"key":"SMITH"}],"circlet_count":0,"master_deck":["Slimebound:Strike_Slimebound","Slimebound:Strike_Slimebound","Slimebound:Tackle","Slimebound:Defend_Slimebound","Slimebound:Defend_Slimebound","Slimebound:Defend_Slimebound","Slimebound:Defend_Slimebound","Slimebound:Split","Slimebound:CorrosiveSpit","Slimebound:SplitLeeching","Slimebound:Schlurp","Slimebound:HauntingLick","Slimebound:FirmFortitude","Slimebound:MassRepurpose+1","Slimebound:Equalize","Slimebound:SlimeBrawl+1","Slimebound:SpikyOuterGoop","Slimebound:LeechEnergy+1","Slimebound:PressTheAttack+1","Slimebound:SelfFormingGoo","Slimebound:SlimeBarrage+1","Slimebound:SplitLeeching+1","downfall:Bewildered","Slimebound:LevelUp+1","Slimebound:Teamwork+1","Slimebound:Gluttony"],"relics":["Slimebound:AbsorbEndCombat","Art of War","Molten Egg 2","Tiny House","downfall:HeartBlessingRed","sneckomod:BabySnecko","HornCleat"],"acts_visited":["Exordium","TheCity"],"potions_floor_usage":[15,16,20,33,33],"damage_taken":[{"damage":2,"enemies":"Cultist","floor":2,"turns":4},{"damage":0,"enemies":"Small Slimes","floor":3,"turns":3},{"damage":0,"enemies":"downfall:FleeingMerchant","floor":4,"turns":4},{"damage":5,"enemies":"Jaw Worm","floor":5,"turns":4},{"damage":22,"enemies":"Lagavulin","floor":6,"turns":7},{"damage":8,"enemies":"Large Slime","floor":8,"turns":7},{"damage":35,"enemies":"Gremlin Nob","floor":10,"turns":5},{"damage":9,"enemies":"downfall:LooterAlt","floor":11,"turns":3},{"damage":4,"enemies":"Exordium Thugs","floor":12,"turns":5},{"damage":0,"enemies":"Lots of Slimes","floor":15,"turns":2},{"damage":36,"enemies":"IC_STATUS_ARCHETYPE","floor":16,"turns":5},{"damage":17,"enemies":"Shell Parasite","floor":19,"turns":5},{"damage":8,"enemies":"3 Byrds","floor":20,"turns":4},{"damage":13,"enemies":"Snake Plant","floor":22,"turns":5},{"damage":18,"enemies":"Centurion and Healer","floor":26,"turns":6},{"damage":27,"enemies":"3 Cultists","floor":27,"turns":5},{"damage":15,"enemies":"Snake Plant","floor":31,"turns":4},{"damage":12,"enemies":"Shelled Parasite and Fungi","floor":32,"turns":6},{"damage":41,"enemies":"WA_ARCHETYPE_CALM","floor":33,"turns":5}],"seed_played":"6369346293260491772","potions_obtained":[{"floor":3,"key":"EssenceOfSteel"},{"floor":10,"key":"DistilledChaos"},{"floor":11,"key":"Strength Potion"},{"floor":15,"key":"CultistPotion"},{"floor":16,"key":"DuplicationPotion"},{"floor":17,"key":"bronze:BurnAndBuffPotion"},{"floor":20,"key":"Energy Potion"}],"is_trial":false,"path_per_floor":["R","M","M","$","M","E","T","M","?","E","M","M","?","?","M","B",null,"R","M","M","?","M","?","T","?","M","M","R","?","R","M","M","B"],"character_chosen":"SLIMEBOUND","items_purchased":["Slimebound:FirmFortitude"],"campfire_rested":0,"item_purchase_floors":[4],"current_hp_per_floor":[71,71,71,71,68,54,54,62,62,33,38,44,67,67,71,42,76,76,68,68,68,69,69,69,69,65,52,52,52,52,39,31,0,0,0],"gold":498,"neow_bonus":"TEN_PERCENT_HP_BONUS","is_daily":false,"chose_seed":false,"campfire_upgraded":3,"win_rate":0.0,"timestamp":1613527567,"path_taken":["R","M","M","$","M","E","T","M","?","E","?","M","?","?","M","BOSS","R","M","M","?","?","?","T","?","M","M","R","?","R","M","M","BOSS"],"items_purchased_type":["Card"],"build_version":"2020-12-22","purchased_purges":0,"victory":false,"max_hp_per_floor":[71,71,71,71,71,71,71,71,71,71,71,71,71,71,71,71,76,76,76,76,76,76,76,76,76,76,76,76,76,76,76,76,76,76,76],"card_choices":[{"not_picked":["Slimebound:GoopSpray","Slimebound:SplitBruiser"],"picked":"Slimebound:SplitLeeching","floor":2},{"not_picked":["Slimebound:Prepare","Slimebound:LeechEnergy"],"picked":"Slimebound:Schlurp","floor":3},{"not_picked":["Slimebound:LeechingTouch","Slimebound:SplitAcid"],"picked":"Slimebound:HauntingLick","floor":4},{"not_picked":["Slimebound:Dissolve","Slimebound:Equalize"],"picked":"Slimebound:MassRepurpose","floor":5},{"not_picked":["Slimebound:GoopSpray","Slimebound:BestDefense"],"picked":"Slimebound:Equalize","floor":6},{"not_picked":["Slimebound:Grow","Slimebound:HauntingLick"],"picked":"Slimebound:SlimeBrawl","floor":8},{"not_picked":["Slimebound:GoopSpray","Slimebound:SlimeSpikes"],"picked":"Slimebound:SpikyOuterGoop","floor":10},{"not_picked":["Slimebound:GoopSpray","Slimebound:GoopTackle+1"],"picked":"Slimebound:LeechEnergy+1","floor":11},{"not_picked":["Slimebound:ItLooksTasty+1","Slimebound:GrowthPunch+1"],"picked":"Slimebound:PressTheAttack+1","floor":12},{"not_picked":["Slimebound:SlimeSpikes","Slimebound:BestDefense","Slimebound:SamplingLick"],"picked":"SKIP","floor":15},{"not_picked":["Slimebound:DuplicatedForm","Slimebound:FirmFortitude"],"picked":"Slimebound:SelfFormingGoo","floor":16},{"not_picked":["Slimebound:ComboTackle+1","Slimebound:Replication"],"picked":"Slimebound:SlimeBarrage+1","floor":17},{"not_picked":["Slimebound:GoopTackle+1","Slimebound:FinishingTackle+1","Slimebound:PressTheAttack+1"],"picked":"SKIP","floor":19},{"not_picked":["Slimebound:BestDefense","Slimebound:ViciousTackle+1"],"picked":"Slimebound:SplitLeeching+1","floor":20},{"not_picked":["Slimebound:FinishingTackle+1","Slimebound:SlimeSpikes","Slimebound:ForwardTackle+1"],"picked":"SKIP","floor":22},{"not_picked":["Slimebound:HauntingLick","Slimebound:DisruptingSlam+1"],"picked":"Slimebound:Teamwork","floor":26},{"not_picked":["Slimebound:GoopTackle+1","Slimebound:DisruptingSlam+1","Slimebound:FinishingTackle+1"],"picked":"SKIP","floor":27},{"not_picked":["Slimebound:LeechEnergy+1","Slimebound:SplitMire","Slimebound:ComboTackle+1"],"picked":"SKIP","floor":31},{"not_picked":["Slimebound:Prepare","Slimebound:LeechEnergy+1"],"picked":"Slimebound:Gluttony","floor":32}],"player_experience":248170,"relics_obtained":[{"floor":6,"key":"Art of War"},{"floor":10,"key":"Molten Egg 2"},{"floor":24,"key":"HornCleat"}],"event_choices":[{"damage_healed":0,"gold_gain":0,"player_choice":"Ignored","damage_taken":0,"max_hp_gain":0,"max_hp_loss":0,"event_name":"NoteForYourself","floor":9,"gold_loss":0},{"damage_healed":23,"gold_gain":0,"player_choice":"Banana","damage_taken":0,"max_hp_gain":0,"max_hp_loss":0,"event_name":"Big Fish","floor":13,"gold_loss":0},{"damage_healed":0,"gold_gain":0,"player_choice":"Read","damage_taken":0,"max_hp_gain":0,"max_hp_loss":0,"event_name":"The Library","floor":25,"gold_loss":0,"cards_obtained":["Slimebound:LevelUp"]},{"damage_healed":0,"gold_gain":0,"player_choice":"Ignored","damage_taken":0,"max_hp_gain":0,"max_hp_loss":0,"event_name":"Vampires","floor":29,"gold_loss":0}],"is_beta":false,"boss_relics":[{"not_picked":["bronze:MakeshiftBattery","Runic Dome"],"picked":"Tiny House"}],"items_purged_floors":[],"is_endless":false,"potions_floor_spawned":[3,10,11,15,16,19,20,32],"killed_by":"WA_ARCHETYPE_CALM","ascension_level":0}}