{"host":"ow66nzv2xecjoor3","time":1613530750,"event":{"mods":["BaseMod","Bestiary","Block Reminder","Colored Powertips","Curses Come First","Highlight Path","Keyboard Shortcuts","Minty Spire (QoL Compilation)","Permanent Neow","Relic Stats","StSLib","UnlockEverythingMod"],"gold_per_floor":[111,121,138,60,78,78,105,105,105,137,137,155,155,185,185,261,261,261,261,261,261,261,261,261,261,261,211,39,39,39,39,39,39,39,39,39,39,39,39,39,39,39,39,39,39,39,39,39,39,39,39,39],"floor_reached":51,"language":"ENG","playtime":2311,"items_purged":[],"score":1606,"play_id":"ee4c1b75-6e69-4617-bcd5-4f1d283e62ea","local_time":"20210216205910","is_ascension_mode":true,"campfire_choices":[{"data":"Neutralize","floor":6,"key":"SMITH"},{"data":"Accuracy","floor":8,"key":"SMITH"},{"data":"Blade Dance","floor":11,"key":"SMITH"},{"data":"Blade Dance","floor":13,"key":"SMITH"},{"data":"Blade Dance","floor":15,"key":"SMITH"},{"data":"After Image","floor":30,"key":"SMITH"},{"data":"Leg Sweep","floor":32,"key":"SMITH"},{"data":"Footwork","floor":41,"key":"SMITH"},{"floor":49,"key":"RECALL"}],"circlet_count":0,"master_deck":["AscendersBane","Strike_G","Strike_G","Strike_G","Strike_G","Defend_G","Defend_G","Defend_G","Defend_G","Defend_G","Survivor","Neutralize+1","Blade Dance+1","Blade Dance+1","Predator","Accuracy+1","Acrobatics","Noxious Fumes","Blade Dance+1","Malaise","After Image+1","Escape Plan+1","Infinite Blades","Backflip","Venomology","Leg Sweep+1","Venomology","Footwork+1","Venomology","Cloak And Dagger+1","Acrobatics","Dodge and Roll+1","Dodge and Roll+1","Escape Plan"],"relics":["WristBlade","Vajra","Meat on the Bone","Bottled Lightning","Snake Skull","Ectoplasm","Happy Flower","HandDrill","Centennial Puzzle","Coffee Dripper","Pen Nib","Darkstone Periapt","Letter Opener","Mummified Hand","Girya"],"acts_visited":["Exordium","TheCity","TheBeyond"],"potions_floor_usage":[10,19,22,25,29,31,33,35,35,36,36,37,38,39,39,40,40,40,44,44,44,46,46,47,47,48,48,48,50,50,50,51,51],"damage_taken":[{"damage":1,"enemies":"Cultist","floor":1,"turns":5},{"damage":0,"enemies":"2 Louse","floor":2,"turns":3},{"damage":0,"enemies":"Small Slimes","floor":3,"turns":2},{"damage":0,"enemies":"Exordium Wildlife","floor":5,"turns":1},{"damage":10,"enemies":"Lagavulin","floor":7,"turns":7},{"damage":5,"enemies":"3 Sentries","floor":10,"turns":4},{"damage":0,"enemies":"3 Louse","floor":12,"turns":2},{"damage":0,"enemies":"Gremlin Nob","floor":14,"turns":2},{"damage":25,"enemies":"Hexaghost","floor":16,"turns":6},{"damage":11,"enemies":"Shell Parasite","floor":18,"turns":2},{"damage":0,"enemies":"2 Thieves","floor":19,"turns":1},{"damage":0,"enemies":"Cultist and Chosen","floor":21,"turns":4},{"damage":18,"enemies":"Chosen and Byrds","floor":22,"turns":5},{"damage":16,"enemies":"Slavers","floor":23,"turns":3},{"damage":11,"enemies":"Centurion and Healer","floor":24,"turns":5},{"damage":12,"enemies":"3 Cultists","floor":25,"turns":3},{"damage":7,"enemies":"Book of Stabbing","floor":29,"turns":3},{"damage":0,"enemies":"Sentry and Sphere","floor":31,"turns":3},{"damage":14,"enemies":"Collector","floor":33,"turns":6},{"damage":0,"enemies":"3 Shapes","floor":35,"turns":8},{"damage":2,"enemies":"3 Darklings","floor":36,"turns":6},{"damage":0,"enemies":"Jaw Worm Horde","floor":37,"turns":3},{"damage":25,"enemies":"Spire Growth","floor":38,"turns":6},{"damage":0,"enemies":"Transient","floor":39,"turns":6},{"damage":22,"enemies":"Giant Head","floor":40,"turns":7},{"damage":1,"enemies":"Nemesis","floor":44,"turns":7},{"damage":12,"enemies":"3 Darklings","floor":46,"turns":4},{"damage":0,"enemies":"Giant Head","floor":47,"turns":6},{"damage":0,"enemies":"Spire Growth","floor":48,"turns":5},{"damage":34,"enemies":"Awakened One","floor":50,"turns":16},{"damage":27,"enemies":"Time Eater","floor":51,"turns":4}],"seed_played":"-8468247346153103986","potions_obtained":[{"floor":2,"key":"DuplicationPotion"},{"floor":3,"key":"Poison Potion"},{"floor":18,"key":"SteroidPotion"},{"floor":19,"key":"Energy Potion"},{"floor":22,"key":"GamblersBrew"},{"floor":23,"key":"Dexterity Potion"},{"floor":29,"key":"SpeedPotion"},{"floor":35,"key":"FearPotion"},{"floor":38,"key":"CunningPotion"},{"floor":39,"key":"SkillPotion"},{"floor":44,"key":"SpeedPotion"},{"floor":48,"key":"SpeedPotion"}],"is_trial":false,"path_per_floor":["M","M","M","$","M","R","E","R","T","E","R","M","R","E","R","B",null,"M","M","$","M","M","E","M","M","T","?","$","E","R","M","R","B",null,"M","M","M","M","M","E","R","?","T","E","T","M","E","M","R","B","B"],"character_chosen":"THE_SILENT","items_purchased":["Accuracy","HandDrill"],"campfire_rested":0,"item_purchase_floors":[4,28],"current_hp_per_floor":[58,58,58,58,58,58,48,48,48,43,43,43,43,43,43,30,57,46,46,46,46,40,36,37,37,37,37,37,42,42,42,42,40,60,60,58,58,45,45,35,35,35,35,34,34,34,34,39,39,17,0,0],"gold":39,"neow_bonus":"BOSS_RELIC","is_daily":false,"chose_seed":false,"campfire_upgraded":8,"win_rate":0.0,"timestamp":1613530750,"path_taken":["M","M","M","$","M","R","E","R","T","E","R","M","R","E","R","BOSS","M","M","$","M","M","E","M","?","T","?","$","E","R","?","R","BOSS","M","M","M","M","M","E","R","?","T","E","?","M","E","M","R","BOSS","BOSS"],"items_purchased_type":["Card","Relic"],"build_version":"2020-12-22","purchased_purges":0,"victory":false,"max_hp_per_floor":[66,66,66,66,66,66,66,66,66,66,66,66,66,66,66,66,66,66,66,66,66,66,66,66,66,66,66,66,66,66,66,66,66,66,66,66,66,66,66,66,66,66,66,66,66,66,66,66,66,66,66,66],"relic_stats":{"Darkstone Periapt":0,"Centennial Puzzle":[24],"Happy Flower":[32],"counters":[31,145],"Mummified Hand":[22],"Snake Skull":[40],"Ectoplasm":596,"Pen Nib":[16],"HandDrill":[20],"Letter Opener":[145],"obtain_stats":[{"Darkstone Periapt":43,"Girya":47,"Happy Flower":23,"Vajra":7,"Snake Skull":14,"Pen Nib":40,"Letter Opener":44,"Centennial Puzzle":29,"WristBlade":0,"Mummified Hand":45,"Ectoplasm":17,"HandDrill":28,"Coffee Dripper":34,"Bottled Lightning":10,"Ring of the Snake":0,"Meat on the Bone":9},{"Darkstone Periapt":25,"Girya":28,"Happy Flower":14,"Vajra":5,"Snake Skull":8,"Pen Nib":25,"Letter Opener":26,"Centennial Puzzle":17,"WristBlade":0,"Mummified Hand":26,"Ectoplasm":9,"HandDrill":16,"Coffee Dripper":19,"Bottled Lightning":6,"Ring of the Snake":0,"Meat on the Bone":5},{"Darkstone Periapt":103,"Girya":120,"Happy Flower":47,"Vajra":18,"Snake Skull":26,"Pen Nib":103,"Letter Opener":110,"Centennial Puzzle":58,"WristBlade":0,"Mummified Hand":110,"Ectoplasm":32,"HandDrill":55,"Coffee Dripper":67,"Bottled Lightning":22,"Ring of the Snake":0,"Meat on the Bone":18}],"Meat on the Bone":132},"card_choices":[{"not_picked":["Bane","Prepared"],"picked":"Blade Dance","floor":1},{"not_picked":["Heel Hook","Bouncing Flask"],"picked":"Blade Dance","floor":2},{"not_picked":["Flying Knee","Dagger Spray"],"picked":"Predator","floor":3},{"not_picked":["Bane","Dagger Throw","Deadly Poison"],"picked":"SKIP","floor":5},{"not_picked":["Predator","Heel Hook"],"picked":"Acrobatics","floor":7},{"not_picked":["Concentrate","Dagger Throw"],"picked":"Noxious Fumes","floor":10},{"not_picked":["Prepared","Accuracy"],"picked":"Blade Dance","floor":12},{"not_picked":["Quick Slash","Heel Hook"],"picked":"Malaise","floor":14},{"not_picked":["Malaise","Wraith Form v2"],"picked":"After Image","floor":16},{"not_picked":["Masterful Stab","Catalyst","Riddle With Holes"],"picked":"SKIP","floor":18},{"not_picked":["Flying Knee","Deadly Poison"],"picked":"Escape Plan+1","floor":19},{"not_picked":["Sucker Punch","Slice"],"picked":"Infinite Blades","floor":21},{"not_picked":["Sucker Punch","Underhanded Strike"],"picked":"Backflip","floor":22},{"not_picked":["Setup","Caltrops"],"picked":"Venomology","floor":23},{"not_picked":["Flying Knee","Prepared","Dodge and Roll"],"picked":"SKIP","floor":24},{"not_picked":["Dagger Throw+1","Cloak And Dagger","Flying Knee"],"picked":"SKIP","floor":25},{"not_picked":["Dash","Prepared+1"],"picked":"Leg Sweep","floor":29},{"not_picked":["Noxious Fumes","Bouncing Flask","Slice+1"],"picked":"SKIP","floor":31},{"not_picked":["Storm of Steel","A Thousand Cuts"],"picked":"Venomology","floor":33},{"not_picked":["Reflex","Bane","Dagger Throw"],"picked":"SKIP","floor":35},{"not_picked":["Tactician+1","Acrobatics"],"picked":"Footwork","floor":36},{"not_picked":["Dagger Spray","Deadly Poison+1","Setup"],"picked":"SKIP","floor":37},{"not_picked":["Bane+1","Deadly Poison"],"picked":"Venomology","floor":38},{"not_picked":["Backflip","Underhanded Strike+1"],"picked":"Cloak And Dagger+1","floor":39},{"not_picked":["Riddle With Holes+1","Concentrate","Catalyst"],"picked":"SKIP","floor":40},{"not_picked":["Caltrops","Sucker Punch+1"],"picked":"Acrobatics","floor":44},{"not_picked":["Crippling Poison","Poisoned Stab"],"picked":"Dodge and Roll+1","floor":46},{"not_picked":["Concentrate","Dagger Throw"],"picked":"Dodge and Roll+1","floor":47},{"not_picked":["Slice","Masterful Stab+1"],"picked":"Escape Plan","floor":48}],"player_experience":2872173,"relics_obtained":[{"floor":7,"key":"Vajra"},{"floor":9,"key":"Meat on the Bone"},{"floor":10,"key":"Bottled Lightning"},{"floor":14,"key":"Snake Skull"},{"floor":23,"key":"Happy Flower"},{"floor":29,"key":"Centennial Puzzle"},{"floor":40,"key":"Pen Nib"},{"floor":43,"key":"Darkstone Periapt"},{"floor":44,"key":"Letter Opener"},{"floor":45,"key":"Mummified Hand"},{"floor":47,"key":"Girya"}],"event_choices":[{"damage_healed":0,"gold_gain":100,"player_choice":"Bet on Murderer","damage_taken":0,"max_hp_gain":0,"max_hp_loss":0,"event_name":"The Joust","floor":27,"gold_loss":50},{"cards_removed":["Strike_G"],"damage_healed":0,"gold_gain":0,"player_choice":"Removed Attack","damage_taken":0,"max_hp_gain":0,"max_hp_loss":0,"event_name":"Falling","floor":42,"gold_loss":0}],"is_beta":false,"boss_relics":[{"not_picked":["Runic Pyramid","HoveringKite"],"picked":"Ectoplasm"},{"not_picked":["Busted Crown","Black Star"],"picked":"Coffee Dripper"}],"items_purged_floors":[],"is_endless":false,"potions_floor_spawned":[2,3,7,18,19,22,23,29,35,38,39,44,48],"killed_by":"Time Eater","ascension_level":20}}