{"host":"tpad8qsc9e0g0pa5","time":1613567033,"event":{"mods":["BaseMod","Minty Spire (QoL Compilation)","Quick Restart","StSLib"],"gold_per_floor":[119,194,206,206,46,46,65,65,65,93,18,18,27,46,46,153,153,177,189,209,236,260,260,285,94,119,139,12,32,46,46,55,159,209,221,221,230,241,86,86,128,147,172,192,42,62,62,74,74,74],"floor_reached":51,"language":"ZHS","playtime":5249,"items_purged":["Strike_G","Strike_G","Strike_G","Defend_G"],"score":668,"play_id":"54cca2a1-ed52-4267-b957-9841e5e57a0c","local_time":"20210217210353","is_ascension_mode":false,"campfire_choices":[{"data":"Deadly Poison","floor":6.0,"key":"SMITH"},{"floor":12.0,"key":"REST"},{"data":"Catalyst","floor":15.0,"key":"SMITH"},{"data":"Dodge and Roll","floor":23.0,"key":"SMITH"},{"floor":32.0,"key":"REST"},{"data":"Wraith Form v2","floor":40.0,"key":"SMITH"},{"floor":49,"key":"REST"}],"circlet_count":0,"master_deck":["Strike_G","Defend_G+1","Defend_G","Defend_G","Defend_G+1","Survivor","Neutralize","Catalyst","Bouncing Flask","Deadly Poison+1","Bane","Catalyst+1","Iron Wave+1","Corpse Explosion","PiercingWail","Dodge and Roll+1","Footwork+1","Bane+1","Poisoned Stab","Bullet Time","Blur","Poisoned Stab","PiercingWail","Wraith Form v2+1","Writhe","Noxious Fumes","Poisoned Stab","Acrobatics","Crippling Poison"],"relics":["Ring of the Snake","Letter Opener","CeramicFish","Bottled Lightning","Sozu","Dream Catcher","Anchor","Toy Ornithopter","Tiny House","War Paint","Pen Nib"],"acts_visited":["Exordium","TheCity","TheBeyond"],"potions_floor_usage":[50],"damage_taken":[{"damage":0.0,"enemies":"Jaw Worm","floor":1.0,"turns":7.0},{"damage":2.0,"enemies":"Cultist","floor":3.0,"turns":4.0},{"damage":0.0,"enemies":"2 Louse","floor":7.0,"turns":2.0},{"damage":15.0,"enemies":"Large Slime","floor":10.0,"turns":5.0},{"damage":0.0,"enemies":"2 Fungi Beasts","floor":14.0,"turns":2.0},{"damage":24.0,"enemies":"Slime Boss","floor":16.0,"turns":8.0},{"damage":0.0,"enemies":"3 Byrds","floor":18.0,"turns":2.0},{"damage":13.0,"enemies":"2 Thieves","floor":19.0,"turns":3.0},{"damage":7.0,"enemies":"Cultist and Chosen","floor":20.0,"turns":4.0},{"damage":6.0,"enemies":"Centurion and Healer","floor":21.0,"turns":4.0},{"damage":0.0,"enemies":"Chosen and Byrds","floor":22.0,"turns":4.0},{"damage":11.0,"enemies":"Gremlin Leader","floor":24.0,"turns":3.0},{"damage":0.0,"enemies":"Snake Plant","floor":27.0,"turns":3.0},{"damage":0.0,"enemies":"Cultist and Chosen","floor":29.0,"turns":3.0},{"damage":0.0,"enemies":"Chosen and Byrds","floor":30.0,"turns":3.0},{"damage":44.0,"enemies":"Collector","floor":33.0,"turns":6.0},{"damage":15.0,"enemies":"3 Darklings","floor":35.0,"turns":3.0},{"damage":3.0,"enemies":"Orb Walker","floor":38.0,"turns":4.0},{"damage":1.0,"enemies":"Giant Head","floor":41.0,"turns":7.0},{"damage":0.0,"enemies":"Jaw Worm Horde","floor":42.0,"turns":2.0},{"damage":9.0,"enemies":"Writhing Mass","floor":44.0,"turns":5.0},{"damage":27.0,"enemies":"Spire Growth","floor":46.0,"turns":3.0},{"damage":1,"enemies":"Jaw Worm Horde","floor":48,"turns":4},{"damage":49,"enemies":"Donu and Deca","floor":50,"turns":6}],"seed_played":"-1843418854934737920","potions_obtained":[{"floor":1.0,"key":"FearPotion"},{"floor":7.0,"key":"ColorlessPotion"},{"floor":14.0,"key":"ColorlessPotion"}],"is_trial":false,"path_per_floor":["M","?","M","?","$","R","M","?","T","M","$","R","?","M","R","B",null,"M","M","M","M","M","R","E","$","T","M","$","M","M","?","R","B",null,"M","?","?","M","$","R","E","M","T","M","$","M","$","M","R","B",null],"character_chosen":"THE_SILENT","items_purchased":["CeramicFish","Deadly Poison","Poisoned Stab","Anchor","Blur","Noxious Fumes"],"campfire_rested":3,"item_purchase_floors":[5,5,25,25,28,39],"current_hp_per_floor":[70,63,61,49,49,49,49,49,49,34,34,55,55,55,55,31,70,70,57,50,44,44,44,33,33,33,33,33,33,33,33,54,10,75,60,60,75,72,72,72,71,71,71,62,62,35,35,34,56,12],"gold":74,"neow_bonus":"THREE_CARDS","is_daily":false,"chose_seed":false,"campfire_upgraded":4,"win_rate":0.0,"timestamp":1613567033,"path_taken":["M","?","?","?","$","R","M","?","T","M","$","R","?","M","R","BOSS","M","?","M","?","?","R","E","?","T","?","$","M","M","?","R","BOSS","M","?","?","M","$","R","E","M","T","M","$","?","$","M","R","BOSS"],"items_purchased_type":["Relic","Card","Card","Relic","Card","Card"],"build_version":"2020-12-22","purchased_purges":4,"victory":true,"max_hp_per_floor":[70,70,70,70,70,70,70,70,70,70,70,70,70,70,70,70,70,70,70,70,70,70,70,70,70,70,70,70,70,70,70,70,70,75,75,75,75,75,75,75,75,75,75,75,75,75,75,75,75,75],"card_choices":[{"not_picked":["Reflex","Distraction"],"picked":"Catalyst","floor":0.0},{"not_picked":["Finisher","Dagger Spray"],"picked":"Bouncing Flask","floor":1.0},{"not_picked":["Quick Slash","Deflect","Expertise"],"picked":"SKIP","floor":3.0},{"not_picked":["Predator","Well Laid Plans"],"picked":"Bane","floor":7.0},{"not_picked":["PiercingWail","Quick Slash"],"picked":"Catalyst","floor":10.0},{"not_picked":["Setup","Leg Sweep","Cloak And Dagger"],"picked":"SKIP","floor":14.0},{"not_picked":["Bullet Time","Venomology"],"picked":"Corpse Explosion","floor":16.0},{"not_picked":["Sucker Punch","Riddle With Holes"],"picked":"PiercingWail","floor":18.0},{"not_picked":["Quick Slash+1","PiercingWail","Leg Sweep"],"picked":"SKIP","floor":19.0},{"not_picked":["Setup","Prepared"],"picked":"Dodge and Roll","floor":20.0},{"not_picked":["PiercingWail","Finisher"],"picked":"Footwork+1","floor":21.0},{"not_picked":["Underhanded Strike","Flying Knee"],"picked":"Bane+1","floor":22.0},{"not_picked":["Quick Slash+1","Blade Dance","Skewer"],"picked":"SKIP","floor":24.0},{"not_picked":["Concentrate","Caltrops"],"picked":"Bullet Time","floor":27.0},{"not_picked":["Blade Dance","Dagger Throw+1"],"picked":"Poisoned Stab","floor":29.0},{"not_picked":["Dodge and Roll","Flying Knee","Underhanded Strike"],"picked":"SKIP","floor":30.0},{"not_picked":["Blade Dance","Prepared+1"],"picked":"PiercingWail","floor":32.0},{"not_picked":["A Thousand Cuts","Night Terror"],"picked":"Wraith Form v2","floor":33.0},{"not_picked":["Eviscerate+1","Heel Hook","Expertise"],"picked":"SKIP","floor":35.0},{"not_picked":["Cloak And Dagger","Reflex+1","Quick Slash+1"],"picked":"SKIP","floor":38.0},{"not_picked":["Terror+1","Sucker Punch+1"],"picked":"Poisoned Stab","floor":41.0},{"not_picked":["Dodge and Roll+1","Dash+1"],"picked":"Acrobatics","floor":42.0},{"not_picked":["Dagger Throw","Quick Slash+1","PiercingWail+1"],"picked":"SKIP","floor":44.0},{"not_picked":["Predator+1","Sucker Punch"],"picked":"Crippling Poison","floor":46.0},{"not_picked":["Reflex+1","Dagger Spray","Flying Knee"],"picked":"SKIP","floor":48}],"player_experience":325155,"relics_obtained":[{"floor":9.0,"key":"Bottled Lightning"},{"floor":24.0,"key":"Dream Catcher"},{"floor":26.0,"key":"Toy Ornithopter"},{"floor":41.0,"key":"War Paint"},{"floor":43.0,"key":"Pen Nib"}],"event_choices":[{"damage_healed":0.0,"max_hp_gain":0.0,"max_hp_loss":0.0,"gold_gain":75.0,"event_name":"FaceTrader","player_choice":"Touch","floor":2.0,"gold_loss":0.0,"damage_taken":7.0},{"damage_healed":0.0,"max_hp_gain":0.0,"max_hp_loss":0.0,"gold_gain":0.0,"event_name":"Scrap Ooze","player_choice":"Success","floor":4.0,"gold_loss":0.0,"damage_taken":12.0,"relics_obtained":["Letter Opener"]},{"damage_healed":0.0,"max_hp_gain":0.0,"max_hp_loss":0.0,"gold_gain":0.0,"event_name":"Dead Adventurer","player_choice":"Searched \u00270\u0027 times","floor":8.0,"gold_loss":0.0,"damage_taken":0.0},{"cards_removed":["Strike_G"],"damage_healed":0.0,"max_hp_gain":0.0,"max_hp_loss":0.0,"gold_gain":0.0,"event_name":"NoteForYourself","player_choice":"Took Card","floor":13.0,"gold_loss":0.0,"damage_taken":0.0,"cards_obtained":["Iron Wave"]},{"damage_healed":0.0,"max_hp_gain":0.0,"max_hp_loss":0.0,"gold_gain":0.0,"event_name":"Cursed Tome","player_choice":"Ignored","floor":31.0,"gold_loss":0.0,"damage_taken":0.0},{"damage_healed":0.0,"max_hp_gain":0.0,"max_hp_loss":0.0,"gold_gain":0.0,"event_name":"Tomb of Lord Red Mask","player_choice":"Ignored","floor":36.0,"gold_loss":0.0,"damage_taken":0.0},{"damage_healed":19.0,"max_hp_gain":0.0,"max_hp_loss":0.0,"gold_gain":0.0,"event_name":"Winding Halls","player_choice":"Writhe","floor":37.0,"gold_loss":0.0,"damage_taken":0.0,"cards_obtained":["Writhe"]}],"is_beta":false,"boss_relics":[{"not_picked":["Runic Dome","Astrolabe"],"picked":"Sozu"},{"not_picked":["SacredBark","Fusion Hammer"],"picked":"Tiny House"}],"items_purged_floors":[11,28,39,45],"is_endless":false,"potions_floor_spawned":[1,7,14,18,21,24,27,30,35,42,44,46],"ascension_level":0}}