{"host":"k7udt7atmcuzf6l0","time":1613572897,"event":{"mods":["AchievementEnabler","Act Like it!","BaseMod","BetterRewards","Colored Map","Colored Powertips","Highlight Path","Minty Spire (QoL Compilation)","Quick Restart","Rare Cards Sparkle","StSLib","UnlockEverythingMod"],"gold_per_floor":[110,110,21,38,38,38,65,65,111,123,153,196,222,248,260,272,272],"floor_reached":16,"language":"ZHS","playtime":350,"items_purged":[],"score":100,"play_id":"94623789-ee75-4e2f-9467-bd0202d5ddb8","local_time":"20210217224137","is_ascension_mode":false,"campfire_choices":[{"data":"Trip","floor":6,"key":"SMITH"},{"data":"1","floor":8,"key":"LIFT"},{"data":"2","floor":10,"key":"LIFT"},{"data":"3","floor":15,"key":"LIFT"}],"circlet_count":0,"master_deck":["Strike_R","Strike_R","Strike_R+1","Strike_R","Strike_R","Defend_R","Defend_R","Defend_R","Defend_R","Bash","Regret","Flame Barrier+1","Trip+1","Twin Strike+1","Clash","Armaments","Dropkick"],"relics":["Burning Blood","Girya","Odd Mushroom","MawBank","Whetstone"],"acts_visited":["Exordium"],"potions_floor_usage":[12,13],"damage_taken":[{"damage":2,"enemies":"2 Louse","floor":1,"turns":3},{"damage":7,"enemies":"Small Slimes","floor":4,"turns":3},{"damage":27,"enemies":"The Mushroom Lair","floor":7,"turns":5},{"damage":1,"enemies":"Jaw Worm","floor":11,"turns":2},{"damage":52,"enemies":"3 Sentries","floor":12,"turns":12},{"damage":2,"enemies":"Lots of Slimes","floor":13,"turns":3},{"damage":0,"enemies":"Blue Slaver","floor":14,"turns":2},{"damage":43,"enemies":"The Guardian","floor":16,"turns":5}],"seed_played":"-1295699256246705699","potions_obtained":[{"floor":1,"key":"BloodPotion"},{"floor":12,"key":"AttackPotion"}],"is_trial":false,"path_per_floor":["M","?","$","M","?","R","?","R","T","R","M","E","M","M","R","B"],"character_chosen":"IRONCLAD","items_purchased":["Trip"],"campfire_rested":0,"item_purchase_floors":[3],"current_hp_per_floor":[80,80,80,79,79,79,58,58,58,58,63,33,37,43,43,0,0],"gold":272,"neow_bonus":"ONE_RARE_RELIC","is_daily":false,"chose_seed":false,"campfire_upgraded":1,"win_rate":0.0,"timestamp":1613572897,"path_taken":["M","?","$","M","?","R","?","R","T","R","?","E","?","M","R","BOSS"],"items_purchased_type":["Card"],"build_version":"2020-12-22","purchased_purges":0,"victory":false,"max_hp_per_floor":[80,80,80,80,80,80,80,80,80,80,80,80,80,80,80,80,80],"card_choices":[{"not_picked":["Perfected Strike","Sever Soul"],"picked":"Flame Barrier","floor":1},{"not_picked":["Heavy Blade","Sentinel","Thunderclap"],"picked":"SKIP","floor":4},{"not_picked":["Dual Wield","True Grit"],"picked":"Twin Strike","floor":7},{"not_picked":["Heavy Blade","Disarm"],"picked":"Clash","floor":11},{"not_picked":["Perfected Strike","Second Wind"],"picked":"Armaments","floor":12},{"not_picked":["Heavy Blade","Ghostly Armor"],"picked":"Dropkick","floor":13},{"not_picked":["Disarm","Fire Breathing","Reckless Charge"],"picked":"SKIP","floor":14}],"player_experience":139350,"relics_obtained":[{"floor":7,"key":"Odd Mushroom"},{"floor":9,"key":"MawBank"},{"floor":12,"key":"Whetstone"}],"event_choices":[{"damage_healed":0,"gold_gain":0,"player_choice":"Grow","damage_taken":0,"max_hp_gain":0,"max_hp_loss":0,"event_name":"Living Wall","floor":2,"gold_loss":0,"cards_upgraded":["Flame Barrier"]},{"damage_healed":0,"gold_gain":0,"player_choice":"Ignored","damage_taken":0,"max_hp_gain":0,"max_hp_loss":0,"event_name":"Liars Game","floor":5,"gold_loss":0},{"damage_healed":0,"gold_gain":0,"player_choice":"Fought Mushrooms","damage_taken":0,"max_hp_gain":0,"max_hp_loss":0,"event_name":"Mushrooms","floor":7,"gold_loss":0}],"is_beta":false,"boss_relics":[],"items_purged_floors":[],"is_endless":false,"potions_floor_spawned":[1,12],"killed_by":"The Guardian","ascension_level":0}}