{"host":"Tuck","time":1613536115,"event":{"mods":["BaseMod","Minty Spire (QoL Compilation)","StSLib"],"gold_per_floor":[114,189,200,219,236,270,281,307,307,319,345,364,364,390,390,491,491,502,513,530,542,457,485,485,515,515,541,541,206,225,242,242,342,642,660,672,718,737,737,767,778,808,858,420,470,496,513,524,524,524,524,524,18,51,51],"floor_reached":56,"language":"ENG","playtime":5540,"items_purged":["LessonLearned+1"],"score":1906,"play_id":"238f0107-7b1a-47c4-81f8-f76ceabd7956","local_time":"20210216212835","is_ascension_mode":true,"campfire_choices":[{"data":"Wireheading","floor":15.0,"key":"SMITH"},{"data":"LessonLearned","floor":24.0,"key":"SMITH"},{"data":"CrushJoints","floor":28,"key":"SMITH"},{"data":"WaveOfTheHand","floor":32,"key":"SMITH"},{"floor":49,"key":"REST"},{"floor":52,"key":"REST"}],"circlet_count":0,"master_deck":["Eruption+1","Vigilance+1","CutThroughFate+1","Wireheading+1","JustLucky+1","CrushJoints+1","ThirdEye+1","ClearTheMind+1","DeusExMachina+1","FlurryOfBlows+1","WheelKick+1","JustLucky+1","SpiritShield+1","Study+1","SandsOfTime+1","CrushJoints+1","Devotion+1","Tantrum+1","Protect+1","Blasphemy+1","Protect+1","Adaptation+1","WheelKick+1","Panache+1","WaveOfTheHand+1","Vault+1","Halt+1","Indignation+1","FollowUp+1","CutThroughFate+1","Wireheading+1","Establishment+1","Adaptation+1","Hologram+1","Noxious Fumes+1","Conserve Battery+1","Quick Slash+1","Weave+1","Weave+1","FlurryOfBlows"],"relics":["PureWater","Toy Ornithopter","Frozen Egg 2","CaptainsWheel","StoneCalendar","CloakClasp","TeardropLocket","Pandora\u0027s Box","Boot","Mango","Question Card","Mummified Hand","StrikeDummy","Anchor","Omamori","Calling Bell","Juzu Bracelet","Ornamental Fan","Old Coin","Peace Pipe","Centennial Puzzle","Regal Pillow","MawBank","Kunai","Shuriken","PrismaticShard","Pantograph","Torii","Mercury Hourglass","Bird Faced Urn","Gremlin Horn"],"acts_visited":["Exordium","TheCity","TheBeyond","TheEnding"],"potions_floor_usage":[40,55,55],"damage_taken":[{"damage":1.0,"enemies":"2 Louse","floor":1.0,"turns":2.0},{"damage":1.0,"enemies":"Cultist","floor":3.0,"turns":3.0},{"damage":2.0,"enemies":"Jaw Worm","floor":4.0,"turns":3.0},{"damage":0.0,"enemies":"2 Fungi Beasts","floor":5.0,"turns":2.0},{"damage":0.0,"enemies":"Gremlin Nob","floor":6.0,"turns":2.0},{"damage":1.0,"enemies":"3 Louse","floor":7.0,"turns":4.0},{"damage":11.0,"enemies":"3 Sentries","floor":8.0,"turns":7.0},{"damage":0.0,"enemies":"Large Slime","floor":10.0,"turns":6.0},{"damage":6.0,"enemies":"Lagavulin","floor":11.0,"turns":5.0},{"damage":0.0,"enemies":"Exordium Wildlife","floor":12.0,"turns":4.0},{"damage":0.0,"enemies":"Gremlin Nob","floor":14.0,"turns":2.0},{"damage":0.0,"enemies":"Slime Boss","floor":16.0,"turns":5.0},{"damage":1.0,"enemies":"Spheric Guardian","floor":18.0,"turns":5.0},{"damage":7.0,"enemies":"Shell Parasite","floor":19.0,"turns":4.0},{"damage":0.0,"enemies":"Snecko","floor":20.0,"turns":4.0},{"damage":0.0,"enemies":"Centurion and Healer","floor":21.0,"turns":5.0},{"damage":0.0,"enemies":"Slavers","floor":23.0,"turns":3.0},{"damage":0,"enemies":"Book of Stabbing","floor":25,"turns":5},{"damage":3,"enemies":"Gremlin Leader","floor":27,"turns":5},{"damage":0,"enemies":"Snake Plant","floor":30,"turns":2},{"damage":0,"enemies":"Snecko","floor":31,"turns":5},{"damage":0,"enemies":"Champ","floor":33,"turns":4},{"damage":0,"enemies":"Orb Walker","floor":35,"turns":4},{"damage":0,"enemies":"3 Darklings","floor":36,"turns":5},{"damage":0,"enemies":"2 Orb Walkers","floor":37,"turns":3},{"damage":8,"enemies":"Jaw Worm Horde","floor":38,"turns":4},{"damage":0,"enemies":"Giant Head","floor":40,"turns":4},{"damage":0,"enemies":"Spire Growth","floor":41,"turns":4},{"damage":0,"enemies":"Reptomancer","floor":42,"turns":4},{"damage":0,"enemies":"Mind Bloom Boss Battle","floor":45,"turns":5},{"damage":0,"enemies":"Nemesis","floor":46,"turns":4},{"damage":0,"enemies":"Sphere and 2 Shapes","floor":47,"turns":7},{"damage":0,"enemies":"Transient","floor":48,"turns":6},{"damage":2,"enemies":"Time Eater","floor":50,"turns":9},{"damage":0,"enemies":"Shield and Spear","floor":54,"turns":4},{"damage":0,"enemies":"The Heart","floor":55,"turns":5}],"seed_played":"5305610736029925646","potions_obtained":[{"floor":5.0,"key":"AttackPotion"},{"floor":6.0,"key":"SmokeBomb"},{"floor":10.0,"key":"Energy Potion"},{"floor":14.0,"key":"Fire Potion"},{"floor":23.0,"key":"Fruit Juice"},{"floor":40,"key":"DuplicationPotion"}],"is_trial":false,"path_per_floor":["M","?","M","M","M","E","M","E","T","M","E","M","?","E","R","B",null,"M","M","M","M","?","E","R","E","T","E","R","$","M","M","R","B",null,"M","M","?","M","?","E","M","E","T","$","?","E","M","M","R","B",null,"R","$","E","B",null],"character_chosen":"WATCHER","items_purchased":["Panache+1","Anchor","Adaptation+1","PrismaticShard","Pantograph","Bird Faced Urn","Ancient Potion","SteroidPotion"],"campfire_rested":2,"item_purchase_floors":[29,29,44,44,44,53,53,53],"current_hp_per_floor":[71,60,59,57,57,57,56,50,50,50,44,44,44,44,44,44,72,71,64,64,64,64,78,78,78,78,75,75,75,75,75,75,75,86,86,86,86,78,78,88,88,88,88,88,91,91,91,91,91,89,91,91,91,91,91],"gold":51,"neow_bonus":"THREE_CARDS","is_daily":false,"chose_seed":false,"campfire_upgraded":4,"win_rate":0.0,"timestamp":1613536115,"path_taken":["M","?","M","M","M","E","M","E","T","M","E","M","?","E","R","BOSS","M","M","M","?","?","E","R","E","T","E","R","$","M","M","R","BOSS","M","M","?","M","?","E","M","E","T","$","?","E","M","M","R","BOSS","R","$","E","BOSS"],"items_purchased_type":["Card","Relic","Card","Relic","Relic","Relic","Potion","Potion"],"build_version":"2020-12-18","purchased_purges":1,"victory":true,"max_hp_per_floor":[72,72,72,72,72,72,72,72,72,72,72,72,72,72,72,72,72,72,72,72,72,72,86,86,86,86,86,86,86,86,86,86,86,86,86,86,86,86,86,91,91,91,91,91,91,91,91,91,91,91,91,91,91,91,91],"card_choices":[{"not_picked":["Consecrate","WindmillStrike"],"picked":"CutThroughFate","floor":0.0},{"not_picked":["PathToVictory","EmptyBody"],"picked":"Wireheading","floor":1.0},{"not_picked":["CutThroughFate","CrushJoints"],"picked":"JustLucky","floor":3.0},{"not_picked":["EmptyFist","LikeWater"],"picked":"CrushJoints","floor":4.0},{"not_picked":["BowlingBash","ForeignInfluence"],"picked":"ThirdEye","floor":5.0},{"not_picked":["EmptyBody","Evaluate","PathToVictory"],"picked":"SKIP","floor":6.0},{"not_picked":["CrushJoints","Crescendo"],"picked":"ClearTheMind","floor":7.0},{"not_picked":["SashWhip","Evaluate"],"picked":"DeusExMachina","floor":8.0},{"not_picked":["SignatureMove","FlyingSleeves"],"picked":"FlurryOfBlows","floor":10.0},{"not_picked":["Halt","FlyingSleeves"],"picked":"WheelKick","floor":11.0},{"not_picked":["SandsOfTime","CarveReality"],"picked":"JustLucky","floor":12.0},{"not_picked":["DeceiveReality","Crescendo"],"picked":"SpiritShield","floor":14.0},{"not_picked":["Judgement","Ragnarok"],"picked":"LessonLearned","floor":16.0},{"not_picked":["SashWhip+1","ThirdEye","Evaluate"],"picked":"SKIP","floor":18.0},{"not_picked":["ThirdEye","JustLucky","Halt"],"picked":"SKIP","floor":19.0},{"not_picked":["Halt","EmptyFist","Crescendo"],"picked":"SKIP","floor":20.0},{"not_picked":["Prostrate","BowlingBash"],"picked":"Protect+1","floor":21.0},{"not_picked":["Halt","DeceiveReality","Ragnarok"],"picked":"SKIP","floor":23.0},{"not_picked":["Consecrate","LikeWater+1"],"picked":"Adaptation+1","floor":25},{"not_picked":["FollowUp+1","CrushJoints","SignatureMove"],"picked":"WheelKick+1","floor":27},{"not_picked":["BowlingBash","ThirdEye+1","FlyingSleeves"],"picked":"WaveOfTheHand","floor":30},{"not_picked":["FlyingSleeves","Evaluate","JustLucky","ThirdEye"],"picked":"SKIP","floor":31},{"not_picked":["Wish","DeusExMachina","Devotion+1"],"picked":"Vault","floor":33},{"not_picked":["Protect+1","WheelKick","SashWhip+1"],"picked":"Halt+1","floor":35},{"not_picked":["Consecrate+1","FollowUp+1","JustLucky"],"picked":"Indignation+1","floor":36},{"not_picked":["BowlingBash","Wish","EmptyBody"],"picked":"FollowUp+1","floor":37},{"not_picked":["EmptyBody+1","DeceiveReality","Consecrate"],"picked":"CutThroughFate+1","floor":38},{"not_picked":["CutThroughFate","EmptyBody+1","FlyingSleeves+1"],"picked":"Wireheading+1","floor":40},{"not_picked":["WreathOfFlame","FollowUp+1","CutThroughFate","Protect+1"],"picked":"SKIP","floor":41},{"not_picked":["Collect","Vengeance+1","Wireheading+1"],"picked":"Establishment+1","floor":42},{"not_picked":["Distraction+1","Turbo","Thunderclap+1"],"picked":"Hologram+1","floor":45},{"not_picked":["Doom and Gloom+1","Evolve+1","Tactician+1"],"picked":"Noxious Fumes+1","floor":46},{"not_picked":["Shrug It Off+1","PiercingWail+1","Sucker Punch+1"],"picked":"Conserve Battery+1","floor":47},{"not_picked":["Jack Of All Trades","Ball Lightning","Sever Soul"],"picked":"Quick Slash+1","floor":48},{"not_picked":["Finisher+1","Barrage+1","Buffer+1"],"picked":"FlurryOfBlows","floor":54}],"player_experience":2413840,"relics_obtained":[{"floor":6.0,"key":"Toy Ornithopter"},{"floor":8.0,"key":"Frozen Egg 2"},{"floor":9.0,"key":"CaptainsWheel"},{"floor":11.0,"key":"StoneCalendar"},{"floor":13.0,"key":"CloakClasp"},{"floor":14.0,"key":"TeardropLocket"},{"floor":23.0,"key":"Mango"},{"floor":25,"key":"Question Card"},{"floor":26,"key":"Mummified Hand"},{"floor":27,"key":"StrikeDummy"},{"floor":34,"key":"Juzu Bracelet"},{"floor":34,"key":"Ornamental Fan"},{"floor":34,"key":"Old Coin"},{"floor":37,"key":"Peace Pipe"},{"floor":40,"key":"Centennial Puzzle"},{"floor":42,"key":"Regal Pillow"},{"floor":43,"key":"MawBank"},{"floor":45,"key":"Torii"},{"floor":46,"key":"Mercury Hourglass"},{"floor":54,"key":"Gremlin Horn"}],"event_choices":[{"damage_healed":0.0,"max_hp_gain":0.0,"max_hp_loss":0.0,"gold_gain":75.0,"event_name":"World of Goop","player_choice":"Gather Gold","floor":2.0,"gold_loss":0.0,"damage_taken":11.0},{"damage_healed":0.0,"max_hp_gain":0.0,"max_hp_loss":0.0,"gold_gain":0.0,"event_name":"Wheel of Change","player_choice":"Relic","floor":13.0,"gold_loss":0.0,"damage_taken":0.0},{"damage_healed":0.0,"max_hp_gain":0.0,"max_hp_loss":0.0,"gold_gain":0.0,"event_name":"Addict","player_choice":"Obtained Relic","floor":22.0,"gold_loss":85.0,"damage_taken":0.0,"relics_obtained":["Boot"]},{"damage_healed":0,"gold_gain":0,"player_choice":"Fight","damage_taken":0,"max_hp_gain":0,"max_hp_loss":0,"event_name":"Mysterious Sphere","floor":37,"gold_loss":0},{"cards_removed":["Conclude"],"damage_healed":0,"gold_gain":0,"player_choice":"Removed Attack","damage_taken":0,"max_hp_gain":0,"max_hp_loss":0,"event_name":"Falling","floor":39,"gold_loss":0},{"damage_healed":0,"gold_gain":0,"player_choice":"Fight","damage_taken":0,"max_hp_gain":0,"max_hp_loss":0,"event_name":"MindBloom","floor":45,"gold_loss":0}],"is_beta":true,"boss_relics":[{"not_picked":["Fusion Hammer","SacredBark"],"picked":"Pandora\u0027s Box"},{"not_picked":["Snecko Eye","Busted Crown"],"picked":"Calling Bell"}],"items_purged_floors":[53],"is_endless":false,"potions_floor_spawned":[5,6,10,14,16,18,23,30,31,33,40,41,42,48,54],"ascension_level":1}}