{"host":"5xgshhlcaxmkr24q","time":1613558989,"event":{"mods":["AchievementEnabler","BaseMod","Colored Map","Colored Powertips","Curses Come First","DeckTracker","Minty Spire (QoL Compilation)","StSLib","Together in Spire"],"gold_per_floor":[12,27,42,55,55,87,105,105,105,118,145,145,158,168,168,273,273,290,65,84,84,104,130,130,150,150,150,179,179,192,208,208,309,309,326,326,338,358,375,375,408,408,476,487,96,113,163,174,174,174],"floor_reached":51,"language":"ENG","playtime":4476,"items_purged":["Strike_B","Dualcast"],"score":662,"play_id":"8bfeb0ae-dedc-492d-84c2-225bf436718c","local_time":"20210217114949","is_ascension_mode":false,"campfire_choices":[{"data":"Zap","floor":8,"key":"SMITH"},{"data":"Fission","floor":12,"key":"SMITH"},{"data":"Storm","floor":15,"key":"SMITH"},{"data":"Thunder Strike","floor":24,"key":"SMITH"},{"data":"Redo","floor":27,"key":"SMITH"},{"data":"Redo","floor":32,"key":"SMITH"},{"data":"Conserve Battery","floor":40,"key":"SMITH"},{"data":"Hologram","floor":42,"key":"SMITH"},{"data":"Hologram","floor":49,"key":"SMITH"}],"circlet_count":0,"master_deck":["Defend_B","Defend_B","Defend_B+1","Defend_B","Zap+1","Thunder Strike+1","Redo+1","White Noise","Redo+1","BootSequence+1","Iron Wave+1","Capacitor","Hologram+1","Fission+1","Redo","Storm+1","Biased Cognition","Defragment","Chaos+1","Storm+1","Ball Lightning+1","Undo+1","Machine Learning","Conserve Battery+1","Lockon","Reinforced Body+1","Aggregate","Tempest","Reinforced Body+1","Turbo+1","Conserve Battery+1","Hologram+1"],"relics":["Cracked Core","Boot","Mercury Hourglass","Empty Cage","Membership Card","Meat on the Bone","Anchor","Question Card","Happy Flower","SlaversCollar","War Paint","Singing Bowl","Whetstone","Bag of Marbles","Orrery","Incense Burner"],"acts_visited":["Exordium","TheCity","TheBeyond"],"potions_floor_usage":[16,33,41,50,50,50,50,50],"damage_taken":[{"damage":0,"enemies":"Small Slimes","floor":1,"turns":2},{"damage":0,"enemies":"Cultist","floor":2,"turns":2},{"damage":0,"enemies":"2 Louse","floor":3,"turns":1},{"damage":7,"enemies":"Blue Slaver","floor":4,"turns":2},{"damage":0,"enemies":"Gremlin Nob","floor":6,"turns":2},{"damage":0,"enemies":"Looter","floor":7,"turns":2},{"damage":0,"enemies":"3 Louse","floor":10,"turns":2},{"damage":0,"enemies":"Lagavulin","floor":11,"turns":3},{"damage":0,"enemies":"Gremlin Gang","floor":13,"turns":2},{"damage":0,"enemies":"2 Fungi Beasts","floor":14,"turns":1},{"damage":0,"enemies":"Slime Boss","floor":16,"turns":3},{"damage":0,"enemies":"2 Thieves","floor":18,"turns":1},{"damage":0,"enemies":"3 Byrds","floor":20,"turns":1},{"damage":0,"enemies":"Centurion and Healer","floor":22,"turns":1},{"damage":2,"enemies":"Gremlin Leader","floor":23,"turns":3},{"damage":0,"enemies":"Chosen and Byrds","floor":25,"turns":1},{"damage":0,"enemies":"Book of Stabbing","floor":28,"turns":2},{"damage":0,"enemies":"Snecko","floor":30,"turns":2},{"damage":0,"enemies":"Centurion and Healer","floor":31,"turns":1},{"damage":0,"enemies":"Collector","floor":33,"turns":3},{"damage":0,"enemies":"Orb Walker","floor":35,"turns":2},{"damage":0,"enemies":"3 Darklings","floor":37,"turns":2},{"damage":4,"enemies":"Jaw Worm Horde","floor":38,"turns":3},{"damage":3,"enemies":"Writhing Mass","floor":39,"turns":3},{"damage":4,"enemies":"Nemesis","floor":41,"turns":4},{"damage":0,"enemies":"Maw","floor":44,"turns":4},{"damage":0,"enemies":"Transient","floor":46,"turns":5},{"damage":3,"enemies":"Mind Bloom Boss Battle","floor":47,"turns":4},{"damage":0,"enemies":"Sphere and 2 Shapes","floor":48,"turns":1},{"damage":24,"enemies":"Awakened One","floor":50,"turns":5}],"seed_played":"6601451672489150775","potions_obtained":[{"floor":2,"key":"Block Potion"},{"floor":4,"key":"PotionOfCapacity"},{"floor":6,"key":"PowerPotion"},{"floor":7,"key":"Swift Potion"},{"floor":16,"key":"Strength Potion"},{"floor":22,"key":"FearPotion"},{"floor":25,"key":"EntropicBrew"},{"floor":30,"key":"PowerPotion"},{"floor":35,"key":"Fire Potion"},{"floor":41,"key":"FocusPotion"}],"is_trial":false,"path_per_floor":["M","M","M","M","?","E","M","R","T","M","E","R","M","M","R","B",null,"M","$","M","?","M","E","R","M","T","R","E","?","M","M","R","B",null,"M","?","M","M","M","R","E","R","T","M","$","M","?","M","R","B",null],"character_chosen":"DEFECT","items_purchased":["Membership Card","Defragment","Whetstone","Aggregate","Tempest","Bag of Marbles","Orrery","PotionOfCapacity"],"campfire_rested":0,"item_purchase_floors":[19,19,45,45,45,45,45,45],"current_hp_per_floor":[75,75,75,68,68,68,68,68,68,68,68,68,68,68,68,68,75,75,75,75,75,75,73,73,73,73,73,73,73,73,73,73,73,75,75,75,75,71,68,68,64,64,64,64,70,70,67,69,69,45],"gold":174,"neow_bonus":"THREE_RARE_CARDS","is_daily":false,"chose_seed":false,"campfire_upgraded":9,"win_rate":0.0,"timestamp":1613558989,"path_taken":["M","M","M","M","?","E","M","R","T","M","E","R","M","M","R","BOSS","M","$","?","?","M","E","R","M","T","R","E","?","M","M","R","BOSS","M","?","M","M","M","R","E","R","T","M","$","M","?","M","R","BOSS"],"items_purchased_type":["Relic","Card","Relic","Card","Card","Relic","Relic","Potion"],"build_version":"2020-12-22","purchased_purges":2,"victory":true,"max_hp_per_floor":[75,75,75,75,75,75,75,75,75,75,75,75,75,75,75,75,75,75,75,75,75,75,75,75,75,75,75,75,75,75,75,75,75,75,75,75,75,75,75,75,75,75,75,75,81,81,81,83,83,83],"card_choices":[{"not_picked":["Multi-Cast","Seek"],"picked":"Thunder Strike","floor":0},{"not_picked":["Steam","Barrage"],"picked":"Redo","floor":1},{"not_picked":["Chill","Streamline"],"picked":"White Noise","floor":2},{"not_picked":["Barrage","Recycle"],"picked":"Redo","floor":3},{"not_picked":["Compile Driver","Meteor Strike"],"picked":"BootSequence","floor":4},{"not_picked":["Redo","Streamline"],"picked":"Capacitor","floor":6},{"not_picked":["Redo","Streamline"],"picked":"Hologram","floor":7},{"not_picked":["Gash","Redo"],"picked":"Fission","floor":10},{"not_picked":["Self Repair","Steam","Chaos"],"picked":"SKIP","floor":11},{"not_picked":["Stack","Chill"],"picked":"Redo","floor":13},{"not_picked":["Blizzard","Steam"],"picked":"Storm","floor":14},{"not_picked":["Meteor Strike","Core Surge"],"picked":"Biased Cognition","floor":16},{"not_picked":["Rebound","Turbo+1","Skim"],"picked":"SKIP","floor":18},{"not_picked":["Beam Cell","Hologram"],"picked":"Chaos+1","floor":20},{"not_picked":["Recycle","Blizzard","Steam+1"],"picked":"SKIP","floor":22},{"not_picked":["Tempest","Auto Shields"],"picked":"Storm+1","floor":23},{"not_picked":["Barrage+1","Cold Snap"],"picked":"Ball Lightning","floor":25},{"not_picked":["Creative AI","Reprogram+1","Darkness"],"picked":"Undo+1","floor":28},{"not_picked":["Steam","Beam Cell","Steam Power","Gash+1"],"picked":"SKIP","floor":30},{"not_picked":["Coolheaded","Stack","Barrage","Go for the Eyes"],"picked":"SKIP","floor":31},{"not_picked":["Fission","Thunder Strike","Echo Form"],"picked":"Machine Learning","floor":33},{"not_picked":["Leap","Hologram+1","Rip and Tear","Turbo"],"picked":"SKIP","floor":35},{"not_picked":["Darkness","Sweeping Beam+1","Turbo"],"picked":"Conserve Battery","floor":37},{"not_picked":["Redo","Compile Driver","Rebound"],"picked":"Lockon","floor":38},{"not_picked":["Rebound+1","Beam Cell","Leap+1","Steam+1"],"picked":"SKIP","floor":39},{"not_picked":["Steam+1","Sweeping Beam","Meteor Strike","Rebound"],"picked":"SKIP","floor":41},{"not_picked":["Streamline","Ball Lightning+1","Stack"],"picked":"Reinforced Body+1","floor":44},{"not_picked":["Genetic Algorithm","Defragment+1","Turbo+1","FTL"],"picked":"Singing Bowl","floor":45},{"not_picked":["Hologram","Auto Shields","Genetic Algorithm","Darkness"],"picked":"Singing Bowl","floor":45},{"not_picked":["Coolheaded+1","Steam Power+1","FTL+1"],"picked":"Reinforced Body+1","floor":45},{"not_picked":["Leap","Hyperbeam","Darkness"],"picked":"Turbo+1","floor":45},{"not_picked":["Cold Snap+1","Rip and Tear","Steam+1","Redo+1"],"picked":"Singing Bowl","floor":45},{"not_picked":["Coolheaded+1","Undo","Stack"],"picked":"Conserve Battery+1","floor":46},{"not_picked":["Stack","Heatsinks+1","Rebound"],"picked":"Hologram","floor":47},{"not_picked":["Streamline","Beam Cell+1","Scrape","Reprogram"],"picked":"Singing Bowl","floor":48}],"player_experience":688567,"relics_obtained":[{"floor":6,"key":"Boot"},{"floor":9,"key":"Mercury Hourglass"},{"floor":23,"key":"Anchor"},{"floor":26,"key":"Question Card"},{"floor":28,"key":"Happy Flower"},{"floor":41,"key":"War Paint"},{"floor":43,"key":"Singing Bowl"},{"floor":47,"key":"Incense Burner"}],"event_choices":[{"cards_removed":["Strike_B"],"damage_healed":0,"gold_gain":0,"player_choice":"Took Card","damage_taken":0,"max_hp_gain":0,"max_hp_loss":0,"event_name":"NoteForYourself","floor":5,"gold_loss":0,"cards_obtained":["Iron Wave"]},{"damage_healed":0,"gold_gain":0,"player_choice":"Opened","damage_taken":0,"relics_obtained":["Meat on the Bone"],"max_hp_gain":0,"max_hp_loss":0,"event_name":"The Mausoleum","floor":21,"gold_loss":0},{"damage_healed":0,"gold_gain":0,"player_choice":"Ignored","damage_taken":0,"max_hp_gain":0,"max_hp_loss":0,"event_name":"Vampires","floor":29,"gold_loss":0},{"damage_healed":0,"gold_gain":0,"player_choice":"Memory 1","damage_taken":0,"max_hp_gain":0,"max_hp_loss":0,"event_name":"SensoryStone","floor":36,"gold_loss":0},{"damage_healed":0,"gold_gain":0,"player_choice":"Fight","damage_taken":0,"max_hp_gain":0,"max_hp_loss":0,"event_name":"MindBloom","floor":47,"gold_loss":0}],"is_beta":false,"boss_relics":[{"not_picked":["Runic Pyramid","FrozenCore"],"picked":"Empty Cage"},{"not_picked":["Nuclear Battery","Pandora\u0027s Box"],"picked":"SlaversCollar"}],"items_purged_floors":[19,45],"is_endless":false,"potions_floor_spawned":[2,4,6,7,13,16,22,25,30,31,35,39,41],"ascension_level":0}}