{"host":"5pruifpvrxoc6ior","time":1613525199,"event":{"mods":["AchievementEnabler","Aspiration","BaseMod","Colored Map","Colored Powertips","Downfall","Googly Eyes","Hermit","Hubris","Jorbs\u0027s Wanderer Trilogy","Marisa????????","Minty Spire (QoL Compilation)","Quick Restart","Remilia??????","Replay The Spire","StSLib","The Bug Knight","The Cursed","The Disciple","The Hierophant","The Jungle","The Necromancer","The Servant 0.9.4"],"gold_per_floor":[115,131,131,51,74,74,74,110,110,161,161,161,161],"floor_reached":12,"language":"ENG","playtime":469,"items_purged":[],"score":84,"play_id":"30b23b09-bb0a-4c2e-aab0-55fe680ffb30","local_time":"20210216202639","is_ascension_mode":true,"campfire_choices":[],"circlet_count":0,"master_deck":["Strike_W","Strike_W","Strike_W","Strike_W","Defend_W","Defend_W","Defend_W","Defend_W","Negative_Energy_Arrows","Bone_Wall","Uppercut","FlyingSleeves","Bone_Armory","EmptyFist","FlyingSleeves"],"relics":["Vampire_Amulet","aspiration:Nostalgia","Replay:M_SmolderingBlood","Golden Idol","ReplayTheSpireMod:Ninjato","hubris:Icosahedron","aspiration:FrozenJewel"],"acts_visited":["Exordium"],"potions_floor_usage":[12,12],"damage_taken":[{"damage":12,"enemies":"Small Slimes","floor":1,"turns":6},{"damage":0,"enemies":"Jaw Worm","floor":2,"turns":5},{"damage":0,"enemies":"Cultist","floor":5,"turns":3},{"damage":32,"enemies":"Gremlin Nob","floor":8,"turns":5},{"damage":23,"enemies":"Lagavulin","floor":12,"turns":4}],"seed_played":"6142295155045447582","potions_obtained":[{"floor":1,"key":"Flashbang"},{"floor":5,"key":"Fire Potion"}],"is_trial":false,"path_per_floor":["M","M","?","$","M","PTL","PTL","E","?","?","T","E"],"character_chosen":"NECROMANCER","items_purchased":["Bone_Armory"],"campfire_rested":0,"item_purchase_floors":[4],"current_hp_per_floor":[67,69,51,51,53,53,53,23,23,23,23,0,0],"gold":161,"neow_bonus":"NOSTALGIA","is_daily":false,"chose_seed":false,"campfire_upgraded":0,"win_rate":0.0,"timestamp":1613525199,"path_taken":["M","M","?","?","M","PTL","PTL","E","?","?","T","E"],"items_purchased_type":["Card"],"build_version":"2020-12-22","purchased_purges":0,"victory":false,"max_hp_per_floor":[75,75,75,75,75,75,75,75,75,75,75,75,75],"card_choices":[{"not_picked":["Shackles_Of_Pain","FollowUp"],"picked":"Uppercut","floor":1},{"not_picked":["Blood_Whip","Violent_Necrosis"],"picked":"FlyingSleeves","floor":2},{"not_picked":["Siphon_Strength","Chill_Blood"],"picked":"EmptyFist","floor":5},{"not_picked":["Necrotic_Claws","Grasp_Heart"],"picked":"FlyingSleeves","floor":8}],"player_experience":26259,"relics_obtained":[{"floor":8,"key":"ReplayTheSpireMod:Ninjato"},{"floor":11,"key":"aspiration:FrozenJewel"}],"event_choices":[{"damage_healed":0,"gold_gain":0,"player_choice":"Take Damage","damage_taken":18,"relics_obtained":["Golden Idol"],"max_hp_gain":0,"max_hp_loss":0,"event_name":"Golden Idol","floor":3,"gold_loss":0},{"damage_healed":0,"gold_gain":51,"player_choice":"Gained Gold","damage_taken":0,"max_hp_gain":0,"max_hp_loss":0,"event_name":"Golden Wing","floor":10,"gold_loss":0}],"is_beta":false,"boss_relics":[],"items_purged_floors":[],"is_endless":false,"potions_floor_spawned":[1,5],"killed_by":"Lagavulin","ascension_level":2}}