{"host":"6z6y4ky8uzsz1dpj","time":1613570870,"event":{"mods":["AchievementEnabler","BaseMod","BetterRewards","Challenge The Spire","Colored Map","Hubris","Minty Spire (QoL Compilation)","Quick Restart","Relic Stats","Replay The Spire","StSLib"],"gold_per_floor":[118,118,128,143,162,162,177,194,194,227,227,259,259,269,269,373,373,393,413,189,189,204,239,258,291,291,308,338,354,388,388,388,489,489,509,7,24,24,24,24,53,63,88,105,133,133,165,204,204,204],"floor_reached":51,"language":"ENG","playtime":2741,"items_purged":["Strike_G","Heel Hook"],"score":1826,"play_id":"e82099dd-1eb7-4c7f-a662-47f0be309923","local_time":"20210217090750","is_ascension_mode":true,"campfire_choices":[{"floor":6.0,"key":"REST"},{"floor":15.0,"key":"REST"},{"data":"Calculated Gamble","floor":32.0,"key":"SMITH"},{"data":"Envenom","floor":40.0,"key":"SMITH"},{"floor":49.0,"key":"RECALL"}],"circlet_count":0,"master_deck":["AscendersBane","Survivor","Neutralize","Infinite Blades","Prepared","Prepared","Blade Dance+1","Terror","Calculated Gamble+1","Prepared","Accuracy","Cloak And Dagger","Tools of the Trade","Underhanded Strike","Underhanded Strike+1","Caltrops","Dagger Throw","Dagger Throw","hubris:SlightOfHand","Hidden Blade+1","Cloak And Dagger+1","Die Die Die","After Image","Calculated Gamble","Terror","Cloak And Dagger","Escape Plan","Caltrops","Caltrops","Blade Dance","Hidden Blade","ReplayTheSpireMod:Scrap Shanks","Impatience","Envenom+1","ReplayTheSpireMod:Shiv Toss","Underhanded Strike","Tactician","Finisher"],"relics":["Ring of the Snake","Tough Bandages","Unceasing Top","Replay:Ringing Soul","Paper Crane","Onion Ring","hubris:Icosahedron","White Beast Statue","Replay:Bronze Core","Toy Ornithopter","Boot","Chameleon Ring","hubris:Metronome","Smiling Mask","Nunchaku","Pandora\u0027s Box","Byrd Skull","Snake Skull","ReplayFunnel","Bottled Tornado","Blood Vial","TungstenRod"],"acts_visited":["Exordium","TheCity","TheBeyond"],"potions_floor_usage":[50],"damage_taken":[{"damage":9.0,"enemies":"Cultist","floor":1.0,"turns":5.0},{"damage":14.0,"enemies":"Small Slimes","floor":3.0,"turns":5.0},{"damage":2.0,"enemies":"Jaw Worm","floor":4.0,"turns":4.0},{"damage":7.0,"enemies":"2 Fungi Beasts","floor":5.0,"turns":3.0},{"damage":12.0,"enemies":"Lots of Slimes","floor":7.0,"turns":5.0},{"damage":0.0,"enemies":"Large Slime","floor":8.0,"turns":6.0},{"damage":17.0,"enemies":"3 Sentries","floor":10.0,"turns":11.0},{"damage":12.0,"enemies":"Lagavulin","floor":12.0,"turns":5.0},{"damage":0.0,"enemies":"2 Fungi Beasts","floor":14.0,"turns":2.0},{"damage":0.0,"enemies":"Slime Boss","floor":16.0,"turns":4.0},{"damage":9.0,"enemies":"Spheric Guardian","floor":18.0,"turns":6.0},{"damage":2.0,"enemies":"Shell Parasite","floor":19.0,"turns":3.0},{"damage":0.0,"enemies":"Shelled Parasite and Fungi","floor":22.0,"turns":3.0},{"damage":20.0,"enemies":"Replay:Snechameleon","floor":23.0,"turns":4.0},{"damage":0.0,"enemies":"Centurion and Healer","floor":24.0,"turns":3.0},{"damage":20.0,"enemies":"Slavers","floor":25.0,"turns":4.0},{"damage":8.0,"enemies":"Snake Plant","floor":27.0,"turns":3.0},{"damage":5.0,"enemies":"Replay:Snechameleon","floor":28.0,"turns":6.0},{"damage":1.0,"enemies":"3 Cultists","floor":29.0,"turns":5.0},{"damage":17.0,"enemies":"Book of Stabbing","floor":30.0,"turns":5.0},{"damage":20.0,"enemies":"Collector","floor":33.0,"turns":4.0},{"damage":0.0,"enemies":"Orb Walker","floor":35.0,"turns":2.0},{"damage":3.0,"enemies":"3 Darklings","floor":37.0,"turns":4.0},{"damage":7.0,"enemies":"Reptomancer","floor":41.0,"turns":4.0},{"damage":24.0,"enemies":"Maw","floor":42.0,"turns":3.0},{"damage":16.0,"enemies":"4 Shapes","floor":44.0,"turns":7.0},{"damage":0.0,"enemies":"Giant Head","floor":45.0,"turns":3.0},{"damage":18.0,"enemies":"Reptomancer","floor":47.0,"turns":5.0},{"damage":55,"enemies":"Time Eater","floor":50,"turns":8}],"seed_played":"2203098747512946032","potions_obtained":[{"floor":5.0,"key":"Dexterity Potion"},{"floor":7.0,"key":"SkillPotion"},{"floor":12.0,"key":"SpeedPotion"},{"floor":14.0,"key":"PowerPotion"},{"floor":16.0,"key":"LiquidBronze"},{"floor":18.0,"key":"Languid Potion"},{"floor":19.0,"key":"SpeedPotion"},{"floor":21.0,"key":"Languid Potion"},{"floor":22.0,"key":"Swift Potion"},{"floor":23.0,"key":"Fire Potion"},{"floor":24.0,"key":"Milkshake"},{"floor":25.0,"key":"Adrenaline Potion"},{"floor":27.0,"key":"Dexterity Potion"},{"floor":28.0,"key":"FearPotion"},{"floor":29.0,"key":"Block Potion"},{"floor":30.0,"key":"Explosive Potion"},{"floor":33.0,"key":"Elixir"},{"floor":37.0,"key":"Toxic Potion"},{"floor":41.0,"key":"Venom Potion"},{"floor":42.0,"key":"EssenceOfSteel"},{"floor":44.0,"key":"LiquidMemories"},{"floor":45.0,"key":"Explosive Potion"},{"floor":47.0,"key":"Explosive Potion"}],"is_trial":false,"path_per_floor":["M","$","M","M","M","R","M","M","T","E","?","E","?","M","R","B",null,"M","M","$","?","M","E","M","E","T","M","E","M","E","?","R","B",null,"M","$","M","?","?","R","E","M","T","M","E","T","E","?","R","B",null],"character_chosen":"THE_SILENT","items_purchased":["Tough Bandages","Infinite Blades","Replay:Ringing Soul","Toy Ornithopter","ReplayTheSpireMod:Scrap Shanks","Byrd Skull","Impatience"],"campfire_rested":2,"item_purchase_floors":[0,0,2,20,36,36,36],"current_hp_per_floor":[47,31,20,21,17,40,31,34,34,17,17,8,8,11,38,41,81,75,76,76,76,81,69,77,70,70,70,73,75,66,66,66,54,110,113,116,113,116,116,116,117,101,101,88,93,93,88,88,88,40],"gold":204,"neow_bonus":"","is_daily":false,"chose_seed":false,"campfire_upgraded":2,"win_rate":0.0,"timestamp":1613570870,"path_taken":["M","?","M","M","M","R","M","M","T","E","?","E","?","M","R","BOSS","M","M","$","?","M","E","M","E","T","?","E","M","E","?","R","BOSS","M","?","?","?","?","R","E","M","T","M","E","?","E","?","R","BOSS"],"items_purchased_type":["Relic","Card","Relic","Relic","Card","Relic","Card"],"build_version":"2020-12-22","purchased_purges":2,"victory":true,"max_hp_per_floor":[70,70,73,76,79,79,82,85,85,85,85,88,88,91,91,94,94,97,100,100,100,100,103,106,109,109,112,115,118,121,121,121,124,127,130,133,133,136,129,129,132,135,135,138,138,138,141,141,141,141],"relic_stats":{"counters":[147,678],"Snake Skull":[199],"Boot":[23],"Smiling Mask":50,"Blood Vial":2,"Tough Bandages":[873],"Nunchaku":[18],"Pandora\u0027s Box":["Calculated Gamble","Terror","Cloak And Dagger","Heel Hook","Escape Plan","Caltrops","Caltrops","Blade Dance"],"obtain_stats":[{"Golden Egg":6,"Tiny House":17,"Calipers":0,"Gremlin Horn":23,"CeramicFish":23,"hubris:VirtuousBlindfold":17,"Bottled Tornado":45,"Boot":8,"Blood Vial":47,"Replay:Ringing Soul":2,"HornCleat":38,"Replay:Bronze Core":17,"Prayer Wheel":0,"Iron Hammer":9,"Kunai":43,"Toxic Egg 2":28,"Byrd Skull":0,"Replay:Bottled Steam":26,"Girya":43,"Counterbalance":0,"Oddly Smooth Stone":25,"hubris:SphereOfDissonance":48,"Pen Nib":43,"Letter Opener":2,"Paper Crane":9,"Akabeko":24,"Du-Vu Doll":0,"SlaversCollar":34,"ReplayTheSpireMod:Shallot":26,"Shuriken":13,"Bronze Scales":9,"MutagenicStrength":21,"hubris:PeanutButter":28,"Pandora\u0027s Box":17,"Onion Ring":46,"ReplayTheSpireMod:TigerMarble":23,"Unceasing Top":0,"Pocketwatch":11,"ReplayFunnel":43,"Lantern":28,"Regal Pillow":4,"hubris:Metronome":26,"StoneCalendar":0,"Blue Doll":49,"Snake Skull":9,"Bag of Preparation":25,"hubris:SlimyHat":25,"Replay:Multitool":24,"Juzu Bracelet":40,"Ancient Tea Set":10,"Cursed Key":17,"Smiling Mask":28,"Pet Ghost":7,"Tough Bandages":41,"Nunchaku":34,"Replay:Bandana":7,"hubris:Icosahedron":11,"Chameleon Ring":25,"Mummified Hand":40,"Ninja Scroll":27,"Pantograph":9,"Tiny Chest":31,"WingedGreaves":0,"Red Mask":39,"Ring of the Snake":0,"hubris:GlazedTorus":47,"Gremlin Food":8,"hubris:DisguiseKit":34,"ReplayTheSpireMod:Ninjato":6,"Replay:Towering Pillar of Hats":0,"Golden Idol":3,"Quantum Egg":31,"Guide Book":36,"Basket Of Snakes":0,"Thread and Needle":0,"hubris:Towel":21,"Frozen Egg 2":28,"Orichalcum":29,"MawBank":26,"White Beast Statue":12,"Mercury Hourglass":14,"Calling Bell":34,"CaptainsWheel":0,"Anchor":9,"Ectoplasm":17,"Turnip":0,"Membership Card":0,"ReplayTheSpireMod:Lightbulb":20,"hubris:Potato":14,"hubris:OldNail":10,"TungstenRod":14,"Toy Ornithopter":20},{"Golden Egg":100,"Tiny House":8,"Calipers":16,"Gremlin Horn":12,"CeramicFish":83,"hubris:VirtuousBlindfold":25,"Bottled Tornado":145,"Boot":44,"Blood Vial":146,"Replay:Ringing Soul":119,"HornCleat":37,"Replay:Bronze Core":79,"Prayer Wheel":96,"Iron Hammer":4,"Kunai":39,"Toxic Egg 2":58,"Byrd Skull":84,"Replay:Bottled Steam":56,"Girya":65,"Counterbalance":16,"Oddly Smooth Stone":13,"hubris:SphereOfDissonance":41,"Pen Nib":115,"Letter Opener":97,"Paper Crane":124,"Akabeko":29,"Du-Vu Doll":71,"SlaversCollar":35,"ReplayTheSpireMod:Shallot":13,"Shuriken":77,"Bronze Scales":89,"MutagenicStrength":105,"hubris:PeanutButter":31,"Pandora\u0027s Box":93,"Onion Ring":115,"ReplayTheSpireMod:TigerMarble":55,"Unceasing Top":118,"Pocketwatch":101,"ReplayFunnel":143,"Lantern":14,"Regal Pillow":98,"hubris:Metronome":134,"StoneCalendar":71,"Blue Doll":117,"Snake Skull":76,"Bag of Preparation":30,"hubris:SlimyHat":56,"Replay:Multitool":106,"Juzu Bracelet":114,"Ancient Tea Set":90,"Cursed Key":104,"Smiling Mask":136,"Pet Ghost":4,"Tough Bandages":39,"Nunchaku":60,"Replay:Bandana":76,"hubris:Icosahedron":125,"Chameleon Ring":134,"Mummified Hand":63,"Ninja Scroll":107,"Pantograph":100,"Tiny Chest":109,"WingedGreaves":96,"Red Mask":62,"Ring of the Snake":0,"hubris:GlazedTorus":69,"Gremlin Food":21,"hubris:DisguiseKit":60,"ReplayTheSpireMod:Ninjato":44,"Replay:Towering Pillar of Hats":96,"Golden Idol":73,"Quantum Egg":34,"Guide Book":36,"Basket Of Snakes":42,"Thread and Needle":71,"hubris:Towel":11,"Frozen Egg 2":31,"Orichalcum":32,"MawBank":30,"White Beast Statue":126,"Mercury Hourglass":103,"Calling Bell":60,"CaptainsWheel":0,"Anchor":44,"Ectoplasm":50,"Turnip":96,"Membership Card":16,"ReplayTheSpireMod:Lightbulb":105,"hubris:Potato":7,"hubris:OldNail":22,"TungstenRod":49,"Toy Ornithopter":130},{"Golden Egg":454,"Tiny House":42,"Calipers":85,"Gremlin Horn":65,"CeramicFish":384,"hubris:VirtuousBlindfold":140,"Bottled Tornado":665,"Boot":251,"Blood Vial":670,"Replay:Ringing Soul":551,"HornCleat":211,"Replay:Bronze Core":370,"Prayer Wheel":441,"Iron Hammer":17,"Kunai":223,"Toxic Egg 2":299,"Byrd Skull":388,"Replay:Bottled Steam":294,"Girya":319,"Counterbalance":85,"Oddly Smooth Stone":70,"hubris:SphereOfDissonance":235,"Pen Nib":533,"Letter Opener":443,"Paper Crane":574,"Akabeko":162,"Du-Vu Doll":332,"SlaversCollar":201,"ReplayTheSpireMod:Shallot":70,"Shuriken":359,"Bronze Scales":409,"MutagenicStrength":488,"hubris:PeanutButter":173,"Pandora\u0027s Box":429,"Onion Ring":533,"ReplayTheSpireMod:TigerMarble":291,"Unceasing Top":546,"Pocketwatch":465,"ReplayFunnel":655,"Lantern":76,"Regal Pillow":447,"hubris:Metronome":619,"StoneCalendar":332,"Blue Doll":540,"Snake Skull":355,"Bag of Preparation":168,"hubris:SlimyHat":294,"Replay:Multitool":493,"Juzu Bracelet":527,"Ancient Tea Set":415,"Cursed Key":485,"Smiling Mask":628,"Pet Ghost":17,"Tough Bandages":223,"Nunchaku":305,"Replay:Bandana":355,"hubris:Icosahedron":585,"Chameleon Ring":619,"Mummified Hand":313,"Ninja Scroll":499,"Pantograph":454,"Tiny Chest":506,"WingedGreaves":441,"Red Mask":310,"Ring of the Snake":0,"hubris:GlazedTorus":327,"Gremlin Food":113,"hubris:DisguiseKit":305,"ReplayTheSpireMod:Ninjato":251,"Replay:Towering Pillar of Hats":441,"Golden Idol":338,"Quantum Egg":190,"Guide Book":206,"Basket Of Snakes":243,"Thread and Needle":332,"hubris:Towel":56,"Frozen Egg 2":173,"Orichalcum":179,"MawBank":168,"White Beast Statue":590,"Mercury Hourglass":472,"Calling Bell":305,"CaptainsWheel":0,"Anchor":251,"Ectoplasm":271,"Turnip":441,"Membership Card":85,"ReplayTheSpireMod:Lightbulb":488,"hubris:Potato":31,"hubris:OldNail":121,"TungstenRod":265,"Toy Ornithopter":605}],"Unceasing Top":[84],"Toy Ornithopter":75,"TungstenRod":5,"Ring of the Snake":[294]},"card_choices":[{"not_picked":["Dash","Dodge and Roll"],"picked":"Prepared","floor":1.0},{"not_picked":["Dagger Throw","Underhanded Strike"],"picked":"Prepared","floor":3.0},{"not_picked":["Choke","Dagger Throw"],"picked":"Blade Dance","floor":4.0},{"not_picked":["Bane","Draining Mist"],"picked":"Terror","floor":5.0},{"not_picked":["Atom Bomb","Cloak And Dagger"],"picked":"Calculated Gamble","floor":7.0},{"not_picked":["Dodge and Roll","Bane"],"picked":"Prepared","floor":8.0},{"not_picked":["Terror","Catalyst","Well Laid Plans"],"picked":"SKIP","floor":10.0},{"not_picked":["hubris:SlightOfHand","Sucker Punch"],"picked":"Accuracy","floor":12.0},{"not_picked":["Deflect","Setup"],"picked":"Cloak And Dagger","floor":14.0},{"not_picked":["Storm of Steel","A Thousand Cuts"],"picked":"Tools of the Trade","floor":16.0},{"not_picked":["Catalyst","Sucker Punch+1"],"picked":"Underhanded Strike","floor":18.0},{"not_picked":["Backflip","Dagger Throw"],"picked":"Underhanded Strike+1","floor":19.0},{"not_picked":["Replay:Poison Smokescreen","Flying Knee+1","Flechettes"],"picked":"SKIP","floor":22.0},{"not_picked":["Slice","Acrobatics"],"picked":"Caltrops","floor":23.0},{"not_picked":["Slice","Dagger Spray"],"picked":"Dagger Throw","floor":24.0},{"not_picked":["Acrobatics","Bane"],"picked":"Dagger Throw","floor":25.0},{"not_picked":["Flying Knee","Dash"],"picked":"hubris:SlightOfHand","floor":27.0},{"not_picked":["Dagger Throw","Deadly Poison"],"picked":"Hidden Blade+1","floor":28.0},{"not_picked":["Quick Slash","Flying Knee"],"picked":"Cloak And Dagger+1","floor":29.0},{"not_picked":["All Out Attack","Deflect"],"picked":"Die Die Die","floor":30.0},{"not_picked":["Wraith Form v2","ReplayTheSpireMod:Necrosis"],"picked":"After Image","floor":33.0},{"not_picked":["Backflip","hubris:SlightOfHand+1"],"picked":"Hidden Blade","floor":35.0},{"not_picked":["PiercingWail","Bane+1","Quick Slash"],"picked":"SKIP","floor":37.0},{"not_picked":["Dash","Dagger Spray"],"picked":"ReplayTheSpireMod:Shiv Toss","floor":41.0},{"not_picked":["hubris:Counter","Masterful Stab"],"picked":"Underhanded Strike","floor":42.0},{"not_picked":["Dagger Spray","Slice"],"picked":"Tactician","floor":44.0},{"not_picked":["Heel Hook","Deflect","Flying Knee"],"picked":"SKIP","floor":45.0},{"not_picked":["Riddle With Holes","Bouncing Flask"],"picked":"Finisher","floor":47.0}],"player_experience":632380,"relics_obtained":[{"floor":9.0,"key":"Paper Crane"},{"floor":10.0,"key":"Onion Ring"},{"floor":12.0,"key":"White Beast Statue"},{"floor":23.0,"key":"Boot"},{"floor":25.0,"key":"Chameleon Ring"},{"floor":26.0,"key":"hubris:Metronome"},{"floor":28.0,"key":"Smiling Mask"},{"floor":30.0,"key":"Nunchaku"},{"floor":41.0,"key":"Snake Skull"},{"floor":43.0,"key":"ReplayFunnel"},{"floor":45.0,"key":"Bottled Tornado"},{"floor":47.0,"key":"Blood Vial"},{"floor":48.0,"key":"TungstenRod"}],"event_choices":[{"damage_healed":0.0,"max_hp_gain":0.0,"max_hp_loss":0.0,"gold_gain":0.0,"event_name":"Living Wall","player_choice":"Grow","floor":13.0,"gold_loss":0.0,"damage_taken":0.0,"cards_upgraded":["Blade Dance"]},{"damage_healed":0.0,"max_hp_gain":0.0,"max_hp_loss":0.0,"gold_gain":0.0,"event_name":"Lab","player_choice":"Got Potions","floor":21.0,"gold_loss":0.0,"damage_taken":0.0},{"cards_removed":["Strike_G"],"damage_healed":0.0,"max_hp_gain":0.0,"max_hp_loss":0.0,"gold_gain":0.0,"event_name":"Purifier","player_choice":"Purged","floor":31.0,"gold_loss":0.0,"damage_taken":0.0},{"damage_healed":0.0,"max_hp_gain":0.0,"max_hp_loss":7.0,"gold_gain":0.0,"event_name":"Winding Halls","player_choice":"Max HP","floor":39.0,"gold_loss":0.0,"damage_taken":0.0}],"is_beta":false,"boss_relics":[{"not_picked":["SacredBark","Empty Cage"],"picked":"Replay:Bronze Core"},{"not_picked":["Snecko Eye","hubris:HollowSoul"],"picked":"Pandora\u0027s Box"}],"items_purged_floors":[20,36],"is_endless":false,"potions_floor_spawned":[5,7,12,14,16,18,19,22,23,24,25,27,28,29,30,33,35,37,41,42,44,45,47],"ascension_level":12}}