{"host":"63uc7iyb40dnlk3k","time":1613531596,"event":{"mods":["2.2 Compatiblity","AchievementEnabler","BaseMod","Defuse TimeMaze Blight","Downfall","Jorbs\u0027s Wanderer Trilogy","Minty Spire (QoL Compilation)","Random Character Button","StSLib"],"gold_per_floor":[111,111,122,122,133,165,165,165,165,182,194,226,226,236,236,337,337,350,368,384,384,299,325,325,341,341,341,104,139,61,80,80,183,183,199,199,199,199,28,55,72,98,98,98,108,120,120,120],"floor_reached":47,"language":"ENG","playtime":4075,"items_purged":["Strike_P","Strike_P"],"score":560,"play_id":"31bdad94-429a-4d70-9e45-1251c5a04bd9","local_time":"20210217051316","is_ascension_mode":false,"campfire_choices":[{"data":"Eruption","floor":8,"key":"SMITH"},{"data":"FlurryOfBlows","floor":13,"key":"SMITH"},{"data":"Wallop","floor":15,"key":"SMITH"},{"data":"WindmillStrike","floor":27,"key":"SMITH"},{"data":"TalkToTheHand","floor":32,"key":"SMITH"},{"floor":44,"key":"RECALL"}],"circlet_count":0,"master_deck":["Strike_P+1","Defend_P","Defend_P","Defend_P","Defend_P","Eruption+1","Vigilance+1","Pray","FollowUp","Wallop+1","FlurryOfBlows+1","DeceiveReality","FearNoEvil+1","Study+1","Tantrum","MasterReality+1","Sanctity+1","JustLucky+1","WindmillStrike+1","TalkToTheHand+1","DeceiveReality+1","TalkToTheHand+1","LessonLearned","Flash of Steel","SashWhip","Wallop","Prostrate+1","DeusExMachina","Worship+1","Madness","Madness","Dark Shackles","Master of Strategy+1","TalkToTheHand","Evaluate+1","Crescendo+1","CrushJoints+1","Perseverance","ClearTheMind","CarveReality","Parasite"],"relics":["HolyWater","Blood Vial","Gremlin Horn","Frozen Egg 2","GoldenEye","Orichalcum","Pocketwatch","Pantograph","Bird Faced Urn","Prayer Wheel","Sozu","Happy Flower","TungstenRod"],"acts_visited":["Exordium","TheCity","TheBeyond"],"potions_floor_usage":[12,31,35,40],"damage_taken":[{"damage":0,"enemies":"Jaw Worm","floor":1,"turns":5},{"damage":2,"enemies":"Small Slimes","floor":3,"turns":4},{"damage":0,"enemies":"Cultist","floor":5,"turns":2},{"damage":44,"enemies":"3 Sentries","floor":6,"turns":14},{"damage":0,"enemies":"Exordium Wildlife","floor":10,"turns":3},{"damage":0,"enemies":"Blue Slaver","floor":11,"turns":1},{"damage":9,"enemies":"Lagavulin","floor":12,"turns":5},{"damage":0,"enemies":"2 Fungi Beasts","floor":14,"turns":4},{"damage":4,"enemies":"Hexaghost","floor":16,"turns":9},{"damage":0,"enemies":"Chosen","floor":18,"turns":3},{"damage":1,"enemies":"Spheric Guardian","floor":19,"turns":3},{"damage":0,"enemies":"Centurion and Healer","floor":20,"turns":4},{"damage":27,"enemies":"Slavers","floor":23,"turns":6},{"damage":2,"enemies":"Sentry and Sphere","floor":25,"turns":5},{"damage":16,"enemies":"Book of Stabbing","floor":29,"turns":8},{"damage":4,"enemies":"Snake Plant","floor":31,"turns":5},{"damage":22,"enemies":"Collector","floor":33,"turns":10},{"damage":3,"enemies":"Orb Walker","floor":35,"turns":4},{"damage":23,"enemies":"Reptomancer","floor":40,"turns":8},{"damage":3,"enemies":"3 Darklings","floor":41,"turns":5},{"damage":8,"enemies":"Giant Head","floor":42,"turns":7},{"damage":0,"enemies":"4 Shapes","floor":45,"turns":3},{"damage":20,"enemies":"Sphere and 2 Shapes","floor":46,"turns":6},{"damage":27,"enemies":"Writhing Mass","floor":47,"turns":3}],"seed_played":"-8726509651387050229","potions_obtained":[{"floor":1,"key":"Energy Potion"},{"floor":10,"key":"SneckoOil"},{"floor":25,"key":"Energy Potion"},{"floor":29,"key":"sneckomod:MuddlingPotion"},{"floor":31,"key":"Block Potion"},{"floor":33,"key":"AttackPotion"}],"is_trial":false,"path_per_floor":["M","?","M","?","M","E","?","R","T","M","M","E","R","M","R","B",null,"M","M","M","?","?","E","T","M","T","R","$","E","$","M","R","B",null,"M","?","?","?","$","E","M","E","T","R","M","M","M"],"character_chosen":"WATCHER","items_purchased":["LessonLearned","Flash of Steel","Wallop","TalkToTheHand"],"campfire_rested":0,"item_purchase_floors":[28,28,30,39],"current_hp_per_floor":[72,72,70,70,72,28,28,28,28,30,32,25,25,27,27,25,72,72,71,72,72,72,45,45,45,45,45,45,35,35,35,35,44,72,69,60,60,55,55,36,37,35,35,35,37,21,0,0],"gold":120,"neow_bonus":"RANDOM_COMMON_RELIC","is_daily":false,"chose_seed":false,"campfire_upgraded":5,"win_rate":0.0,"timestamp":1613531596,"path_taken":["M","?","M","?","M","E","?","R","T","M","M","E","R","?","R","BOSS","M","M","M","?","?","E","?","M","T","R","?","E","$","M","R","BOSS","M","?","?","?","$","E","M","E","T","R","M","M","M"],"items_purchased_type":["Card","Card","Card","Card"],"build_version":"2020-12-22","purchased_purges":2,"victory":false,"max_hp_per_floor":[72,72,72,72,72,72,72,72,72,72,72,72,72,72,72,72,72,72,72,72,72,72,72,72,72,72,72,72,72,72,72,72,72,72,72,72,72,72,72,72,72,72,72,72,72,72,72,72],"card_choices":[{"not_picked":["Evaluate","Protect"],"picked":"Pray","floor":1},{"not_picked":["CrushJoints","Pray"],"picked":"FollowUp","floor":3},{"not_picked":["Prostrate","Protect"],"picked":"Wallop","floor":5},{"not_picked":["CutThroughFate","Vault"],"picked":"FlurryOfBlows","floor":6},{"not_picked":["Collect","WaveOfTheHand"],"picked":"DeceiveReality","floor":10},{"not_picked":["Pray","PathToVictory"],"picked":"FearNoEvil","floor":11},{"not_picked":["Tantrum","Vengeance"],"picked":"Study+1","floor":12},{"not_picked":["Swivel","Crescendo"],"picked":"Tantrum","floor":14},{"not_picked":["Omniscience","LessonLearned"],"picked":"MasterReality+1","floor":16},{"not_picked":["LikeWater+1","BowlingBash"],"picked":"Sanctity+1","floor":18},{"not_picked":["EmptyBody","Indignation+1"],"picked":"JustLucky","floor":19},{"not_picked":["CutThroughFate","Protect"],"picked":"WindmillStrike","floor":20},{"not_picked":["Weave","FlyingSleeves"],"picked":"DeceiveReality","floor":23},{"not_picked":["ForeignInfluence","Collect"],"picked":"TalkToTheHand+1","floor":25},{"not_picked":["CutThroughFate","FlurryOfBlows"],"picked":"SashWhip","floor":29},{"not_picked":["Crescendo","CrushJoints+1"],"picked":"Prostrate+1","floor":31},{"not_picked":["EmptyBody","Protect","ForeignInfluence"],"picked":"SKIP","floor":31},{"not_picked":["Judgement","LessonLearned"],"picked":"DeusExMachina","floor":33},{"not_picked":["ReachHeaven","SignatureMove+1"],"picked":"Worship+1","floor":35},{"not_picked":["SignatureMove","Halt","CrushJoints+1"],"picked":"SKIP","floor":35},{"not_picked":["Mind Blast","PanicButton"],"picked":"Dark Shackles","floor":38},{"not_picked":["Secret Technique","Secret Weapon"],"picked":"Master of Strategy","floor":38},{"not_picked":["FollowUp+1","WindmillStrike+1"],"picked":"Evaluate+1","floor":40},{"not_picked":["SashWhip","FlyingSleeves"],"picked":"Crescendo+1","floor":41},{"not_picked":["FearNoEvil","ThirdEye+1","SandsOfTime+1"],"picked":"SKIP","floor":41},{"not_picked":["Halt","Fasting2+1"],"picked":"CrushJoints+1","floor":42},{"not_picked":["Protect+1","ClearTheMind"],"picked":"Perseverance","floor":45},{"not_picked":["CrushJoints","Indignation+1","Study+1"],"picked":"SKIP","floor":45},{"not_picked":["EmptyFist+1","Sanctity"],"picked":"ClearTheMind","floor":46},{"not_picked":["WaveOfTheHand","CrushJoints"],"picked":"CarveReality","floor":46}],"player_experience":365461,"relics_obtained":[{"floor":6,"key":"Gremlin Horn"},{"floor":9,"key":"Frozen Egg 2"},{"floor":12,"key":"GoldenEye"},{"floor":23,"key":"Pocketwatch"},{"floor":24,"key":"Pantograph"},{"floor":26,"key":"Bird Faced Urn"},{"floor":29,"key":"Prayer Wheel"},{"floor":40,"key":"Happy Flower"},{"floor":42,"key":"TungstenRod"}],"event_choices":[{"damage_healed":0,"gold_gain":0,"player_choice":"Ignored","damage_taken":0,"max_hp_gain":0,"max_hp_loss":0,"event_name":"Liars Game","floor":2,"gold_loss":0},{"cards_removed":["Strike_P"],"damage_healed":0,"gold_gain":0,"player_choice":"Forget","damage_taken":0,"max_hp_gain":0,"max_hp_loss":0,"event_name":"Living Wall","floor":4,"gold_loss":0},{"damage_healed":0,"gold_gain":0,"player_choice":"Bought 0 Potions","damage_taken":0,"max_hp_gain":0,"max_hp_loss":0,"event_name":"The Woman in Blue","floor":7,"gold_loss":0},{"damage_healed":0,"gold_gain":0,"player_choice":"Read","damage_taken":0,"max_hp_gain":0,"max_hp_loss":0,"event_name":"The Library","floor":21,"gold_loss":0,"cards_obtained":["TalkToTheHand"]},{"damage_healed":0,"gold_gain":0,"player_choice":"Obtained Relic","damage_taken":0,"relics_obtained":["Orichalcum"],"max_hp_gain":0,"max_hp_loss":0,"event_name":"Addict","floor":22,"gold_loss":85},{"damage_healed":0,"gold_gain":0,"player_choice":"Embrace Madness","damage_taken":9,"max_hp_gain":0,"max_hp_loss":0,"event_name":"Winding Halls","floor":36,"gold_loss":0,"cards_obtained":["Madness","Madness"]},{"damage_healed":0,"gold_gain":0,"player_choice":"Ignored","damage_taken":0,"max_hp_gain":0,"max_hp_loss":0,"event_name":"Tomb of Lord Red Mask","floor":37,"gold_loss":0},{"damage_healed":0,"gold_gain":0,"player_choice":"Memory 2","damage_taken":5,"max_hp_gain":0,"max_hp_loss":0,"event_name":"SensoryStone","floor":38,"gold_loss":0}],"is_beta":false,"boss_relics":[{"not_picked":["Ectoplasm","Empty Cage"],"picked":"HolyWater"},{"not_picked":["SlaversCollar","Cursed Key"],"picked":"Sozu"}],"items_purged_floors":[28,39],"is_endless":false,"potions_floor_spawned":[1,10,25,29,31,33,35,45],"killed_by":"Writhing Mass","ascension_level":0}}