{"host":"y6zg4wwu39otf01a","time":1613603456,"event":{"mods":["Act Like it!","Aspiration","BaseMod","Better Altar","Better Match","Better Note","Better Sensory Stone","Better Skull","Better Third Choice","Challenge The Spire","Colored Map","Colored Powertips","Conspire","GifTheSpireLib","Glutton Mod","Halation","Hermit","Highlight Path","Hubris","Infinite Spire","Mimic Mod","Minty Spire (QoL Compilation)","Quick Restart","Random Character Button","Rare Cards Sparkle","Reliquary","Replay The Spire","Retaliation","Ruina","Spicy Shops","StSLib","Stuff the Spire","The Blue Laboratory","The Construct","The Jungle"],"gold_per_floor":[359,371,17,92,17,17,48,48,71,71,19,119,119,134,134,233,233,252,267,267,281,281,281,281],"floor_reached":23,"language":"ENG","playtime":1017,"items_purged":[],"score":261,"play_id":"2dd10f9a-4693-4b33-8a0f-35715b0ebc84","local_time":"20210217171056","is_ascension_mode":true,"campfire_choices":[{"data":"StuffTheSpire:Plugnplay","floor":6.0,"key":"SMITH"},{"floor":10.0,"key":"REST"},{"data":"Defragment","floor":13.0,"key":"SMITH"},{"floor":15.0,"key":"DIG"}],"circlet_count":0,"master_deck":["Strike_B","Strike_B","Strike_B","Strike_B","Defend_B","Defend_B","Defend_B","Defend_B","Zap","Dualcast","hubris:Defend_Merchant","Strike_R","StuffTheSpire:Plugnplay+1","Defragment+1","StuffTheSpire:GlassShard+1","Leap","Burst","Beam Cell","hubris:PowerSurge","Thunder Strike","hubris:Wrath","White Noise","Beam Cell+1"],"relics":["Cracked Core","Omamori","reliquary:Bookmark","halation:LettersToHer","PreservedInsect","reliquary:PartyBalloon","Blood Vial","reliquary:Conveyor","Replay:Ancient Bell","reliquary:TatteredRug","Symbiotic Virus","hubris:AstralHammer","HandDrill","construct:WeddingRing","SsserpentHead"],"acts_visited":["Exordium","TheCity"],"potions_floor_usage":[21,23],"damage_taken":[{"damage":2.0,"enemies":"Jaw Worm","floor":1.0,"turns":3.0},{"damage":1.0,"enemies":"Cultist","floor":2.0,"turns":3.0},{"damage":34.0,"enemies":"3 Sentries","floor":7.0,"turns":7.0},{"damage":0.0,"enemies":"Small Slimes","floor":14.0,"turns":2.0},{"damage":0.0,"enemies":"Slime Boss","floor":16.0,"turns":4.0},{"damage":7.0,"enemies":"Chosen","floor":18.0,"turns":4.0},{"damage":41,"enemies":"3 Byrds","floor":19,"turns":5},{"damage":7,"enemies":"Cultist and Chosen","floor":21,"turns":4},{"damage":50,"enemies":"Gremlin Leader","floor":23,"turns":5}],"seed_played":"3887010125056162341","potions_obtained":[{"floor":18.0,"key":"blueLaboratory:RelayPotion"},{"floor":21,"key":"DuplicationPotion"}],"is_trial":false,"path_per_floor":["M","M","$","?","$","R","E","?","T","R","$","?","R","M","R_BF","B",null,"M","M","AVR","M","?","E"],"character_chosen":"DEFECT","items_purchased":["Omamori","StuffTheSpire:GlassShard+1","reliquary:Bookmark","halation:LettersToHer","Beam Cell"],"campfire_rested":1,"item_purchase_floors":[3,3,3,5,11],"current_hp_per_floor":[73,72,72,61,61,61,27,19,19,41,41,41,41,43,43,45,75,68,29,29,24,24,0,0],"gold":281,"neow_bonus":"TWO_FIFTY_GOLD","is_daily":false,"chose_seed":false,"campfire_upgraded":2,"win_rate":0.0,"timestamp":1613603456,"path_taken":["M","M","$","?","$","R","E","?","T","R","?","?","R","M","R_BF","BOSS","M","?","AVR","M","?","E"],"items_purchased_type":["Relic","Card","Relic","Relic","Card"],"build_version":"2020-12-22","purchased_purges":0,"victory":false,"max_hp_per_floor":[75,75,75,75,75,75,75,75,75,75,75,75,75,75,75,75,75,75,75,75,75,75,75,75],"card_choices":[{"not_picked":["ReplaySort","Cold Snap"],"picked":"StuffTheSpire:Plugnplay","floor":1.0},{"not_picked":["ReplayTheSpireMod:Dual Polarity","Stack"],"picked":"Defragment","floor":2.0},{"not_picked":["Tempest","Turbo"],"picked":"Leap","floor":7.0},{"not_picked":["Steam","Cold Snap"],"picked":"hubris:PowerSurge","floor":14.0},{"not_picked":["StuffTheSpire:Purify","hubris:DoWhile"],"picked":"Thunder Strike","floor":16.0},{"not_picked":["Injury","Overencumbered"],"picked":"hubris:Despair","floor":17.0},{"not_picked":["hubris:Despair","Sickly"],"picked":"hubris:Wrath","floor":17.0},{"not_picked":["Injury","ReplayTheSpireMod:IOU"],"picked":"hubris:Wrath","floor":17.0},{"not_picked":["StuffTheSpire:Coldhearted","Sweeping Beam"],"picked":"White Noise","floor":18.0},{"not_picked":["Compile Driver","StuffTheSpire:LoadUp","Go for the Eyes"],"picked":"SKIP","floor":19},{"not_picked":["StuffTheSpire:CleanHardDrive+1","Compile Driver+1"],"picked":"Beam Cell+1","floor":21}],"player_experience":881568,"relics_obtained":[{"floor":7.0,"key":"PreservedInsect"},{"floor":9.0,"key":"halation:LettersToHer"},{"floor":9.0,"key":"Blood Vial"},{"floor":15.0,"key":"reliquary:Conveyor"}],"event_choices":[{"damage_healed":0.0,"max_hp_gain":0.0,"max_hp_loss":0.0,"gold_gain":75.0,"event_name":"betterThird:BetterGoop","player_choice":"Gold","floor":4.0,"gold_loss":0.0,"damage_taken":11.0},{"damage_healed":0.0,"max_hp_gain":0.0,"max_hp_loss":0.0,"gold_gain":100.0,"event_name":"Golden Shrine","player_choice":"Pray","floor":12.0,"gold_loss":0.0,"damage_taken":0.0},{"damage_healed":0,"gold_gain":0,"player_choice":"Trade","damage_taken":0,"relics_obtained":["SsserpentHead"],"max_hp_gain":0,"max_hp_loss":0,"event_name":"FaceTrader","floor":22,"gold_loss":0}],"is_beta":false,"boss_relics":[{"not_picked":["Replay:Grab Bag","reliquary:RustamsPendant"],"picked":"Replay:Ancient Bell"},{"not_picked":["reliquary:RosewoodLute","Bronze Scales"],"picked":"reliquary:TatteredRug"},{"not_picked":["StuffTheSpire:EmeraldSignet","hubris:DuctTape"],"picked":"Symbiotic Virus"},{"not_picked":["CaptainsWheel","Ginger"],"picked":"hubris:AstralHammer"}],"items_purged_floors":[],"is_endless":false,"potions_floor_spawned":[18,21],"killed_by":"Gremlin Leader","ascension_level":2}}