{"host":"js2su9tbbk4rmjfl","time":1613574814,"event":{"mods":["AchievementEnabler","BaseMod","Block Reminder","Colored Map","Colored Powertips","Highlight Path","Minty Spire (QoL Compilation)","Relic Stats"],"gold_per_floor":[114,114,114,129,15,43,59,59,131,149,149,149,175,15,15,15,15],"floor_reached":16,"language":"ENG","playtime":989,"items_purged":["Pain"],"score":205,"play_id":"45323d6e-f071-4d40-acbc-0bd1dbd183e7","local_time":"20210217161334","is_ascension_mode":true,"campfire_choices":[{"data":"Feed","floor":8,"key":"SMITH"},{"floor":15,"key":"REST"}],"circlet_count":0,"master_deck":["AscendersBane","Strike_R","Strike_R","Strike_R","Strike_R","Strike_R","Defend_R","Defend_R","Defend_R","Bash","Feed+1","Iron Wave","True Grit","Disarm","Intimidate","Impervious","Dual Wield","Ghostly Armor"],"relics":["Burning Blood","WarpedTongs","Tiny Chest","Frozen Egg 2","Letter Opener","Pen Nib","Bag of Marbles"],"acts_visited":["Exordium"],"potions_floor_usage":[6,13,16],"damage_taken":[{"damage":15,"enemies":"2 Louse","floor":1,"turns":3},{"damage":4,"enemies":"Small Slimes","floor":4,"turns":3},{"damage":31,"enemies":"Lagavulin","floor":6,"turns":7},{"damage":4,"enemies":"Cultist","floor":7,"turns":4},{"damage":19,"enemies":"Exordium Thugs","floor":10,"turns":7},{"damage":44,"enemies":"Gremlin Nob","floor":13,"turns":5},{"damage":43,"enemies":"Hexaghost","floor":16,"turns":17}],"seed_played":"4463288414593777638","potions_obtained":[{"floor":4,"key":"Ancient Potion"},{"floor":7,"key":"BloodPotion"},{"floor":13,"key":"SkillPotion"}],"is_trial":false,"path_per_floor":["M","?","?","M","$","E","M","R","T","M","T","$","E","$","R","B"],"character_chosen":"IRONCLAD","items_purchased":["Disarm","Bag of Marbles"],"campfire_rested":1,"item_purchase_floors":[5,14],"current_hp_per_floor":[62,55,55,61,61,40,42,42,42,33,33,33,13,13,40,0,0],"gold":15,"neow_bonus":"ONE_RANDOM_RARE_CARD","is_daily":false,"chose_seed":false,"campfire_upgraded":1,"win_rate":0.0,"timestamp":1613574814,"path_taken":["M","?","?","M","$","E","?","R","T","M","?","?","E","$","R","BOSS"],"items_purchased_type":["Card","Relic"],"build_version":"2020-12-22","purchased_purges":1,"victory":false,"max_hp_per_floor":[78,78,78,82,82,86,86,86,86,90,90,90,90,90,90,90,90],"relic_stats":{"counters":[7,46],"Tiny Chest":0,"Pen Nib":[2],"Letter Opener":[5],"obtain_stats":[{"Tiny Chest":6,"Pen Nib":13,"Bag of Marbles":14,"Letter Opener":11,"Frozen Egg 2":9,"Burning Blood":0,"WarpedTongs":3},{"Tiny Chest":3,"Pen Nib":6,"Bag of Marbles":6,"Letter Opener":5,"Frozen Egg 2":4,"Burning Blood":0,"WarpedTongs":1},{"Tiny Chest":13,"Pen Nib":29,"Bag of Marbles":29,"Letter Opener":24,"Frozen Egg 2":17,"Burning Blood":0,"WarpedTongs":3}],"Burning Blood":36,"WarpedTongs":[40]},"card_choices":[{"not_picked":["Perfected Strike","Anger"],"picked":"Iron Wave","floor":1},{"not_picked":["Thunderclap","Power Through"],"picked":"True Grit","floor":4},{"not_picked":["Armaments","Combust"],"picked":"Intimidate","floor":6},{"not_picked":["Rampage","Rage"],"picked":"Impervious","floor":7},{"not_picked":["True Grit","Iron Wave"],"picked":"Dual Wield","floor":10},{"not_picked":["Searing Blow","Cleave"],"picked":"Ghostly Armor","floor":13}],"player_experience":813611,"relics_obtained":[{"floor":6,"key":"Tiny Chest"},{"floor":9,"key":"Frozen Egg 2"},{"floor":11,"key":"Letter Opener"},{"floor":13,"key":"Pen Nib"}],"event_choices":[{"cards_removed":["Defend_R"],"damage_healed":0,"gold_gain":0,"player_choice":"Card Removal","damage_taken":7,"max_hp_gain":0,"max_hp_loss":0,"event_name":"Golden Wing","floor":2,"gold_loss":0},{"damage_healed":0,"gold_gain":0,"player_choice":"Rummage","damage_taken":0,"relics_obtained":["WarpedTongs"],"max_hp_gain":0,"max_hp_loss":0,"event_name":"Accursed Blacksmith","floor":3,"gold_loss":0,"cards_obtained":["Pain"]}],"is_beta":false,"boss_relics":[],"items_purged_floors":[5],"is_endless":false,"potions_floor_spawned":[4,7,13],"killed_by":"Hexaghost","ascension_level":18}}