{"host":"i09pxcjttd31eh4q","time":1613568134,"event":{"mods":["AchievementEnabler","BaseMod","Colored Map","Keyboard Shortcuts","Minty Spire (QoL Compilation)","StSLib","SuperFastMode"],"gold_per_floor":[117,117,134,134,59,89,109,124,149,149,149,165,165,176,176,176,176],"floor_reached":16,"language":"KOR","playtime":422,"items_purged":["Strike_G"],"score":254,"play_id":"0b833365-900e-4ec8-9a13-73ea63820c76","local_time":"20210217222214","is_ascension_mode":true,"campfire_choices":[{"data":"Prepared","floor":11,"key":"SMITH"},{"data":"Tactician","floor":13,"key":"SMITH"},{"data":"Well Laid Plans","floor":15,"key":"SMITH"}],"circlet_count":0,"master_deck":["AscendersBane","Strike_G","Strike_G","Strike_G","Strike_G","Defend_G","Defend_G","Defend_G","Defend_G","Defend_G","Survivor","Neutralize","Predator","Prepared+1","Tactician+1","Well Laid Plans+1","Backflip","Acrobatics"],"relics":["Ring of the Snake","NeowsBlessing","Smiling Mask","Strawberry"],"acts_visited":["Exordium"],"potions_floor_usage":[8,16,16],"damage_taken":[{"damage":0.0,"enemies":"Small Slimes","floor":1.0,"turns":1.0},{"damage":0.0,"enemies":"Cultist","floor":3.0,"turns":1.0},{"damage":0,"enemies":"Gremlin Nob","floor":6,"turns":1},{"damage":2,"enemies":"2 Louse","floor":7,"turns":4},{"damage":4,"enemies":"Exordium Thugs","floor":8,"turns":4},{"damage":2,"enemies":"3 Louse","floor":12,"turns":5},{"damage":4,"enemies":"Gremlin Gang","floor":14,"turns":6},{"damage":51,"enemies":"Slime Boss","floor":16,"turns":9}],"seed_played":"-7087204520293350461","potions_obtained":[{"floor":3.0,"key":"Explosive Potion"},{"floor":4,"key":"AttackPotion"},{"floor":14,"key":"DistilledChaos"}],"is_trial":false,"path_per_floor":["M","?","M","?","$","E","M","M","T","?","R","M","R","M","R","B"],"character_chosen":"THE_SILENT","items_purchased":[],"campfire_rested":0,"item_purchase_floors":[],"current_hp_per_floor":[59,50,50,50,50,50,48,44,51,51,51,49,49,45,45,0,0],"gold":176,"neow_bonus":"THREE_ENEMY_KILL","is_daily":false,"chose_seed":false,"campfire_upgraded":3,"win_rate":0.0,"timestamp":1613568134,"path_taken":["M","?","?","?","$","E","?","M","T","?","R","M","R","?","R","BOSS"],"items_purchased_type":[],"build_version":"2020-12-22","purchased_purges":1,"victory":false,"max_hp_per_floor":[66,66,66,66,66,66,66,66,73,73,73,73,73,73,73,73,73],"card_choices":[{"not_picked":["Poisoned Stab","Dodge and Roll"],"picked":"Predator","floor":1.0},{"not_picked":["Dagger Throw","Bouncing Flask"],"picked":"Prepared","floor":3.0},{"not_picked":["Flying Knee","Dagger Spray"],"picked":"Tactician","floor":6},{"not_picked":["Deflect","Accuracy"],"picked":"Well Laid Plans","floor":7},{"not_picked":["Sucker Punch","Expertise"],"picked":"Backflip","floor":8},{"not_picked":["Poisoned Stab","Sucker Punch","Deadly Poison"],"picked":"SKIP","floor":12},{"not_picked":["Terror","Dagger Spray"],"picked":"Acrobatics","floor":14}],"player_experience":917758,"relics_obtained":[{"floor":6,"key":"Smiling Mask"},{"floor":9,"key":"Strawberry"}],"event_choices":[{"damage_healed":0.0,"max_hp_gain":0.0,"max_hp_loss":0.0,"gold_gain":0.0,"event_name":"Wheel of Change","player_choice":"Damaged","floor":2.0,"gold_loss":0.0,"damage_taken":9.0},{"damage_healed":0,"gold_gain":0,"player_choice":"Got Potions","damage_taken":0,"max_hp_gain":0,"max_hp_loss":0,"event_name":"Lab","floor":4,"gold_loss":0},{"damage_healed":0,"gold_gain":0,"player_choice":"0 cards matched","damage_taken":0,"max_hp_gain":0,"max_hp_loss":0,"event_name":"Match and Keep!","floor":10,"gold_loss":0,"cards_obtained":[]}],"is_beta":false,"boss_relics":[],"items_purged_floors":[5],"is_endless":false,"potions_floor_spawned":[3,14],"killed_by":"Slime Boss","ascension_level":20}}