{"host":"uceopoba4zvqsgiy","time":1613592252,"event":{"mods":["2.2 Compatiblity","Act Like it!","BaseMod","Better Skull","Better Third Choice","Elementarium","Evolution","GifTheSpireLib","Hermit","Humility","Infinite Spire","Jorbs\u0027s Wanderer Trilogy","Marked Mod","Minty Spire (QoL Compilation)","Potionbrewer","Reliquary","Replay The Spire","Robot Space Explorer","Shade Mod","Spicy Shops","StS++","StSLib","Stuff the Spire","The Blue Laboratory","The Caster","The Cursed","The Dragon Tamer","The Dragonkin","The Hierophant","The Judge","The Jungle","TheSurvivalist","Wandering Minibosses"],"gold_per_floor":[109,172,191,191,206,206,232,244,279,291,303,315,345,392,404,517,529,529,554,589,620,547,559,559],"floor_reached":23,"language":"ENG","playtime":1793,"items_purged":[],"score":239,"play_id":"39658411-4ec5-4347-978f-447ab7dbaa89","local_time":"20210218063412","is_ascension_mode":true,"campfire_choices":[{"data":"RobotSpaceExplorer:Autoloader","floor":6,"key":"SMITH"},{"floor":10,"key":"REST"},{"floor":12,"key":"REST"},{"floor":15,"key":"REST"}],"circlet_count":0,"master_deck":["RobotSpaceExplorer:Strike","RobotSpaceExplorer:Strike","RobotSpaceExplorer:Strike","RobotSpaceExplorer:Strike","RobotSpaceExplorer:Defend","RobotSpaceExplorer:Defend","RobotSpaceExplorer:Defend","RobotSpaceExplorer:Defend","RobotSpaceExplorer:Scan","RobotSpaceExplorer:MiniLasers","RobotSpaceExplorer:Autoloader+1","RobotSpaceExplorer:StunGrenade","RobotSpaceExplorer:RigExplosive","theDragonkin:AcidRain","survmod:FlareBarrage","Looming Evil","stsjorbsmod:Haunt","Shade:ExtraLimbs","hermit:Roughhouse","DTMod:Adaptation","DTMod:LastStand","survmod:MarkedShot"],"relics":["RobotSpaceExplorer:RoboCore","EVO:Axolotl","Potion Belt","PrismaticShard","MawBank","Replay:Accelerometer","StuffTheSpire:Experiment12","Happy Flower","RobotSpaceExplorer:Reprocessor","reliquary:RosewoodLute","StuffTheSpire:EmeraldSignet"],"acts_visited":["Exordium","TheCity"],"potions_floor_usage":[3,7,7,13,14,14,14,16,16,21,21,21,23,23,23],"damage_taken":[{"damage":0,"enemies":"Small Slimes","floor":1,"turns":4},{"damage":5,"enemies":"Jaw Worm","floor":3,"turns":5},{"damage":6,"enemies":"Cultist","floor":5,"turns":5},{"damage":56,"enemies":"3 Sentries","floor":7,"turns":9},{"damage":3,"enemies":"Exordium Wildlife","floor":13,"turns":6},{"damage":36,"enemies":"Gremlin Nob","floor":14,"turns":5},{"damage":33,"enemies":"Fading Forest","floor":16,"turns":11},{"damage":16,"enemies":"2 Thieves","floor":18,"turns":4},{"damage":7,"enemies":"Chosen","floor":19,"turns":6},{"damage":22,"enemies":"Snake Plant","floor":21,"turns":5},{"damage":36,"enemies":"Slavers","floor":23,"turns":5}],"seed_played":"-4191427079572681923","potions_obtained":[{"floor":1,"key":"Toxic Potion"},{"floor":2,"key":"blueLaboratory:HeartbeatPotion"},{"floor":2,"key":"Block Potion"},{"floor":7,"key":"BlessingOfTheForge"},{"floor":13,"key":"blueLaboratory:HeartbeatPotion"},{"floor":14,"key":"SkillPotion"},{"floor":19,"key":"Dexterity Potion"},{"floor":21,"key":"Weak Potion"}],"is_trial":false,"path_per_floor":["M","?","M","?","M","R","E","?","T","R","?","R","M","E","R","B",null,"M","M","T","M","?","E"],"character_chosen":"RobotSpaceExplorer","items_purchased":[],"campfire_rested":3,"item_purchase_floors":[],"current_hp_per_floor":[75,75,70,70,64,64,8,8,8,30,30,52,49,13,35,14,75,59,52,52,30,30,0,0],"gold":559,"neow_bonus":"THREE_RARE_CARDS","is_daily":false,"chose_seed":false,"campfire_upgraded":1,"win_rate":0.0,"timestamp":1613592252,"path_taken":["M","?","M","?","?","R","E","?","T","R","?","R","M","E","R","BOSS","M","M","?","M","?","E"],"items_purchased_type":[],"build_version":"2020-12-22","purchased_purges":0,"victory":false,"max_hp_per_floor":[75,75,75,75,75,75,75,75,75,75,75,75,75,75,75,75,75,75,75,75,75,75,75,75],"card_choices":[{"not_picked":["RobotSpaceExplorer:Arsenal","RobotSpaceExplorer:HighVoltage"],"picked":"RobotSpaceExplorer:Autoloader","floor":0},{"not_picked":["RobotSpaceExplorer:SurgingStrike","RobotSpaceExplorer:MakeshiftVolley"],"picked":"RobotSpaceExplorer:StunGrenade","floor":1},{"not_picked":["RobotSpaceExplorer:IronShell","RobotSpaceExplorer:GlueShot"],"picked":"RobotSpaceExplorer:RigExplosive","floor":3},{"not_picked":["Shade:Premonition","RobotSpaceExplorer:Counterblock"],"picked":"theDragonkin:AcidRain","floor":5},{"not_picked":["Shade:Awaken","Double Energy"],"picked":"survmod:FlareBarrage","floor":7},{"not_picked":["ReplayTheSpireMod:Corrosion Curse","RobotSpaceExplorer:Probe"],"picked":"stsjorbsmod:Haunt","floor":13},{"not_picked":["Replay:Vibes","Replay:ManipulateFuture"],"picked":"Shade:ExtraLimbs","floor":14},{"not_picked":["survmod:NeedleShot","DTMod:FierySynthesis"],"picked":"hermit:Roughhouse","floor":16},{"not_picked":["survmod:OverexertingShot","TheCursedMod:CursedSpellbook+1"],"picked":"DTMod:Adaptation","floor":18},{"not_picked":["Run Through","RobotSpaceExplorer:SlimeMissile"],"picked":"DTMod:LastStand","floor":19},{"not_picked":["caster:Incinerate","stsjorbsmod:Panic"],"picked":"survmod:MarkedShot","floor":21}],"player_experience":1844310,"relics_obtained":[{"floor":2,"key":"Potion Belt"},{"floor":7,"key":"MawBank"},{"floor":8,"key":"Replay:Accelerometer"},{"floor":9,"key":"StuffTheSpire:Experiment12"},{"floor":14,"key":"Happy Flower"},{"floor":20,"key":"reliquary:RosewoodLute"}],"event_choices":[{"damage_healed":0,"gold_gain":0,"cards_transformed":["Regret"],"player_choice":"Transformed","damage_taken":0,"max_hp_gain":0,"max_hp_loss":0,"event_name":"Transmorgrifier","floor":11,"gold_loss":0,"cards_obtained":["Looming Evil"]},{"damage_healed":0,"gold_gain":0,"player_choice":"Obtained Relic","damage_taken":0,"relics_obtained":["StuffTheSpire:EmeraldSignet"],"max_hp_gain":0,"max_hp_loss":0,"event_name":"Addict","floor":22,"gold_loss":85}],"is_beta":false,"boss_relics":[{"not_picked":["Pandora\u0027s Box","Astrolabe"],"picked":"RobotSpaceExplorer:Reprocessor"}],"items_purged_floors":[],"is_endless":false,"potions_floor_spawned":[1,7,13,14,19,21],"killed_by":"Slavers","ascension_level":4,"is_humility":true}}