{"host":"1eshbq9n813iloto","time":1613566074,"event":{"mods":["Astrologer","BaseMod","Better Third Choice","Hermit","Hubris","Marisa????????","Minty Spire (QoL Compilation)","StSLib","The Cursed","TheBandit"],"gold_per_floor":[116,116,134,134,147,182,182,182,182,182,193,193,118,118,118,171,171,281,204,204,223,223,223,256,274,344,355,355,366,366,379,379,475,475,475,475],"floor_reached":35,"language":"ENG","playtime":2929,"items_purged":["Strike_MRS"],"score":375,"play_id":"6ddd4151-72b2-4ffa-a78a-488d5a38d4d3","local_time":"20210217074754","is_ascension_mode":false,"campfire_choices":[{"data":"UpSweep","floor":7.0,"key":"SMITH"},{"floor":10.0,"key":"REST"},{"data":"MillisecondPulsars","floor":15.0,"key":"SMITH"},{"floor":23.0,"key":"REST"},{"floor":32,"key":"REST"}],"circlet_count":0,"master_deck":["Strike_MRS","Strike_MRS","Strike_MRS+1","Defend_MRS","Defend_MRS","Defend_MRS+1","Defend_MRS","MasterSpark","UpSweep+1","StarBarrage","DoubleSpark","GrandCross+1","MillisecondPulsars+1","TreasureHunter","Orbital+1","RefractionSpark","MachineGunSpark","OrrerysSun+1","AsteroidBelt+1","hubris:NaturalOne","Singularity","EventHorizon","SatelliteIllusion"],"relics":["MiniHakkero","NeowsBlessing","hubris:Reverence","Centennial Puzzle","hubris:Icosahedron","hubris:Backtick","Toxic Egg 2","Enchiridion","TungstenRod","Pantograph","hubris:TinFlute","MagicBroom","hubris:HollowSoul"],"acts_visited":["Exordium","TheCity","TheBeyond"],"potions_floor_usage":[33],"damage_taken":[{"damage":0.0,"enemies":"Cultist","floor":1.0,"turns":1.0},{"damage":0.0,"enemies":"2 Louse","floor":3.0,"turns":1.0},{"damage":0.0,"enemies":"Jaw Worm","floor":5.0,"turns":1.0},{"damage":22.0,"enemies":"Gremlin Nob","floor":6.0,"turns":4.0},{"damage":11.0,"enemies":"3 Louse","floor":11.0,"turns":2.0},{"damage":6.0,"enemies":"Slime Boss","floor":16.0,"turns":7.0},{"damage":17.0,"enemies":"3 Byrds","floor":18.0,"turns":6.0},{"damage":17.0,"enemies":"Spheric Guardian","floor":21.0,"turns":4.0},{"damage":31.0,"enemies":"Gremlin Leader","floor":24.0,"turns":10.0},{"damage":5,"enemies":"Chosen and Byrds","floor":25,"turns":3},{"damage":23,"enemies":"Snake Plant","floor":27,"turns":3},{"damage":9,"enemies":"Shelled Parasite and Fungi","floor":29,"turns":3},{"damage":1,"enemies":"Snecko","floor":31,"turns":4},{"damage":79,"enemies":"Champ","floor":33,"turns":11},{"damage":24,"enemies":"3 Shapes","floor":35,"turns":3}],"seed_played":"3519209405843555787","potions_obtained":[{"floor":1.0,"key":"SpeedPotion"},{"floor":5.0,"key":"LiquidBronze"},{"floor":6.0,"key":"DistilledChaos"},{"floor":18.0,"key":"Explosive Potion"},{"floor":24.0,"key":"Fire Potion"},{"floor":31,"key":"Energy Potion"},{"floor":33,"key":"DuplicationPotion"}],"is_trial":false,"path_per_floor":["M","$","M","?","M","E","R","?","T","R","M","?","$","?","R","B",null,"M","$","?","M","?","R","E","M","T","M","?","M","?","M","R","B",null,"M"],"character_chosen":"MARISA","items_purchased":["RefractionSpark"],"campfire_rested":3,"item_purchase_floors":[19],"current_hp_per_floor":[75,75,75,60,60,38,38,38,38,60,49,49,49,54,54,48,80,63,63,47,30,30,54,23,75,75,52,52,43,43,42,66,1,80,56,56],"gold":475,"neow_bonus":"THREE_ENEMY_KILL","is_daily":false,"chose_seed":false,"campfire_upgraded":2,"win_rate":0.0,"timestamp":1613566074,"path_taken":["M","?","M","?","M","E","R","?","T","R","M","?","$","?","R","BOSS","M","$","?","M","?","R","E","M","T","M","?","?","?","M","R","BOSS","M"],"items_purchased_type":["Card"],"build_version":"2020-12-13","purchased_purges":1,"victory":false,"max_hp_per_floor":[75,75,75,75,75,75,75,75,75,75,75,75,75,80,80,80,80,80,80,80,80,80,80,80,80,80,80,80,80,80,80,80,80,80,80,80],"card_choices":[{"not_picked":["ManaConvection","IllusionStar"],"picked":"StarBarrage","floor":1.0},{"not_picked":["OpenUniverse","ShootingEcho"],"picked":"DoubleSpark","floor":3.0},{"not_picked":["DoubleSpark","WitchOfGreed","StarlightTyphoon"],"picked":"SKIP","floor":5.0},{"not_picked":["MilkyWay","PowerUp"],"picked":"GrandCross","floor":6.0},{"not_picked":["PowerUp","SuperPerseids"],"picked":"MillisecondPulsars","floor":11.0},{"not_picked":["BlazingStar","SuperNova"],"picked":"TreasureHunter","floor":16.0},{"not_picked":["LuminesStrike+1","DC"],"picked":"Orbital+1","floor":18.0},{"not_picked":["WitchLeyline","MysteriousBeam"],"picked":"MachineGunSpark","floor":21.0},{"not_picked":["NonDirectionalLaser","ShootingEcho"],"picked":"OrrerysSun+1","floor":24.0},{"not_picked":["6A+1","OneTimeOff+1","ManaConvection+1"],"picked":"SKIP","floor":25},{"not_picked":["OrrerysSun+1","ManaRampage+1"],"picked":"AsteroidBelt+1","floor":27},{"not_picked":["WitchLeyline","LuminesStrike+1"],"picked":"Singularity","floor":29},{"not_picked":["GrandCross+1","DoubleSpark"],"picked":"EventHorizon","floor":31},{"not_picked":["StarDustReverie+1","EscapeVelocity"],"picked":"SatelliteIllusion","floor":33}],"player_experience":44962,"relics_obtained":[{"floor":6.0,"key":"hubris:Reverence"},{"floor":9.0,"key":"Centennial Puzzle"},{"floor":20.0,"key":"Enchiridion"},{"floor":24.0,"key":"Pantograph"},{"floor":26,"key":"hubris:TinFlute"},{"floor":30,"key":"MagicBroom"}],"event_choices":[{"damage_healed":75.0,"max_hp_gain":0.0,"max_hp_loss":75.0,"gold_gain":0.0,"event_name":"betterThird:BetterShining","player_choice":"Upgrade","floor":4.0,"gold_loss":0.0,"damage_taken":15.0,"cards_upgraded":["Strike_MRS","Defend_MRS"]},{"damage_healed":0.0,"max_hp_gain":0.0,"max_hp_loss":0.0,"gold_gain":0.0,"event_name":"Living Wall","player_choice":"Grow","floor":8.0,"gold_loss":0.0,"damage_taken":0.0,"cards_upgraded":["GrandCross"]},{"damage_healed":0.0,"max_hp_gain":5.0,"max_hp_loss":0.0,"gold_gain":0.0,"event_name":"Big Fish","player_choice":"Donut","floor":14.0,"gold_loss":0.0,"damage_taken":0.0},{"damage_healed":0.0,"max_hp_gain":0.0,"max_hp_loss":0.0,"gold_gain":0.0,"event_name":"Cursed Tome","player_choice":"Obtained Book","floor":20.0,"gold_loss":0.0,"damage_taken":16.0},{"damage_healed":0.0,"max_hp_gain":0.0,"max_hp_loss":0.0,"gold_gain":0.0,"event_name":"The Mausoleum","player_choice":"Opened","floor":22.0,"gold_loss":0.0,"damage_taken":0.0,"relics_obtained":["TungstenRod"]},{"damage_healed":0,"gold_gain":0,"player_choice":"Relic","damage_taken":0,"max_hp_gain":0,"max_hp_loss":0,"event_name":"Wheel of Change","floor":30,"gold_loss":0}],"is_beta":false,"boss_relics":[{"not_picked":["SacredBark","Astrolabe"],"picked":"hubris:Backtick"},{"not_picked":["Runic Dome","hubris:Stopwatch"],"picked":"hubris:HollowSoul"}],"items_purged_floors":[13],"is_endless":false,"potions_floor_spawned":[1,5,6,18,24,31,33],"killed_by":"3 Shapes","ascension_level":0}}