{"host":"lstr3pesnbx2qpzo","time":1613586713,"event":{"mods":["Aspiration","BaseMod","Conspire","Downfall","Hubris","Infinite Spire","Minty Spire (QoL Compilation)","Replay The Spire","StSLib"],"gold_per_floor":[99,119,136,154,203,203,230,230,256,256,276,276,290,303,318,318,318,318],"floor_reached":16,"language":"ENG","playtime":865,"items_purged":[],"score":104,"play_id":"1e3ef074-8a4d-4665-972a-3cc7ce695f53","local_time":"20210217113153","is_ascension_mode":false,"campfire_choices":[{"data":"Slimebound:Split","floor":1,"key":"SMITH"},{"data":"Slimebound:ItLooksTasty","floor":10,"key":"SMITH"}],"circlet_count":0,"master_deck":["Slimebound:Strike_Slimebound","Slimebound:Strike_Slimebound+1","Slimebound:Strike_Slimebound","Slimebound:Tackle+1","Slimebound:Defend_Slimebound","Slimebound:Defend_Slimebound","Slimebound:Defend_Slimebound","Slimebound:Defend_Slimebound","Slimebound:Split+1","Slimebound:CorrosiveSpit","Slimebound:ItLooksTasty+1","Slimebound:SplitMire","Slimebound:SlimeBrawl","infinitespire:Collect","Slimebound:SplitMire","Slimebound:FinishingTackle+1","Slimebound:LeechingTouch","Slimebound:RainOfGoop"],"relics":["Slimebound:AbsorbEndCombat","Whetstone","Slimebound:AggressiveSlimeRelic","Regal Pillow"],"acts_visited":["Exordium"],"potions_floor_usage":[15,16],"damage_taken":[{"damage":8,"enemies":"Cultist","floor":2,"turns":4},{"damage":1,"enemies":"Jaw Worm","floor":3,"turns":4},{"damage":7,"enemies":"Small Slimes","floor":4,"turns":3},{"damage":36,"enemies":"3 Sentries","floor":9,"turns":6},{"damage":14,"enemies":"Exordium Wildlife","floor":11,"turns":2},{"damage":7,"enemies":"Blue Slaver","floor":13,"turns":2},{"damage":9,"enemies":"Gremlin Gang","floor":14,"turns":4},{"damage":3,"enemies":"3 Louse","floor":15,"turns":2},{"damage":37,"enemies":"DF_ARCHETYPE_STREAMLINE","floor":16,"turns":6}],"seed_played":"1999168704369843431","potions_obtained":[{"floor":3,"key":"DuplicationPotion"},{"floor":4,"key":"Block Potion"},{"floor":9,"key":"SteroidPotion"}],"is_trial":false,"path_per_floor":["R","M","M","M","T","?","T","?","E","R","M","?","M","M","M","B"],"character_chosen":"SLIMEBOUND","items_purchased":[],"campfire_rested":0,"item_purchase_floors":[],"current_hp_per_floor":[71,65,71,70,70,75,75,57,29,29,21,21,18,11,12,0,0,0],"gold":318,"neow_bonus":"TEN_PERCENT_HP_BONUS","is_daily":false,"chose_seed":false,"campfire_upgraded":2,"win_rate":0.0,"timestamp":1613586713,"path_taken":["R","M","M","M","?","?","T","?","E","R","M","?","M","?","M","BOSS"],"items_purchased_type":[],"build_version":"2020-12-22","purchased_purges":0,"victory":false,"max_hp_per_floor":[71,71,71,71,71,76,76,76,76,76,76,76,76,76,76,76,76,76],"card_choices":[{"not_picked":["Slimebound:GoopTackle","Slimebound:LeechEnergy"],"picked":"Slimebound:ItLooksTasty","floor":2},{"not_picked":["Slimebound:SplitLeeching","Slimebound:SamplingLick"],"picked":"Slimebound:SplitMire","floor":3},{"not_picked":["Slimebound:FormOfPuddle","Slimebound:PrepareCrush"],"picked":"Slimebound:SlimeBrawl","floor":4},{"not_picked":["ReplayTheSpireMod:Echoes of Time","infinitespire:SealOfDarkness+"],"picked":"infinitespire:Collect","floor":8},{"not_picked":["Slimebound:ItLooksTasty","Slimebound:LeechEnergy"],"picked":"Slimebound:SplitMire","floor":9},{"not_picked":["Slimebound:Dissolve","Slimebound:SplitLeeching"],"picked":"Slimebound:FinishingTackle","floor":11},{"not_picked":["Slimebound:HauntingLick","Slimebound:MegaLick"],"picked":"Slimebound:LeechingTouch","floor":13},{"not_picked":["Slimebound:SplitAcid","Slimebound:Prepare"],"picked":"Slimebound:RainOfGoop","floor":14},{"not_picked":["Slimebound:SplitLeeching","Slimebound:Chomp","Slimebound:RollThrough"],"picked":"SKIP","floor":15}],"player_experience":250229,"relics_obtained":[{"floor":5,"key":"Whetstone"},{"floor":7,"key":"Slimebound:AggressiveSlimeRelic"},{"floor":9,"key":"Regal Pillow"}],"event_choices":[{"damage_healed":0,"gold_gain":0,"player_choice":"Donut","damage_taken":0,"max_hp_gain":5,"max_hp_loss":0,"event_name":"Big Fish","floor":6,"gold_loss":0}],"is_beta":false,"boss_relics":[],"items_purged_floors":[],"is_endless":false,"potions_floor_spawned":[3,4,9],"killed_by":"DF_ARCHETYPE_STREAMLINE","ascension_level":0}}