{"host":"mo324zvkdr1xwprd","time":1613583633,"event":{"mods":["A Penny For Your Troubles","BaseMod","Better Note","Better Third Choice","BetterRewards","Hermit","Highlight Path","Hubris","Minty Spire (QoL Compilation)","Quick Restart","Rare Cards Sparkle","Shop Mod","StSLib","The Cursed","The Hierophant","The Servant 0.9.4","Transform Curses"],"gold_per_floor":[109,127,138,158,158,185,199,234,234,269,269,281,296,310,310,413,413,432,444,444,444,463,490,490,518,518,548,571,608,620,632,644,752,764,794,823,845,857,881,925,266,292,319,349,349,399,430,444,444,445,445,445,15,44,44],"floor_reached":56,"language":"ENG","playtime":5228,"items_purged":[],"score":2695,"play_id":"358969ad-c947-400d-b850-2b70a2c7d3bb","local_time":"20210217174033","is_ascension_mode":true,"campfire_choices":[{"data":"Panache","floor":15.0,"key":"SMITH"},{"data":"Magnetism","floor":24.0,"key":"SMITH"},{"floor":32.0,"key":"RECALL"},{"data":"Bash","floor":45,"key":"SMITH"},{"data":"Inflame","floor":49,"key":"SMITH"},{"data":"Defend_R","floor":52,"key":"SMITH"}],"circlet_count":0,"master_deck":["AscendersBane","Strike_R","Strike_R","Strike_R","Strike_R","Strike_R","Defend_R","Defend_R","Defend_R","Defend_R+1","Bash+1","Panache+1","Magnetism+1","Shrug It Off+1","Flex+1","Fire Breathing","Warcry+1","Perfected Strike+1","Ghostly Armor+1","Infernal Blade+1","Battle Trance+1","Iron Wave+1","Perfected Strike+1","Rampage+1","Impervious+1","Flex+1","Thunderclap+1","Warcry+1","Battle Trance+1","Reaper+1","Anger+1","Dropkick+1","Immolate+1","Limit Break+1","Infernal Blade+1","Carnage+1","Flex+1","Apotheosis+1","Blind+1","Metamorphosis+1","Power Through+1","Limit Break+1","Inflame+1","Good Instincts+1","Secret Technique+1","Pummel+1","Flex+1","Infernal Blade+1","hubris:ReadiedAction+1","Double Tap+1","Clothesline+1","Anger+1","Perfected Strike+1","Exhume+1","Dark Embrace+1","Pummel+1","Panache+1","Anger+1"],"relics":["Burning Blood","Molten Egg 2","Lee\u0027s Waffle","Lantern","Champion Belt","Toxic Egg 2","hubris:Icosahedron","Gambling Chip","Bronze Scales","Shuriken","Bag of Marbles","hubris:GrandSneckoEye","betterThird:NestCultRelic","Pear","Orichalcum","Blood Vial","MawBank","Pocketwatch","hubris:Backtick","Ice Cream","hubris:Teleporter","Anchor","Bag of Preparation","Potion Belt","Omamori","Centennial Puzzle","CaptainsWheel","Frozen Egg 2","Orrery","Happy Flower"],"acts_visited":["Exordium","TheCity","TheBeyond","TheEnding"],"potions_floor_usage":[47,55,55,55,55],"damage_taken":[{"damage":5.0,"enemies":"Cultist","floor":1.0,"turns":4.0},{"damage":7.0,"enemies":"Jaw Worm","floor":2.0,"turns":4.0},{"damage":7.0,"enemies":"Small Slimes","floor":3.0,"turns":5.0},{"damage":8.0,"enemies":"Gremlin Gang","floor":4.0,"turns":7.0},{"damage":25.0,"enemies":"3 Sentries","floor":6.0,"turns":6.0},{"damage":1.0,"enemies":"2 Fungi Beasts","floor":7.0,"turns":3.0},{"damage":0.0,"enemies":"Gremlin Nob","floor":8.0,"turns":2.0},{"damage":11.0,"enemies":"Lagavulin","floor":10.0,"turns":5.0},{"damage":0.0,"enemies":"Blue Slaver","floor":12.0,"turns":1.0},{"damage":0.0,"enemies":"Gremlin Gang","floor":13.0,"turns":2.0},{"damage":0.0,"enemies":"Looter","floor":14.0,"turns":1.0},{"damage":8.0,"enemies":"The Guardian","floor":16.0,"turns":6.0},{"damage":4.0,"enemies":"Shell Parasite","floor":18.0,"turns":2.0},{"damage":0.0,"enemies":"Spheric Guardian","floor":19.0,"turns":2.0},{"damage":0.0,"enemies":"3 Cultists","floor":22.0,"turns":2.0},{"damage":3.0,"enemies":"Book of Stabbing","floor":23.0,"turns":4.0},{"damage":0.0,"enemies":"Gremlin Leader","floor":25.0,"turns":2.0},{"damage":1.0,"enemies":"Slavers","floor":27.0,"turns":2.0},{"damage":2.0,"enemies":"Snecko","floor":28.0,"turns":2.0},{"damage":0.0,"enemies":"Book of Stabbing","floor":29.0,"turns":2.0},{"damage":4.0,"enemies":"Champ","floor":33.0,"turns":6.0},{"damage":0.0,"enemies":"3 Shapes","floor":35.0,"turns":2.0},{"damage":0.0,"enemies":"Orb Walker","floor":36.0,"turns":1.0},{"damage":1.0,"enemies":"Transient","floor":37.0,"turns":5.0},{"damage":0.0,"enemies":"Jaw Worm Horde","floor":39.0,"turns":1.0},{"damage":15.0,"enemies":"Nemesis","floor":40.0,"turns":5.0},{"damage":8,"enemies":"Giant Head","floor":42,"turns":5},{"damage":0,"enemies":"Nemesis","floor":44,"turns":1},{"damage":0,"enemies":"Mind Bloom Boss Battle","floor":46,"turns":4},{"damage":22,"enemies":"Reptomancer","floor":47,"turns":3},{"damage":3,"enemies":"Writhing Mass","floor":48,"turns":3},{"damage":4,"enemies":"hubris:GrandSnecko","floor":50,"turns":5},{"damage":35,"enemies":"Shield and Spear","floor":54,"turns":3},{"damage":73,"enemies":"The Heart","floor":55,"turns":6}],"seed_played":"-1827303195251816208","potions_obtained":[{"floor":1.0,"key":"DuplicationPotion"},{"floor":4.0,"key":"Energy Potion"},{"floor":6.0,"key":"SneckoOil"},{"floor":7.0,"key":"LiquidMemories"},{"floor":10.0,"key":"SpeedPotion"},{"floor":11.0,"key":"LiquidMemories"},{"floor":11.0,"key":"Explosive Potion"},{"floor":14.0,"key":"Energy Potion"},{"floor":23.0,"key":"Strength Potion"},{"floor":25.0,"key":"GamblersBrew"},{"floor":33.0,"key":"SpeedPotion"},{"floor":35.0,"key":"Block Potion"},{"floor":37.0,"key":"Strength Potion"},{"floor":42,"key":"EssenceOfSteel"},{"floor":54,"key":"Strength Potion"}],"is_trial":false,"path_per_floor":["M","M","M","M","?","E","M","E","T","E","?","M","M","M","R","B",null,"M","M","?","?","M","E","R","E","T","E","M","E","?","?","R","B",null,"M","M","M","?","M","E","$","E","T","E","R","?","E","M","R","B",null,"R","$","E","B",null],"character_chosen":"IRONCLAD","items_purchased":["Panache","Molten Egg 2","Lee\u0027s Waffle","Lantern","Toxic Egg 2","Magnetism","Anchor","Bag of Preparation","Inflame","Good Instincts+1","Secret Technique+1","Pummel+1","BloodPotion","Orrery","Panache+1","FearPotion"],"campfire_rested":0,"item_purchase_floors":[0,0,0,0,0,0,41,41,41,41,41,41,53,53,53,53],"current_hp_per_floor":[87,86,85,83,83,64,69,75,75,70,70,76,82,87,87,85,87,87,87,87,97,97,97,97,97,97,97,97,97,97,97,97,97,97,97,97,97,87,95,88,88,97,97,97,97,97,81,93,93,97,97,97,97,68,34],"gold":44,"neow_bonus":"","is_daily":false,"chose_seed":false,"campfire_upgraded":5,"win_rate":0.0,"timestamp":1613583633,"path_taken":["M","M","?","M","?","E","M","E","T","E","?","M","M","M","R","BOSS","M","?","?","?","M","E","R","E","T","E","?","E","?","?","R","BOSS","M","M","?","?","M","E","$","E","T","E","R","?","E","M","R","BOSS","R","$","E","BOSS"],"items_purchased_type":["Card","Relic","Relic","Relic","Relic","Card","Relic","Relic","Card","Card","Card","Card","Potion","Relic","Card","Potion"],"build_version":"2020-12-22","purchased_purges":0,"victory":true,"max_hp_per_floor":[87,87,87,87,87,87,87,87,87,87,87,87,87,87,87,87,87,87,87,87,97,97,97,97,97,97,97,97,97,97,97,97,97,97,97,97,97,97,97,97,97,97,97,97,97,97,97,97,97,97,97,97,97,97,97],"card_choices":[{"not_picked":["Sword Boomerang+1","Heavy Blade+1"],"picked":"Shrug It Off+1","floor":1.0},{"not_picked":["Warcry+1","Sword Boomerang+1"],"picked":"Flex+1","floor":2.0},{"not_picked":["Bloodletting+1","Headbutt+1"],"picked":"Fire Breathing","floor":3.0},{"not_picked":["Iron Wave+1","Combust"],"picked":"Warcry+1","floor":4.0},{"not_picked":["Twin Strike+1","Berserk"],"picked":"Perfected Strike+1","floor":6.0},{"not_picked":["Clothesline+1","Warcry+1"],"picked":"Ghostly Armor+1","floor":7.0},{"not_picked":["Pommel Strike+1","Shrug It Off+1"],"picked":"Infernal Blade+1","floor":8.0},{"not_picked":["Iron Wave+1","Blood for Blood+1"],"picked":"Battle Trance+1","floor":10.0},{"not_picked":["Blood for Blood+1","Headbutt+1"],"picked":"Iron Wave+1","floor":12.0},{"not_picked":["Searing Blow+1","Dropkick+1"],"picked":"Perfected Strike+1","floor":13.0},{"not_picked":["Havoc+1","Fire Breathing"],"picked":"Rampage+1","floor":14.0},{"not_picked":["Reaper+1","Limit Break+1"],"picked":"Impervious+1","floor":16.0},{"not_picked":["Clash+1","Cleave+1"],"picked":"Flex+1","floor":18.0},{"not_picked":["Metallicize","Flex+1"],"picked":"Thunderclap+1","floor":19.0},{"not_picked":["hubris:ReadiedAction+1","True Grit+1"],"picked":"Warcry+1","floor":22.0},{"not_picked":["hubris:SharpeningStone+1","Thunderclap+1"],"picked":"Battle Trance+1","floor":23.0},{"not_picked":["Rupture","Searing Blow+1"],"picked":"Reaper+1","floor":25.0},{"not_picked":["Heavy Blade+1","Clothesline+1"],"picked":"Anger+1","floor":27.0},{"not_picked":["Havoc+1","Cleave+1"],"picked":"Dropkick+1","floor":28.0},{"not_picked":["Thunderclap+1","Evolve+1"],"picked":"Immolate+1","floor":29.0},{"not_picked":["Juggernaut","Berserk"],"picked":"Limit Break+1","floor":33.0},{"not_picked":["Heavy Blade+1","Wild Strike+1"],"picked":"Infernal Blade+1","floor":35.0},{"not_picked":["Rupture+1","Headbutt+1"],"picked":"Carnage+1","floor":36.0},{"not_picked":["Sword Boomerang+1","Shrug It Off+1"],"picked":"Flex+1","floor":37.0},{"not_picked":["Dark Shackles+1","Trip+1"],"picked":"Apotheosis+1","floor":38.0},{"not_picked":["Deep Breath+1","Finesse+1"],"picked":"Blind+1","floor":38.0},{"not_picked":["Purity+1","Thinking Ahead+1"],"picked":"Metamorphosis+1","floor":38.0},{"not_picked":["Clothesline+1","Headbutt+1"],"picked":"Power Through+1","floor":39.0},{"not_picked":["Havoc+1","Armaments+1"],"picked":"Limit Break+1","floor":40.0},{"not_picked":["Rampage+1","True Grit+1"],"picked":"Flex+1","floor":42},{"not_picked":["Twin Strike+1","Iron Wave+1"],"picked":"Infernal Blade+1","floor":44},{"not_picked":["Wild Strike+1","Clothesline+1"],"picked":"hubris:ReadiedAction+1","floor":46},{"not_picked":["Uppercut+1","Thunderclap+1"],"picked":"Double Tap+1","floor":47},{"not_picked":["Havoc+1","Armaments+1"],"picked":"Clothesline+1","floor":48},{"not_picked":["Carnage+1","Twin Strike+1"],"picked":"Anger+1","floor":53},{"not_picked":["Blood for Blood+1","Iron Wave+1"],"picked":"Perfected Strike+1","floor":53},{"not_picked":["Reckless Charge+1","Pommel Strike+1"],"picked":"Exhume+1","floor":53},{"not_picked":["Fire Breathing+1","Second Wind+1"],"picked":"Dark Embrace+1","floor":53},{"not_picked":["Havoc+1","Perfected Strike+1"],"picked":"Pummel+1","floor":53},{"not_picked":["Clothesline+1","Headbutt+1"],"picked":"Anger+1","floor":54}],"player_experience":741500,"relics_obtained":[{"floor":6.0,"key":"Gambling Chip"},{"floor":8.0,"key":"Bronze Scales"},{"floor":9.0,"key":"Shuriken"},{"floor":10.0,"key":"Bag of Marbles"},{"floor":23.0,"key":"Orichalcum"},{"floor":25.0,"key":"Blood Vial"},{"floor":27.0,"key":"MawBank"},{"floor":29.0,"key":"Pocketwatch"},{"floor":40.0,"key":"hubris:Teleporter"},{"floor":42,"key":"Potion Belt"},{"floor":43,"key":"Omamori"},{"floor":44,"key":"Centennial Puzzle"},{"floor":46,"key":"CaptainsWheel"},{"floor":47,"key":"Frozen Egg 2"},{"floor":54,"key":"Happy Flower"}],"event_choices":[{"damage_healed":0.0,"max_hp_gain":0.0,"max_hp_loss":0.0,"gold_gain":0.0,"event_name":"Lab","player_choice":"Got Potions","floor":11.0,"gold_loss":0.0,"damage_taken":0.0},{"damage_healed":0.0,"max_hp_gain":0.0,"max_hp_loss":0.0,"gold_gain":0.0,"event_name":"betterThird:BetterNest","player_choice":"Madness","floor":20.0,"gold_loss":0.0,"damage_taken":0.0,"relics_obtained":["betterThird:NestCultRelic"]},{"damage_healed":0.0,"max_hp_gain":0.0,"max_hp_loss":0.0,"gold_gain":0.0,"event_name":"WeMeetAgain","player_choice":"Gave Potion","floor":21.0,"gold_loss":0.0,"damage_taken":0.0,"relics_obtained":["Pear"]},{"damage_healed":0.0,"max_hp_gain":0.0,"max_hp_loss":0.0,"gold_gain":0.0,"event_name":"Beggar","player_choice":"Ignored","floor":30.0,"gold_loss":0.0,"damage_taken":0.0},{"damage_healed":0.0,"max_hp_gain":0.0,"max_hp_loss":0.0,"gold_gain":0.0,"event_name":"Wheel of Change","player_choice":"Full Heal","floor":31.0,"gold_loss":0.0,"damage_taken":0.0},{"damage_healed":0.0,"max_hp_gain":0.0,"max_hp_loss":0.0,"gold_gain":0.0,"event_name":"SensoryStone","player_choice":"Memory 3","floor":38.0,"gold_loss":0.0,"damage_taken":10.0},{"damage_healed":0,"gold_gain":0,"player_choice":"Fight","damage_taken":0,"max_hp_gain":0,"max_hp_loss":0,"event_name":"MindBloom","floor":46,"gold_loss":0}],"is_beta":false,"boss_relics":[{"not_picked":["Fusion Hammer","hubris:BlackHole"],"picked":"hubris:GrandSneckoEye"},{"not_picked":["hubris:Stopwatch","Sozu"],"picked":"hubris:Backtick"}],"items_purged_floors":[],"is_endless":false,"potions_floor_spawned":[1,4,6,7,10,14,23,25,33,35,37,39,42,54],"ascension_level":12}}