{"host":"edndssuekvzbh3is","time":1613536654,"event":{"mods":["BaseMod","Colored Map","Colored Powertips","Minty Spire (QoL Compilation)","SuperFastMode"],"gold_per_floor":[117,130,144,160,160,160,188,188,211,211,229,249,263,263,263,263,263],"floor_reached":16,"language":"ENG","playtime":541,"items_purged":[],"score":150,"play_id":"7fdbf956-244f-4f7c-a44b-ee4337215d05","local_time":"20210216233734","is_ascension_mode":true,"campfire_choices":[{"data":"Cloak And Dagger","floor":6,"key":"SMITH"},{"data":"Cloak And Dagger","floor":8,"key":"SMITH"},{"floor":15,"key":"REST"}],"circlet_count":0,"master_deck":["Strike_G","Strike_G","Strike_G","Defend_G","Defend_G","Defend_G","Defend_G","Defend_G","Survivor","Neutralize","Dagger Throw","Blade Dance","Slice","Cloak And Dagger+1","Cloak And Dagger+1","Sucker Punch","PiercingWail","Blade Dance"],"relics":["Ring of the Snake","Strawberry","Bag of Marbles","Regal Pillow"],"acts_visited":["Exordium"],"potions_floor_usage":[7,12,16,16],"damage_taken":[{"damage":5,"enemies":"Cultist","floor":1,"turns":5},{"damage":0,"enemies":"Jaw Worm","floor":2,"turns":5},{"damage":2,"enemies":"Small Slimes","floor":3,"turns":2},{"damage":4,"enemies":"Red Slaver","floor":4,"turns":4},{"damage":17,"enemies":"Gremlin Nob","floor":7,"turns":5},{"damage":2,"enemies":"Blue Slaver","floor":11,"turns":2},{"damage":6,"enemies":"Large Slime","floor":12,"turns":4},{"damage":6,"enemies":"3 Louse","floor":13,"turns":3},{"damage":54,"enemies":"The Guardian","floor":16,"turns":15}],"seed_played":"3596361372154936036","potions_obtained":[{"floor":3,"key":"Fruit Juice"},{"floor":4,"key":"Weak Potion"},{"floor":11,"key":"Block Potion"},{"floor":13,"key":"Fruit Juice"}],"is_trial":false,"path_per_floor":["M","M","M","M","?","R","E","R","T","?","M","M","M","?","R","B"],"character_chosen":"THE_SILENT","items_purchased":[],"campfire_rested":1,"item_purchase_floors":[],"current_hp_per_floor":[72,72,70,66,59,59,42,42,42,42,40,39,33,33,72,23,23],"gold":263,"neow_bonus":"RANDOM_COMMON_RELIC","is_daily":false,"chose_seed":false,"campfire_upgraded":2,"win_rate":0.0,"timestamp":1613536654,"path_taken":["M","M","M","M","?","R","E","R","T","?","M","M","M","?","R","BOSS"],"items_purchased_type":[],"build_version":"2020-12-22","purchased_purges":0,"victory":false,"max_hp_per_floor":[77,77,77,77,77,77,77,77,77,77,77,82,82,82,82,87,87],"card_choices":[{"not_picked":["Caltrops","Expertise"],"picked":"Dagger Throw","floor":1},{"not_picked":["Flying Knee","Dagger Spray"],"picked":"Blade Dance","floor":2},{"not_picked":["Sucker Punch","Tactician"],"picked":"Slice","floor":3},{"not_picked":["Endless Agony","Infinite Blades"],"picked":"Cloak And Dagger","floor":4},{"not_picked":["Poisoned Stab","Masterful Stab"],"picked":"Cloak And Dagger","floor":7},{"not_picked":["Bane","Poisoned Stab"],"picked":"Sucker Punch","floor":11},{"not_picked":["Deadly Poison","Riddle With Holes"],"picked":"PiercingWail","floor":12},{"not_picked":["Choke","Expertise"],"picked":"Blade Dance","floor":13}],"player_experience":369060,"relics_obtained":[{"floor":7,"key":"Bag of Marbles"},{"floor":9,"key":"Regal Pillow"}],"event_choices":[{"cards_removed":["Strike_G"],"damage_healed":0,"gold_gain":0,"player_choice":"Card Removal","damage_taken":7,"max_hp_gain":0,"max_hp_loss":0,"event_name":"Golden Wing","floor":5,"gold_loss":0},{"damage_healed":0,"gold_gain":0,"player_choice":"Ignored","damage_taken":0,"max_hp_gain":0,"max_hp_loss":0,"event_name":"Liars Game","floor":10,"gold_loss":0},{"cards_removed":["Strike_G"],"damage_healed":0,"gold_gain":0,"player_choice":"Offered Basic","damage_taken":0,"max_hp_gain":0,"max_hp_loss":0,"event_name":"Bonfire Elementals","floor":14,"gold_loss":0}],"is_beta":false,"boss_relics":[],"items_purged_floors":[],"is_endless":false,"potions_floor_spawned":[3,4,11,13],"killed_by":"The Guardian","ascension_level":4}}