{"host":"3syfdf73vqzvzpwj","time":1613596676,"event":{"mods":["AchievementEnabler","BaseMod","Colored Map","Minty Spire (QoL Compilation)","everything is the same but u backflip on backflip"],"gold_per_floor":[119,133,133,158,179,179,218,218,218,257,278,19,40,60,60,180,180,199,217,233,254,2,36,36,36],"floor_reached":24,"language":"KOR","playtime":768,"items_purged":[],"score":278,"play_id":"2f1f8ea0-00b0-4d46-84a4-8597dfa75719","local_time":"20210218061756","is_ascension_mode":true,"campfire_choices":[{"data":"Infernal Blade","floor":6.0,"key":"SMITH"},{"floor":8.0,"key":"REST"},{"data":"Heavy Blade","floor":15.0,"key":"SMITH"}],"circlet_count":0,"master_deck":["Strike_R+1","Strike_R","Strike_R","Strike_R","Strike_R","Defend_R","Defend_R","Defend_R","Defend_R","Bash+1","Cleave","Bloodletting","Infernal Blade+1","Cleave","Inflame","Offering","Heavy Blade+1","Inflame","Immolate","Heavy Blade+1"],"relics":["Burning Blood","PreservedInsect","Golden Idol","Whetstone","Blood Vial","Bottled Flame","Self Forming Clay","Runic Cube","Molten Egg 2","Akabeko"],"acts_visited":["Exordium","TheCity"],"potions_floor_usage":[23],"damage_taken":[{"damage":15.0,"enemies":"Small Slimes","floor":1.0,"turns":4.0},{"damage":6.0,"enemies":"2 Louse","floor":2.0,"turns":2.0},{"damage":1.0,"enemies":"Cultist","floor":4.0,"turns":3.0},{"damage":30.0,"enemies":"Exordium Thugs","floor":5.0,"turns":5.0},{"damage":16.0,"enemies":"Gremlin Nob","floor":7.0,"turns":3.0},{"damage":25.0,"enemies":"Lagavulin","floor":10.0,"turns":4.0},{"damage":9.0,"enemies":"Looter","floor":11.0,"turns":2.0},{"damage":6.0,"enemies":"Exordium Wildlife","floor":13.0,"turns":3.0},{"damage":6.0,"enemies":"Gremlin Gang","floor":14.0,"turns":1.0},{"damage":25.0,"enemies":"Slime Boss","floor":16.0,"turns":10.0},{"damage":23.0,"enemies":"3 Byrds","floor":18.0,"turns":3.0},{"damage":9.0,"enemies":"Spheric Guardian","floor":19.0,"turns":2.0},{"damage":26,"enemies":"Cultist and Chosen","floor":20,"turns":5},{"damage":12,"enemies":"3 Cultists","floor":21,"turns":3},{"damage":27,"enemies":"Slavers","floor":23,"turns":2},{"damage":20,"enemies":"Centurion and Healer","floor":24,"turns":2}],"seed_played":"6877475779451768116","potions_obtained":[{"floor":4.0,"key":"SpeedPotion"},{"floor":5.0,"key":"Fire Potion"},{"floor":10.0,"key":"ElixirPotion"},{"floor":11.0,"key":"BloodPotion"},{"floor":13.0,"key":"BlessingOfTheForge"},{"floor":20,"key":"Ancient Potion"}],"is_trial":false,"path_per_floor":["M","M","?","M","M","R","E","R","T","E","M","$","M","M","R","B",null,"M","M","M","M","$","E","M"],"character_chosen":"IRONCLAD","items_purchased":["Self Forming Clay","Molten Egg 2"],"campfire_rested":1,"item_purchase_floors":[12,22],"current_hp_per_floor":[71,71,71,74,50,50,40,62,62,45,44,44,46,48,48,45,74,57,56,38,34,34,15,0,0],"gold":36,"neow_bonus":"RANDOM_COMMON_RELIC","is_daily":false,"chose_seed":false,"campfire_upgraded":2,"win_rate":0.0,"timestamp":1613596676,"path_taken":["M","M","?","M","M","R","E","R","T","E","M","$","M","M","R","BOSS","M","M","M","M","$","E","M"],"items_purchased_type":["Relic","Relic"],"build_version":"2020-12-22","purchased_purges":0,"victory":false,"max_hp_per_floor":[80,80,74,74,74,74,74,74,74,74,74,74,74,74,74,74,74,74,74,74,74,74,74,74,74],"card_choices":[{"not_picked":["Warcry","Armaments"],"picked":"Cleave","floor":1.0},{"not_picked":["Clash","Pommel Strike","Feel No Pain"],"picked":"SKIP","floor":2.0},{"not_picked":["Fire Breathing","Sever Soul"],"picked":"Bloodletting","floor":4.0},{"not_picked":["Searing Blow","Havoc"],"picked":"Infernal Blade","floor":5.0},{"not_picked":["Bloodletting","Twin Strike"],"picked":"Cleave","floor":7.0},{"not_picked":["Thunderclap","Anger"],"picked":"Inflame","floor":10.0},{"not_picked":["Reckless Charge","Clash"],"picked":"Offering","floor":11.0},{"not_picked":["Spot Weakness","Shrug It Off"],"picked":"Heavy Blade","floor":13.0},{"not_picked":["Anger","Cleave"],"picked":"Inflame","floor":14.0},{"not_picked":["Limit Break","Barricade"],"picked":"Immolate","floor":16.0},{"not_picked":["Sword Boomerang+1","Flex","Clash"],"picked":"SKIP","floor":18.0},{"not_picked":["Cleave","Shrug It Off","Bloodletting"],"picked":"SKIP","floor":19.0},{"not_picked":["Sentinel","Dark Embrace+1","Havoc"],"picked":"SKIP","floor":20},{"not_picked":["Whirlwind","Iron Wave","Feel No Pain"],"picked":"SKIP","floor":21},{"not_picked":["Dark Embrace","Juggernaut"],"picked":"Heavy Blade+1","floor":23}],"player_experience":210654,"relics_obtained":[{"floor":7.0,"key":"Whetstone"},{"floor":9.0,"key":"Blood Vial"},{"floor":10.0,"key":"Bottled Flame"},{"floor":23,"key":"Akabeko"}],"event_choices":[{"damage_healed":0.0,"max_hp_gain":0.0,"max_hp_loss":6.0,"gold_gain":0.0,"event_name":"Golden Idol","player_choice":"Lose Max HP","floor":3.0,"gold_loss":0.0,"damage_taken":0.0,"relics_obtained":["Golden Idol"]}],"is_beta":false,"boss_relics":[{"not_picked":["Runic Dome","SlaversCollar"],"picked":"Runic Cube"}],"items_purged_floors":[],"is_endless":false,"potions_floor_spawned":[4,5,10,11,13,20],"killed_by":"Centurion and Healer","ascension_level":4}}