{"host":"bq4pt811tk9yrmjl","time":1613566702,"event":{"mods":["AchievementEnabler","BaseMod","Colored Map","Colored Powertips","Defuse TimeMaze Blight","Minty Spire (QoL Compilation)","Smile Girya","StSLib","SuperFastMode"],"gold_per_floor":[118,118,118,118,131,131,162,174,198,198,216,249,264,283,283,384,384,397,372,372,372],"floor_reached":20,"language":"ENG","playtime":437,"items_purged":[],"score":222,"play_id":"0d344f58-1815-430a-ab6b-d56b68ceee13","local_time":"20210217105822","is_ascension_mode":true,"campfire_choices":[{"data":"Eruption","floor":6,"key":"SMITH"},{"data":"PathToVictory","floor":10,"key":"SMITH"},{"data":"TalkToTheHand","floor":15,"key":"SMITH"}],"circlet_count":0,"master_deck":["Strike_P","Strike_P","Strike_P","Strike_P","Defend_P","Defend_P","Defend_P","Defend_P","Eruption+1","Vigilance+1","PathToVictory+1","Protect","JustLucky","TalkToTheHand+1","DevaForm","Fasting2+1","Weave+1"],"relics":["PureWater","NeowsBlessing","Oddly Smooth Stone","StoneCalendar","VioletLotus"],"acts_visited":["Exordium","TheCity"],"potions_floor_usage":[12,16,16,19,20],"damage_taken":[{"damage":0,"enemies":"Jaw Worm","floor":1,"turns":1},{"damage":0,"enemies":"Cultist","floor":5,"turns":1},{"damage":0,"enemies":"Lagavulin","floor":7,"turns":1},{"damage":0,"enemies":"2 Louse","floor":8,"turns":1},{"damage":0,"enemies":"Large Slime","floor":11,"turns":4},{"damage":5,"enemies":"3 Sentries","floor":12,"turns":3},{"damage":3,"enemies":"2 Fungi Beasts","floor":13,"turns":5},{"damage":3,"enemies":"Exordium Thugs","floor":14,"turns":5},{"damage":48,"enemies":"Hexaghost","floor":16,"turns":13},{"damage":19,"enemies":"Spheric Guardian","floor":18,"turns":8},{"damage":5,"enemies":"2 Thieves","floor":19,"turns":5},{"damage":0,"enemies":"Snake Plant","floor":20,"turns":1}],"seed_played":"-2891054400274699844","potions_obtained":[{"floor":8,"key":"FearPotion"},{"floor":11,"key":"SkillPotion"},{"floor":13,"key":"SkillPotion"},{"floor":14,"key":"Regen Potion"},{"floor":18,"key":"Fire Potion"},{"floor":19,"key":"StancePotion"}],"is_trial":false,"path_per_floor":["M","?","$","?","M","R","E","M","T","R","M","E","M","M","R","B",null,"M","M","M"],"character_chosen":"WATCHER","items_purchased":[],"campfire_rested":0,"item_purchase_floors":[],"current_hp_per_floor":[72,72,72,72,72,72,72,72,72,72,72,67,64,61,61,28,72,53,48,48,48],"gold":372,"neow_bonus":"THREE_ENEMY_KILL","is_daily":false,"chose_seed":false,"campfire_upgraded":3,"win_rate":0.0,"timestamp":1613566702,"path_taken":["M","?","$","?","M","R","E","M","T","R","?","E","?","M","R","BOSS","M","M","?"],"items_purchased_type":[],"build_version":"2020-12-22","purchased_purges":0,"victory":false,"max_hp_per_floor":[72,72,72,72,72,72,72,72,72,72,72,72,72,72,72,72,72,72,72,72,72],"card_choices":[{"not_picked":["JustLucky","CrushJoints"],"picked":"PathToVictory","floor":1},{"not_picked":["JustLucky","LikeWater","Evaluate"],"picked":"SKIP","floor":5},{"not_picked":["JustLucky","ThirdEye","ClearTheMind"],"picked":"SKIP","floor":7},{"not_picked":["Meditate","SpiritShield"],"picked":"Protect","floor":8},{"not_picked":["Vengeance","ForeignInfluence"],"picked":"JustLucky","floor":11},{"not_picked":["WaveOfTheHand","Adaptation"],"picked":"TalkToTheHand","floor":12},{"not_picked":["Wireheading","Collect","JustLucky"],"picked":"SKIP","floor":13},{"not_picked":["BowlingBash","Evaluate","CarveReality"],"picked":"SKIP","floor":14},{"not_picked":["SpiritShield","DeusExMachina"],"picked":"DevaForm","floor":16},{"not_picked":["WheelKick+1","FlyingSleeves"],"picked":"Fasting2+1","floor":18},{"not_picked":["Consecrate","SandsOfTime+1"],"picked":"Weave+1","floor":19}],"player_experience":253048,"relics_obtained":[{"floor":7,"key":"Oddly Smooth Stone"},{"floor":12,"key":"StoneCalendar"}],"event_choices":[{"damage_healed":0,"gold_gain":0,"player_choice":"Grow","damage_taken":0,"max_hp_gain":0,"max_hp_loss":0,"event_name":"Living Wall","floor":2,"gold_loss":0,"cards_upgraded":["Vigilance"]},{"damage_healed":0,"gold_gain":0,"player_choice":"Bought 0 Potions","damage_taken":0,"max_hp_gain":0,"max_hp_loss":0,"event_name":"The Woman in Blue","floor":4,"gold_loss":0}],"is_beta":false,"boss_relics":[{"not_picked":["Fusion Hammer","SacredBark"],"picked":"VioletLotus"}],"items_purged_floors":[],"is_endless":false,"potions_floor_spawned":[8,11,13,14,18,19],"killed_by":"Snake Plant","ascension_level":1}}