{"host":"nea7n2z8ef69uk76","time":1613542693,"event":{"mods":["Act Like it!","BaseMod","Better Altar","Colored Powertips","Curses Come First","Emptier Cage","Minty Spire (QoL Compilation)","Permanent Neow","Quick Restart","Reliquary","Ruina","SacredBarkPlus","Spicy Shops","StSLib"],"gold_per_floor":[118,118,118,134,59,59,90,90,117,292,327,338,349,299,299,395,395,406,425,425,445,19,19,31,31,31,31,31,31,50,50,50],"floor_reached":31,"language":"ENG","playtime":1114,"items_purged":[],"score":375,"play_id":"9406cf49-c606-4880-bbfd-6da212460d0b","local_time":"20210217011813","is_ascension_mode":true,"campfire_choices":[{"data":"Flex","floor":6,"key":"SMITH"},{"floor":8,"key":"REST"},{"data":"Armaments","floor":15,"key":"SMITH"},{"data":"ruina:SwordSharpened","floor":23,"key":"SMITH"},{"data":"ruina:BlindRage","floor":25,"key":"SMITH"},{"floor":27,"key":"REST"}],"circlet_count":0,"master_deck":["Strike_R","Strike_R","Strike_R+1","Strike_R","Defend_R","Defend_R","Defend_R","Defend_R","Bash","Cleave+1","Battle Trance","Flex+1","Cleave","Armaments+1","Thunderclap","Shrug It Off","Double Tap","Sentinel","Shockwave","ruina:BlindRage+1","Entrench","ruina:SwordSharpened+1","Ghostly Armor","Flame Barrier"],"relics":["Burning Blood","Omamori","Ginger","reliquary:RosewoodLute","Anchor","Frozen Egg 2","reliquary:ThirdArm","White Beast Statue","Dead Branch","ruina:Goodbye"],"acts_visited":["Exordium","Exordium"],"potions_floor_usage":[7,16,16,30],"damage_taken":[{"damage":6,"enemies":"2 Louse","floor":1,"turns":4},{"damage":3,"enemies":"Small Slimes","floor":4,"turns":3},{"damage":30,"enemies":"Lagavulin","floor":7,"turns":5},{"damage":0,"enemies":"3 Sentries","floor":11,"turns":5},{"damage":2,"enemies":"Jaw Worm","floor":12,"turns":2},{"damage":3,"enemies":"Blue Slaver","floor":13,"turns":2},{"damage":37,"enemies":"Hexaghost","floor":16,"turns":12},{"damage":21,"enemies":"ruina:Nosferatu","floor":18,"turns":6},{"damage":11,"enemies":"ruina:3_Bats","floor":19,"turns":4},{"damage":18,"enemies":"ruina:3_Scarecrows","floor":21,"turns":3},{"damage":22,"enemies":"ruina:QueenOfHate","floor":24,"turns":4},{"damage":17,"enemies":"ruina:Woodsman","floor":30,"turns":4},{"damage":30,"enemies":"ruina:RoadHome","floor":31,"turns":4}],"seed_played":"1745796999609774420","potions_obtained":[{"floor":4,"key":"LiquidMemories"},{"floor":7,"key":"Dexterity Potion"},{"floor":13,"key":"Energy Potion"},{"floor":19,"key":"BloodPotion"},{"floor":24,"key":"Swift Potion"},{"floor":30,"key":"SpeedPotion"}],"is_trial":false,"path_per_floor":["M","?","?","M","$","R","E","R","T","?","E","M","M","?","R","B",null,"M","M","?","M","$","R","M","R","T","R","$","?","M","E"],"character_chosen":"IRONCLAD","items_purchased":["Flex","White Beast Statue","ruina:SwordSharpened"],"campfire_rested":2,"item_purchase_floors":[5,22,22],"current_hp_per_floor":[72,56,49,52,52,52,28,52,52,52,58,62,65,65,65,34,69,54,49,49,37,37,37,21,21,21,45,45,45,34,4,4],"gold":50,"neow_bonus":"RANDOM_COMMON_RELIC","is_daily":false,"chose_seed":false,"campfire_upgraded":4,"win_rate":0.0,"timestamp":1613542693,"path_taken":["M","?","?","M","$","R","E","R","T","?","E","M","?","?","R","BOSS","M","M","?","M","$","R","M","R","T","R","?","?","?","E"],"items_purchased_type":["Card","Relic","Card"],"build_version":"2020-12-22","purchased_purges":0,"victory":false,"max_hp_per_floor":[80,80,80,80,80,80,80,80,80,80,80,80,80,80,80,80,80,80,80,80,80,80,80,80,80,80,80,80,80,80,80,80],"card_choices":[{"not_picked":["Thunderclap","Metallicize"],"picked":"Cleave","floor":1},{"not_picked":["True Grit","Body Slam"],"picked":"Battle Trance","floor":4},{"not_picked":["Body Slam","Combust"],"picked":"Cleave","floor":7},{"not_picked":["Headbutt","Iron Wave"],"picked":"Armaments","floor":11},{"not_picked":["Cleave","Anger"],"picked":"Thunderclap","floor":12},{"not_picked":["True Grit","Armaments"],"picked":"Shrug It Off","floor":13},{"not_picked":["Exhume","Limit Break"],"picked":"Double Tap","floor":16},{"not_picked":["Body Slam","Reckless Charge"],"picked":"Sentinel","floor":18},{"not_picked":["Entrench","Havoc+1"],"picked":"Shockwave","floor":19},{"not_picked":["Perfected Strike","Uppercut"],"picked":"Entrench","floor":21},{"not_picked":["Perfected Strike","Armaments"],"picked":"Ghostly Armor","floor":24},{"not_picked":["Flex","Battle Trance"],"picked":"Flame Barrier","floor":30}],"player_experience":399115,"relics_obtained":[{"floor":7,"key":"reliquary:RosewoodLute"},{"floor":9,"key":"Anchor"},{"floor":11,"key":"Frozen Egg 2"},{"floor":26,"key":"Dead Branch"}],"event_choices":[{"damage_healed":0,"gold_gain":0,"player_choice":"Entered Light","damage_taken":16,"max_hp_gain":0,"max_hp_loss":0,"event_name":"Shining Light","floor":2,"gold_loss":0,"cards_upgraded":["Strike_R","Cleave"]},{"damage_healed":0,"gold_gain":0,"player_choice":"Success","damage_taken":7,"relics_obtained":["Ginger"],"max_hp_gain":0,"max_hp_loss":0,"event_name":"Scrap Ooze","floor":3,"gold_loss":0},{"damage_healed":0,"gold_gain":175,"player_choice":"AGREE","damage_taken":0,"max_hp_gain":0,"max_hp_loss":0,"event_name":"Liars Game","floor":10,"gold_loss":0,"cards_obtained":["Doubt"]},{"cards_removed":["Strike_R"],"damage_healed":0,"gold_gain":0,"player_choice":"Card Removal","damage_taken":0,"max_hp_gain":0,"max_hp_loss":0,"event_name":"The Cleric","floor":14,"gold_loss":50}],"is_beta":false,"boss_relics":[{"not_picked":["Black Blood","Astrolabe"],"picked":"reliquary:ThirdArm"}],"items_purged_floors":[],"is_endless":false,"potions_floor_spawned":[4,7,13,19,24,30],"killed_by":"ruina:RoadHome","ascension_level":8}}