{"host":"ha6p5pdchuduffeg","time":1613536222,"event":{"mods":["Act Like it!","BaseMod","Downfall","Gensokyo","KinomotoSakuraMod(ƒæ÷Æ±æ”£)","Koishi","Marisa£®ÏF”Í°°ƒß¿Ì…≥£©","Minty Spire (QoL Compilation)","Reimu£®≤©¿ˆ¡È√Œ£©","Remilia£®¿Ÿ√◊¿Ú—«£©","Replay The Spire","Spicy Shops","StSLib","The Administrix","The Hierophant","The Senshi","The Servant 0.9.4","Waifu the Spire","Youmu£®ªÍ∆«—˝√Œ£©"],"gold_per_floor":[118,118,132,132,207,207,226,244,299,299,313,349,372,59,59,178,178,178,178],"floor_reached":18,"language":"ZHS","playtime":1011,"items_purged":[],"score":162,"play_id":"5889e549-ca4d-4c2d-9bad-375b70bc7004","local_time":"20210217123022","is_ascension_mode":false,"campfire_choices":[{"data":"Exchange","floor":6,"key":"SMITH"},{"floor":15,"key":"REST"}],"circlet_count":0,"master_deck":["Strike_S","Strike_S","Strike_S","Defend_S","Defend_S","Defend_S","Defend_S","KidneyShot","Exchange+1","DualDimension","Injury","TimeTheft+1","SilverBlades","ShatteredReality","Parasite","ShiftingGears","RealityMarble","Advance","Defy","Contraction","TheWorld"],"relics":["Uniform","NeowsBlessing","Golden Idol","Ancient Tea Set","Broom","Juzu Bracelet","Pan","MysterySword"],"acts_visited":["Exordium","TheCity"],"potions_floor_usage":[],"damage_taken":[{"damage":0,"enemies":"2 Louse","floor":1,"turns":1},{"damage":0,"enemies":"Small Slimes","floor":3,"turns":1},{"damage":0,"enemies":"Cultist","floor":7,"turns":1},{"damage":10,"enemies":"Looter","floor":8,"turns":4},{"damage":7,"enemies":"Blue Slaver","floor":11,"turns":5},{"damage":38,"enemies":"3 Sentries","floor":12,"turns":11},{"damage":11,"enemies":"2 Fungi Beasts","floor":13,"turns":5},{"damage":15,"enemies":"Fading Forest","floor":16,"turns":11},{"damage":74,"enemies":"Spheric Guardian","floor":18,"turns":9}],"seed_played":"-408693403870027893","potions_obtained":[{"floor":1,"key":"Adrenaline Potion"},{"floor":8,"key":"ZuzhouPotion:ReiMu"}],"is_trial":false,"path_per_floor":["M","?","M","?","?","R","M","M","T","?","M","E","M","$","R","B",null,"M"],"character_chosen":"THE_SERVANT","items_purchased":["Juzu Bracelet","Pan","Defy","Contraction"],"campfire_rested":1,"item_purchase_floors":[14,14,14,14],"current_hp_per_floor":[65,65,65,65,59,59,59,49,49,65,58,20,9,9,28,23,65,0,0],"gold":178,"neow_bonus":"THREE_ENEMY_KILL","is_daily":false,"chose_seed":false,"campfire_upgraded":1,"win_rate":0.0,"timestamp":1613536222,"path_taken":["M","?","M","?","?","R","M","?","T","?","M","E","M","$","R","BOSS","M"],"items_purchased_type":["Relic","Relic","Card","Card"],"build_version":"2020-12-22","purchased_purges":0,"victory":false,"max_hp_per_floor":[65,65,65,65,65,65,65,65,65,65,65,65,65,65,65,65,65,65,65],"card_choices":[{"not_picked":["ReturningBlade","WasteNot"],"picked":"DualDimension","floor":1},{"not_picked":["Unruled","FastForward","Revamp"],"picked":"SKIP","floor":3},{"not_picked":["Alleviate","Misdirection"],"picked":"SilverBlades","floor":7},{"not_picked":["Starlight","FastForward"],"picked":"ShatteredReality","floor":8},{"not_picked":["ShatteredReality","Unruled"],"picked":"ShiftingGears","floor":11},{"not_picked":["BottledTime","Luminosity"],"picked":"RealityMarble","floor":12},{"not_picked":["Gouge","BottledTime"],"picked":"Advance","floor":13},{"not_picked":["PendulumOfEternity","MurderousAura"],"picked":"TheWorld","floor":16}],"player_experience":114480,"relics_obtained":[{"floor":9,"key":"Ancient Tea Set"},{"floor":12,"key":"Broom"}],"event_choices":[{"damage_healed":0,"gold_gain":0,"player_choice":"Take Wound","damage_taken":0,"relics_obtained":["Golden Idol"],"max_hp_gain":0,"max_hp_loss":0,"event_name":"Golden Idol","floor":2,"gold_loss":0,"cards_obtained":["Injury"]},{"damage_healed":0,"gold_gain":75,"player_choice":"Touch","damage_taken":6,"max_hp_gain":0,"max_hp_loss":0,"event_name":"FaceTrader","floor":5,"gold_loss":0},{"damage_healed":16,"gold_gain":0,"player_choice":"Healed and dodged fight","damage_taken":0,"max_hp_gain":0,"max_hp_loss":0,"event_name":"Mushrooms","floor":10,"gold_loss":0,"cards_obtained":["Parasite"]}],"is_beta":false,"boss_relics":[{"not_picked":["Replay:Drink Me","Replay:Bronze Core"],"picked":"MysterySword"}],"items_purged_floors":[],"is_endless":false,"potions_floor_spawned":[1,8],"killed_by":"Spheric Guardian","ascension_level":0}}