{"host":"ocll6kdfqxraqtza","time":1613574002,"event":{"mods":["2.2 Compatiblity","Act Like it!","Arknights","Aspiration","BaseMod","Better Third Choice","Gensokyo","Hallownest","Hermit","Hubris","Jorbs\u0027s Wanderer Trilogy","Luminous","Marisa（霧雨　魔理沙）","Minty Spire (QoL Compilation)","Reimu（博??梦）","Reliquary","Replay The Spire","Shade Mod","StSLib","The Alterego","The Bug Knight","The Cursed","The Hierophant","The Marked","The Runesmith","TheBandit","Wandering Minibosses"],"gold_per_floor":[114,114,129,54,54,93,93,116,116,151,151,175,184,212,212,318,318,367,292,53,53,77,77,121,121,121,164,164,196,196,221,221,329,429,453,453,462,462,489,489,498,498,498,521,563,418,461,488,488,488,488,488,438,482,482,482],"floor_reached":55,"language":"ENG","playtime":2976,"items_purged":["theMarked:Strike","theMarked:Defend"],"score":857,"play_id":"7f8b7c50-2518-49b1-972a-6cf270769dea","local_time":"20210217230002","is_ascension_mode":true,"campfire_choices":[{"data":"theMarked:SoldierOfQuellstein","floor":7.0,"key":"SMITH"},{"data":"theMarked:EmpowerWeapon","floor":11.0,"key":"SMITH"},{"data":"Sucker Punch","floor":15.0,"key":"SMITH"},{"data":"theMarked:Defy","floor":23.0,"key":"SMITH"},{"data":"ReplayTheSpireMod:From All Sides","floor":25.0,"key":"SMITH"},{"data":"theMarked:RepellingDischarge","floor":30.0,"key":"SMITH"},{"data":"theMarked:Pokerface","floor":32.0,"key":"SMITH"},{"data":"theMarked:TakeOffHeels","floor":40.0,"key":"SMITH"},{"data":"theMarked:WardOff","floor":42.0,"key":"SMITH"},{"floor":49,"key":"RECALL"},{"data":"theMarked:Determination","floor":52,"key":"SMITH"}],"circlet_count":0,"master_deck":["theMarked:Strike","theMarked:Strike","theMarked:Defend","theMarked:SoldierOfQuellstein+1","theMarked:Snap","theMarked:RepellingDischarge+1","ReplayTheSpireMod:From All Sides+1","PiercingWail","Sucker Punch+1","theMarked:Pokerface+1","theMarked:EmpowerWeapon+1","theMarked:WardOff+1","theMarked:OneWithTheBlade","theMarked:Defy+1","theMarked:BanishingStrike","theMarked:WardOff","theMarked:ChainLightning+1","theMarked:BanishingStrike+1","theMarked:KeepCalmAndFight+1","theMarked:TakeOffHeels+1","theMarked:TwofoldDefense+1","theMarked:Frustration","theMarked:TakeCover+1","Hallownest:curseDreamersLament","theMarked:MuscleMemory+1","theMarked:Determination+1","theMarked:Improvise+1"],"relics":["theMarked:ArtifactOfAir","CeramicFish","HornCleat","Vajra","Tiny Chest","Gensokyo:LunaticRedEyes","reliquary:RedCape","Eternal Feather","CrazyTorch:ReiMu","Singing Bowl","hubris:FunFungus","aspiration:HiddenCompartment","ReplayTheSpireMod:Lightbulb","Replay:Wanted Poster","Ring of Hypnosis","Ring of Panic","InkBottle","theMarked:DemonDagger","reliquary:TuningFork","OrangePellets","Smiling Mask","reliquary:Boomerang","reliquary:PartyBalloon"],"acts_visited":["Gensokyo:Gensokyo","TheCity","TheBeyond","TheEnding"],"potions_floor_usage":[],"damage_taken":[{"damage":6.0,"enemies":"Gensokyo:Gryphon","floor":1.0,"turns":3.0},{"damage":1.0,"enemies":"Gensokyo:2_Kodama","floor":3.0,"turns":3.0},{"damage":3.0,"enemies":"Gensokyo:Mamizou","floor":6.0,"turns":6.0},{"damage":0.0,"enemies":"Gensokyo:3_Fairies","floor":8.0,"turns":3.0},{"damage":11.0,"enemies":"Gensokyo:Cirno","floor":10.0,"turns":7.0},{"damage":10.0,"enemies":"Gensokyo:Gryphon_and_Rabbit","floor":14.0,"turns":4.0},{"damage":26.0,"enemies":"Gensokyo:Kokoro","floor":16.0,"turns":10.0},{"damage":2.0,"enemies":"2 Thieves","floor":18.0,"turns":3.0},{"damage":0.0,"enemies":"Shell Parasite","floor":22.0,"turns":4.0},{"damage":10.0,"enemies":"Slavers","floor":24.0,"turns":5.0},{"damage":6.0,"enemies":"Replay:Snechameleon","floor":27.0,"turns":5.0},{"damage":32.0,"enemies":"Gremlin Leader","floor":29.0,"turns":4.0},{"damage":0.0,"enemies":"Centurion and Healer","floor":31.0,"turns":3.0},{"damage":61.0,"enemies":"Automaton","floor":33.0,"turns":10.0},{"damage":26.0,"enemies":"3 Shapes","floor":35.0,"turns":4.0},{"damage":0.0,"enemies":"3 Darklings","floor":39.0,"turns":3.0},{"damage":0.0,"enemies":"R_Hoarder","floor":45.0,"turns":6.0},{"damage":26.0,"enemies":"Giant Head","floor":47.0,"turns":8.0},{"damage":42,"enemies":"Time Eater","floor":50,"turns":9},{"damage":4,"enemies":"Shield and Spear","floor":54,"turns":6},{"damage":94,"enemies":"The Heart","floor":55,"turns":5}],"seed_played":"1985506631321109818","potions_obtained":[{"floor":1.0,"key":"Milkshake"},{"floor":10.0,"key":"Elixir"},{"floor":16.0,"key":"Elixir"},{"floor":24.0,"key":"FearPotion"},{"floor":29.0,"key":"GamblersBrew"},{"floor":31.0,"key":"Weak Potion"},{"floor":33.0,"key":"Fire Potion"},{"floor":35.0,"key":"Fire Potion"},{"floor":54,"key":"Fire Potion"}],"is_trial":false,"path_per_floor":["M","?","M","$","?","E","R","M","T","E","R","T","?","M","R","B",null,"M","?","$","T","M","R","E","R","T","E","?","E","R","M","R","B",null,"M","?","?","T","M","R","?","R","T","T","E","$","E","T","R","B",null,"R","$","E","B"],"character_chosen":"THE_DEFAULT","items_purchased":["Eternal Feather","OrangePellets"],"campfire_rested":0,"item_purchase_floors":[20,46],"current_hp_per_floor":[45,52,51,51,51,48,48,48,48,37,37,37,37,27,27,1,79,77,77,77,77,77,79,69,79,79,73,73,43,55,55,67,6,81,56,56,56,56,56,68,68,81,81,81,81,81,56,56,71,34,81,81,81,78,0,0],"gold":482,"neow_bonus":"THREE_RARE_CARDS","is_daily":false,"chose_seed":false,"campfire_upgraded":10,"win_rate":0.0,"timestamp":1613574002,"path_taken":["M","?","M","$","?","E","R","?","T","E","R","?","?","?","R","BOSS","M","?","$","?","M","R","E","R","T","E","?","E","R","M","R","BOSS","M","?","?","?","?","R","?","R","T","?","E","$","E","?","R","BOSS","R","$","E","BOSS"],"items_purchased_type":["Relic","Relic"],"build_version":"2020-12-22","purchased_purges":2,"victory":false,"max_hp_per_floor":[72,79,79,79,79,79,79,79,79,79,79,79,79,79,79,79,79,79,79,79,79,79,79,79,79,79,79,79,81,81,81,81,81,81,81,81,81,81,81,81,81,81,81,81,81,81,81,81,81,81,81,81,81,81,81,81],"card_choices":[{"not_picked":["theMarked:Challenge","theMarked:MagusForm"],"picked":"theMarked:Snap","floor":0.0},{"not_picked":["theMarked:Friction","theMarked:Seal"],"picked":"theMarked:BanishingStrike","floor":1.0},{"not_picked":["theMarked:ComboAttacks","theMarked:ParalyzingBlade"],"picked":"theMarked:RepellingDischarge","floor":3.0},{"not_picked":["theMarked:Seal","theMarked:Generate"],"picked":"theMarked:Pokerface","floor":6.0},{"not_picked":["theMarked:TwofoldDefense","theMarked:MuscleMemory"],"picked":"theMarked:EmpowerWeapon","floor":8.0},{"not_picked":["theMarked:ThrowWeapon","theMarked:BanishingStrike"],"picked":"theMarked:WardOff","floor":10.0},{"not_picked":["theMarked:Memento","theMarked:EnhanceMovement"],"picked":"theMarked:OneWithTheBlade","floor":14.0},{"not_picked":["theMarked:ThrowWeapon","theMarked:Challenge"],"picked":"theMarked:Defy","floor":16.0},{"not_picked":["theMarked:Generate","theMarked:WastefulAttack"],"picked":"theMarked:BanishingStrike","floor":18.0},{"not_picked":["theMarked:Electrocute","theMarked:ChainLightning"],"picked":"theMarked:WardOff","floor":22.0},{"not_picked":["theMarked:BanishingStrike","theMarked:TakeCover"],"picked":"theMarked:ChainLightning+1","floor":24.0},{"not_picked":["theMarked:ChainLightning+1","theMarked:WastefulAttack"],"picked":"theMarked:BanishingStrike+1","floor":27.0},{"not_picked":["theMarked:Aftermath","theMarked:TakeCover","theMarked:Frustration"],"picked":"Singing Bowl","floor":29.0},{"not_picked":["theMarked:ChainLightning","theMarked:Generate"],"picked":"theMarked:KeepCalmAndFight+1","floor":31.0},{"not_picked":["theMarked:Challenge","theMarked:MagusForm"],"picked":"theMarked:TakeOffHeels","floor":33.0},{"not_picked":["theMarked:BanishingStrike","theMarked:Maelstrom+1"],"picked":"theMarked:TwofoldDefense+1","floor":35.0},{"not_picked":["theMarked:MysticalArsenal","theMarked:Determination+1"],"picked":"theMarked:TakeCover+1","floor":39.0},{"not_picked":["theMarked:EternalStudent","theMarked:Reabsorb+1"],"picked":"theMarked:MuscleMemory+1","floor":45.0},{"not_picked":["theMarked:Frustration","theMarked:Generate"],"picked":"theMarked:Determination","floor":47},{"not_picked":["theMarked:TakeCover+1","theMarked:WastefulAttack+1"],"picked":"theMarked:Improvise+1","floor":54}],"player_experience":555917,"relics_obtained":[{"floor":6.0,"key":"CeramicFish"},{"floor":9.0,"key":"HornCleat"},{"floor":10.0,"key":"Vajra"},{"floor":12.0,"key":"Tiny Chest"},{"floor":21.0,"key":"CrazyTorch:ReiMu"},{"floor":24.0,"key":"Singing Bowl"},{"floor":26.0,"key":"hubris:FunFungus"},{"floor":27.0,"key":"aspiration:HiddenCompartment"},{"floor":29.0,"key":"ReplayTheSpireMod:Lightbulb"},{"floor":41.0,"key":"Ring of Hypnosis"},{"floor":41.0,"key":"Ring of Panic"},{"floor":43.0,"key":"InkBottle"},{"floor":44.0,"key":"theMarked:DemonDagger"},{"floor":45.0,"key":"reliquary:TuningFork"},{"floor":47,"key":"Smiling Mask"},{"floor":48,"key":"reliquary:Boomerang"},{"floor":54,"key":"reliquary:PartyBalloon"}],"event_choices":[{"cards_removed":["Pain"],"damage_healed":0.0,"max_hp_gain":0.0,"max_hp_loss":0.0,"gold_gain":0.0,"event_name":"Beggar","player_choice":"Gave Gold","floor":19.0,"gold_loss":75.0,"damage_taken":0.0},{"damage_healed":0.0,"max_hp_gain":0.0,"max_hp_loss":0.0,"gold_gain":0.0,"event_name":"Vampires","player_choice":"Ignored","floor":28.0,"gold_loss":0.0,"damage_taken":0.0},{"cards_removed":["theMarked:BanishingStrike"],"damage_healed":0.0,"max_hp_gain":0.0,"max_hp_loss":0.0,"gold_gain":0.0,"event_name":"Falling","player_choice":"Removed Attack","floor":36.0,"gold_loss":0.0,"damage_taken":0.0},{"damage_healed":0.0,"max_hp_gain":0.0,"max_hp_loss":0.0,"gold_gain":0.0,"cards_transformed":["theMarked:Defend"],"event_name":"Transmorgrifier","player_choice":"Transformed","floor":37.0,"gold_loss":0.0,"damage_taken":0.0,"cards_obtained":["theMarked:Frustration"]}],"is_beta":false,"boss_relics":[{"not_picked":["Runic Pyramid","hubris:VirtuousBlindfold"],"picked":"reliquary:RedCape"},{"not_picked":["Replay:Drink Me","theMarked:Eyepatch"],"picked":"Replay:Wanted Poster"}],"items_purged_floors":[4,53],"is_endless":false,"potions_floor_spawned":[1,10,16,24,29,31,33,35,47,54],"killed_by":"The Heart","ascension_level":2}}