{"host":"amduk82rbaelv3uo","time":1613605080,"event":{"mods":["AchievementEnabler","BaseMod","BetterRewards","Colored Map","Colored Powertips","Defuse TimeMaze Blight","Downfall","Highlight Path","Infinite Spire","Minty Spire (QoL Compilation)","Permanent Neow","Quick Restart","Replay The Spire","StSLib"],"gold_per_floor":[99,109,122,62,76,76,76,76,76,86,111,111,130,143,154,254,254,339,349,449,459,409,434,434,434,86,97,130,130,150,170,187,286,286,286,299,310,322,335,351,351,351,11,25,36,52,52,72,90,90,90,90],"floor_reached":50,"language":"ENG","playtime":8986,"items_purged":[],"score":671,"play_id":"9dd82d1b-b949-4833-887e-2746d2eb43fa","local_time":"20210217233800","is_ascension_mode":false,"campfire_choices":[{"data":"Slimebound:CorrosiveSpit","floor":1.0,"key":"SMITH"},{"data":"Slimebound:AcidTongue","floor":6.0,"key":"SMITH"},{"data":"Slimebound:GoopSpray","floor":12.0,"key":"SMITH"},{"floor":29.0,"key":"REST"},{"data":"Slimebound:WasteNot","floor":35.0,"key":"SMITH"},{"data":"Pot Of Greed","floor":47,"key":"SMITH"}],"circlet_count":0,"master_deck":["Slimebound:Strike_Slimebound+1","Slimebound:Tackle","Slimebound:Defend_Slimebound","Slimebound:Defend_Slimebound","Slimebound:Defend_Slimebound","Slimebound:Defend_Slimebound+1","Slimebound:Split+1","Slimebound:CorrosiveSpit+1","Slimebound:SpikyOuterGoop","Slimebound:AcidTongue+1","Slimebound:LeadByExample+1","Slimebound:GoopSpray+1","Slimebound:MegaLick","Slimebound:LeechingTouch","Slimebound:ItLooksTasty","Slimebound:PressTheAttack","Slimebound:LeadByExample","Slimebound:Schlurp","Slimebound:RallyTheTroops","CurseOfTheBell","Slimebound:Nibble+1","Slimebound:RollThrough","Slimebound:GrowthPunch","J.A.X.+1","Slimebound:Schlurp+1","Slimebound:ItLooksTasty+1","Slimebound:HauntingLick","infinitespire:Fortify","Slimebound:SplitAcid","Slimebound:Schlurp+1","Slimebound:ComboTackle+1","Slimebound:GoopSpray","Slimebound:SamplingLick","Slimebound:SplitAcid+1","Slimebound:SpikyOuterGoop+1","Slimebound:MinionMaster+1","Languid","Survivor","Slimebound:WasteNot+1","Dark Shackles","infinitespire:Punishment","Slimebound:LeechEnergy","Slimebound:SplitBruiser","Slimebound:TongueLash+1","Slimebound:GoopSpray+1","Parasite","Slimebound:SpikyOuterGoop+1","Slimebound:DisruptingSlam+1","Pot Of Greed","Pot Of Greed+1","Pot Of Greed","Pot Of Greed","Pot Of Greed","Mayhem+1","Slimebound:RainOfGoop+1","Slimebound:SamplingLick","Slimebound:SamplingLick","Slimebound:SlimeBarrage","Slimebound:AcidTongue+1"],"relics":["Slimebound:AbsorbEndCombat","Potion Belt","Pet Ghost","Happy Flower","Calling Bell","infinitespire:Lucky Rock","infinitespire:ShieldingShard","Pocketwatch","MutagenicStrength","Blue Doll","Frozen Egg 2","Slimebound:AbsorbEndCombatUpgraded","Dead Branch","Slimebound:SelfDamagePreventRelic","ReplayTheSpireMod:TigerMarble","Gremlin Food","ReplayTheSpireMod:SealedPack","Replay:PocketPolymizer","Grinning Jar","ReplayTheSpireMod:Shallot"],"acts_visited":["Exordium","TheCity","TheBeyond"],"potions_floor_usage":[48,49],"damage_taken":[{"damage":6.0,"enemies":"Jaw Worm","floor":2.0,"turns":4.0},{"damage":3.0,"enemies":"Small Slimes","floor":3.0,"turns":4.0},{"damage":8.0,"enemies":"downfall:FleeingMerchant","floor":4.0,"turns":4.0},{"damage":2.0,"enemies":"2 Louse","floor":5.0,"turns":3.0},{"damage":0.0,"enemies":"Exordium Wildlife","floor":10.0,"turns":2.0},{"damage":23.0,"enemies":"3 Sentries","floor":11.0,"turns":6.0},{"damage":12.0,"enemies":"Blue Slaver","floor":13.0,"turns":3.0},{"damage":0.0,"enemies":"3 Louse","floor":14.0,"turns":3.0},{"damage":18.0,"enemies":"Exordium Thugs","floor":15.0,"turns":3.0},{"damage":16.0,"enemies":"IC_STATUS_ARCHETYPE","floor":16.0,"turns":7.0},{"damage":13.0,"enemies":"Chosen","floor":19.0,"turns":5.0},{"damage":31.0,"enemies":"downfall:Augmenter","floor":20.0,"turns":5.0},{"damage":19.0,"enemies":"Shell Parasite","floor":21.0,"turns":4.0},{"damage":49.0,"enemies":"Book of Stabbing","floor":23.0,"turns":6.0},{"damage":0.0,"enemies":"downfall:FleeingMerchant","floor":26.0,"turns":4.0},{"damage":18.0,"enemies":"Snake Plant","floor":27.0,"turns":4.0},{"damage":24.0,"enemies":"Gremlin Leader","floor":28.0,"turns":4.0},{"damage":1.0,"enemies":"Sentry and Sphere","floor":30.0,"turns":4.0},{"damage":0.0,"enemies":"Cultist and Chosen","floor":31.0,"turns":3.0},{"damage":0.0,"enemies":"Snake Plant","floor":32.0,"turns":3.0},{"damage":0.0,"enemies":"WA_ARCHETYPE_CALM","floor":33.0,"turns":5.0},{"damage":7.0,"enemies":"3 Shapes","floor":36.0,"turns":3.0},{"damage":7.0,"enemies":"3 Darklings","floor":37.0,"turns":3.0},{"damage":0.0,"enemies":"Maw","floor":38.0,"turns":5.0},{"damage":26.0,"enemies":"Sphere and 2 Shapes","floor":39.0,"turns":6.0},{"damage":35.0,"enemies":"Writhing Mass","floor":40.0,"turns":4.0},{"damage":0.0,"enemies":"downfall:FleeingMerchant","floor":43.0,"turns":4.0},{"damage":5.0,"enemies":"Spire Growth","floor":44.0,"turns":6.0},{"damage":36.0,"enemies":"Sphere and 2 Shapes","floor":45.0,"turns":4.0},{"damage":2.0,"enemies":"Maw","floor":46.0,"turns":5.0},{"damage":0,"enemies":"Jaw Worm Horde","floor":48,"turns":4},{"damage":14,"enemies":"Spire Growth","floor":49,"turns":4},{"damage":82,"enemies":"DF_ARCHETYPE_ORBS","floor":50,"turns":8}],"seed_played":"5320133115518567714","potions_obtained":[{"floor":3.0,"key":"SteroidPotion"},{"floor":10.0,"key":"Weak Potion"},{"floor":14.0,"key":"SteroidPotion"},{"floor":16.0,"key":"Reflective Coating"},{"floor":19.0,"key":"DuplicationPotion"},{"floor":30.0,"key":"Slimebound:SlimedPotion"},{"floor":31.0,"key":"ColorlessPotion"},{"floor":32.0,"key":"Venom Potion"},{"floor":33.0,"key":"Strength Potion"},{"floor":37.0,"key":"PowerPotion"},{"floor":40.0,"key":"SteroidPotion"},{"floor":45.0,"key":"Adrenaline Potion"},{"floor":46.0,"key":"SkillPotion"},{"floor":48,"key":"SkillPotion"},{"floor":49,"key":"GamblersBrew"}],"is_trial":false,"path_per_floor":["R","M","M","$","M","R","T","?","?","M","E","R","M","M","M","B",null,"R_BF","M","?","M","?","E","T","AVR","$","M","E","R","M","M","M","B",null,"R","M","M","M","M","M","T","?","$","M","M","M","R","M","M","B"],"character_chosen":"SLIMEBOUND","items_purchased":["Slimebound:GoopSpray","Slimebound:Schlurp+1","Slimebound:SelfDamagePreventRelic","ReplayTheSpireMod:TigerMarble","Grinning Jar","Mayhem+1","ReplayTheSpireMod:Shallot","Adrenaline Potion","Dexterity Potion"],"campfire_rested":1,"item_purchase_floors":[4,26,26,26,43,43,43,43,43],"current_hp_per_floor":[65,61,64,61,63,63,63,63,63,65,50,50,42,48,36,28,65,65,54,31,18,44,3,3,3,26,18,17,36,55,65,65,65,65,65,65,61,65,44,28,28,28,51,64,39,60,60,65,56,0,0,0],"gold":90,"neow_bonus":"RANDOM_COMMON_RELIC","is_daily":false,"chose_seed":false,"campfire_upgraded":5,"win_rate":0.0,"timestamp":1613605080,"path_taken":["R","M","M","$","M","R","T","?","?","M","E","R","M","M","M","BOSS","R_BF","M","?","M","?","E","T","AVR","?","M","E","R","?","M","M","BOSS","R","M","M","M","M","M","T","?","?","M","M","M","R","M","M","BOSS"],"items_purchased_type":["Card","Card","Relic","Relic","Relic","Card","Relic","Potion","Potion"],"build_version":"2020-12-22","purchased_purges":0,"victory":false,"max_hp_per_floor":[65,65,65,65,65,65,65,65,65,65,65,65,65,65,65,65,65,65,65,65,65,65,65,65,65,65,65,65,65,65,65,65,65,65,65,65,65,65,65,65,65,65,65,65,65,65,65,65,65,65,65,65],"card_choices":[{"not_picked":["Slimebound:FinishingTackle","Slimebound:DisruptingSlam"],"picked":"Slimebound:SpikyOuterGoop","floor":2.0},{"not_picked":["Slimebound:SplitBruiser","Slimebound:Schlurp"],"picked":"Slimebound:AcidTongue","floor":3.0},{"not_picked":["Slimebound:SplitLeeching","Slimebound:BestDefense"],"picked":"Slimebound:LeadByExample","floor":4.0},{"not_picked":["Slimebound:LevelUp","Slimebound:SplitLeeching"],"picked":"Slimebound:MegaLick","floor":5.0},{"not_picked":["Slimebound:FinishingTackle","Slimebound:SlimeSpikes"],"picked":"Slimebound:LeechingTouch","floor":10.0},{"not_picked":["Slimebound:GoopTackle","Slimebound:Replication"],"picked":"Slimebound:ItLooksTasty","floor":11.0},{"not_picked":["Slimebound:ProtectTheBoss","Slimebound:PrepareCrush"],"picked":"Slimebound:PressTheAttack","floor":13.0},{"not_picked":["Slimebound:ComboTackle","Slimebound:Schlurp"],"picked":"Slimebound:LeadByExample","floor":14.0},{"not_picked":["Slimebound:SamplingLick","Slimebound:Prepare"],"picked":"Slimebound:Schlurp","floor":15.0},{"not_picked":["Slimebound:MassFeed","Slimebound:Teamwork"],"picked":"Slimebound:RallyTheTroops","floor":16.0},{"not_picked":["Slimebound:GoopTackle","Slimebound:RainOfGoop"],"picked":"Slimebound:Nibble+1","floor":19.0},{"not_picked":[],"picked":"J.A.X.","floor":20.0},{"not_picked":["Slimebound:Prepare","Slimebound:Teamwork"],"picked":"Slimebound:Schlurp+1","floor":20.0},{"not_picked":["Slimebound:ForwardTackle","Slimebound:PressTheAttack"],"picked":"Slimebound:ItLooksTasty+1","floor":21.0},{"not_picked":["Slimebound:FormOfPuddle","Slimebound:SplitBruiser"],"picked":"Slimebound:HauntingLick","floor":23.0},{"not_picked":["Slimebound:LeadByExample+1","Slimebound:LeechEnergy+1"],"picked":"Slimebound:SplitAcid","floor":26.0},{"not_picked":["Slimebound:LivingWall","Slimebound:ProtectTheBoss+1"],"picked":"Slimebound:ComboTackle+1","floor":27.0},{"not_picked":["Slimebound:GrowthPunch+1","Slimebound:Overexert+1"],"picked":"Slimebound:GoopSpray","floor":28.0},{"not_picked":["Slimebound:Repurpose","Slimebound:PressTheAttack"],"picked":"Slimebound:SamplingLick","floor":30.0},{"not_picked":["Slimebound:FinishingTackle","Slimebound:ProtectTheBoss+1"],"picked":"Slimebound:SplitAcid+1","floor":31.0},{"not_picked":["Slimebound:GoopSpray+1","Slimebound:SplitBruiser"],"picked":"Slimebound:SpikyOuterGoop+1","floor":32.0},{"not_picked":["Slimebound:DuplicatedForm+1","Slimebound:MassFeed"],"picked":"Slimebound:MinionMaster+1","floor":33.0},{"not_picked":["m_Survivalism","bronze:Goto"],"picked":"Survivor","floor":34.0},{"not_picked":["Slimebound:MinionMaster","Slimebound:FirmFortitude"],"picked":"Slimebound:WasteNot","floor":34.0},{"not_picked":["ReplayTheSpireMod:Uncanny Aura","Replay:Parry"],"picked":"Dark Shackles","floor":34.0},{"not_picked":["ReplayTheSpireMod:Haul","infinitespire:FinalStrike"],"picked":"infinitespire:Punishment","floor":34.0},{"not_picked":["Slimebound:FlameTackle+1","Slimebound:Repurpose"],"picked":"Slimebound:LeechEnergy","floor":36.0},{"not_picked":["Slimebound:PressTheAttack","Slimebound:BestDefense+1"],"picked":"Slimebound:SplitBruiser","floor":37.0},{"not_picked":["Slimebound:GoopTackle+1","Slimebound:RejuvenatingLick+1"],"picked":"Slimebound:TongueLash+1","floor":38.0},{"not_picked":["Slimebound:RainOfGoop","Slimebound:RejuvenatingLick+1"],"picked":"Slimebound:GoopSpray+1","floor":39.0},{"not_picked":["Slimebound:SamplingLick+1","Slimebound:SelfFormingGoo+1"],"picked":"Slimebound:SpikyOuterGoop+1","floor":40.0},{"not_picked":["Slimebound:BestDefense+1","Slimebound:GoopTackle"],"picked":"Slimebound:DisruptingSlam+1","floor":43.0},{"not_picked":["Slimebound:RollThrough","Slimebound:LeechEnergy+1"],"picked":"Slimebound:RainOfGoop+1","floor":44.0},{"not_picked":["Slimebound:Dissolve","Slimebound:Repurpose+1"],"picked":"Slimebound:SamplingLick","floor":45.0},{"not_picked":["Slimebound:Repurpose","Slimebound:PressTheAttack+1"],"picked":"Slimebound:SamplingLick","floor":46.0},{"not_picked":["Slimebound:LeechEnergy","Slimebound:FormOfPuddle"],"picked":"Slimebound:SlimeBarrage","floor":48},{"not_picked":["Slimebound:DisruptingSlam+1","Slimebound:ItLooksTasty"],"picked":"Slimebound:AcidTongue+1","floor":49}],"player_experience":296988,"relics_obtained":[{"floor":7.0,"key":"Pet Ghost"},{"floor":11.0,"key":"Happy Flower"},{"floor":17.0,"key":"infinitespire:Lucky Rock"},{"floor":17.0,"key":"infinitespire:ShieldingShard"},{"floor":17.0,"key":"Pocketwatch"},{"floor":20.0,"key":"MutagenicStrength"},{"floor":23.0,"key":"Blue Doll"},{"floor":24.0,"key":"Frozen Egg 2"},{"floor":28.0,"key":"Gremlin Food"},{"floor":41.0,"key":"Replay:PocketPolymizer"}],"event_choices":[],"is_beta":false,"boss_relics":[{"not_picked":["Runic Dome","Empty Cage"],"picked":"Calling Bell"},{"not_picked":["Painkiller Herb","Ring of Chaos"],"picked":"ReplayTheSpireMod:SealedPack"}],"items_purged_floors":[],"is_endless":false,"potions_floor_spawned":[3,10,14,16,19,30,31,32,33,37,40,45,46,48,49],"killed_by":"DF_ARCHETYPE_ORBS","ascension_level":0}}