{"host":"6xghz2lkudss8si6","time":1613569718,"event":{"mods":["AchievementEnabler","BaseMod","Colored Map","DeckTracker","Minty Spire (QoL Compilation)","Quick Restart","StSLib","SuperFastMode"],"gold_per_floor":[116,116,116,132,147,147,147,176,224,224,254,273,198,209,209,306,306,316,329,349,349,349,349,349,349,349,366,392,392,392,419,419,419,419],"floor_reached":33,"language":"KOR","playtime":805,"items_purged":["Strike_B"],"score":461,"play_id":"0c6d49d2-1339-4669-92fd-075c884e2044","local_time":"20210217224838","is_ascension_mode":true,"campfire_choices":[{"data":"Ball Lightning","floor":6,"key":"SMITH"},{"floor":10,"key":"REST"},{"data":"Ball Lightning","floor":15,"key":"SMITH"},{"floor":23,"key":"REST"},{"data":"Sunder","floor":25,"key":"SMITH"},{"floor":29,"key":"REST"},{"floor":32,"key":"REST"}],"circlet_count":0,"master_deck":["Defend_B+1","Defend_B+1","Defend_B+1","Defend_B+1","Zap","Dualcast+1","Blizzard","Conserve Battery","Ball Lightning+1","Genetic Algorithm+1","Ball Lightning+1","Sunder+1","Leap","Static Discharge","Biased Cognition","Barrage+1","Melter","Doom and Gloom","Coolheaded","Lockon","Skim","Hologram"],"relics":["Cracked Core","Pen Nib","Anchor","MealTicket","Sundial","Philosopher\u0027s Stone","Question Card","Nloth\u0027s Gift","Boot"],"acts_visited":["Exordium","TheCity"],"potions_floor_usage":[11,16,28,31],"damage_taken":[{"damage":8,"enemies":"Jaw Worm","floor":1,"turns":4},{"damage":0,"enemies":"2 Louse","floor":4,"turns":2},{"damage":0,"enemies":"Cultist","floor":5,"turns":3},{"damage":32,"enemies":"3 Sentries","floor":8,"turns":6},{"damage":24,"enemies":"Gremlin Nob","floor":11,"turns":4},{"damage":0,"enemies":"Looter","floor":12,"turns":2},{"damage":5,"enemies":"Lots of Slimes","floor":14,"turns":3},{"damage":17,"enemies":"The Guardian","floor":16,"turns":10},{"damage":17,"enemies":"2 Thieves","floor":18,"turns":4},{"damage":4,"enemies":"Chosen","floor":19,"turns":3},{"damage":11,"enemies":"Snake Plant","floor":20,"turns":4},{"damage":12,"enemies":"Snecko","floor":27,"turns":4},{"damage":18,"enemies":"Gremlin Leader","floor":28,"turns":4},{"damage":0,"enemies":"Slavers","floor":31,"turns":2},{"damage":82,"enemies":"Collector","floor":33,"turns":9}],"seed_played":"1105830706371823245","potions_obtained":[{"floor":1,"key":"SteroidPotion"},{"floor":4,"key":"PotionOfCapacity"},{"floor":12,"key":"Fruit Juice"},{"floor":16,"key":"FocusPotion"},{"floor":18,"key":"FearPotion"},{"floor":27,"key":"PowerPotion"}],"is_trial":false,"path_per_floor":["M","?","?","M","M","R","?","E","T","R","E","M","$","M","R","B",null,"M","M","M","?","?","R","?","R","T","M","E","R","?","E","R","B"],"character_chosen":"DEFECT","items_purchased":[],"campfire_rested":4,"item_purchase_floors":[],"current_hp_per_floor":[60,53,53,53,53,53,53,21,21,43,19,19,34,29,29,17,64,47,43,32,32,32,56,56,56,56,44,26,50,50,50,74,0,0],"gold":419,"neow_bonus":"TRANSFORM_CARD","is_daily":false,"chose_seed":false,"campfire_upgraded":3,"win_rate":0.0,"timestamp":1613569718,"path_taken":["M","?","?","?","M","R","?","E","T","R","E","M","$","M","R","BOSS","M","?","?","?","?","R","?","R","T","M","E","R","?","E","R","BOSS"],"items_purchased_type":[],"build_version":"2020-12-22","purchased_purges":1,"victory":false,"max_hp_per_floor":[75,75,75,75,75,75,75,75,75,75,75,75,75,75,75,80,80,80,80,80,80,80,80,80,80,80,80,80,80,80,80,80,80,80],"card_choices":[{"not_picked":["Force Field","Stack"],"picked":"Conserve Battery","floor":1},{"not_picked":["Barrage","Fusion"],"picked":"Ball Lightning","floor":4},{"not_picked":["Rebound","Stack"],"picked":"Genetic Algorithm","floor":5},{"not_picked":["Turbo","Sweeping Beam"],"picked":"Ball Lightning","floor":8},{"not_picked":["Hologram","Amplify"],"picked":"Sunder","floor":11},{"not_picked":["Loop","Gash"],"picked":"Leap","floor":12},{"not_picked":["Chaos","Sweeping Beam"],"picked":"Static Discharge","floor":14},{"not_picked":["Hyperbeam","Fission"],"picked":"Biased Cognition","floor":16},{"not_picked":["Redo","Go for the Eyes","Stack"],"picked":"SKIP","floor":18},{"not_picked":["Go for the Eyes","Turbo+1"],"picked":"Barrage+1","floor":19},{"not_picked":["Conserve Battery","Fusion+1"],"picked":"Melter","floor":20},{"not_picked":["Blizzard","Ball Lightning","Conserve Battery"],"picked":"Lockon","floor":27},{"not_picked":["Coolheaded","Ball Lightning","Meteor Strike"],"picked":"Skim","floor":28},{"not_picked":["Go for the Eyes","Beam Cell","Chaos"],"picked":"Hologram","floor":31}],"player_experience":264562,"relics_obtained":[{"floor":8,"key":"Anchor"},{"floor":9,"key":"MealTicket"},{"floor":11,"key":"Sundial"},{"floor":26,"key":"Question Card"},{"floor":28,"key":"Ornamental Fan"},{"floor":31,"key":"Boot"}],"event_choices":[{"damage_healed":0,"gold_gain":0,"player_choice":"Success","damage_taken":7,"relics_obtained":["Pen Nib"],"max_hp_gain":0,"max_hp_loss":0,"event_name":"Scrap Ooze","floor":2,"gold_loss":0},{"damage_healed":0,"gold_gain":0,"player_choice":"Forge","damage_taken":0,"max_hp_gain":0,"max_hp_loss":0,"event_name":"Accursed Blacksmith","floor":3,"gold_loss":0,"cards_upgraded":["Dualcast"]},{"damage_healed":0,"gold_gain":0,"player_choice":"Upgraded","damage_taken":0,"max_hp_gain":0,"max_hp_loss":0,"event_name":"Upgrade Shrine","floor":7,"gold_loss":0,"cards_upgraded":["Genetic Algorithm"]},{"damage_healed":0,"gold_gain":0,"cards_transformed":["Strike_B","Strike_B"],"player_choice":"Became Test Subject","damage_taken":0,"max_hp_gain":0,"max_hp_loss":0,"event_name":"Drug Dealer","floor":21,"gold_loss":0,"cards_obtained":["Doom and Gloom","Coolheaded"]},{"damage_healed":0,"gold_gain":0,"player_choice":"Simplicity","damage_taken":0,"max_hp_gain":0,"max_hp_loss":0,"event_name":"Back to Basics","floor":22,"gold_loss":0,"cards_upgraded":["Defend_B","Defend_B","Defend_B","Defend_B"]},{"damage_healed":0,"gold_gain":0,"player_choice":"Ignored","damage_taken":0,"max_hp_gain":0,"max_hp_loss":0,"event_name":"Vampires","floor":24,"gold_loss":0},{"damage_healed":0,"gold_gain":0,"player_choice":"Traded Relic","damage_taken":0,"relics_obtained":["Nloth\u0027s Gift"],"max_hp_gain":0,"max_hp_loss":0,"event_name":"N\u0027loth","floor":30,"relics_lost":["Ornamental Fan"],"gold_loss":0}],"is_beta":false,"boss_relics":[{"not_picked":["Busted Crown","Astrolabe"],"picked":"Philosopher\u0027s Stone"}],"items_purged_floors":[13],"is_endless":false,"potions_floor_spawned":[1,4,12,16,18,27],"killed_by":"Collector","ascension_level":9}}