{"host":"tlbbab9afexrkdtf","time":1613602894,"event":{"mods":["2.2 Compatiblity","AchievementEnabler","BaseMod","Colored Map","Colored Powertips","Minty Spire (QoL Compilation)","Rare Cards Sparkle","StSLib"],"gold_per_floor":[117,192,205,215,234,234,259,277,277,277,304,304,318,2,2,2,2],"floor_reached":16,"language":"ENG","playtime":518,"items_purged":["Strike_R"],"score":140,"play_id":"9558dbf9-0b00-48e3-98ad-9a26bb8aa217","local_time":"20210217180134","is_ascension_mode":true,"campfire_choices":[{"floor":6,"key":"REST"},{"floor":10,"key":"REST"},{"floor":15,"key":"REST"}],"circlet_count":0,"master_deck":["Strike_R","Strike_R","Strike_R","Strike_R","Defend_R","Defend_R","Defend_R","Defend_R","Bash","Thunderclap","Flex","Armaments","Disarm","Shrug It Off","Pommel Strike","Berserk","Body Slam"],"relics":["Burning Blood","Ornamental Fan","Darkstone Periapt","Pantograph","Meat on the Bone"],"acts_visited":["Exordium"],"potions_floor_usage":[5,7,7,16],"damage_taken":[{"damage":10,"enemies":"Jaw Worm","floor":1,"turns":5},{"damage":6,"enemies":"Cultist","floor":3,"turns":4},{"damage":15,"enemies":"Small Slimes","floor":4,"turns":4},{"damage":10,"enemies":"Gremlin Gang","floor":5,"turns":4},{"damage":81,"enemies":"Lagavulin","floor":7,"turns":10},{"damage":6,"enemies":"Blue Slaver","floor":8,"turns":5},{"damage":24,"enemies":"Gremlin Nob","floor":11,"turns":4},{"damage":19,"enemies":"Red Slaver","floor":13,"turns":3},{"damage":96,"enemies":"Slime Boss","floor":16,"turns":12}],"seed_played":"4230675740609669648","potions_obtained":[{"floor":4,"key":"Fire Potion"},{"floor":5,"key":"Regen Potion"},{"floor":7,"key":"BloodPotion"},{"floor":13,"key":"Weak Potion"}],"is_trial":false,"path_per_floor":["M","?","M","M","M","R","E","M","T","R","E","?","M","$","R","B"],"character_chosen":"IRONCLAD","items_purchased":["Meat on the Bone"],"campfire_rested":3,"item_purchase_floors":[14],"current_hp_per_floor":[84,76,76,67,63,88,45,45,45,71,53,58,45,45,72,0,0],"gold":2,"neow_bonus":"TEN_PERCENT_HP_BONUS","is_daily":false,"chose_seed":false,"campfire_upgraded":0,"win_rate":0.0,"timestamp":1613602894,"path_taken":["M","?","?","M","M","R","E","M","T","R","E","?","M","$","R","BOSS"],"items_purchased_type":["Relic"],"build_version":"2020-12-22","purchased_purges":1,"victory":false,"max_hp_per_floor":[88,88,88,88,88,88,88,88,88,88,88,93,93,93,93,93,93],"card_choices":[{"not_picked":["Pommel Strike","Wild Strike"],"picked":"Thunderclap","floor":1},{"not_picked":["Clash","Anger"],"picked":"Flex","floor":3},{"not_picked":["Blood for Blood","Ghostly Armor"],"picked":"Armaments","floor":4},{"not_picked":["Feel No Pain","Bloodletting"],"picked":"Disarm","floor":5},{"not_picked":["Wild Strike","Armaments"],"picked":"Shrug It Off","floor":7},{"not_picked":["Second Wind","Body Slam"],"picked":"Pommel Strike","floor":8},{"not_picked":["Armaments","Wild Strike"],"picked":"Berserk","floor":11},{"not_picked":["Whirlwind","Heavy Blade"],"picked":"Body Slam","floor":13}],"player_experience":320163,"relics_obtained":[{"floor":7,"key":"Ornamental Fan"},{"floor":9,"key":"Darkstone Periapt"},{"floor":11,"key":"Pantograph"}],"event_choices":[{"damage_healed":0,"gold_gain":75,"player_choice":"Touch","damage_taken":8,"max_hp_gain":0,"max_hp_loss":0,"event_name":"FaceTrader","floor":2,"gold_loss":0},{"damage_healed":0,"gold_gain":0,"player_choice":"Donut","damage_taken":0,"max_hp_gain":5,"max_hp_loss":0,"event_name":"Big Fish","floor":12,"gold_loss":0}],"is_beta":false,"boss_relics":[],"items_purged_floors":[14],"is_endless":false,"potions_floor_spawned":[4,5,7,13],"killed_by":"Slime Boss","ascension_level":5}}