{"host":"hpdezpg731xgox4e","time":1613596505,"event":{"mods":["2.2 Compatiblity","Aspiration","BaseMod","Downfall","GifTheSpireLib","Minty Spire (QoL Compilation)","Shop Mod","StSLib"],"gold_per_floor":[99,112,112,126,126,126,126,126,142,161,161,40,40,115,125,220,220,220,232,252,252,202,287,287,71,81,281,281,120,26,38,53,156,156,156,166,266,286,286,286,333,344,362,362,380,450,450,461,471,471],"floor_reached":51,"language":"ENG","playtime":8244,"items_purged":["Injury","downfall:Haunted"],"score":764,"play_id":"8b024613-f323-4af2-a824-cb54d27e70b1","local_time":"20210217161505","is_ascension_mode":false,"campfire_choices":[{"floor":28,"key":"REST"},{"floor":44,"key":"REST"},{"floor":47,"key":"REST"}],"circlet_count":0,"master_deck":["sneckomod:Defend","sneckomod:Defend","sneckomod:Defend","sneckomod:TailWhip","sneckomod:SnekBite+1","Judgement+1","sneckomod:UnknownWeak+1","LessonLearned+1","sneckomod:QuickBite+1","Glacier+1","sneckomod:UnknownUncommonAttack","Dual Wield+1","sneckomod:UnknownClassRED+1","sneckomod:UnknownClassRED+1","sneckomod:UnknownClassRED+1","sneckomod:UnknownClassRED+1","Creative AI","Impervious+1","sneckomod:SoulRoll+1","Reprogram+1","Body Slam+1","Metallicize","sneckomod:UnknownUncommonPower+1","sneckomod:SlitherStrike","Warcry+1","sneckomod:SoulRoll+1","sneckomod:UnknownVulnerable+1","Battle Trance+1","sneckomod:SoulRoll+1","Juggernaut","sneckomod:Unknown2Cost+1","sneckomod:UnknownClassPURPLE+1","sneckomod:TrashToTreasure+1","sneckomod:UnknownStrength+1","Barricade","sneckomod:SoulRoll+1","sneckomod:UnknownRareSkill+1","Seek+1","sneckomod:QuickBite+1","CurseOfTheBell","CurseOfTheBell","sneckomod:UnlimitedRolls+1","Inflame","sneckomod:ImprovisedAttack+1","Writhe","Inflame+1","sneckomod:SoulRoll+1","Disarm+1","sneckomod:IronFang+1","sneckomod:QuickBite+1","Corruption","sneckomod:QuickMove+1","Rage+1","sneckomod:QuickBite"],"relics":["sneckomod:SneckoSoul","Toxic Egg 2","Regal Pillow","White Beast Statue","sneckomod:SneckoBoss","Bottled Flame","aspiration:RitualDagger","downfall:ExtraCursedBell","PreservedInsect","Mercury Hourglass","Mango","aspiration:Lifesprig","aspiration:FetidBarrel"],"acts_visited":["Exordium","TheCity","TheBeyond"],"potions_floor_usage":[16,30,30,33,33,33,36,43,45,48,49,49],"damage_taken":[{"damage":0,"enemies":"Small Slimes","floor":2,"turns":2},{"damage":0,"enemies":"2 Louse","floor":4,"turns":1},{"damage":1,"enemies":"Jaw Worm","floor":9,"turns":2},{"damage":10,"enemies":"downfall:LooterAlt","floor":10,"turns":3},{"damage":2,"enemies":"downfall:FleeingMerchant","floor":12,"turns":4},{"damage":13,"enemies":"2 Fungi Beasts","floor":15,"turns":4},{"damage":6,"enemies":"SI_SHIV_ARCHETYPE","floor":16,"turns":10},{"damage":10,"enemies":"Shell Parasite","floor":19,"turns":4},{"damage":23,"enemies":"3 Byrds","floor":20,"turns":8},{"damage":15,"enemies":"downfall:FleeingMerchant","floor":25,"turns":4},{"damage":9,"enemies":"Centurion and Healer","floor":26,"turns":6},{"damage":5,"enemies":"downfall:FleeingMerchant","floor":29,"turns":4},{"damage":15,"enemies":"downfall:FleeingMerchant","floor":30,"turns":4},{"damage":21,"enemies":"Snake Plant","floor":31,"turns":5},{"damage":2,"enemies":"3 Cultists","floor":32,"turns":3},{"damage":36,"enemies":"DF_ARCHETYPE_CLAW","floor":33,"turns":7},{"damage":32,"enemies":"3 Shapes","floor":36,"turns":4},{"damage":20,"enemies":"Orb Walker","floor":38,"turns":2},{"damage":29,"enemies":"4 Shapes","floor":42,"turns":4},{"damage":24,"enemies":"3 Darklings","floor":43,"turns":4},{"damage":37,"enemies":"Jaw Worm Horde","floor":45,"turns":3},{"damage":53,"enemies":"Spire Growth","floor":48,"turns":5},{"damage":54,"enemies":"Transient","floor":49,"turns":5},{"damage":91,"enemies":"WA_ARCHETYPE_DIVINITY","floor":50,"turns":9}],"seed_played":"-898716752766451180","potions_obtained":[{"floor":2,"key":"Strength Potion"},{"floor":4,"key":"bronze:BurnAndBuffPotion"},{"floor":15,"key":"LiquidBronze"},{"floor":16,"key":"ColorlessPotion"},{"floor":19,"key":"DuplicationPotion"},{"floor":20,"key":"Weak Potion"},{"floor":30,"key":"CultistPotion"},{"floor":31,"key":"hexamod:SoulburnPotion"},{"floor":32,"key":"Strength Potion"},{"floor":33,"key":"ColorlessPotion"},{"floor":36,"key":"Fire Potion"},{"floor":38,"key":"Guardian:BlockOnCardUsePotion"},{"floor":42,"key":"hexamod:SoulburnPotion"},{"floor":43,"key":"DistilledChaos"},{"floor":45,"key":"Swift Potion"},{"floor":48,"key":"GamblersBrew"},{"floor":49,"key":"SteroidPotion"}],"is_trial":false,"path_per_floor":["R","M","?","M","?","?","T","R","M","M","R","$","R","T","M","B",null,"R","M","M","?","?","?","T","$","M","?","R","$","$","M","M","B",null,"R","M","?","M","?","R","T","M","M","R","M","?","R","M","M","B",null],"character_chosen":"THE_SNECKO","items_purchased":["sneckomod:UnknownUncommonSkill+1","sneckomod:UnknownUncommonAttack","sneckomod:SoulRoll+1","sneckomod:UnknownVulnerable+1","sneckomod:UnknownClassPURPLE+1","sneckomod:TrashToTreasure+1"],"campfire_rested":3,"item_purchase_floors":[12,12,25,25,29,30],"current_hp_per_floor":[90,90,95,95,95,95,95,95,94,84,84,82,82,82,69,63,95,95,85,62,62,95,81,81,66,57,57,95,90,75,54,52,16,95,95,63,77,57,57,57,57,28,4,51,14,14,61,8,97,27],"gold":471,"neow_bonus":"UPGRADE_CARD","is_daily":false,"chose_seed":false,"campfire_upgraded":0,"win_rate":0.0,"timestamp":1613596505,"path_taken":["R","M","?","M","?","?","T","R","M","M","R","$","R","?","M","BOSS","R","M","M","?","?","?","T","$","M","?","R","?","$","M","M","BOSS","R","M","?","M","?","R","T","M","M","R","?","?","R","M","M","BOSS"],"items_purchased_type":["Card","Card","Card","Card","Card","Card"],"build_version":"2020-12-22","purchased_purges":2,"victory":true,"max_hp_per_floor":[90,90,95,95,95,95,95,95,95,95,95,95,95,95,95,95,95,95,95,95,95,95,95,95,95,95,95,95,95,95,95,95,95,95,95,95,109,109,109,109,109,109,109,109,109,109,109,109,109,109],"card_choices":[{"not_picked":["sneckomod:RainOfDice","sneckomod:Unknown2Cost"],"picked":"sneckomod:UnknownWeak","floor":2},{"not_picked":["sneckomod:Unknown1Cost","sneckomod:UnknownDraw"],"picked":"sneckomod:UnknownDexterity","floor":4},{"not_picked":["sneckomod:QuickMove+1","sneckomod:UnknownCommonAttack"],"picked":"sneckomod:UnknownBlock+1","floor":9},{"not_picked":["sneckomod:SlitherStrike","sneckomod:Nope+1"],"picked":"sneckomod:QuickBite","floor":10},{"not_picked":["sneckomod:UnknownBlock+1","sneckomod:WideSting"],"picked":"sneckomod:Memorize+1","floor":12},{"not_picked":["sneckomod:UnknownExhaust+1","sneckomod:SoulDraw+1"],"picked":"sneckomod:Memorize+1","floor":15},{"not_picked":["sneckomod:DangerNoodle","sneckomod:SerpentMind"],"picked":"sneckomod:UnknownRarePower","floor":16},{"not_picked":["Offering","Twin Strike"],"picked":"Impervious","floor":19},{"not_picked":["sneckomod:UnknownBlock+1","sneckomod:UnknownDraw+1"],"picked":"sneckomod:SoulRoll+1","floor":19},{"not_picked":["Anger","Burning Pact"],"picked":"Metallicize","floor":20},{"not_picked":["sneckomod:UnknownDraw+1","sneckomod:DiceBoulder"],"picked":"sneckomod:UnknownUncommonPower","floor":20},{"not_picked":["Sentinel","Armaments"],"picked":"Warcry","floor":25},{"not_picked":["sneckomod:IronFang","sneckomod:DiceCrush","sneckomod:Cheat+1"],"picked":"SKIP","floor":25},{"not_picked":["Carnage","Flex"],"picked":"Battle Trance","floor":26},{"not_picked":["sneckomod:DiceCrush","sneckomod:DiceBlock+1"],"picked":"sneckomod:SoulRoll+1","floor":26},{"not_picked":["Headbutt","Power Through"],"picked":"Juggernaut","floor":29},{"not_picked":["sneckomod:UnknownExhaust+1","sneckomod:SoulDraw+1"],"picked":"sneckomod:Unknown2Cost+1","floor":29},{"not_picked":["sneckomod:IronFang","sneckomod:SlitherStrike"],"picked":"sneckomod:UnknownUncommonPower+1","floor":30},{"not_picked":["sneckomod:QuickMove+1","sneckomod:SnakeSap"],"picked":"sneckomod:UnknownStrength+1","floor":31},{"not_picked":["Offering","Sentinel"],"picked":"Barricade","floor":32},{"not_picked":["sneckomod:ImprovisedAttack","sneckomod:UnknownCommonSkill+1"],"picked":"sneckomod:SoulRoll+1","floor":32},{"not_picked":["sneckomod:Mudshield","sneckomod:DangerNoodle"],"picked":"sneckomod:UnknownRareSkill+1","floor":33},{"not_picked":["sneckomod:WideSting","sneckomod:ImprovisedGuard+1"],"picked":"sneckomod:QuickBite+1","floor":36},{"not_picked":["Shrug It Off","Sword Boomerang"],"picked":"Inflame","floor":38},{"not_picked":["sneckomod:IronFang","sneckomod:Unknown1Cost+1"],"picked":"sneckomod:ImprovisedAttack+1","floor":38},{"not_picked":["sneckomod:ImprovisedGuard+1","sneckomod:UnknownDraw+1"],"picked":"sneckomod:SoulRoll+1","floor":42},{"not_picked":["Rampage","Infernal Blade"],"picked":"Disarm","floor":43},{"not_picked":["sneckomod:WideSting+1","sneckomod:UnknownExhaust+1"],"picked":"sneckomod:IronFang+1","floor":43},{"not_picked":["sneckomod:UnknownDexterity+1","sneckomod:IronFang+1"],"picked":"sneckomod:QuickBite+1","floor":45},{"not_picked":["Rage","Dark Embrace"],"picked":"Corruption","floor":48},{"not_picked":["sneckomod:UnknownX+1","sneckomod:UnknownBlock+1"],"picked":"sneckomod:QuickMove+1","floor":48},{"not_picked":["Infernal Blade","Headbutt"],"picked":"Rage","floor":49},{"not_picked":["sneckomod:IronFang","sneckomod:RainOfDice"],"picked":"sneckomod:QuickBite","floor":49}],"player_experience":92345,"relics_obtained":[{"floor":7,"key":"Regal Pillow"},{"floor":14,"key":"White Beast Statue"},{"floor":24,"key":"Bottled Flame"},{"floor":37,"key":"PreservedInsect"},{"floor":37,"key":"Mercury Hourglass"},{"floor":37,"key":"Mango"},{"floor":41,"key":"aspiration:Lifesprig"},{"floor":46,"key":"aspiration:FetidBarrel"}],"event_choices":[{"damage_healed":0,"gold_gain":0,"player_choice":"Donut","damage_taken":0,"max_hp_gain":5,"max_hp_loss":0,"event_name":"Big Fish","floor":3,"gold_loss":0},{"damage_healed":0,"gold_gain":0,"cards_transformed":["sneckomod:Strike","sneckomod:Strike"],"player_choice":"Became Test Subject","damage_taken":0,"max_hp_gain":0,"max_hp_loss":0,"event_name":"Drug Dealer","floor":21,"gold_loss":0,"cards_obtained":["sneckomod:UnknownRareSkill","sneckomod:SlitherStrike"]}],"is_beta":false,"boss_relics":[{"not_picked":["SacredBark","Fusion Hammer"],"picked":"sneckomod:SneckoBoss"},{"not_picked":["aspiration:PoetsPen_weak","Busted Crown"],"picked":"aspiration:RitualDagger"}],"items_purged_floors":[25,29],"is_endless":false,"potions_floor_spawned":[2,4,15,16,19,20,25,26,29,30,31,32,33,36,38,42,43,45,48,49],"ascension_level":0}}