{"host":"am0cr9xwekqmrere","time":1613545430,"event":{"mods":["AchievementEnabler","Act Like it!","BaseMod","Better Altar","Better Match","Better Note","Better Sensory Stone","Better Skull","Better Third Choice","BetterRewards","Conspire","Downfall","Hubris","Infinite Spire","Marisa????????","Minty Spire (QoL Compilation)","Rare Cards Sparkle","Spicy Shops","StSLib","The Servant 0.9.4","Unceasing Turn Reminder"],"gold_per_floor":[111,126,141,71,71,71,71,71,71,85,120,135,151,164,164,267,267,283,298,322,322,335,370,370,28,53,65,84,84,84,84],"floor_reached":30,"language":"ENG","playtime":1846,"items_purged":[],"score":329,"play_id":"3879bebb-ffa4-489d-9423-4fdd7ca45b39","local_time":"20210217010350","is_ascension_mode":false,"campfire_choices":[{"data":"Sunlight","floor":6,"key":"SMITH"},{"data":"Barrier","floor":8,"key":"SMITH"},{"floor":15,"key":"REST"},{"floor":24,"key":"REST"}],"circlet_count":0,"master_deck":["Strike_S","Strike_S","Strike_S","Strike_S","Defend_S","Defend_S","Defend_S","Defend_S","KidneyShot","Exchange","Foresight","GearUp","Misdirection","Barrier+1","Sunlight+1","Gouge","Rearm","Potential","Shuttle","Starlight","ShatteredReality","ShiftingGears","Apotheosis+1","SilverBlades","Collapse+1","BestPractice","SilverBlades+1","Contraction"],"relics":["Uniform","FaceOfCleric","Lizard Tail","Happy Flower","conspire:SpecialSausage","Bag of Marbles","infinitespire:Satchel","Blood Vial","hexamod:BolsterEngine","Lantern"],"acts_visited":["Exordium","TheCity"],"potions_floor_usage":[10,12,23,30],"damage_taken":[{"damage":5,"enemies":"Cultist","floor":1,"turns":6},{"damage":6,"enemies":"Jaw Worm","floor":2,"turns":6},{"damage":0,"enemies":"Small Slimes","floor":3,"turns":4},{"damage":26,"enemies":"Gremlin Gang","floor":10,"turns":4},{"damage":14,"enemies":"3 Sentries","floor":11,"turns":8},{"damage":8,"enemies":"Red Slaver","floor":12,"turns":3},{"damage":0,"enemies":"Blue Slaver","floor":13,"turns":4},{"damage":5,"enemies":"Exordium Thugs","floor":14,"turns":3},{"damage":0,"enemies":"Hexaghost","floor":16,"turns":14},{"damage":1,"enemies":"Chosen","floor":18,"turns":5},{"damage":27,"enemies":"2 Thieves","floor":19,"turns":3},{"damage":0,"enemies":"3 Cultists","floor":22,"turns":3},{"damage":67,"enemies":"Book of Stabbing","floor":23,"turns":8},{"damage":25,"enemies":"Snake Plant","floor":27,"turns":3},{"damage":28,"enemies":"Centurion and Healer","floor":28,"turns":5},{"damage":13,"enemies":"Sentry and Sphere","floor":30,"turns":4}],"seed_played":"-3028671263901771568","potions_obtained":[{"floor":1,"key":"SkillPotion"},{"floor":10,"key":"SteroidPotion"},{"floor":11,"key":"Fire Potion"},{"floor":18,"key":"FearPotion"},{"floor":22,"key":"Dexterity Potion"},{"floor":28,"key":"SteroidPotion"}],"is_trial":false,"path_per_floor":["M","M","M","$","?","R","?","R","T","M","E","M","M","M","R","B",null,"M","M","T","?","M","E","R","$","T","M","M","?","M"],"character_chosen":"THE_SERVANT","items_purchased":["Barrier","Blood Vial","hexamod:BolsterEngine","BestPractice"],"campfire_rested":2,"item_purchase_floors":[4,25,25,25],"current_hp_per_floor":[66,60,60,60,60,60,60,60,60,35,22,15,16,12,34,35,77,77,51,51,51,52,28,52,52,52,30,5,93,80,80],"gold":84,"neow_bonus":"TEN_PERCENT_HP_BONUS","is_daily":false,"chose_seed":false,"campfire_upgraded":2,"win_rate":0.0,"timestamp":1613545430,"path_taken":["M","?","M","$","?","R","?","R","T","M","E","M","M","M","R","BOSS","M","?","?","?","M","E","R","$","T","M","?","?","M"],"items_purchased_type":["Card","Relic","Relic","Card"],"build_version":"2020-12-22","purchased_purges":0,"victory":false,"max_hp_per_floor":[71,71,71,71,71,71,71,71,71,72,73,74,75,76,76,77,77,78,79,79,79,80,81,81,81,81,82,83,93,93,93],"card_choices":[{"not_picked":["BottledTime","FastForward"],"picked":"Foresight","floor":1},{"not_picked":["Spin","Rewind"],"picked":"GearUp","floor":2},{"not_picked":["Rearm","BestPractice"],"picked":"Misdirection","floor":3},{"not_picked":["Replace","Deny"],"picked":"Gouge","floor":10},{"not_picked":["Barrier","TimeWarp"],"picked":"Rearm","floor":11},{"not_picked":["Alleviate","DoubleEdge"],"picked":"Potential","floor":12},{"not_picked":["Alleviate","Misdirection"],"picked":"Shuttle","floor":13},{"not_picked":["Ricochet","TimeWarp"],"picked":"Starlight","floor":14},{"not_picked":["Dilation","Solidify"],"picked":"LightFlow","floor":16},{"not_picked":["Barrier","Rewind"],"picked":"ShatteredReality","floor":18},{"not_picked":["Ricochet","Reset"],"picked":"ShiftingGears","floor":19},{"not_picked":["StarChef","Spin+1"],"picked":"SilverBlades","floor":22},{"not_picked":["Alleviate","Rewind"],"picked":"Collapse+1","floor":23},{"not_picked":["DoubleEdge","Defy"],"picked":"SilverBlades+1","floor":27},{"not_picked":["BottledTime+1","Unruled+1"],"picked":"Contraction","floor":28}],"player_experience":2816259,"relics_obtained":[{"floor":9,"key":"Lizard Tail"},{"floor":11,"key":"Happy Flower"},{"floor":20,"key":"Bag of Marbles"},{"floor":23,"key":"infinitespire:Satchel"},{"floor":26,"key":"Lantern"}],"event_choices":[{"damage_healed":0,"gold_gain":0,"player_choice":"Trade","damage_taken":0,"relics_obtained":["FaceOfCleric"],"max_hp_gain":0,"max_hp_loss":0,"event_name":"FaceTrader","floor":7,"gold_loss":0},{"cards_removed":["Sunlight"],"damage_healed":0,"gold_gain":0,"player_choice":"Take \u0026 Give","damage_taken":0,"max_hp_gain":0,"max_hp_loss":0,"event_name":"betterNote:BetterNote","floor":21,"gold_loss":0,"cards_obtained":["Apotheosis"]},{"cards_removed":["LightFlow"],"damage_healed":78,"gold_gain":0,"player_choice":"Offered Rare","damage_taken":0,"max_hp_gain":10,"max_hp_loss":0,"event_name":"Bonfire Elementals","floor":29,"gold_loss":0}],"is_beta":false,"boss_relics":[{"not_picked":["conspire:SeveredTorchhead","Ectoplasm"],"picked":"conspire:SpecialSausage"}],"items_purged_floors":[],"is_endless":false,"potions_floor_spawned":[1,10,11,18,22,28],"killed_by":"Sentry and Sphere","ascension_level":0}}