{"host":"5pruifpvrxoc6ior","time":1613605403,"event":{"mods":["AchievementEnabler","Aspiration","BaseMod","Colored Map","Colored Powertips","Downfall","Googly Eyes","Hermit","Hubris","Jorbs\u0027s Wanderer Trilogy","Marisa????????","Minty Spire (QoL Compilation)","Quick Restart","Remilia??????","Replay The Spire","StSLib","SuperFastMode","The Bug Knight","The Cursed","The Disciple","The Hierophant","The Jungle","The Necromancer","The Servant 0.9.4"],"gold_per_floor":[119,134,147,147,163,163,190,190,190,216,226,226,226,102,102,201,201],"floor_reached":16,"language":"ENG","playtime":575,"items_purged":["Regret"],"score":242,"play_id":"4eaab7a2-4450-468a-8b37-6a8aa9eec9bf","local_time":"20210217184323","is_ascension_mode":true,"campfire_choices":[{"data":"Negative_Energy_Shield","floor":6,"key":"SMITH"},{"data":"Negative_Energy_Arrows","floor":8,"key":"SMITH"},{"data":"Toxic_Smoke_Screen","floor":15,"key":"SMITH"}],"circlet_count":0,"master_deck":["Strike_W","Strike_W","Strike_W","Strike_W","Defend_W","Defend_W","Defend_W","Defend_W","Negative_Energy_Arrows+1","Bone_Wall","Negative_Energy_Shield+1","Summon_Undead+1","Death_March_Dance","Toxic_Smoke_Screen+1"],"relics":["Vampire_Amulet","NeowsBlessing","Regal Pillow","hubris:GlazedTorus","Pet Ghost","HollowMod:LifeEnderRelic","Pear"],"acts_visited":["Exordium"],"potions_floor_usage":[],"damage_taken":[{"damage":0,"enemies":"Cultist","floor":1,"turns":1},{"damage":0,"enemies":"2 Louse","floor":2,"turns":1},{"damage":0,"enemies":"Small Slimes","floor":3,"turns":2},{"damage":0,"enemies":"Blue Slaver","floor":5,"turns":5},{"damage":21,"enemies":"HollowMod:MossKnight","floor":7,"turns":11},{"damage":23,"enemies":"Lagavulin","floor":10,"turns":7},{"damage":0,"enemies":"Red Slaver","floor":11,"turns":4},{"damage":0,"enemies":"The Guardian","floor":16,"turns":12}],"seed_played":"-737206280746686670","potions_obtained":[{"floor":1,"key":"LiquidMemories"},{"floor":2,"key":"FearPotion"},{"floor":3,"key":"Guardian:BlockOnCardUsePotion"}],"is_trial":false,"path_per_floor":["M","M","M","?","M","R","E","R","T","E","M","?","T","$","R","B"],"character_chosen":"NECROMANCER","items_purchased":["Toxic_Smoke_Screen"],"campfire_rested":0,"item_purchase_floors":[14],"current_hp_per_floor":[75,75,75,75,75,75,56,56,56,35,37,37,47,47,47,49,49],"gold":201,"neow_bonus":"THREE_ENEMY_KILL","is_daily":false,"chose_seed":false,"campfire_upgraded":3,"win_rate":0.0,"timestamp":1613605403,"path_taken":["M","M","?","?","M","R","E","R","T","E","M","?","?","?","R","BOSS"],"items_purchased_type":["Card"],"build_version":"2020-12-22","purchased_purges":1,"victory":false,"max_hp_per_floor":[75,75,75,75,75,75,75,75,75,75,75,75,85,85,85,85,85],"card_choices":[{"not_picked":["Plague_Bolt","Blood_Whip"],"picked":"Negative_Energy_Shield","floor":1},{"not_picked":["Flesh_Made_Foul","Strike_from_Beyond","Vampiric_Strike"],"picked":"SKIP","floor":2},{"not_picked":["Flesh_Made_Foul","Strike_from_Beyond","Vampiric_Strike"],"picked":"SKIP","floor":2},{"not_picked":["Stop_Heart","Finger_Of_Death"],"picked":"Summon_Undead","floor":3},{"not_picked":["Bone_Bullets","Vampiric_Strike"],"picked":"Death_March_Dance","floor":5},{"not_picked":["Bone_Spikes","Scare","Uncharnel"],"picked":"SKIP","floor":7},{"not_picked":["Negative_Energy_Bomb","Blood_Whip","Blood_Shield"],"picked":"SKIP","floor":10},{"not_picked":["Bone_Shift","Violent_Necrosis","Siphon_Strength"],"picked":"SKIP","floor":11}],"player_experience":33816,"relics_obtained":[{"floor":7,"key":"Regal Pillow"},{"floor":9,"key":"hubris:GlazedTorus"},{"floor":10,"key":"Pet Ghost"},{"floor":13,"key":"Pear"}],"event_choices":[{"damage_healed":0,"gold_gain":0,"player_choice":"Box","damage_taken":0,"relics_obtained":["HollowMod:LifeEnderRelic"],"max_hp_gain":0,"max_hp_loss":0,"event_name":"Big Fish","floor":12,"gold_loss":0,"cards_obtained":["Regret"]}],"is_beta":false,"boss_relics":[],"items_purged_floors":[14],"is_endless":false,"potions_floor_spawned":[1,2,3],"killed_by":"The Guardian","ascension_level":3}}