{"host":"8iprjuzow65cevwy","time":1613581691,"event":{"mods":["BaseMod","Colored Map","Highlight Path","Minty Spire (QoL Compilation)","Permanent Neow"],"gold_per_floor":[110,123,142,142,152,181,181,181,235,235,264,277,294,333,333,442,442,468,468,497,60,81,117,117,138,138,138,138,138],"floor_reached":28,"language":"ENG","playtime":1545,"items_purged":["Fiend Fire"],"score":364,"play_id":"5b50fc3a-2607-4047-8402-c5a70b4983c7","local_time":"20210217180811","is_ascension_mode":true,"campfire_choices":[{"floor":8,"key":"REST"},{"data":"Armaments","floor":10,"key":"SMITH"},{"floor":15,"key":"REST"},{"floor":24,"key":"REST"},{"floor":27,"key":"REST"}],"circlet_count":0,"master_deck":["Strike_R","Strike_R","Defend_R","Defend_R","Defend_R","Defend_R","Bash+1","Shockwave","Spot Weakness","Pommel Strike","Iron Wave","Bloodletting","Armaments+1","Rupture","Pummel","Exhume","True Grit","Shrug It Off+1","Flash of Steel+1","Warcry","Iron Wave","Rage"],"relics":["Black Star","The Courier","Oddly Smooth Stone","Anchor","Peace Pipe","Akabeko","Bronze Scales","CeramicFish","Empty Cage","Kunai","Nunchaku","Whetstone","Bag of Marbles","StrikeDummy"],"acts_visited":["Exordium","TheCity"],"potions_floor_usage":[11,14,14,14,16,18,20],"damage_taken":[{"damage":11,"enemies":"2 Louse","floor":1,"turns":3},{"damage":2,"enemies":"Cultist","floor":2,"turns":5},{"damage":4,"enemies":"Small Slimes","floor":3,"turns":3},{"damage":0,"enemies":"Exordium Wildlife","floor":5,"turns":4},{"damage":16,"enemies":"Lagavulin","floor":6,"turns":5},{"damage":9,"enemies":"3 Sentries","floor":11,"turns":7},{"damage":3,"enemies":"Red Slaver","floor":12,"turns":4},{"damage":3,"enemies":"2 Fungi Beasts","floor":13,"turns":4},{"damage":12,"enemies":"Lagavulin","floor":14,"turns":4},{"damage":32,"enemies":"Hexaghost","floor":16,"turns":13},{"damage":7,"enemies":"2 Thieves","floor":18,"turns":3},{"damage":10,"enemies":"Shell Parasite","floor":20,"turns":3},{"damage":19,"enemies":"Snecko","floor":22,"turns":5},{"damage":26,"enemies":"Slavers","floor":23,"turns":8},{"damage":11,"enemies":"Shelled Parasite and Fungi","floor":25,"turns":4},{"damage":42,"enemies":"3 Cultists","floor":28,"turns":5}],"seed_played":"-7494932412785821347","potions_obtained":[{"floor":3,"key":"Dexterity Potion"},{"floor":6,"key":"EntropicBrew"},{"floor":12,"key":"PowerPotion"},{"floor":18,"key":"FearPotion"}],"is_trial":false,"path_per_floor":["M","M","M","?","M","E","?","R","T","R","E","M","M","E","R","B",null,"M","?","M","$","M","E","R","M","T","R","M"],"character_chosen":"IRONCLAD","items_purchased":["Kunai","Nunchaku","Flash of Steel"],"campfire_rested":4,"item_purchase_floors":[21,21,21],"current_hp_per_floor":[61,59,55,55,55,39,39,63,63,63,54,51,48,36,60,28,67,60,60,50,50,31,5,29,18,18,42,0,0],"gold":138,"neow_bonus":"BOSS_RELIC","is_daily":false,"chose_seed":false,"campfire_upgraded":1,"win_rate":0.0,"timestamp":1613581691,"path_taken":["M","M","M","?","?","E","?","R","T","R","E","M","?","E","R","BOSS","M","?","?","?","M","E","R","M","T","R","M"],"items_purchased_type":["Relic","Relic","Card"],"build_version":"2020-12-22","purchased_purges":1,"victory":false,"max_hp_per_floor":[80,80,80,80,80,80,80,80,80,80,80,80,80,80,80,80,80,80,80,80,80,80,80,80,80,80,80,80,80],"card_choices":[{"not_picked":["Clothesline","Sword Boomerang"],"picked":"Shockwave","floor":1},{"not_picked":["Intimidate","Pommel Strike"],"picked":"Spot Weakness","floor":2},{"not_picked":["Anger","Perfected Strike"],"picked":"Pommel Strike","floor":3},{"not_picked":["Body Slam","Heavy Blade"],"picked":"Bloodletting","floor":5},{"not_picked":["Cleave","Body Slam"],"picked":"Armaments","floor":6},{"not_picked":["Sword Boomerang","Armaments","Wild Strike"],"picked":"SKIP","floor":11},{"not_picked":["Searing Blow","Heavy Blade"],"picked":"Rupture","floor":12},{"not_picked":["Flex","Pommel Strike"],"picked":"Pummel","floor":13},{"not_picked":["Clothesline","Cleave"],"picked":"Exhume","floor":14},{"not_picked":["Demon Form","Double Tap"],"picked":"Fiend Fire","floor":16},{"not_picked":["Headbutt+1","Whirlwind+1"],"picked":"True Grit","floor":18},{"not_picked":["Pommel Strike","Sword Boomerang"],"picked":"Shrug It Off+1","floor":20},{"not_picked":["Armaments","Wild Strike"],"picked":"Warcry","floor":22},{"not_picked":["Berserk","Body Slam"],"picked":"Iron Wave","floor":23},{"not_picked":["Intimidate","Iron Wave"],"picked":"Rage","floor":25}],"player_experience":362861,"relics_obtained":[{"floor":6,"key":"The Courier"},{"floor":6,"key":"Oddly Smooth Stone"},{"floor":9,"key":"Anchor"},{"floor":11,"key":"Peace Pipe"},{"floor":11,"key":"Akabeko"},{"floor":14,"key":"Bronze Scales"},{"floor":14,"key":"CeramicFish"},{"floor":23,"key":"Whetstone"},{"floor":23,"key":"Bag of Marbles"},{"floor":26,"key":"StrikeDummy"}],"event_choices":[{"damage_healed":0,"gold_gain":0,"player_choice":"1 cards matched","damage_taken":0,"max_hp_gain":0,"max_hp_loss":0,"event_name":"Match and Keep!","floor":4,"gold_loss":0,"cards_obtained":["Iron Wave"]},{"cards_removed":["Strike_R"],"damage_healed":0,"gold_gain":0,"player_choice":"Card Removal","damage_taken":0,"max_hp_gain":0,"max_hp_loss":0,"event_name":"Wheel of Change","floor":7,"gold_loss":0},{"damage_healed":0,"gold_gain":0,"player_choice":"Ignored","damage_taken":0,"max_hp_gain":0,"max_hp_loss":0,"event_name":"N\u0027loth","floor":19,"gold_loss":0}],"is_beta":false,"boss_relics":[{"not_picked":["Ectoplasm","SacredBark"],"picked":"Empty Cage"}],"items_purged_floors":[21],"is_endless":false,"potions_floor_spawned":[3,6,12,18],"killed_by":"3 Cultists","ascension_level":8}}