{"host":"5wwct7e0z3l0f094","time":1613534467,"event":{"mods":["AchievementEnabler","BaseMod","Downfall","Highlight Path","Minty Spire (QoL Compilation)","StSLib","SuperFastMode"],"gold_per_floor":[118,293,293,293,258,292,308,346,369,385,385,385],"floor_reached":11,"language":"ENG","playtime":241,"items_purged":[],"score":164,"play_id":"d6b73078-0ca7-46b6-b706-99116fb8d3b4","local_time":"20210216230107","is_ascension_mode":true,"campfire_choices":[],"circlet_count":0,"master_deck":["AscendersBane","Strike_G","Strike_G","Strike_G","Strike_G","Strike_G","Defend_G","Defend_G","Defend_G","Defend_G","Defend_G","Survivor","Neutralize","Cloak And Dagger","Backstab","Blade Dance"],"relics":["Ring of the Snake","NeowsBlessing","Golden Idol","Omamori","Tough Bandages"],"acts_visited":["Exordium"],"potions_floor_usage":[],"damage_taken":[{"damage":0,"enemies":"2 Louse","floor":1,"turns":1},{"damage":0,"enemies":"Gremlin Nob","floor":6,"turns":1},{"damage":0,"enemies":"Jaw Worm","floor":7,"turns":1},{"damage":33,"enemies":"3 Sentries","floor":8,"turns":14},{"damage":0,"enemies":"Small Slimes","floor":10,"turns":2},{"damage":39,"enemies":"Gremlin Nob","floor":11,"turns":4}],"seed_played":"-1279247292792916502","potions_obtained":[{"floor":7,"key":"Swift Potion"}],"is_trial":false,"path_per_floor":["M","?","?","?","?","E","M","E","T","M","E"],"character_chosen":"THE_SILENT","items_purchased":[],"campfire_rested":0,"item_purchase_floors":[],"current_hp_per_floor":[63,63,56,39,56,56,56,23,23,23,0,0],"gold":385,"neow_bonus":"THREE_ENEMY_KILL","is_daily":false,"chose_seed":false,"campfire_upgraded":0,"win_rate":0.0,"timestamp":1613534467,"path_taken":["M","?","?","?","?","E","M","E","T","M","E"],"items_purchased_type":[],"build_version":"2020-12-22","purchased_purges":0,"victory":false,"max_hp_per_floor":[70,70,70,70,70,70,70,70,70,70,70,70],"card_choices":[{"not_picked":["Poisoned Stab","Setup","PiercingWail"],"picked":"SKIP","floor":1},{"not_picked":["All Out Attack","Eviscerate"],"picked":"Cloak And Dagger","floor":6},{"not_picked":["Deadly Poison","Reflex"],"picked":"Backstab","floor":7},{"not_picked":["Slice","Cloak And Dagger"],"picked":"Blade Dance","floor":8},{"not_picked":["Wraith Form v2","Underhanded Strike","Flying Knee"],"picked":"SKIP","floor":10}],"player_experience":338225,"relics_obtained":[{"floor":6,"key":"Omamori"},{"floor":8,"key":"Tough Bandages"}],"event_choices":[{"damage_healed":0,"gold_gain":175,"player_choice":"AGREE","damage_taken":0,"max_hp_gain":0,"max_hp_loss":0,"event_name":"Liars Game","floor":2,"gold_loss":0,"cards_obtained":["Doubt"]},{"cards_removed":["Doubt"],"damage_healed":0,"gold_gain":0,"player_choice":"Card Removal","damage_taken":7,"max_hp_gain":0,"max_hp_loss":0,"event_name":"Golden Wing","floor":3,"gold_loss":0},{"damage_healed":0,"gold_gain":0,"player_choice":"Take Damage","damage_taken":17,"relics_obtained":["Golden Idol"],"max_hp_gain":0,"max_hp_loss":0,"event_name":"Golden Idol","floor":4,"gold_loss":0},{"damage_healed":17,"gold_gain":0,"player_choice":"Healed","damage_taken":0,"max_hp_gain":0,"max_hp_loss":0,"event_name":"The Cleric","floor":5,"gold_loss":35}],"is_beta":false,"boss_relics":[],"items_purged_floors":[],"is_endless":false,"potions_floor_spawned":[7],"killed_by":"Gremlin Nob","ascension_level":11}}