{"host":"rb2p2z6v6vieend5","time":1613586818,"event":{"mods":["BaseMod","Block Reminder","Colored Map","DeckTracker","Highlight Path","Minty Spire (QoL Compilation)","Random Character Button","Relic Stats"],"gold_per_floor":[114,114,114,129,129,129,159,159,159,174,189,204,219,234,234,334,334,349,349,364,10,10,10,40,55,130,55,70,70,85,130,130,230,230,245,260,275,290,335,335,85,85,85,115,115,130,130,130],"floor_reached":47,"language":"ENG","playtime":2968,"items_purged":["Eruption+1"],"score":558,"play_id":"0c7914cb-6079-45ae-b8e2-bfd504ed73d6","local_time":"20210217193338","daily_mods":["Chimera","Uncertain Future","Terminal"],"is_ascension_mode":false,"campfire_choices":[{"data":"Evaluate","floor":6,"key":"SMITH"},{"data":"Wallop","floor":8,"key":"SMITH"},{"data":"Weave","floor":15,"key":"SMITH"},{"data":"Devotion","floor":23,"key":"SMITH"},{"data":"JustLucky","floor":29,"key":"SMITH"},{"data":"JustLucky","floor":32,"key":"SMITH"},{"data":"Protect","floor":40,"key":"SMITH"},{"data":"JustLucky","floor":42,"key":"SMITH"}],"circlet_count":0,"master_deck":["Survivor","Defend_G","Wallop+1","Evaluate+1","Halt","JustLucky+1","JustLucky+1","Weave+1","Brilliance","CutThroughFate","Devotion+1","Wish+1","Wireheading+1","Crescendo+1","BattleHymn+1","InnerPeace","EmptyBody","Conclude","Prostrate","JustLucky+1","BattleHymn+1","Ragnarok","Protect+1","Wallop"],"relics":["PureWater","Calipers","Toy Ornithopter","White Beast Statue","Astrolabe","Akabeko","TheAbacus","Kunai","HornCleat","SlaversCollar","Singing Bowl","Letter Opener","Shovel"],"acts_visited":["Exordium","TheCity","TheBeyond"],"potions_floor_usage":[7,16,16,25,31,35,36,38,44,47],"damage_taken":[{"damage":0,"enemies":"2 Louse","floor":1,"turns":1},{"damage":0,"enemies":"Small Slimes","floor":4,"turns":3},{"damage":0,"enemies":"3 Sentries","floor":7,"turns":5},{"damage":0,"enemies":"Cultist","floor":10,"turns":2},{"damage":0,"enemies":"Looter","floor":11,"turns":3},{"damage":0,"enemies":"2 Fungi Beasts","floor":12,"turns":4},{"damage":0,"enemies":"Blue Slaver","floor":13,"turns":3},{"damage":3,"enemies":"Red Slaver","floor":14,"turns":2},{"damage":8,"enemies":"Hexaghost","floor":16,"turns":6},{"damage":0,"enemies":"Spheric Guardian","floor":18,"turns":3},{"damage":9,"enemies":"2 Thieves","floor":20,"turns":3},{"damage":5,"enemies":"Book of Stabbing","floor":24,"turns":5},{"damage":11,"enemies":"Cultist and Chosen","floor":25,"turns":5},{"damage":0,"enemies":"Snake Plant","floor":28,"turns":6},{"damage":0,"enemies":"Shelled Parasite and Fungi","floor":30,"turns":4},{"damage":4,"enemies":"Centurion and Healer","floor":31,"turns":5},{"damage":0,"enemies":"Automaton","floor":33,"turns":6},{"damage":0,"enemies":"Orb Walker","floor":35,"turns":1},{"damage":9,"enemies":"3 Shapes","floor":36,"turns":3},{"damage":0,"enemies":"Maw","floor":37,"turns":8},{"damage":5,"enemies":"3 Darklings","floor":38,"turns":6},{"damage":0,"enemies":"Sphere and 2 Shapes","floor":39,"turns":5},{"damage":1,"enemies":"Nemesis","floor":44,"turns":5},{"damage":19,"enemies":"Maw","floor":46,"turns":6},{"damage":27,"enemies":"2 Orb Walkers","floor":47,"turns":3}],"seed_played":"6706742764168558924","potions_obtained":[{"floor":1,"key":"DistilledChaos"},{"floor":10,"key":"SpeedPotion"},{"floor":11,"key":"DuplicationPotion"},{"floor":12,"key":"Ancient Potion"},{"floor":13,"key":"Block Potion"},{"floor":16,"key":"FearPotion"},{"floor":18,"key":"Strength Potion"},{"floor":20,"key":"Regen Potion"},{"floor":25,"key":"Fire Potion"},{"floor":31,"key":"Weak Potion"},{"floor":35,"key":"PowerPotion"},{"floor":36,"key":"Weak Potion"},{"floor":37,"key":"PowerPotion"},{"floor":38,"key":"ColorlessPotion"},{"floor":39,"key":"StancePotion"},{"floor":44,"key":"CultistPotion"}],"is_trial":false,"path_per_floor":["M","?","$","M","?","R","E","R","T","M","M","M","M","M","R","B",null,"M","?","M","$","?","R","E","M","T","$","M","R","M","M","R","B",null,"M","M","M","M","M","R","$","R","T","E","?","M","?"],"character_chosen":"WATCHER","items_purchased":["Prostrate","Akabeko","TheAbacus","Singing Bowl"],"campfire_rested":0,"item_purchase_floors":[21,21,21,41],"current_hp_per_floor":[70,58,58,58,58,58,58,58,58,58,58,58,58,55,55,48,54,53,52,43,43,43,43,38,37,37,37,37,37,37,37,37,37,37,36,32,32,32,32,31,30,29,28,29,28,11,0,0],"gold":130,"neow_bonus":"","is_daily":true,"chose_seed":false,"campfire_upgraded":8,"win_rate":0.0,"timestamp":1613586818,"path_taken":["M","?","$","M","?","R","E","R","T","M","M","M","?","M","R","BOSS","M","?","M","$","?","R","E","M","T","?","M","R","M","M","R","BOSS","M","M","M","M","M","R","$","R","T","E","?","?","?"],"items_purchased_type":["Card","Relic","Relic","Relic"],"build_version":"2020-12-22","purchased_purges":1,"victory":false,"max_hp_per_floor":[70,69,68,67,66,65,64,63,62,61,60,59,58,57,56,55,54,53,52,51,50,49,48,47,46,45,44,43,42,41,40,39,38,37,36,35,34,33,32,31,30,29,28,29,28,29,29,29],"relic_stats":{"TheAbacus":[66],"Shovel":0,"Singing Bowl":4,"counters":[25,103],"Astrolabe":["Wish","Wireheading","Crescendo"],"Kunai":[34],"Letter Opener":[15],"obtain_stats":[{"Calipers":2,"Singing Bowl":41,"Astrolabe":17,"Letter Opener":43,"White Beast Statue":9,"Akabeko":21,"SlaversCollar":34,"TheAbacus":21,"HornCleat":26,"Shovel":44,"Kunai":24,"PureWater":0,"Toy Ornithopter":7},{"Calipers":1,"Singing Bowl":22,"Astrolabe":9,"Letter Opener":22,"White Beast Statue":3,"Akabeko":11,"SlaversCollar":17,"TheAbacus":11,"HornCleat":13,"Shovel":23,"Kunai":12,"PureWater":0,"Toy Ornithopter":3},{"Calipers":1,"Singing Bowl":89,"Astrolabe":29,"Letter Opener":89,"White Beast Statue":9,"Akabeko":35,"SlaversCollar":66,"TheAbacus":35,"HornCleat":45,"Shovel":94,"Kunai":40,"PureWater":0,"Toy Ornithopter":9}],"Toy Ornithopter":25},"card_choices":[{"not_picked":["DeceiveReality","Protect"],"picked":"Wallop","floor":1},{"not_picked":["Wireheading","BowlingBash"],"picked":"Evaluate","floor":4},{"not_picked":["Crescendo","Nirvana"],"picked":"Halt","floor":7},{"not_picked":["BowlingBash","Pray"],"picked":"JustLucky","floor":10},{"not_picked":["BowlingBash","FearNoEvil"],"picked":"JustLucky","floor":11},{"not_picked":["CarveReality","ClearTheMind"],"picked":"Weave","floor":12},{"not_picked":["FlyingSleeves","Vengeance"],"picked":"Brilliance","floor":13},{"not_picked":["ThirdEye","ForeignInfluence"],"picked":"CutThroughFate","floor":14},{"not_picked":["Scrawl","Vault"],"picked":"Devotion","floor":16},{"not_picked":["EmptyFist","Tantrum"],"picked":"BattleHymn+1","floor":18},{"not_picked":["DeceiveReality","Consecrate"],"picked":"Conclude","floor":20},{"not_picked":["FlurryOfBlows","Adaptation+1","Fasting2+1"],"picked":"SKIP","floor":24},{"not_picked":["Evaluate","FlurryOfBlows","DeceiveReality"],"picked":"SKIP","floor":25},{"not_picked":["Tantrum","Wireheading"],"picked":"JustLucky","floor":28},{"not_picked":["Meditate","WreathOfFlame","Evaluate+1"],"picked":"SKIP","floor":30},{"not_picked":["Swivel","Meditate+1"],"picked":"BattleHymn+1","floor":31},{"not_picked":["Vault","Alpha"],"picked":"Ragnarok","floor":33},{"not_picked":["Meditate","CrushJoints+1","EmptyBody+1"],"picked":"SKIP","floor":35},{"not_picked":["Fasting2","ThirdEye"],"picked":"Protect","floor":36},{"not_picked":["WreathOfFlame","FlyingSleeves+1","Indignation"],"picked":"SKIP","floor":37},{"not_picked":["Wallop","FlyingSleeves","CutThroughFate"],"picked":"SKIP","floor":38},{"not_picked":["PathToVictory+1","WheelKick+1","Evaluate"],"picked":"SKIP","floor":39},{"not_picked":["CrushJoints","Halt","ClearTheMind"],"picked":"Singing Bowl","floor":44},{"not_picked":["JustLucky","EmptyFist","SignatureMove+1"],"picked":"Singing Bowl","floor":46}],"player_experience":759904,"relics_obtained":[{"floor":7,"key":"Toy Ornithopter"},{"floor":9,"key":"White Beast Statue"},{"floor":24,"key":"Kunai"},{"floor":26,"key":"HornCleat"},{"floor":43,"key":"Letter Opener"},{"floor":44,"key":"Shovel"}],"event_choices":[{"damage_healed":0,"gold_gain":0,"player_choice":"Success","damage_taken":12,"relics_obtained":["Calipers"],"max_hp_gain":0,"max_hp_loss":0,"event_name":"Scrap Ooze","floor":2,"gold_loss":0},{"damage_healed":0,"gold_gain":0,"player_choice":"Upgraded","damage_taken":0,"max_hp_gain":0,"max_hp_loss":0,"event_name":"Upgrade Shrine","floor":5,"gold_loss":0,"cards_upgraded":["Eruption"]},{"damage_healed":0,"gold_gain":0,"cards_transformed":["Zap","Defend_R"],"player_choice":"Became Test Subject","damage_taken":0,"max_hp_gain":0,"max_hp_loss":0,"event_name":"Drug Dealer","floor":19,"gold_loss":0,"cards_obtained":["InnerPeace","EmptyBody"]},{"cards_removed":["Bash"],"damage_healed":0,"gold_gain":0,"player_choice":"Elegance","damage_taken":0,"max_hp_gain":0,"max_hp_loss":0,"event_name":"Back to Basics","floor":22,"gold_loss":0},{"damage_healed":0,"gold_gain":0,"cards_transformed":["Defend_P"],"player_choice":"Transformed","damage_taken":0,"max_hp_gain":0,"max_hp_loss":0,"event_name":"Transmorgrifier","floor":45,"gold_loss":0,"cards_obtained":["Wallop"]},{"damage_healed":0,"gold_gain":0,"player_choice":"Fight","damage_taken":0,"max_hp_gain":0,"max_hp_loss":0,"event_name":"Mysterious Sphere","floor":47,"gold_loss":0}],"is_beta":false,"boss_relics":[{"not_picked":["Calling Bell","Snecko Eye"],"picked":"Astrolabe"},{"not_picked":["HolyWater","Runic Dome"],"picked":"SlaversCollar"}],"items_purged_floors":[27],"is_endless":false,"potions_floor_spawned":[1,10,11,12,13,14,16,18,20,24,25,28,30,31,33,35,36,37,38,39,44,46],"killed_by":"2 Orb Walkers","ascension_level":0}}