{"host":"os9owiyb0rak6c8n","time":1613571072,"event":{"mods":["AchievementEnabler","Astrologer","BaseMod","Beaked The Cultist","Better Third Choice","Block Reminder","Colored Map","Colored Powertips","Curses Come First","Dio Mod","Minty Spire (QoL Compilation)","Robot Space Explorer","Spicy Shops","StSLib","The Death Knight","The Necromancer"],"gold_per_floor":[114,189,250,56,69,83,83,109,109,109,126,140,0,11,11,114,114,131,131,131,142,142,142,142],"floor_reached":23,"language":"ENG","playtime":928,"items_purged":["DeathKnight:Defend_DeathKnight"],"score":313,"play_id":"696094ef-dce6-444b-9b59-c8ffc454186a","local_time":"20210217151112","is_ascension_mode":true,"campfire_choices":[{"data":"DeathKnight:DarkSuccor","floor":7,"key":"SMITH"},{"data":"DeathKnight:MutagenicPlague","floor":10,"key":"SMITH"},{"floor":15,"key":"REST"}],"circlet_count":0,"master_deck":["DeathKnight:Strike_DeathKnight","DeathKnight:Strike_DeathKnight","DeathKnight:Strike_DeathKnight","DeathKnight:Strike_DeathKnight","DeathKnight:Defend_DeathKnight","DeathKnight:Defend_DeathKnight","DeathKnight:Defend_DeathKnight","DeathKnight:RuneTap","DeathKnight:RuneStrike+1","DeathKnight:MutagenicPlague+1","DeathKnight:DeathCoil","DeathKnight:WraithWalk","DeathKnight:HowlingBlast","DeathKnight:DarkSuccor+1","DeathKnight:AntiMagicShell","DeathKnight:Contagion","DeathKnight:MindFreeze","DeathKnight:DancingRuneblade","DeathKnight:Culling+1","DeathKnight:BoneStorm+1","DeathKnight:FoulBulwark","Decay","DeathKnight:BloodPact+1"],"relics":["DeathKnight:BrokenRuneblade","Mummified Hand","Molten Egg 2","Empty Cage","Enchiridion"],"acts_visited":["Exordium","TheCity"],"potions_floor_usage":[16,23,23],"damage_taken":[{"damage":2,"enemies":"Jaw Worm","floor":1,"turns":4},{"damage":3,"enemies":"2 Louse","floor":5,"turns":2},{"damage":0,"enemies":"Cultist","floor":6,"turns":2},{"damage":11,"enemies":"3 Sentries","floor":8,"turns":6},{"damage":0,"enemies":"2 Fungi Beasts","floor":11,"turns":2},{"damage":8,"enemies":"Blue Slaver","floor":12,"turns":3},{"damage":11,"enemies":"Exordium Wildlife","floor":14,"turns":4},{"damage":0,"enemies":"Slime Boss","floor":16,"turns":8},{"damage":8,"enemies":"Shell Parasite","floor":18,"turns":4},{"damage":22,"enemies":"2 Thieves","floor":21,"turns":4},{"damage":28,"enemies":"Shelled Parasite and Fungi","floor":23,"turns":4}],"seed_played":"6102778517010665806","potions_obtained":[{"floor":5,"key":"DeathKnight:RimePotion"},{"floor":6,"key":"ColorlessPotion"},{"floor":8,"key":"Ancient Potion"},{"floor":11,"key":"Energy Potion"},{"floor":21,"key":"PowerPotion"}],"is_trial":false,"path_per_floor":["M","?","?","$","M","M","R","E","T","R","M","M","$","M","R","B",null,"M","?","?","M","?","M"],"character_chosen":"DEATH_KNIGHT","items_purchased":["DeathKnight:DeathCoil","DeathKnight:WraithWalk","DeathKnight:MindFreeze","DeathKnight:DancingRuneblade"],"campfire_rested":1,"item_purchase_floors":[4,4,13,13],"current_hp_per_floor":[66,55,55,55,52,52,52,41,41,41,41,33,33,22,44,44,67,59,59,59,37,21,0,0],"gold":142,"neow_bonus":"UPGRADE_CARD","is_daily":false,"chose_seed":false,"campfire_upgraded":2,"win_rate":0.0,"timestamp":1613571072,"path_taken":["M","?","?","$","M","M","R","E","T","R","M","?","$","M","R","BOSS","M","?","?","?","?","M"],"items_purchased_type":["Card","Card","Card","Card"],"build_version":"2020-12-22","purchased_purges":1,"victory":false,"max_hp_per_floor":[75,75,75,75,75,75,75,75,75,75,75,75,75,75,75,75,75,75,75,75,75,75,75,75],"card_choices":[{"not_picked":["DeathKnight:RaiseAlly","DeathKnight:FrostStrike"],"picked":"DeathKnight:MutagenicPlague","floor":1},{"not_picked":["DeathKnight:ShatteringStrikes","DeathKnight:Lichborne"],"picked":"DeathKnight:HowlingBlast","floor":5},{"not_picked":["DeathKnight:RunicCorruption","DeathKnight:BloodStrike"],"picked":"DeathKnight:DarkSuccor","floor":6},{"not_picked":["DeathKnight:RunicCorruption","DeathKnight:Marrowrend","DeathKnight:BloodTap"],"picked":"SKIP","floor":8},{"not_picked":["DeathKnight:BloodBoil","DeathKnight:Ossuary"],"picked":"DeathKnight:AntiMagicShell","floor":11},{"not_picked":["DeathKnight:DeathsAdvance","DeathKnight:BloodTap"],"picked":"DeathKnight:Contagion","floor":12},{"not_picked":["DeathKnight:UnholyPresence","DeathKnight:AntiMagicShell"],"picked":"DeathKnight:Culling+1","floor":14},{"not_picked":["DeathKnight:SindragosasBreath+1","DeathKnight:VampiricBlood"],"picked":"DeathKnight:BoneStorm+1","floor":16},{"not_picked":["DeathKnight:Rot+1","DeathKnight:DeathsAdvance+1","DeathKnight:UnholyFrenzy"],"picked":"SKIP","floor":18},{"not_picked":["DeathKnight:BladedArmor","DeathKnight:DeathRune"],"picked":"DeathKnight:BloodPact+1","floor":21}],"player_experience":613275,"relics_obtained":[{"floor":8,"key":"Mummified Hand"},{"floor":9,"key":"Molten Egg 2"},{"floor":22,"key":"Enchiridion"}],"event_choices":[{"damage_healed":0,"gold_gain":75,"player_choice":"Gold","damage_taken":11,"max_hp_gain":0,"max_hp_loss":0,"event_name":"betterThird:BetterGoop","floor":2,"gold_loss":0},{"damage_healed":0,"gold_gain":61,"player_choice":"Gained Gold","damage_taken":0,"max_hp_gain":0,"max_hp_loss":0,"event_name":"Golden Wing","floor":3,"gold_loss":0},{"damage_healed":0,"gold_gain":0,"player_choice":"Read","damage_taken":0,"max_hp_gain":0,"max_hp_loss":0,"event_name":"The Library","floor":19,"gold_loss":0,"cards_obtained":["DeathKnight:FoulBulwark"]},{"damage_healed":0,"gold_gain":0,"player_choice":"Cursed","damage_taken":0,"max_hp_gain":0,"max_hp_loss":0,"event_name":"Wheel of Change","floor":20,"gold_loss":0,"cards_obtained":["Decay"]},{"damage_healed":0,"gold_gain":0,"player_choice":"Obtained Book","damage_taken":16,"max_hp_gain":0,"max_hp_loss":0,"event_name":"Cursed Tome","floor":22,"gold_loss":0}],"is_beta":false,"boss_relics":[{"not_picked":["Pandora\u0027s Box","Runic Dome"],"picked":"Empty Cage"}],"items_purged_floors":[4],"is_endless":false,"potions_floor_spawned":[5,6,8,11,21],"killed_by":"Shelled Parasite and Fungi","ascension_level":6}}