{"host":"27c1zwn2rxlukojz","time":1613586541,"event":{"mods":["BaseMod","Filter the Spire","Minty Spire (QoL Compilation)","Relic Stats","StSLib"],"gold_per_floor":[118,68,68,87,102,102,113,38,38,54,54,71,4,19,19,115,115,103,123,142,142,5,5,18,18,18],"floor_reached":25,"language":"DEU","playtime":936,"items_purged":["Strike_B","Parasite"],"score":197,"play_id":"17a5ab6c-e4b1-4ce5-b98a-9675c35d4ef1","local_time":"20210217192901","is_ascension_mode":false,"campfire_choices":[{"data":"Streamline","floor":6,"key":"SMITH"},{"data":"Reprogram","floor":15,"key":"SMITH"},{"data":"Barrage","floor":23,"key":"SMITH"}],"circlet_count":0,"master_deck":["Strike_B","Strike_B","Defend_B","Defend_B","Defend_B","Defend_B","Zap","Dualcast","Melter","Sweeping Beam","Streamline+1","White Noise","Reprogram+1","Loop","Rip and Tear","Undo","Echo Form","Coolheaded+1","Hologram+1","Barrage+1","Skim","Conserve Battery"],"relics":["Cursed Key"],"acts_visited":["Exordium","TheCity"],"potions_floor_usage":[16,25],"damage_taken":[{"damage":0,"enemies":"Small Slimes","floor":1,"turns":3},{"damage":0,"enemies":"2 Louse","floor":4,"turns":2},{"damage":0,"enemies":"Cultist","floor":5,"turns":2},{"damage":2,"enemies":"3 Louse","floor":7,"turns":2},{"damage":17,"enemies":"Large Slime","floor":10,"turns":4},{"damage":6,"enemies":"Exordium Thugs","floor":12,"turns":3},{"damage":6,"enemies":"Exordium Wildlife","floor":14,"turns":3},{"damage":32,"enemies":"Hexaghost","floor":16,"turns":11},{"damage":17,"enemies":"2 Thieves","floor":18,"turns":4},{"damage":3,"enemies":"Chosen","floor":19,"turns":4},{"damage":33,"enemies":"Shelled Parasite and Fungi","floor":20,"turns":6},{"damage":15,"enemies":"Snecko","floor":24,"turns":5},{"damage":12,"enemies":"Cultist and Chosen","floor":25,"turns":4}],"seed_played":"78097894438375233","potions_obtained":[{"floor":5,"key":"FearPotion"},{"floor":7,"key":"Energy Potion"},{"floor":12,"key":"Explosive Potion"}],"is_trial":false,"path_per_floor":["M","?","?","M","M","R","M","$","T","M","?","M","$","M","R","B",null,"M","M","M","?","$","R","M","M"],"character_chosen":"DEFECT","items_purchased":["Rip and Tear","Skim"],"campfire_rested":0,"item_purchase_floors":[13,22],"current_hp_per_floor":[75,75,68,68,68,68,66,66,66,49,67,61,61,55,55,23,75,58,55,22,22,22,22,7,0,0],"gold":18,"neow_bonus":"BOSS_RELIC","is_daily":false,"chose_seed":false,"campfire_upgraded":3,"win_rate":0.0,"timestamp":1613586541,"path_taken":["M","?","?","M","M","R","?","$","T","M","?","M","$","M","R","BOSS","M","M","M","?","?","R","M","?"],"items_purchased_type":["Card","Card"],"build_version":"2020-12-22","purchased_purges":2,"victory":false,"max_hp_per_floor":[75,75,75,75,75,75,75,75,75,75,75,75,75,75,75,75,75,75,75,75,75,72,72,72,72,72],"relic_stats":{"counters":[13,53],"Cursed Key":0,"obtain_stats":[{"Cracked Core":0,"Cursed Key":0},{"Cracked Core":0,"Cursed Key":0},{"Cracked Core":0,"Cursed Key":0}]},"card_choices":[{"not_picked":["Beam Cell","Force Field"],"picked":"Melter","floor":1},{"not_picked":["Turbo","Go for the Eyes"],"picked":"Sweeping Beam","floor":4},{"not_picked":["Blizzard","Auto Shields"],"picked":"Streamline","floor":5},{"not_picked":["Stack","Double Energy"],"picked":"White Noise","floor":7},{"not_picked":["Steam","Sweeping Beam"],"picked":"Reprogram","floor":10},{"not_picked":["Static Discharge","Turbo"],"picked":"Loop","floor":12},{"not_picked":["Gash","Melter"],"picked":"Undo","floor":14},{"not_picked":["Electrodynamics","Biased Cognition"],"picked":"Echo Form","floor":16},{"not_picked":["Barrage","Compile Driver+1"],"picked":"Coolheaded+1","floor":18},{"not_picked":["Capacitor","Coolheaded"],"picked":"Hologram","floor":19},{"not_picked":["Cold Snap","Steam Power"],"picked":"Barrage","floor":20},{"not_picked":["Force Field+1","Rebound"],"picked":"Conserve Battery","floor":24}],"player_experience":4005342,"relics_obtained":[],"event_choices":[{"cards_removed":["Strike_B"],"damage_healed":0,"gold_gain":0,"player_choice":"Card Removal","damage_taken":0,"max_hp_gain":0,"max_hp_loss":0,"event_name":"The Cleric","floor":2,"gold_loss":50},{"damage_healed":0,"gold_gain":0,"player_choice":"Damaged","damage_taken":7,"max_hp_gain":0,"max_hp_loss":0,"event_name":"Wheel of Change","floor":3,"gold_loss":0},{"damage_healed":18,"gold_gain":0,"player_choice":"Healed and dodged fight","damage_taken":0,"max_hp_gain":0,"max_hp_loss":0,"event_name":"Mushrooms","floor":11,"gold_loss":0,"cards_obtained":["Parasite"]},{"damage_healed":0,"gold_gain":0,"player_choice":"Upgraded","damage_taken":0,"max_hp_gain":0,"max_hp_loss":0,"event_name":"Upgrade Shrine","floor":21,"gold_loss":0,"cards_upgraded":["Hologram"]}],"is_beta":false,"boss_relics":[{"not_picked":["Calling Bell","Ectoplasm","Astrolabe"]}],"items_purged_floors":[8,22],"is_endless":false,"potions_floor_spawned":[5,7,12],"killed_by":"Cultist and Chosen","ascension_level":0}}