{"host":"johnydays","time":1613600565,"event":{"mods":["BaseMod","Bestiary","Block Reminder","Colored Map","Colored Powertips","Curses Come First","DeckTracker","Highlight Path","Minty Spire (QoL Compilation)","Relic Sorter","Relic Stats","StSLib","SuperFastMode","Weighted Paths"],"gold_per_floor":[113,113,126,76,36,69,69,42,68,68,101,121,152,172,172,172,172],"floor_reached":16,"language":"ENG","playtime":533,"items_purged":[],"score":142,"play_id":"830ba181-af8f-4225-9165-756f94c29cf0","local_time":"20210217222245","is_ascension_mode":true,"campfire_choices":[{"data":"Eruption","floor":7,"key":"SMITH"},{"data":"FlurryOfBlows","floor":10,"key":"SMITH"},{"floor":15,"key":"REST"}],"circlet_count":0,"master_deck":["Strike_P","Strike_P","Defend_P","Defend_P","Defend_P","Eruption+1","Vigilance","Alpha","ReachHeaven","FlurryOfBlows+1","SandsOfTime","Wallop","MentalFortress","CrushJoints","Crescendo","FearNoEvil","CutThroughFate","Evaluate"],"relics":["PureWater","Shuriken","Ancient Tea Set","PreservedInsect","Ice Cream","Smiling Mask"],"acts_visited":["Exordium"],"potions_floor_usage":[13,13],"damage_taken":[{"damage":6,"enemies":"2 Louse","floor":1,"turns":2},{"damage":0,"enemies":"Small Slimes","floor":3,"turns":3},{"damage":15,"enemies":"3 Sentries","floor":6,"turns":6},{"damage":12,"enemies":"Gremlin Nob","floor":11,"turns":3},{"damage":12,"enemies":"Jaw Worm","floor":12,"turns":2},{"damage":3,"enemies":"3 Sentries","floor":13,"turns":3},{"damage":0,"enemies":"Looter","floor":14,"turns":2},{"damage":30,"enemies":"The Guardian","floor":16,"turns":6}],"seed_played":"-7004975875892092052","potions_obtained":[{"floor":1,"key":"Regen Potion"},{"floor":11,"key":"Explosive Potion"},{"floor":12,"key":"BottledMiracle"},{"floor":13,"key":"FearPotion"},{"floor":14,"key":"DuplicationPotion"}],"is_trial":false,"path_per_floor":["M","?","M","?","$","E","R","$","T","R","E","M","E","M","R","B"],"character_chosen":"WATCHER","items_purchased":["Wallop","CrushJoints"],"campfire_rested":1,"item_purchase_floors":[5,8],"current_hp_per_floor":[45,42,42,42,42,27,27,27,27,27,15,3,9,9,30,0,0],"gold":172,"neow_bonus":"TRANSFORM_TWO_CARDS","is_daily":false,"chose_seed":false,"campfire_upgraded":2,"win_rate":0.0,"timestamp":1613600565,"path_taken":["M","?","M","?","?","E","R","$","T","R","E","M","E","M","R","BOSS"],"items_purchased_type":["Card","Card"],"build_version":"2020-12-18","purchased_purges":0,"victory":false,"max_hp_per_floor":[72,72,72,72,72,72,72,72,72,72,72,72,72,72,72,72,72],"relic_stats":{"counters":[8,27],"Shuriken":[10],"PreservedInsect":53,"Smiling Mask":0,"obtain_stats":[{"Ice Cream":11,"Shuriken":2,"PreservedInsect":9,"PureWater":0,"Ancient Tea Set":6,"Smiling Mask":13},{"Ice Cream":4,"Shuriken":1,"PreservedInsect":3,"PureWater":0,"Ancient Tea Set":3,"Smiling Mask":6},{"Ice Cream":14,"Shuriken":2,"PreservedInsect":11,"PureWater":0,"Ancient Tea Set":11,"Smiling Mask":19}]},"card_choices":[{"not_picked":["FlyingSleeves","SashWhip"],"picked":"FlurryOfBlows","floor":1},{"not_picked":["FlyingSleeves","Collect"],"picked":"SandsOfTime","floor":3},{"not_picked":["WreathOfFlame","Weave"],"picked":"MentalFortress","floor":6},{"not_picked":["WindmillStrike","Nirvana"],"picked":"Crescendo","floor":11},{"not_picked":["Evaluate","Protect"],"picked":"FearNoEvil","floor":12},{"not_picked":["Fasting2","WindmillStrike"],"picked":"CutThroughFate","floor":13},{"not_picked":["PathToVictory","Prostrate"],"picked":"Evaluate","floor":14}],"player_experience":537042,"relics_obtained":[{"floor":6,"key":"Ancient Tea Set"},{"floor":9,"key":"PreservedInsect"},{"floor":11,"key":"Ice Cream"},{"floor":13,"key":"Smiling Mask"}],"event_choices":[{"damage_healed":0,"gold_gain":0,"player_choice":"Success","damage_taken":3,"relics_obtained":["Shuriken"],"max_hp_gain":0,"max_hp_loss":0,"event_name":"Scrap Ooze","floor":2,"gold_loss":0},{"cards_removed":["Strike_P"],"damage_healed":0,"gold_gain":0,"player_choice":"Card Removal","damage_taken":0,"max_hp_gain":0,"max_hp_loss":0,"event_name":"The Cleric","floor":4,"gold_loss":50}],"is_beta":true,"boss_relics":[],"items_purged_floors":[],"is_endless":false,"potions_floor_spawned":[1,11,12,13,14],"killed_by":"The Guardian","ascension_level":4}}