{"host":"v4nyfngrgywi7zc6","time":1613539902,"event":{"mods":["2.2 Compatiblity","Act Like it!","BaseMod","Custom Start","Downfall","Minty Spire (QoL Compilation)","Shop Mod","StSLib","The Hierophant","The Jungle"],"gold_per_floor":[99,114,130,143,53,73,73,107,121,6,6,6,17,45,60,156,156,56,69,86,186,205,65,65,65,94,114,148,148,48,33,43,138,138,38,54,72,120,174,174,200,211,222,240,240,92,92,104,121,121,121,121,121,121],"floor_reached":52,"language":"ENG","playtime":4240,"items_purged":["bronze:Strike","bronze:Defend","bronze:Defend","bronze:Strike"],"score":733,"play_id":"be3433e3-6638-4dba-b9ee-b3afdd5910cc","local_time":"20210216233142","is_ascension_mode":false,"campfire_choices":[{"data":"bronze:Replicate","floor":1,"key":"SMITH"},{"data":"bronze:GetLatest","floor":12,"key":"SMITH"},{"floor":18,"key":"RECALL"},{"data":"bronze:Format","floor":30,"key":"SMITH"},{"floor":35,"key":"DIG"},{"data":"expansioncontent:QuickStudy","floor":45,"key":"SMITH"},{"data":"bronze:GetLatest","floor":47,"key":"SMITH"}],"circlet_count":0,"master_deck":["bronze:Strike","bronze:Defend","bronze:Defend","bronze:Replicate+1","bronze:Goto","bronze:DelayedSlice","bronze:Branch","bronze:GetLatest+1","bronze:FollowUp","bronze:DelayedSlice","bronze:ClassDefault","bronze:CutThrough","bronze:DelayedGuard","bronze:SpaghettiCode","CurseOfTheBell","bronze:DelayedSlice+1","bronze:CutThrough","bronze:BronzeOrb","bronze:BronzeOrb+1","bronze:Format+1","Writhe","bronze:Mutator","bronze:BitShift+1","bronze:GetLatest+1","bronze:AlphaBuild","expansioncontent:QuickStudy+1","bronze:FindAndReplace","Parasite"],"relics":["bronze:BronzeCore","Toy Ornithopter","Eternal Feather","Pantograph","Calling Bell","MealTicket","Darkstone Periapt","Shovel","downfall:HeartBlessingGreen","Lizard Tail","Bottled Flame","Bird Faced Urn","Strawberry","CaptainsWheel","Bronze Scales","downfall:HeartBlessingRed","bronze:MakeshiftBattery","downfall:HeartBlessingBlue","Art of War","Ginger","Happy Flower","Chemical X"],"acts_visited":["Exordium","TheCity","TheBeyond","TheEnding"],"potions_floor_usage":[16,16,21,28,33,50,50,50],"damage_taken":[{"damage":1,"enemies":"Jaw Worm","floor":2,"turns":4},{"damage":0,"enemies":"Cultist","floor":3,"turns":3},{"damage":8,"enemies":"Small Slimes","floor":4,"turns":2},{"damage":0,"enemies":"downfall:FleeingMerchant","floor":5,"turns":4},{"damage":0,"enemies":"2 Fungi Beasts","floor":6,"turns":2},{"damage":1,"enemies":"3 Sentries","floor":8,"turns":6},{"damage":0,"enemies":"3 Louse","floor":9,"turns":1},{"damage":0,"enemies":"downfall:FleeingMerchant","floor":10,"turns":4},{"damage":0,"enemies":"Blue Slaver","floor":13,"turns":1},{"damage":23,"enemies":"Lagavulin","floor":14,"turns":4},{"damage":0,"enemies":"2 Fungi Beasts","floor":15,"turns":2},{"damage":6,"enemies":"DF_ARCHETYPE_STREAMLINE","floor":16,"turns":5},{"damage":1,"enemies":"Chosen","floor":19,"turns":4},{"damage":0,"enemies":"Spheric Guardian","floor":20,"turns":3},{"damage":8,"enemies":"IC_STATUS_ARCHETYPE","floor":21,"turns":5},{"damage":7,"enemies":"Centurion and Healer","floor":22,"turns":5},{"damage":20,"enemies":"downfall:FleeingMerchant","floor":23,"turns":4},{"damage":12,"enemies":"Book of Stabbing","floor":26,"turns":4},{"damage":0,"enemies":"3 Cultists","floor":27,"turns":4},{"damage":0,"enemies":"Slavers","floor":28,"turns":4},{"damage":7,"enemies":"downfall:FleeingMerchant","floor":31,"turns":4},{"damage":0,"enemies":"Shelled Parasite and Fungi","floor":32,"turns":2},{"damage":63,"enemies":"WA_ARCHETYPE_CALM","floor":33,"turns":11},{"damage":0,"enemies":"3 Shapes","floor":36,"turns":4},{"damage":0,"enemies":"Orb Walker","floor":37,"turns":2},{"damage":0,"enemies":"downfall:FleeingMerchant","floor":38,"turns":1},{"damage":4,"enemies":"2 Orb Walkers","floor":39,"turns":3},{"damage":7,"enemies":"Sphere and 2 Shapes","floor":42,"turns":4},{"damage":1,"enemies":"Transient","floor":43,"turns":5},{"damage":8,"enemies":"3 Darklings","floor":44,"turns":3},{"damage":6,"enemies":"Writhing Mass","floor":48,"turns":4},{"damage":13,"enemies":"Jaw Worm Horde","floor":49,"turns":3},{"damage":18,"enemies":"IC_BLOCK_ARCHETYPE","floor":50,"turns":16},{"damage":185,"enemies":"downfall:CharBossMerchant","floor":52,"turns":8}],"seed_played":"-7192113886201031408","potions_obtained":[{"floor":4,"key":"EssenceOfSteel"},{"floor":6,"key":"FearPotion"},{"floor":8,"key":"PowerPotion"},{"floor":9,"key":"ColorlessPotion"},{"floor":13,"key":"PowerPotion"},{"floor":20,"key":"PowerPotion"},{"floor":21,"key":"bronze:FreeFunctionsPotion"},{"floor":28,"key":"Energy Potion"},{"floor":32,"key":"hexamod:SoulburnPotion"},{"floor":33,"key":"Weak Potion"}],"is_trial":false,"path_per_floor":["R","M","M","M","$","M","T","E","M","$","?","R","M","E","M","B",null,"R","M","M","?","M","$","T","?","E","M","E","?","R","$","M","B",null,"R","M","M","$","?","?","T","M","M","M","R","$","R","M","M","B",null,"E"],"character_chosen":"THE_AUTOMATON","items_purchased":["expansioncontent:QuickStudy","Chemical X"],"campfire_rested":0,"item_purchase_floors":[38,46],"current_hp_per_floor":[70,69,69,61,61,61,61,60,60,60,60,66,66,43,43,66,70,70,69,69,62,55,50,50,50,47,47,54,60,72,76,76,25,83,93,93,93,93,91,91,91,84,87,79,93,93,93,99,88,81,99,0,0,0],"gold":121,"neow_bonus":"RANDOM_COMMON_RELIC","is_daily":false,"chose_seed":false,"campfire_upgraded":5,"win_rate":0.0,"timestamp":1613539902,"path_taken":["R","M","M","M","$","M","T","E","M","$","?","R","?","E","M","BOSS","R","M","M","?","M","$","T","?","E","M","E","?","R","$","M","BOSS","R","M","M","$","?","?","T","M","M","?","R","$","R","M","M","BOSS","E"],"items_purchased_type":["Card","Relic"],"build_version":"2020-12-22","purchased_purges":4,"victory":false,"max_hp_per_floor":[70,70,70,70,70,70,70,70,70,70,70,70,70,70,70,70,70,70,70,70,70,70,70,70,70,77,77,77,83,83,83,83,83,83,93,93,93,93,93,93,93,93,93,93,93,93,93,99,99,99,99,99,99,99],"card_choices":[{"not_picked":["bronze:CutThrough","bronze:Boost"],"picked":"bronze:DelayedSlice","floor":2},{"not_picked":["bronze:OilSpill","bronze:Overheat","bronze:DarkDash"],"picked":"SKIP","floor":3},{"not_picked":["bronze:WildBeam","bronze:Backtrace"],"picked":"bronze:Branch","floor":4},{"not_picked":["bronze:Branch","bronze:DarkDash"],"picked":"bronze:GetLatest","floor":5},{"not_picked":["bronze:CleanCode","bronze:BuggyMess"],"picked":"bronze:FollowUp","floor":6},{"not_picked":["bronze:HyperBeam","bronze:DarkDash"],"picked":"bronze:DelayedSlice","floor":8},{"not_picked":["bronze:Flail","bronze:DigitalCarnage"],"picked":"bronze:ClassDefault","floor":9},{"not_picked":["bronze:OilSpill","bronze:ThunderWave"],"picked":"bronze:CutThrough","floor":10},{"not_picked":["bronze:Flail","bronze:Overheat","bronze:CutThrough"],"picked":"SKIP","floor":13},{"not_picked":["bronze:ForLoop","bronze:Flail"],"picked":"bronze:DelayedGuard","floor":14},{"not_picked":["bronze:Turbo","bronze:ChildClass","bronze:OilSpill"],"picked":"SKIP","floor":15},{"not_picked":["bronze:ThunderWave","bronze:Mutator"],"picked":"bronze:SpaghettiCode","floor":16},{"not_picked":["bronze:Invalidate","bronze:WildBeam"],"picked":"bronze:DelayedSlice+1","floor":19},{"not_picked":["bronze:DelayedSlice","bronze:WhirlingStrike+1"],"picked":"bronze:CutThrough","floor":20},{"not_picked":["bronze:ForLoop+1","bronze:Shell"],"picked":"bronze:BronzeOrb","floor":21},{"not_picked":["bronze:CutThrough","bronze:WildBeam","bronze:Overheat+1"],"picked":"SKIP","floor":22},{"not_picked":["bronze:ForceShield","bronze:Frontload","bronze:Overload+1"],"picked":"SKIP","floor":23},{"not_picked":["bronze:HyperBeam","bronze:Shell"],"picked":"bronze:BronzeOrb+1","floor":26},{"not_picked":["bronze:Boost","bronze:WildBeam+1","bronze:Deprecate"],"picked":"SKIP","floor":27},{"not_picked":["bronze:DelayedGuard","bronze:NullPointer"],"picked":"bronze:Format","floor":28},{"not_picked":["bronze:Shield","bronze:CutThrough","bronze:BitShift"],"picked":"SKIP","floor":31},{"not_picked":["bronze:Safeguard","bronze:OilSpill","bronze:ChosenStrike"],"picked":"SKIP","floor":32},{"not_picked":["bronze:HyperBeam","bronze:HardenedForm"],"picked":"bronze:Mutator","floor":33},{"not_picked":["bronze:Repulsor+1","bronze:DelayedSlice+1"],"picked":"bronze:BitShift+1","floor":36},{"not_picked":["bronze:Shell","bronze:Iterate+1"],"picked":"bronze:GetLatest","floor":37},{"not_picked":["bronze:Branch","bronze:Repulsor"],"picked":"bronze:AlphaBuild","floor":38},{"not_picked":["bronze:DelayedSlice+1","bronze:Backtrace+1","bronze:DelayedGuard"],"picked":"SKIP","floor":42},{"not_picked":["bronze:CloningBeam+1","bronze:Invalidate+1","bronze:Shell+1"],"picked":"SKIP","floor":43},{"not_picked":["bronze:ChosenStrike","bronze:NullPointer+1","bronze:Philosophize+1"],"picked":"SKIP","floor":44},{"not_picked":["bronze:Invalidate","bronze:Repulsor","bronze:Branch+1"],"picked":"SKIP","floor":48},{"not_picked":["bronze:Branch+1","bronze:WhirlingStrike","bronze:Invalidate"],"picked":"SKIP","floor":49}],"player_experience":257963,"relics_obtained":[{"floor":8,"key":"Eternal Feather"},{"floor":14,"key":"Pantograph"},{"floor":17,"key":"MealTicket"},{"floor":17,"key":"Darkstone Periapt"},{"floor":17,"key":"Shovel"},{"floor":21,"key":"Lizard Tail"},{"floor":21,"key":"Bottled Flame"},{"floor":24,"key":"Bird Faced Urn"},{"floor":26,"key":"Strawberry"},{"floor":28,"key":"CaptainsWheel"},{"floor":35,"key":"Art of War"},{"floor":39,"key":"Ginger"},{"floor":41,"key":"Happy Flower"}],"event_choices":[{"cards_removed":["bronze:Strike"],"damage_healed":0,"gold_gain":0,"player_choice":"Card Removal","damage_taken":0,"max_hp_gain":0,"max_hp_loss":0,"event_name":"Wheel of Change","floor":11,"gold_loss":0},{"damage_healed":0,"gold_gain":0,"player_choice":"Fight","damage_taken":0,"max_hp_gain":0,"max_hp_loss":0,"event_name":"Mysterious Sphere","floor":39,"gold_loss":0}],"is_beta":false,"boss_relics":[{"not_picked":["Coffee Dripper","Pandora\u0027s Box"],"picked":"Calling Bell"},{"not_picked":["SlaversCollar","Empty Cage"],"picked":"bronze:MakeshiftBattery"}],"items_purged_floors":[5,10,23,38],"is_endless":false,"potions_floor_spawned":[4,6,8,9,13,14,20,21,28,32,33,37,39,44,49],"killed_by":"downfall:CharBossMerchant","ascension_level":0}}