{"host":"znvnxllcillb3rtw","time":1613554792,"event":{"mods":["BaseMod","DeckTracker","Minty Spire (QoL Compilation)","Relic Stats","StSLib","SuperFastMode","everything is the same but u backflip on backflip"],"gold_per_floor":[116,116,116,133,133,133,153,153,153,173,207,207,225,237,237,237,237],"floor_reached":16,"language":"KOR","playtime":357,"items_purged":[],"score":188,"play_id":"55528823-3015-47b7-a8b2-df80ee03f89e","local_time":"20210217183952","is_ascension_mode":true,"campfire_choices":[{"floor":6.0,"key":"REST"},{"data":"Tempest","floor":8.0,"key":"SMITH"},{"data":"Creative AI","floor":15.0,"key":"SMITH"}],"circlet_count":0,"master_deck":["AscendersBane","Strike_B","Strike_B","Defend_B","Defend_B","Defend_B","Zap","Dualcast","Gash","Reboot","Tempest","Tempest+1","Aggregate","Self Repair","Turbo","Rebound","Creative AI+1"],"relics":["Cracked Core","Juzu Bracelet","Kunai","Question Card"],"acts_visited":["Exordium"],"potions_floor_usage":[16],"damage_taken":[{"damage":14.0,"enemies":"Small Slimes","floor":1.0,"turns":5.0},{"damage":9.0,"enemies":"Jaw Worm","floor":4.0,"turns":4.0},{"damage":0.0,"enemies":"Cultist","floor":7.0,"turns":3.0},{"damage":4.0,"enemies":"Large Slime","floor":10.0,"turns":4.0},{"damage":2.0,"enemies":"3 Louse","floor":11.0,"turns":2.0},{"damage":12.0,"enemies":"Exordium Thugs","floor":13.0,"turns":3.0},{"damage":10.0,"enemies":"Blue Slaver","floor":14.0,"turns":3.0},{"damage":29,"enemies":"Hexaghost","floor":16,"turns":7}],"seed_played":"1828073800627016769","potions_obtained":[{"floor":7.0,"key":"ColorlessPotion"},{"floor":10.0,"key":"BlessingOfTheForge"},{"floor":11.0,"key":"Weak Potion"}],"is_trial":false,"path_per_floor":["M","?","?","M","?","R","M","R","T","M","M","?","M","M","R","B"],"character_chosen":"DEFECT","items_purchased":[],"campfire_rested":1,"item_purchase_floors":[],"current_hp_per_floor":[50,50,32,23,16,37,37,37,37,33,31,31,26,23,23,0,0],"gold":237,"neow_bonus":"RANDOM_COMMON_RELIC","is_daily":false,"chose_seed":false,"campfire_upgraded":2,"win_rate":0.0,"timestamp":1613554792,"path_taken":["M","?","?","M","?","R","M","R","T","M","M","?","M","M","R","BOSS"],"items_purchased_type":[],"build_version":"2020-12-22","purchased_purges":0,"victory":false,"max_hp_per_floor":[71,71,71,71,71,71,71,71,71,71,71,71,71,71,71,71,71],"relic_stats":{"counters":[8,31],"Juzu Bracelet":1,"Kunai":[4],"Question Card":4,"obtain_stats":[{"Juzu Bracelet":0,"Kunai":3,"Cracked Core":0,"Question Card":9},{"Juzu Bracelet":0,"Kunai":1,"Cracked Core":0,"Question Card":3},{"Juzu Bracelet":0,"Kunai":5,"Cracked Core":0,"Question Card":12}]},"card_choices":[{"not_picked":["Rebound","Conserve Battery"],"picked":"Gash","floor":1.0},{"not_picked":["Reboot","Hologram"],"picked":"Tempest","floor":4.0},{"not_picked":["Streamline","Beam Cell"],"picked":"Tempest","floor":7.0},{"not_picked":["Hologram","Go for the Eyes","Sunder"],"picked":"Aggregate","floor":10.0},{"not_picked":["Ball Lightning","Beam Cell","Turbo"],"picked":"Self Repair","floor":11.0},{"not_picked":["Leap","Redo","Steam Power"],"picked":"Rebound","floor":13.0},{"not_picked":["Ball Lightning","Glacier","Sweeping Beam"],"picked":"Creative AI","floor":14.0}],"player_experience":2910226,"relics_obtained":[{"floor":9.0,"key":"Question Card"}],"event_choices":[{"damage_healed":0.0,"max_hp_gain":0.0,"max_hp_loss":0.0,"gold_gain":0.0,"cards_transformed":["Strike_B"],"event_name":"Living Wall","player_choice":"Change","floor":2.0,"gold_loss":0.0,"damage_taken":0.0,"cards_obtained":["Reboot"]},{"damage_healed":0.0,"max_hp_gain":0.0,"max_hp_loss":0.0,"gold_gain":0.0,"event_name":"Scrap Ooze","player_choice":"Success","floor":3.0,"gold_loss":0.0,"damage_taken":18.0,"relics_obtained":["Kunai"]},{"cards_removed":["Defend_B"],"damage_healed":0.0,"max_hp_gain":0.0,"max_hp_loss":0.0,"gold_gain":0.0,"event_name":"Golden Wing","player_choice":"Card Removal","floor":5.0,"gold_loss":0.0,"damage_taken":7.0},{"damage_healed":0.0,"max_hp_gain":0.0,"max_hp_loss":0.0,"gold_gain":0.0,"cards_transformed":["Strike_B"],"event_name":"Transmorgrifier","player_choice":"Transformed","floor":12.0,"gold_loss":0.0,"damage_taken":0.0,"cards_obtained":["Turbo"]}],"is_beta":false,"boss_relics":[],"items_purged_floors":[],"is_endless":false,"potions_floor_spawned":[7,10,11],"killed_by":"Hexaghost","ascension_level":20}}