{"host":"8kqih82z00stt9q9","time":1613580733,"event":{"mods":["BaseMod","Bestiary","Hermit","Marisa（F雨　魔理沙）","Minty Spire (QoL Compilation)","Reliquary","Replay The Spire","Robot Space Explorer","SOS（斯巴达之子）","StSLib","The Bug Knight","The Cursed","The Hierophant","【功能Mod】聪明的最终Boss","【遗物卡牌】REMEMod"],"gold_per_floor":[111,121,121,133,133,162,162,175,175,175,175,175,198,198,219,219,219,347,347,363,278,203,222,245,281,281,281,281,317,341,361,61,102,102,232,232,251,24,24,24,48,79,79,103,103,124,124,143,162,187,187,187],"floor_reached":53,"language":"ZHS","playtime":3058,"items_purged":[],"score":656,"play_id":"c2f97ef5-9e7e-4bdc-9beb-57f46d47e1ff","local_time":"20210218005213","is_ascension_mode":false,"campfire_choices":[{"data":"Choke","floor":14.0,"key":"SMITH"},{"floor":17.0,"key":"DIG"},{"floor":26.0,"key":"REST"},{"data":"Adrenaline","floor":34.0,"key":"SMITH"},{"data":"J.A.X.","floor":43.0,"key":"SMITH"},{"floor":47.0,"key":"REST"},{"floor":51.0,"key":"REST"}],"circlet_count":0,"master_deck":["Strike_G","Strike_G","Strike_G","Strike_G","Strike_G","Defend_G","Defend_G+1","Defend_G","Defend_G","Survivor+1","Neutralize+1","Choke+1","Dash","Backflip","Endless Agony","ReplayTheSpireMod:The Works","Riddle With Holes","Eviscerate","Adrenaline+1","ReplayTheSpireMod:The Works+1","Underhanded Strike","Tactician","Underhanded Strike","J.A.X.+1","Quick Slash","Acrobatics","Dagger Throw","Adrenaline+1","REME_SpectralBlade+1","Doppelganger+1","Slice+1","Acrobatics+1","Endless Agony","Underhanded Strike+1","Deadly Poison+1","Endless Agony+1","Malaise","Underhanded Strike"],"relics":["Ring of the Serpent","REME_ComplimentaryCards","Replay:Bottled Flurry","Ring of Panic","Ring of Hypnosis","Incense Burner","Golden Idol","Mango","Centennial Puzzle","reliquary:Spinner","reliquary:BallBearing","Red Mask","Boot","DollysMirror","ReplayTheSpireMod:Lightbulb","SlaversCollar","Guide Book","Anchor","StoneCalendar"],"acts_visited":["Exordium","TheCity","TheBeyond"],"potions_floor_usage":[52],"damage_taken":[{"damage":0.0,"enemies":"Small Slimes","floor":1.0,"turns":5.0},{"damage":0.0,"enemies":"Jaw Worm","floor":2.0,"turns":5.0},{"damage":0.0,"enemies":"2 Louse","floor":4.0,"turns":3.0},{"damage":1.0,"enemies":"Lagavulin","floor":6.0,"turns":8.0},{"damage":7.0,"enemies":"Blue Slaver","floor":8.0,"turns":4.0},{"damage":8.0,"enemies":"3 Louse","floor":13.0,"turns":4.0},{"damage":0.0,"enemies":"2 Fungi Beasts","floor":15.0,"turns":3.0},{"damage":33.0,"enemies":"Hexaghost","floor":18.0,"turns":15.0},{"damage":8.0,"enemies":"3 Byrds","floor":20.0,"turns":5.0},{"damage":3.0,"enemies":"2 Thieves","floor":23.0,"turns":2.0},{"damage":10.0,"enemies":"Snake Plant","floor":24.0,"turns":4.0},{"damage":38.0,"enemies":"REME_1_Revenger","floor":25.0,"turns":6.0},{"damage":8.0,"enemies":"Masked Bandits","floor":29.0,"turns":5.0},{"damage":1.0,"enemies":"Chosen and Byrds","floor":30.0,"turns":5.0},{"damage":3.0,"enemies":"Snecko","floor":31.0,"turns":2.0},{"damage":3.0,"enemies":"Book of Stabbing","floor":33.0,"turns":3.0},{"damage":25.0,"enemies":"Automaton","floor":35.0,"turns":4.0},{"damage":3.0,"enemies":"3 Shapes","floor":37.0,"turns":2.0},{"damage":25.0,"enemies":"3 Darklings","floor":41.0,"turns":3.0},{"damage":19.0,"enemies":"R_Hoarder","floor":42.0,"turns":6.0},{"damage":3.0,"enemies":"Transient","floor":44.0,"turns":5.0},{"damage":3.0,"enemies":"Sphere and 2 Shapes","floor":46.0,"turns":3.0},{"damage":8.0,"enemies":"3 Darklings","floor":48.0,"turns":3.0},{"damage":4.0,"enemies":"Maw","floor":49.0,"turns":5.0},{"damage":0.0,"enemies":"Spire Growth","floor":50.0,"turns":3.0},{"damage":28,"enemies":"Replay:Hell Engine","floor":52,"turns":5}],"seed_played":"-3643205825975254100","potions_obtained":[{"floor":2.0,"key":"Fire Potion"},{"floor":8.0,"key":"ColorlessPotion"},{"floor":13.0,"key":"Block Potion"},{"floor":18.0,"key":"Adrenaline Potion"},{"floor":30.0,"key":"BlessingOfTheForge"},{"floor":31.0,"key":"REME_GoldPotion"},{"floor":33.0,"key":"Strength Potion"},{"floor":35.0,"key":"Ancient Potion"},{"floor":42.0,"key":"Poison Potion"},{"floor":48.0,"key":"Poison Potion"},{"floor":49.0,"key":"AttackPotion"},{"floor":50.0,"key":"REME_GoldPotion"}],"is_trial":false,"path_per_floor":["M","M","?","M","?","E","?","M","T","PTL","PTL","?","M","R","M","?","R","B",null,"M","?","?","M","M","E","R","?","T","?","M","M","$","E","R","B",null,"M","$","?","?","M","E","R","M","T","M","R","M","M","M","R","B",null],"character_chosen":"THE_SILENT","items_purchased":["Boot","DollysMirror","Guide Book","Calculated Gamble"],"campfire_rested":3,"item_purchase_floors":[32,32,38,38],"current_hp_per_floor":[77,77,77,77,70,69,69,62,62,62,62,43,35,35,35,20,34,1,91,83,83,83,80,70,32,59,59,59,51,50,47,47,44,44,19,91,88,88,88,88,63,44,44,41,41,38,65,57,53,53,80,52],"gold":187,"neow_bonus":"TEN_PERCENT_HP_BONUS","is_daily":false,"chose_seed":false,"campfire_upgraded":3,"win_rate":0.0,"timestamp":1613580733,"path_taken":["M","M","?","M","?","E","?","M","T","PTL","PTL","?","?","R","M","?","R","BOSS","M","?","?","M","M","E","R","?","T","?","M","?","$","E","R","BOSS","M","$","?","?","?","E","R","M","T","M","R","M","M","M","R","BOSS"],"items_purchased_type":["Relic","Relic","Relic","Card"],"build_version":"2020-12-22","purchased_purges":0,"victory":true,"max_hp_per_floor":[77,77,77,77,77,77,77,77,77,77,77,77,77,77,77,77,91,91,91,91,91,91,91,91,91,91,91,91,91,91,91,91,91,91,91,91,91,91,91,91,91,91,91,91,91,91,91,91,91,91,91,91],"card_choices":[{"not_picked":["Bane","Outmaneuver"],"picked":"Choke","floor":1.0},{"not_picked":["Leg Sweep","Backflip"],"picked":"Dash","floor":2.0},{"not_picked":["Dagger Throw","Slice"],"picked":"Backflip","floor":4.0},{"not_picked":["Draining Mist","Heel Hook"],"picked":"Endless Agony","floor":6.0},{"not_picked":["Deadly Poison","Dodge and Roll"],"picked":"ReplayTheSpireMod:The Works","floor":8.0},{"not_picked":["Heel Hook","Crippling Poison"],"picked":"Riddle With Holes","floor":13.0},{"not_picked":["ReplayTheSpireMod:Shiv Toss","Leg Sweep"],"picked":"Eviscerate","floor":15.0},{"not_picked":["ReplayTheSpireMod:From All Sides","Wraith Form v2"],"picked":"Adrenaline","floor":18.0},{"not_picked":["Dodge and Roll","Bane"],"picked":"ReplayTheSpireMod:The Works+1","floor":20.0},{"not_picked":["Caltrops+1","Poisoned Stab+1"],"picked":"Underhanded Strike","floor":23.0},{"not_picked":["PiercingWail","Footwork"],"picked":"Tactician","floor":24.0},{"not_picked":["Crippling Poison+1","Bane"],"picked":"Underhanded Strike","floor":25.0},{"not_picked":["PiercingWail","Poisoned Stab"],"picked":"Quick Slash","floor":29.0},{"not_picked":["PiercingWail","Predator"],"picked":"Acrobatics","floor":30.0},{"not_picked":["Fluid Movement","Backflip+1"],"picked":"Dagger Throw","floor":31.0},{"not_picked":["Flying Knee+1","Acrobatics"],"picked":"REME_SpectralBlade","floor":33.0},{"not_picked":["Unload","Burst"],"picked":"Doppelganger","floor":35.0},{"not_picked":["Deflect+1","Dagger Throw+1"],"picked":"Slice+1","floor":37.0},{"not_picked":["Bane+1","Flying Knee+1"],"picked":"Acrobatics+1","floor":41.0},{"not_picked":["Flying Knee","Skewer+1"],"picked":"Endless Agony","floor":42.0},{"not_picked":["Poisoned Stab+1","ReplayTheSpireMod:Scrap Shanks"],"picked":"Underhanded Strike+1","floor":44.0},{"not_picked":["Hidden Blade","Crippling Poison"],"picked":"Deadly Poison+1","floor":46.0},{"not_picked":["Sucker Punch","Deadly Poison"],"picked":"Endless Agony+1","floor":48.0},{"not_picked":["Riddle With Holes+1","Underhanded Strike+1"],"picked":"Malaise","floor":49.0},{"not_picked":["Well Laid Plans","Sucker Punch+1"],"picked":"Underhanded Strike","floor":50.0}],"player_experience":7758,"relics_obtained":[{"floor":6.0,"key":"Replay:Bottled Flurry"},{"floor":7.0,"key":"Ring of Panic"},{"floor":7.0,"key":"Ring of Hypnosis"},{"floor":9.0,"key":"Incense Burner"},{"floor":17.0,"key":"Mango"},{"floor":25.0,"key":"reliquary:Spinner"},{"floor":28.0,"key":"reliquary:BallBearing"},{"floor":29.0,"key":"Red Mask"},{"floor":33.0,"key":"ReplayTheSpireMod:Lightbulb"},{"floor":42.0,"key":"Anchor"},{"floor":45.0,"key":"StoneCalendar"}],"event_choices":[{"cards_removed":["Defend_G"],"damage_healed":0.0,"max_hp_gain":0.0,"max_hp_loss":0.0,"gold_gain":0.0,"event_name":"Golden Wing","player_choice":"Card Removal","floor":5.0,"gold_loss":0.0,"damage_taken":7.0},{"damage_healed":0.0,"max_hp_gain":0.0,"max_hp_loss":0.0,"gold_gain":0.0,"event_name":"Golden Idol","player_choice":"Take Damage","floor":12.0,"gold_loss":0.0,"damage_taken":19.0,"relics_obtained":["Golden Idol"]},{"damage_healed":0.0,"max_hp_gain":0.0,"max_hp_loss":0.0,"gold_gain":0.0,"event_name":"Shining Light","player_choice":"Entered Light","floor":16.0,"gold_loss":0.0,"damage_taken":15.0,"cards_upgraded":["Defend_G","Survivor"]},{"damage_healed":0.0,"max_hp_gain":0.0,"max_hp_loss":0.0,"gold_gain":0.0,"event_name":"Addict","player_choice":"Obtained Relic","floor":21.0,"gold_loss":85.0,"damage_taken":0.0,"relics_obtained":["Centennial Puzzle"]},{"cards_removed":["Sickly"],"damage_healed":0.0,"max_hp_gain":0.0,"max_hp_loss":0.0,"gold_gain":0.0,"event_name":"Beggar","player_choice":"Gave Gold","floor":22.0,"gold_loss":75.0,"damage_taken":0.0},{"damage_healed":0.0,"max_hp_gain":0.0,"max_hp_loss":0.0,"gold_gain":0.0,"event_name":"Drug Dealer","player_choice":"Obtain J.A.X.","floor":27.0,"gold_loss":0.0,"damage_taken":0.0,"cards_obtained":["J.A.X."]},{"damage_healed":0.0,"max_hp_gain":0.0,"max_hp_loss":0.0,"gold_gain":0.0,"event_name":"Masked Bandits","player_choice":"Fought Bandits","floor":29.0,"gold_loss":0.0,"damage_taken":0.0},{"cards_removed":["Calculated Gamble"],"damage_healed":0.0,"max_hp_gain":0.0,"max_hp_loss":0.0,"gold_gain":0.0,"event_name":"Falling","player_choice":"Removed Skill","floor":39.0,"gold_loss":0.0,"damage_taken":0.0},{"damage_healed":0.0,"max_hp_gain":0.0,"max_hp_loss":0.0,"gold_gain":0.0,"event_name":"Upgrade Shrine","player_choice":"Upgraded","floor":40.0,"gold_loss":0.0,"damage_taken":0.0,"cards_upgraded":["Adrenaline"]}],"is_beta":false,"boss_relics":[{"not_picked":["Runic Dome","Philosopher\u0027s Stone"],"picked":"Ring of the Serpent"},{"not_picked":["reliquary:Ember","Busted Crown"],"picked":"SlaversCollar"}],"items_purged_floors":[],"is_endless":false,"potions_floor_spawned":[2,8,13,18,30,31,33,35,42,48,49,50],"ascension_level":0}}