{"host":"pm6tps78s2qrawcb","time":1613591151,"event":{"mods":["BaseMod","BetterRewards","Colored Map","Downfall","Hubris","Infinite Spire","Mimic Mod","Minty Spire (QoL Compilation)","Reliquary","Replay The Spire","Shop Mod","StSLib"],"gold_per_floor":[110,110,110,110,125,160,34,50,73,102,118,118,135,152,152,255,255,270,285,295,570,30,109,109,143,143,171,171,171],"floor_reached":28,"language":"ENG","playtime":1114,"items_purged":["Regret"],"score":407,"play_id":"6f2331fd-7c2f-44ef-ab67-acde109a9fe1","local_time":"20210217194551","is_ascension_mode":true,"campfire_choices":[{"data":"Scrape","floor":12,"key":"SMITH"},{"floor":15,"key":"REST"},{"floor":24,"key":"REST"}],"circlet_count":0,"master_deck":["Strike_B","Strike_B","Strike_B+1","Strike_B","Defend_B","Defend_B","Defend_B","Defend_B","Zap","Dualcast","Lockon+1","Gash","Melter","Scrape+1","ReplayTheSpireMod:System Scan","Hologram","Gash","Reboot","Defragment","Panic Button+1","ReplayGash+1","Rebound","Panic Button","hubris:DuctTapeCard"],"relics":["Cracked Core","NeowsBlessing","hubris:Towel","Vajra","hubris:BallOfYels","Replay:Baseball","hubris:TenFootPole","Fusion Hammer","MealTicket","Vajra","hubris:MobiusCoin","infinitespire:EmpoweringShard","hubris:DuctTape","Smiling Mask"],"acts_visited":["Exordium","TheCity"],"potions_floor_usage":[10,19,25,25,25,27,28],"damage_taken":[{"damage":0,"enemies":"Jaw Worm","floor":1,"turns":1},{"damage":0,"enemies":"2 Louse","floor":5,"turns":1},{"damage":0,"enemies":"Lagavulin","floor":6,"turns":1},{"damage":0,"enemies":"Small Slimes","floor":8,"turns":2},{"damage":17,"enemies":"3 Sentries","floor":10,"turns":5},{"damage":7,"enemies":"Blue Slaver","floor":11,"turns":2},{"damage":0,"enemies":"Exordium Thugs","floor":13,"turns":3},{"damage":8,"enemies":"Red Slaver","floor":14,"turns":2},{"damage":0,"enemies":"Slime Boss","floor":16,"turns":5},{"damage":0,"enemies":"Spheric Guardian","floor":18,"turns":2},{"damage":19,"enemies":"2 Thieves","floor":19,"turns":3},{"damage":21,"enemies":"Snake Plant","floor":20,"turns":3},{"damage":0,"enemies":"Gremlin Leader","floor":23,"turns":3},{"damage":28,"enemies":"Replay:Snechameleon","floor":25,"turns":5},{"damage":39,"enemies":"Book of Stabbing","floor":27,"turns":5},{"damage":9,"enemies":"Centurion and Healer","floor":28,"turns":1}],"seed_played":"-7969319513205159249","potions_obtained":[{"floor":5,"key":"FocusPotion"},{"floor":6,"key":"Block Potion"},{"floor":8,"key":"Regen Potion"},{"floor":14,"key":"Fire Potion"},{"floor":16,"key":"EssenceOfSteel"},{"floor":20,"key":"Regen Potion"},{"floor":25,"key":"Slimebound:ThreeZeroPotion"},{"floor":27,"key":"AttackPotion"}],"is_trial":false,"path_per_floor":["M","?","?","?","M","E","$","M","T","E","M","R","M","M","R","B",null,"M","M","M","?","$","E","R","E","T","E","M"],"character_chosen":"DEFECT","items_purchased":["Gash","Scrape","Beam Cell","MealTicket","reliquary:SculptingSteel"],"campfire_rested":2,"item_purchase_floors":[7,7,22,22,22],"current_hp_per_floor":[75,75,60,57,57,57,57,57,57,54,47,47,47,39,61,61,75,75,56,35,35,35,35,57,43,43,4,0,0],"gold":171,"neow_bonus":"THREE_ENEMY_KILL","is_daily":false,"chose_seed":false,"campfire_upgraded":1,"win_rate":0.0,"timestamp":1613591151,"path_taken":["M","?","?","?","M","E","?","?","T","E","M","R","M","M","R","BOSS","M","?","M","?","$","E","R","E","T","E","?"],"items_purchased_type":["Card","Card","Card","Relic","Relic"],"build_version":"2020-12-22","purchased_purges":1,"victory":false,"max_hp_per_floor":[75,75,75,75,75,75,75,75,75,75,75,75,75,75,75,75,75,75,75,75,75,75,75,75,75,75,75,75,75],"card_choices":[{"not_picked":["Beam Cell","Undo"],"picked":"Lockon","floor":1},{"not_picked":["ReplaySolidLightProjector","Steam"],"picked":"Gash","floor":5},{"not_picked":["Sweeping Beam","Beam Cell"],"picked":"Melter","floor":6},{"not_picked":["Hologram","Ball Lightning"],"picked":"ReplayTheSpireMod:System Scan","floor":8},{"not_picked":["Storm","Undo"],"picked":"Hologram","floor":10},{"not_picked":["Steam Power","Reinforced Body","BasicCrystalCard"],"picked":"SKIP","floor":11},{"not_picked":["Rip and Tear","Streamline","Darkness"],"picked":"SKIP","floor":13},{"not_picked":["Redo","Streamline"],"picked":"Gash","floor":14},{"not_picked":["Amplify","Machine Learning"],"picked":"Reboot","floor":16},{"not_picked":["Leap","hubris:PowerSurge+1"],"picked":"Defragment","floor":18},{"not_picked":["Steam Power","Coolheaded"],"picked":"Panic Button+1","floor":19},{"not_picked":["Heatsinks","Hologram"],"picked":"ReplayGash+1","floor":20},{"not_picked":["Conserve Battery","Chill+1"],"picked":"Rebound","floor":23},{"not_picked":["Sweeping Beam","Barrage"],"picked":"Panic Button","floor":25},{"not_picked":["Ball Lightning","Machine Learning","Genetic Algorithm"],"picked":"SKIP","floor":27}],"player_experience":302648,"relics_obtained":[{"floor":6,"key":"hubris:BallOfYels"},{"floor":9,"key":"Replay:Baseball"},{"floor":10,"key":"hubris:TenFootPole"},{"floor":23,"key":"hubris:MobiusCoin"},{"floor":25,"key":"infinitespire:EmpoweringShard"},{"floor":26,"key":"hubris:DuctTape"},{"floor":27,"key":"Smiling Mask"}],"event_choices":[{"damage_healed":0,"gold_gain":0,"player_choice":"Entered Light","damage_taken":15,"max_hp_gain":0,"max_hp_loss":0,"event_name":"Shining Light","floor":3,"gold_loss":0,"cards_upgraded":["Lockon","Strike_B"]},{"damage_healed":0,"gold_gain":0,"player_choice":"Success","damage_taken":3,"relics_obtained":["Vajra"],"max_hp_gain":0,"max_hp_loss":0,"event_name":"Scrap Ooze","floor":4,"gold_loss":0},{"damage_healed":0,"gold_gain":275,"player_choice":"Desecrate","damage_taken":0,"max_hp_gain":0,"max_hp_loss":0,"event_name":"Golden Shrine","floor":21,"gold_loss":0,"cards_obtained":["Regret"]}],"is_beta":false,"boss_relics":[{"not_picked":["hubris:BlackHole","ChewingGum"],"picked":"Fusion Hammer"}],"items_purged_floors":[22],"is_endless":false,"potions_floor_spawned":[5,6,8,14,16,18,20,25,27],"killed_by":"Centurion and Healer","ascension_level":1}}