{"host":"a7js9z8d6aod1ovy","time":1613564678,"event":{"mods":["AchievementEnabler","BaseMod","Googly Eyes","Hermit","Minty Spire (QoL Compilation)","Rare Cards Sparkle","StSLib","SuperFastMode","The Poker Player"],"gold_per_floor":[117,67,87,87,107,107,32,32,80,255,265,281,78,10,10,110,110,134,9,24,0,0,0,0,0],"floor_reached":24,"language":"KOR","playtime":926,"items_purged":["hermit:Defend_Hermit","hermit:Strike_Hermit","hermit:Defend_Hermit"],"score":184,"play_id":"36a957da-ca03-40b9-b94a-bd1ed8d73356","local_time":"20210217212438","is_ascension_mode":false,"campfire_choices":[{"data":"hermit:Determination","floor":6,"key":"SMITH"},{"data":"hermit:Midnight","floor":8,"key":"SMITH"},{"data":"hermit:WideOpen","floor":15,"key":"SMITH"},{"floor":23,"key":"REST"}],"circlet_count":0,"master_deck":["hermit:Strike_Hermit","hermit:Strike_Hermit","hermit:Defend_Hermit","hermit:Defend_Hermit","hermit:Snapshot","hermit:Covet","hermit:Midnight+1","hermit:WideOpen+1","Regret","hermit:Determination+1","Doubt","hermit:CalledShot","hermit:Glare","hermit:Scavenge","hermit:TakeAim","hermit:Brawl","hermit:FatalDesire","CurseOfTheBell","hermit:ShadowCloak","hermit:GoldenBullet","Decay"],"relics":["hermit:Momento","NeowsBlessing","Pocketwatch","Lantern","Calling Bell","Potion Belt","HornCleat","Girya"],"acts_visited":["Exordium","TheCity"],"potions_floor_usage":[16,24],"damage_taken":[{"damage":0,"enemies":"2 Louse","floor":1,"turns":1},{"damage":0,"enemies":"Jaw Worm","floor":3,"turns":1},{"damage":0,"enemies":"Small Slimes","floor":5,"turns":1},{"damage":0,"enemies":"Exordium Wildlife","floor":11,"turns":4},{"damage":16,"enemies":"Red Slaver","floor":12,"turns":3},{"damage":44,"enemies":"Hexaghost","floor":16,"turns":11},{"damage":32,"enemies":"Spheric Guardian","floor":18,"turns":6},{"damage":18,"enemies":"2 Thieves","floor":20,"turns":4},{"damage":53,"enemies":"Slavers","floor":24,"turns":5}],"seed_played":"-962424612428787071","potions_obtained":[{"floor":5,"key":"Weak Potion"},{"floor":18,"key":"Weak Potion"}],"is_trial":false,"path_per_floor":["M","?","M","?","M","R","$","R","T","?","M","M","$","$","R","B",null,"M","$","M","?","?","R","E"],"character_chosen":"HERMIT","items_purchased":["hermit:Scavenge","hermit:TakeAim","hermit:Brawl"],"campfire_rested":1,"item_purchase_floors":[13,13,14],"current_hp_per_floor":[75,75,75,75,75,75,75,75,75,75,75,59,59,59,59,15,75,43,43,25,25,25,47,0,0],"gold":0,"neow_bonus":"THREE_ENEMY_KILL","is_daily":false,"chose_seed":false,"campfire_upgraded":3,"win_rate":0.0,"timestamp":1613564678,"path_taken":["M","?","M","?","M","R","$","R","T","?","M","?","?","$","R","BOSS","M","$","M","?","?","R","E"],"items_purchased_type":["Card","Card","Card"],"build_version":"2020-12-22","purchased_purges":3,"victory":false,"max_hp_per_floor":[75,75,75,75,75,75,75,75,75,75,75,75,75,75,75,75,75,75,75,75,75,75,75,75,75],"card_choices":[{"not_picked":["hermit:TrackingShot","hermit:TakeCover"],"picked":"hermit:Midnight","floor":1},{"not_picked":["hermit:BodyArmor","hermit:Vantage"],"picked":"hermit:WideOpen","floor":3},{"not_picked":["hermit:Coalescence","hermit:Misfire"],"picked":"hermit:Determination","floor":5},{"not_picked":["hermit:Vantage","hermit:Maintenance"],"picked":"hermit:CalledShot","floor":11},{"not_picked":["hermit:CalledShot","hermit:Manifest"],"picked":"hermit:Glare","floor":12},{"not_picked":["hermit:BlackWind","hermit:RoundhouseKick"],"picked":"hermit:FatalDesire","floor":16},{"not_picked":["hermit:Determination","hermit:Midnight"],"picked":"hermit:ShadowCloak","floor":18},{"not_picked":["hermit:Brawl+1","hermit:CalledShot"],"picked":"hermit:GoldenBullet","floor":20}],"player_experience":25753,"relics_obtained":[{"floor":9,"key":"Lantern"},{"floor":17,"key":"Potion Belt"},{"floor":17,"key":"HornCleat"},{"floor":17,"key":"Girya"}],"event_choices":[{"cards_removed":["hermit:Strike_Hermit"],"damage_healed":0,"gold_gain":0,"player_choice":"Card Removal","damage_taken":0,"max_hp_gain":0,"max_hp_loss":0,"event_name":"The Cleric","floor":2,"gold_loss":50},{"damage_healed":0,"gold_gain":0,"player_choice":"Box","damage_taken":0,"relics_obtained":["Pocketwatch"],"max_hp_gain":0,"max_hp_loss":0,"event_name":"Big Fish","floor":4,"gold_loss":0,"cards_obtained":["Regret"]},{"damage_healed":0,"gold_gain":175,"player_choice":"AGREE","damage_taken":0,"max_hp_gain":0,"max_hp_loss":0,"event_name":"Liars Game","floor":10,"gold_loss":0,"cards_obtained":["Doubt"]},{"damage_healed":0,"gold_gain":0,"player_choice":"Paid Fearfully","damage_taken":0,"max_hp_gain":0,"max_hp_loss":0,"event_name":"Masked Bandits","floor":21,"gold_loss":24},{"damage_healed":0,"gold_gain":0,"player_choice":"Smashed Altar","damage_taken":0,"max_hp_gain":0,"max_hp_loss":0,"event_name":"Forgotten Altar","floor":22,"gold_loss":0,"cards_obtained":["Decay"]}],"is_beta":false,"boss_relics":[{"not_picked":["hermit:ClaspedLocket","Cursed Key"],"picked":"Calling Bell"}],"items_purged_floors":[7,13,19],"is_endless":false,"potions_floor_spawned":[5,18],"killed_by":"Slavers","ascension_level":0}}