{"host":"r3islh0l1a1ykxfu","time":1613587387,"event":{"mods":["BaseMod","Bestiary","Colored Map","Colored Powertips","Downfall","Highlight Path","Minty Spire (QoL Compilation)","Relic Stats","Slay-I","StSLib","Weighted Paths"],"gold_per_floor":[110,127,138,16,32,63,63,98,98,123,133,83,110,126,126,226,226,241,253,253,16,0,27,27,60,60,92,191,36,51,77,77,179,179,196,241,241,241,253,253,253],"floor_reached":40,"language":"ENG","playtime":17670,"items_purged":["Defend_R"],"score":640,"play_id":"3c8b3797-8910-4692-a066-65bc90670623","local_time":"20210217124307","is_ascension_mode":true,"campfire_choices":[{"floor":7.0,"key":"REST"},{"data":"Uppercut","floor":15.0,"key":"SMITH"},{"data":"Demon Form","floor":24.0,"key":"SMITH"},{"floor":32.0,"key":"REST"}],"circlet_count":0,"master_deck":["Strike_R","Defend_R+1","Defend_R+1","Bash","Feel No Pain","Metallicize","Hemokinesis","Armaments","Uppercut+1","Rage","Cleave","Offering","Metallicize","Headbutt","Iron Wave","Demon Form+1","Pommel Strike+1","Combust","Flame Barrier","Double Tap","Parasite","Whirlwind","Armaments+1","Headbutt+1","Immolate","Flex+1","Havoc+1","Wild Strike+1","Iron Wave"],"relics":["Burning Blood","HornCleat","Toy Ornithopter","War Paint","Blue Candle","Eternal Feather","Cursed Key","Lee\u0027s Waffle","Pen Nib","Bottled Flame","Happy Flower","Bronze Scales","Blood Vial","Astrolabe","Thread and Needle"],"acts_visited":["Exordium","TheCity","TheBeyond"],"potions_floor_usage":[36],"damage_taken":[{"damage":2.0,"enemies":"Jaw Worm","floor":1.0,"turns":3.0},{"damage":2.0,"enemies":"2 Louse","floor":2.0,"turns":3.0},{"damage":2.0,"enemies":"Cultist","floor":3.0,"turns":4.0},{"damage":18.0,"enemies":"3 Louse","floor":5.0,"turns":4.0},{"damage":28.0,"enemies":"Gremlin Nob","floor":6.0,"turns":4.0},{"damage":16.0,"enemies":"3 Sentries","floor":8.0,"turns":9.0},{"damage":17.0,"enemies":"Lagavulin","floor":10.0,"turns":7.0},{"damage":6.0,"enemies":"Looter","floor":11.0,"turns":2.0},{"damage":25.0,"enemies":"Gremlin Nob","floor":13.0,"turns":4.0},{"damage":8.0,"enemies":"Blue Slaver","floor":14.0,"turns":2.0},{"damage":39.0,"enemies":"Hexaghost","floor":16.0,"turns":11.0},{"damage":25.0,"enemies":"3 Byrds","floor":18.0,"turns":5.0},{"damage":27.0,"enemies":"2 Thieves","floor":19.0,"turns":3.0},{"damage":22.0,"enemies":"Slavers","floor":23.0,"turns":7.0},{"damage":24.0,"enemies":"Gremlin Leader","floor":25.0,"turns":5.0},{"damage":27.0,"enemies":"Slavers","floor":27.0,"turns":6.0},{"damage":16.0,"enemies":"Sentry and Sphere","floor":30.0,"turns":4.0},{"damage":12.0,"enemies":"Book of Stabbing","floor":31.0,"turns":2.0},{"damage":40,"enemies":"Automaton","floor":33,"turns":7},{"damage":21,"enemies":"3 Darklings","floor":35,"turns":2},{"damage":44,"enemies":"2 Orb Walkers","floor":36,"turns":4},{"damage":70,"enemies":"3 Shapes","floor":39,"turns":4},{"damage":26,"enemies":"Nemesis","floor":40,"turns":4}],"seed_played":"-7296809979959303190","potions_obtained":[{"floor":1.0,"key":"ColorlessPotion"},{"floor":2.0,"key":"sneckomod:MuddlingPotion"},{"floor":6.0,"key":"SkillPotion"},{"floor":11.0,"key":"champ:CounterPotion"},{"floor":14.0,"key":"HeartOfIron"},{"floor":18.0,"key":"BlessingOfTheForge"},{"floor":20.0,"key":"SteroidPotion"},{"floor":20.0,"key":"sneckomod:MuddlingPotion"},{"floor":25.0,"key":"SteroidPotion"},{"floor":27.0,"key":"FairyPotion"},{"floor":33,"key":"FearPotion"},{"floor":35,"key":"AttackPotion"},{"floor":36,"key":"Dexterity Potion"},{"floor":39,"key":"BlessingOfTheForge"}],"is_trial":false,"path_per_floor":["M","M","M","$","M","E","R","E","T","E","M","?","E","M","R","B",null,"M","M","?","$","?","E","R","E","T","E","?","$","M","E","R","B",null,"M","?","?","?","M","E"],"character_chosen":"IRONCLAD","items_purchased":["Armaments","Lee\u0027s Waffle","Combust","Bronze Scales"],"campfire_rested":2,"item_purchase_floors":[4,21,21,29],"current_hp_per_floor":[88,88,88,88,76,54,80,70,70,64,64,64,50,48,57,24,72,53,37,37,95,95,79,91,73,73,52,52,52,42,46,89,57,86,73,42,42,42,13,0,0],"gold":253,"neow_bonus":"TEN_PERCENT_HP_BONUS","is_daily":false,"chose_seed":false,"campfire_upgraded":2,"win_rate":0.0,"timestamp":1613587387,"path_taken":["M","M","M","$","M","E","R","E","T","E","M","?","E","M","R","BOSS","M","M","?","?","?","E","R","E","T","E","?","$","?","E","R","BOSS","M","?","?","?","?","E"],"items_purchased_type":["Card","Relic","Card","Relic"],"build_version":"2020-12-22","purchased_purges":1,"victory":false,"max_hp_per_floor":[88,88,88,88,88,88,88,88,88,88,88,88,88,88,88,88,88,88,88,88,95,95,95,95,95,95,95,95,95,95,95,95,95,95,95,95,95,95,95,95,95],"relic_stats":{"Lee\u0027s Waffle":58,"Happy Flower":[9],"counters":[23,106],"Blue Candle":[4],"Astrolabe":["Flex","Havoc","Wild Strike"],"Eternal Feather":36,"Pen Nib":[7],"War Paint":["Defend_R","Defend_R"],"Cursed Key":1,"Burning Blood":120,"Blood Vial":10,"Bronze Scales":[60],"obtain_stats":[{"Lee\u0027s Waffle":21,"Happy Flower":27,"Blue Candle":10,"Astrolabe":34,"Eternal Feather":13,"Thread and Needle":36,"Pen Nib":23,"War Paint":9,"Cursed Key":17,"Burning Blood":0,"Blood Vial":31,"Bottled Flame":25,"HornCleat":6,"Bronze Scales":29,"Toy Ornithopter":8},{"Lee\u0027s Waffle":13,"Happy Flower":16,"Blue Candle":7,"Astrolabe":19,"Eternal Feather":9,"Thread and Needle":21,"Pen Nib":14,"War Paint":6,"Cursed Key":11,"Burning Blood":0,"Blood Vial":18,"Bottled Flame":15,"HornCleat":5,"Bronze Scales":16,"Toy Ornithopter":6},{"Lee\u0027s Waffle":61,"Happy Flower":79,"Blue Candle":34,"Astrolabe":92,"Eternal Feather":40,"Thread and Needle":98,"Pen Nib":68,"War Paint":27,"Cursed Key":53,"Burning Blood":0,"Blood Vial":85,"Bottled Flame":73,"HornCleat":18,"Bronze Scales":79,"Toy Ornithopter":27}],"Toy Ornithopter":30},"card_choices":[{"not_picked":["Power Through","Spot Weakness"],"picked":"Feel No Pain","floor":1.0},{"not_picked":["Pommel Strike","Seeing Red"],"picked":"Metallicize","floor":2.0},{"not_picked":["Heavy Blade","Spot Weakness"],"picked":"Hemokinesis","floor":3.0},{"not_picked":["Fire Breathing","Sever Soul"],"picked":"Uppercut","floor":5.0},{"not_picked":["Entrench","Heavy Blade"],"picked":"Rage","floor":6.0},{"not_picked":["Clothesline","Brutality"],"picked":"Cleave","floor":8.0},{"not_picked":["Clash","Shrug It Off"],"picked":"Offering","floor":10.0},{"not_picked":["Intimidate","Battle Trance"],"picked":"Metallicize","floor":11.0},{"not_picked":["Sword Boomerang","Power Through"],"picked":"Headbutt","floor":13.0},{"not_picked":["Heavy Blade","Clash"],"picked":"Iron Wave","floor":14.0},{"not_picked":["Limit Break","Feed"],"picked":"Demon Form","floor":16.0},{"not_picked":["Armaments","Burning Pact","Warcry"],"picked":"SKIP","floor":18.0},{"not_picked":["Burning Pact+1","Heavy Blade+1"],"picked":"Pommel Strike+1","floor":19.0},{"not_picked":["Feel No Pain+1","Burning Pact"],"picked":"Flame Barrier","floor":23.0},{"not_picked":["Thunderclap","Body Slam"],"picked":"Double Tap","floor":25.0},{"not_picked":["Seeing Red","Body Slam+1"],"picked":"Whirlwind","floor":27.0},{"not_picked":["Anger","Perfected Strike"],"picked":"Armaments+1","floor":30.0},{"not_picked":["Sword Boomerang+1","Thunderclap"],"picked":"Headbutt+1","floor":31.0},{"not_picked":["Demon Form","Corruption"],"picked":"Immolate","floor":33},{"not_picked":["Havoc","Perfected Strike"],"picked":"Iron Wave","floor":35},{"not_picked":["Spot Weakness","Warcry","Perfected Strike+1"],"picked":"SKIP","floor":39}],"player_experience":1296333,"relics_obtained":[{"floor":6.0,"key":"HornCleat"},{"floor":8.0,"key":"Toy Ornithopter"},{"floor":9.0,"key":"War Paint"},{"floor":10.0,"key":"Blue Candle"},{"floor":13.0,"key":"Eternal Feather"},{"floor":23.0,"key":"Pen Nib"},{"floor":25.0,"key":"Bottled Flame"},{"floor":27.0,"key":"Happy Flower"},{"floor":31.0,"key":"Blood Vial"},{"floor":36,"key":"Thread and Needle"}],"event_choices":[{"cards_removed":["Defend_R"],"damage_healed":0.0,"max_hp_gain":0.0,"max_hp_loss":0.0,"gold_gain":0.0,"event_name":"The Cleric","player_choice":"Card Removal","floor":12.0,"gold_loss":50.0,"damage_taken":0.0},{"damage_healed":0.0,"max_hp_gain":0.0,"max_hp_loss":0.0,"gold_gain":0.0,"event_name":"Lab","player_choice":"Got Potions","floor":20.0,"gold_loss":0.0,"damage_taken":0.0},{"damage_healed":0.0,"max_hp_gain":0.0,"max_hp_loss":0.0,"gold_gain":0.0,"event_name":"Masked Bandits","player_choice":"Paid Fearfully","floor":22.0,"gold_loss":16.0,"damage_taken":0.0},{"damage_healed":0.0,"max_hp_gain":0.0,"max_hp_loss":0.0,"gold_gain":99.0,"event_name":"Nest","player_choice":"Stole From Cult","floor":28.0,"gold_loss":0.0,"damage_taken":0.0},{"damage_healed":0,"gold_gain":0,"player_choice":"Fight","damage_taken":0,"max_hp_gain":0,"max_hp_loss":0,"event_name":"Mysterious Sphere","floor":36,"gold_loss":0},{"cards_removed":["Strike_R"],"damage_healed":0,"gold_gain":0,"player_choice":"Removed Attack","damage_taken":0,"max_hp_gain":0,"max_hp_loss":0,"event_name":"Falling","floor":37,"gold_loss":0},{"damage_healed":0,"gold_gain":0,"player_choice":"Bought 0 Potions","damage_taken":0,"max_hp_gain":0,"max_hp_loss":0,"event_name":"The Woman in Blue","floor":38,"gold_loss":0}],"is_beta":false,"boss_relics":[{"not_picked":["SlaversCollar","Black Star"],"picked":"Cursed Key"},{"not_picked":["Mark of Pain","Runic Dome"],"picked":"Astrolabe"}],"items_purged_floors":[4],"is_endless":false,"potions_floor_spawned":[1,2,6,11,14,18,25,27,33,35,36,39],"killed_by":"Nemesis","ascension_level":5}}