{"host":"kmd7yw11mgzs6kox","time":1613565482,"event":{"mods":["ATMod(阿瑾Mod)","BaseMod","Decade(王小明)","Downfall","GungeonMod","Lobotomy","LobotomyExtend","Marisa（F雨　魔理沙）","Minty Spire (QoL Compilation)","Remilia（蕾米莉亚）","Replay The Spire","Shop Mod","StSLib","The Bladedancer","The Bug Knight","The Poker Player","The Servant 0.9.4","Waifu the Spire","WarShipGirlsR/战舰少女R mod","Youmu（魂魄妖梦）","Yuri Mod"],"gold_per_floor":[119,135,135,149,163,194,194,194,194,220,290,290,290,317,317,421,421,434,446,446,261,251,277,290,389,389,389,405,405,405,405],"floor_reached":29,"language":"ZHS","playtime":1923,"items_purged":[],"score":324,"play_id":"cb295337-9023-407e-9210-a62960ff1cb7","local_time":"20210217203802","is_ascension_mode":true,"metric_token":1366,"campfire_choices":[{"data":"PokerPlayerMod:Mulligan","floor":7,"key":"SMITH"},{"data":"PokerPlayerMod:ClubStrike","floor":13,"key":"SMITH"},{"data":"PokerPlayerMod:ItsShowtime","floor":27,"key":"SMITH"}],"circlet_count":0,"master_deck":["PokerPlayerMod:Diamond1","PokerPlayerMod:Diamond2","PokerPlayerMod:Diamond3","PokerPlayerMod:Diamond4","PokerPlayerMod:Diamond5","PokerPlayerMod:Spade1","PokerPlayerMod:Spade2","PokerPlayerMod:Spade3","PokerPlayerMod:Spade4","PokerPlayerMod:Club1","PokerPlayerMod:Club2","PokerPlayerMod:Heart2","PokerPlayerMod:TrumpStrike","PokerPlayerMod:BadJoker","PokerPlayerMod:Mulligan+1","AT_FamilyPortrait+1","PokerPlayerMod:Club5","PokerPlayerMod:Club3","ShyLook","PokerPlayerMod:ClubStrike+1","Wellcheers","PokerPlayerMod:ClubsClub","CrumblingArmor","PokerPlayerMod:MagicTrick+1","Scarecrow","PokerPlayerMod:Diamond10+","UniverseFragment","PokerPlayerMod:Raise","PokerPlayerMod:ClubStrike","MHz","PokerPlayerMod:ItsShowtime+1","BodiesMountain","PokerPlayerMod:ClubsClub","GreedKing","PokerPlayerMod:CloakAndDiamond","PokerPlayerMod:Diamond10+","PokerPlayerMod:Heart2","PokerPlayerMod:DamnStraight","PokerPlayerMod:Spade4","PokerPlayerMod:ClubDance","PokerPlayerMod:WasteCollection","PokerPlayerMod:ItsShowtime","DreamingCurrent","PokerPlayerMod:Heart6","Murderer","PokerPlayerMod:Extraction+1","SnowQueen","PokerPlayerMod:SpadeStrike"],"relics":["PokerPlayerMod:DeckCase","AT_ATBox","CogitoBucket","LetterFromLob","Torii","War Paint","PokerPlayerMod:ClubPass","White Beast Statue","DemoMod:PoisonVial","AT_TrinityForce","AspirationHeart","Orrery","PokerPlayerMod:Splitter","DemoMod:MeltedRock"],"acts_visited":["Exordium","TheCity"],"potions_floor_usage":[14,29],"damage_taken":[{"damage":0,"enemies":"Cultist","floor":1,"turns":3},{"damage":0,"enemies":"2 Louse","floor":2,"turns":1},{"damage":1,"enemies":"Jaw Worm","floor":4,"turns":3},{"damage":0,"enemies":"Blue Slaver","floor":5,"turns":3},{"damage":7,"enemies":"Gremlin Nob","floor":6,"turns":4},{"damage":1,"enemies":"3 Sentries","floor":10,"turns":3},{"damage":11,"enemies":"Gremlin Nob","floor":14,"turns":4},{"damage":15,"enemies":"Hexaghost","floor":16,"turns":8},{"damage":2,"enemies":"Shell Parasite","floor":18,"turns":5},{"damage":0,"enemies":"Spheric Guardian","floor":19,"turns":2},{"damage":22,"enemies":"Book of Stabbing","floor":23,"turns":4},{"damage":1,"enemies":"Snecko","floor":24,"turns":2},{"damage":7,"enemies":"Centurion and Healer","floor":28,"turns":2},{"damage":102,"enemies":"Cultist and Chosen","floor":29,"turns":5}],"seed_played":"-3527776492143267128","potions_obtained":[{"floor":2,"key":"ColorlessPotion"},{"floor":6,"key":"Energy Potion"},{"floor":10,"key":"DemoMod:LeadSkinPotion"},{"floor":14,"key":"Death Potion"}],"is_trial":false,"path_per_floor":["M","M","?","M","M","E","R","?","T","E","T","?","R","E","R","B",null,"M","M","?","$","?","E","M","?","T","R","M","M"],"character_chosen":"THE_POKER_PLAYER","items_purchased":["PokerPlayerMod:Heart2","Orrery"],"campfire_rested":0,"item_purchase_floors":[21,21],"current_hp_per_floor":[52,52,52,51,52,47,47,52,52,57,57,57,57,46,46,38,57,66,67,67,67,67,54,66,66,66,66,67,0,0,0],"gold":405,"neow_bonus":"","is_daily":false,"chose_seed":false,"campfire_upgraded":3,"win_rate":0.0,"timestamp":1613565482,"path_taken":["M","?","?","?","M","E","R","?","T","E","?","?","R","E","R","BOSS","M","M","?","?","?","E","M","?","T","R","?","M"],"items_purchased_type":["Card","Relic"],"build_version":"2020-12-22","purchased_purges":0,"victory":false,"max_hp_per_floor":[52,52,52,52,52,52,52,57,57,57,57,57,57,57,57,57,57,67,67,67,67,67,67,67,67,67,67,67,67,67,67],"card_choices":[{"not_picked":["WallGazer","Murderer"],"picked":"MeatLantern","floor":1},{"not_picked":["PokerPlayerMod:Spade1","PokerPlayerMod:DiamondStrike"],"picked":"PokerPlayerMod:Club5","floor":1},{"not_picked":["ShyLook","Rudolta"],"picked":"BigBird","floor":2},{"not_picked":["PokerPlayerMod:Spade1","PokerPlayerMod:WasteCollection"],"picked":"PokerPlayerMod:Club3","floor":2},{"not_picked":["WhitesApple","BeautyBeast"],"picked":"ShyLook","floor":4},{"not_picked":["PokerPlayerMod:Spade5","PokerPlayerMod:Diamond3"],"picked":"PokerPlayerMod:ClubStrike","floor":4},{"not_picked":["Scorched","Murderer"],"picked":"Wellcheers","floor":5},{"not_picked":["PokerPlayerMod:Diamond1","PokerPlayerMod:Spade4"],"picked":"PokerPlayerMod:ClubsClub","floor":5},{"not_picked":["QueenOfHatred","Murderer"],"picked":"CrumblingArmor","floor":6},{"not_picked":["PokerPlayerMod:Heart2","PokerPlayerMod:Duplicate"],"picked":"PokerPlayerMod:MagicTrick","floor":6},{"not_picked":["FairyFestival","NothingThere"],"picked":"Scarecrow","floor":10},{"not_picked":["PokerPlayerMod:Spade2","PokerPlayerMod:Spade1"],"picked":"PokerPlayerMod:Diamond10+","floor":10},{"not_picked":["SpiderBud","Murderer"],"picked":"UniverseFragment","floor":14},{"not_picked":["PokerPlayerMod:Club1","PokerPlayerMod:Spade6"],"picked":"PokerPlayerMod:Raise","floor":14},{"not_picked":["SpiderBud","MeatLantern"],"picked":"MHz","floor":16},{"not_picked":["PokerPlayerMod:TheDieIsCast","PokerPlayerMod:Diamond10+"],"picked":"PokerPlayerMod:ItsShowtime","floor":16},{"not_picked":["MeatLantern","VoidDream"],"picked":"BodiesMountain","floor":18},{"not_picked":["PokerPlayerMod:SpadeStrike","PokerPlayerMod:MagicTrick"],"picked":"PokerPlayerMod:ClubsClub","floor":18},{"not_picked":["Scorched","WallGazer"],"picked":"GreedKing","floor":19},{"not_picked":["PokerPlayerMod:Trickery","PokerPlayerMod:Club1"],"picked":"PokerPlayerMod:CloakAndDiamond","floor":19},{"not_picked":["PokerPlayerMod:MagicTrick","PokerPlayerMod:ClubShade"],"picked":"PokerPlayerMod:DamnStraight","floor":21},{"not_picked":["PokerPlayerMod:PoorCopy","PokerPlayerMod:Heart1"],"picked":"PokerPlayerMod:Spade4","floor":21},{"not_picked":["PokerPlayerMod:Club1","PokerPlayerMod:RiskyBet"],"picked":"PokerPlayerMod:ClubDance","floor":21},{"not_picked":["PokerPlayerMod:Raise","PokerPlayerMod:MagicTrick"],"picked":"PokerPlayerMod:WasteCollection","floor":21},{"not_picked":["PokerPlayerMod:HotShotCut","PokerPlayerMod:PoorCopy"],"picked":"PokerPlayerMod:ItsShowtime","floor":21},{"not_picked":["LaLuna","OldLady"],"picked":"DreamingCurrent","floor":23},{"not_picked":["PokerPlayerMod:HotShotCut","PokerPlayerMod:Club3"],"picked":"PokerPlayerMod:Heart6","floor":23},{"not_picked":["QueenBee","NakedNest"],"picked":"Murderer","floor":24},{"not_picked":["PokerPlayerMod:Manipulation","PokerPlayerMod:CloakAndDiamond"],"picked":"PokerPlayerMod:Extraction+1","floor":24},{"not_picked":["QueenOfHatred","Scorched","MeatLantern"],"picked":"Singing Bowl","floor":28},{"not_picked":["GalaxyChild","HeroicMonk"],"picked":"SnowQueen","floor":28},{"not_picked":["PokerPlayerMod:Extraction","PokerPlayerMod:Diamond2"],"picked":"PokerPlayerMod:SpadeStrike","floor":28}],"player_experience":55785,"relics_obtained":[{"floor":1,"key":"LetterFromLob"},{"floor":6,"key":"Torii"},{"floor":9,"key":"War Paint"},{"floor":10,"key":"PokerPlayerMod:ClubPass"},{"floor":11,"key":"White Beast Statue"},{"floor":14,"key":"DemoMod:PoisonVial"},{"floor":23,"key":"PokerPlayerMod:Splitter"},{"floor":26,"key":"DemoMod:MeltedRock"}],"event_choices":[{"cards_removed":["BigBird"],"damage_healed":0,"gold_gain":0,"player_choice":"Offered Uncommon","damage_taken":0,"max_hp_gain":0,"max_hp_loss":0,"event_name":"Bonfire Elementals","floor":3,"gold_loss":0},{"damage_healed":0,"gold_gain":0,"player_choice":"Donut","damage_taken":0,"max_hp_gain":5,"max_hp_loss":0,"event_name":"Big Fish","floor":8,"gold_loss":0},{"damage_healed":0,"gold_gain":0,"player_choice":"Leave","damage_taken":0,"max_hp_gain":0,"max_hp_loss":0,"event_name":"The Cleric","floor":12,"gold_loss":0},{"damage_healed":0,"gold_gain":0,"player_choice":"Copied","damage_taken":0,"max_hp_gain":0,"max_hp_loss":0,"event_name":"Duplicator","floor":20,"gold_loss":0,"cards_obtained":["PokerPlayerMod:Diamond10"]},{"damage_healed":0,"gold_gain":99,"player_choice":"Stole From Cult","damage_taken":0,"max_hp_gain":0,"max_hp_loss":0,"event_name":"Nest","floor":25,"gold_loss":0}],"is_beta":false,"boss_relics":[{"not_picked":["Replay:Wanted Poster","Replay:Drink Me"],"picked":"AT_TrinityForce"}],"items_purged_floors":[],"is_endless":false,"potions_floor_spawned":[2,6,10,14,16,18,19,23,24,28],"killed_by":"Cultist and Chosen","ascension_level":1}}