{"host":"k7udt7atmcuzf6l0","time":1613567490,"event":{"mods":["AchievementEnabler","Act Like it!","BaseMod","BetterRewards","Colored Map","Colored Powertips","Highlight Path","Minty Spire (QoL Compilation)","Quick Restart","Rare Cards Sparkle","StSLib","UnlockEverythingMod"],"gold_per_floor":[131,131,131,197,147,147,211,211,211,277,277,19,37,104,104,216,216,305,305,324,324,349,349,26,142,165,11,37,37,106,143,143,248,275,319,319,14,59,84,84,124,179,191,203,256,3,3,63,63,63],"floor_reached":51,"language":"ZHS","playtime":1888,"items_purged":["Strike_R","Strike_R"],"score":835,"play_id":"b92a72df-1995-4a11-abcf-434774d492ab","local_time":"20210217211130","is_ascension_mode":false,"campfire_choices":[{"data":"True Grit","floor":6.0,"key":"SMITH"},{"data":"Clash","floor":8.0,"key":"SMITH"},{"data":"Flex","floor":11.0,"key":"SMITH"},{"data":"Reaper","floor":15.0,"key":"SMITH"},{"data":"Brutality","floor":23.0,"key":"SMITH"},{"data":"Rupture","floor":29.0,"key":"SMITH"},{"data":"Good Instincts","floor":32.0,"key":"SMITH"},{"data":"Limit Break","floor":40,"key":"SMITH"},{"data":"Sword Boomerang","floor":44,"key":"SMITH"},{"data":"Blind","floor":49,"key":"SMITH"}],"circlet_count":0,"master_deck":["Defend_R","Defend_R","Defend_R+1","Bash+1","HandOfGreed+1","True Grit+1","Clash+1","Flex+1","Reaper+1","Good Instincts+1","Brutality+1","Body Slam+1","Sentinel+1","Rupture+1","Thunderclap+1","Limit Break+1","Wild Strike+1","Thunderclap+1","Feed+1","Dual Wield+1","Sword Boomerang+1","Secret Technique","Iron Wave+1","Sword Boomerang+1","Shockwave+1","Blind+1","Ghostly Armor+1"],"relics":["Burning Blood","Eternal Feather","Membership Card","CeramicFish","Black Star","Lantern","MutagenicStrength","Bag of Preparation","Toolbox","Art of War","Meat on the Bone","StrikeDummy","Smiling Mask","Question Card","Dream Catcher","HornCleat","Astrolabe","Shuriken","Sling","MawBank","Vajra","Kunai","Anchor","Ornamental Fan","Bag of Marbles","Pantograph"],"acts_visited":["Exordium","TheCity","TheBeyond"],"potions_floor_usage":[39,50,50,50],"damage_taken":[{"damage":6.0,"enemies":"Jaw Worm","floor":1.0,"turns":4.0},{"damage":5.0,"enemies":"Small Slimes","floor":4.0,"turns":5.0},{"damage":0.0,"enemies":"2 Louse","floor":7.0,"turns":4.0},{"damage":5.0,"enemies":"2 Fungi Beasts","floor":10.0,"turns":4.0},{"damage":1.0,"enemies":"Exordium Thugs","floor":14.0,"turns":6.0},{"damage":26.0,"enemies":"The Guardian","floor":16.0,"turns":8.0},{"damage":20.0,"enemies":"3 Byrds","floor":18.0,"turns":10.0},{"damage":8.0,"enemies":"2 Thieves","floor":20.0,"turns":4.0},{"damage":23.0,"enemies":"Snake Plant","floor":22.0,"turns":4.0},{"damage":38.0,"enemies":"Slavers","floor":25.0,"turns":10.0},{"damage":17.0,"enemies":"Book of Stabbing","floor":28.0,"turns":4.0},{"damage":23.0,"enemies":"Cultist and Chosen","floor":30.0,"turns":7.0},{"damage":19.0,"enemies":"Sentry and Sphere","floor":31.0,"turns":4.0},{"damage":50.0,"enemies":"Champ","floor":33.0,"turns":8.0},{"damage":2,"enemies":"3 Darklings","floor":35,"turns":2},{"damage":20,"enemies":"3 Shapes","floor":38,"turns":3},{"damage":22,"enemies":"3 Darklings","floor":39,"turns":5},{"damage":4,"enemies":"Giant Head","floor":41,"turns":5},{"damage":21,"enemies":"4 Shapes","floor":42,"turns":5},{"damage":2,"enemies":"Jaw Worm Horde","floor":45,"turns":3},{"damage":19,"enemies":"Nemesis","floor":48,"turns":5},{"damage":44,"enemies":"Donu and Deca","floor":50,"turns":8}],"seed_played":"-7675819616237911734","potions_obtained":[{"floor":1.0,"key":"LiquidMemories"},{"floor":4.0,"key":"GamblersBrew"},{"floor":20.0,"key":"Fire Potion"},{"floor":33.0,"key":"Explosive Potion"},{"floor":45,"key":"Energy Potion"},{"floor":48,"key":"AttackPotion"}],"is_trial":false,"path_per_floor":["M","?","?","M","?","R","M","R","T","M","R","$","?","M","R","B",null,"M","?","M","?","M","R","$","E","T","$","E","R","M","M","R","B",null,"M","?","$","M","M","R","E","M","T","R","M","$","?","E","R","B",null],"character_chosen":"IRONCLAD","items_purchased":["Membership Card","CeramicFish","Bag of Preparation","Toolbox","Art of War","CultistPotion","Question Card","Swift Potion","Shuriken","Sling","Sword Boomerang","Secret Technique","Anchor","Blind","Ornamental Fan","ColorlessPotion"],"campfire_rested":0,"item_purchase_floors":[12,12,24,24,24,24,27,27,37,37,37,37,46,46,46,46],"current_hp_per_floor":[72,58,58,59,59,59,65,65,65,66,72,72,72,72,72,52,72,58,58,66,66,54,63,63,35,35,35,45,54,56,50,59,40,72,72,72,72,64,70,72,76,69,69,84,88,88,88,75,88,77],"gold":63,"neow_bonus":"RANDOM_COLORLESS_2","is_daily":false,"chose_seed":false,"campfire_upgraded":10,"win_rate":0.0,"timestamp":1613567490,"path_taken":["M","?","?","M","?","R","M","R","T","M","R","$","?","M","R","BOSS","M","?","M","?","M","R","$","E","T","$","E","R","M","M","R","BOSS","M","?","$","M","M","R","E","M","T","R","M","$","?","E","R","BOSS"],"items_purchased_type":["Relic","Relic","Relic","Relic","Relic","Potion","Relic","Potion","Relic","Relic","Card","Card","Relic","Card","Relic","Potion"],"build_version":"2020-12-22","purchased_purges":2,"victory":true,"max_hp_per_floor":[72,72,72,72,72,72,72,72,72,72,72,72,72,72,72,72,72,72,72,72,72,72,72,72,72,72,72,72,72,72,72,72,72,72,72,72,72,72,72,72,76,84,84,84,88,88,88,88,88,92],"card_choices":[{"not_picked":["Magnetism","The Bomb"],"picked":"HandOfGreed","floor":0.0},{"not_picked":["Havoc","Shrug It Off"],"picked":"True Grit","floor":1.0},{"not_picked":["Heavy Blade","Havoc"],"picked":"Clash","floor":4.0},{"not_picked":["Heavy Blade","Clash","Evolve"],"picked":"SKIP","floor":7.0},{"not_picked":["Pommel Strike","Clothesline"],"picked":"Flex","floor":10.0},{"not_picked":["Warcry","Hemokinesis","Thunderclap"],"picked":"SKIP","floor":14.0},{"not_picked":["Corruption","Impervious"],"picked":"Brutality","floor":16.0},{"not_picked":["Thunderclap","Reckless Charge","Disarm"],"picked":"SKIP","floor":18.0},{"not_picked":["Clothesline","Dual Wield"],"picked":"Body Slam+1","floor":20.0},{"not_picked":["Flame Barrier","Burning Pact"],"picked":"Sentinel+1","floor":22.0},{"not_picked":["Wild Strike+1","Iron Wave+1"],"picked":"Rupture","floor":25.0},{"not_picked":["Perfected Strike","Cleave","Demon Form","Juggernaut"],"picked":"SKIP","floor":28.0},{"not_picked":["Shrug It Off","Intimidate","Anger"],"picked":"Thunderclap+1","floor":30.0},{"not_picked":["Cleave","Perfected Strike+1","Thunderclap","Armaments"],"picked":"SKIP","floor":31.0},{"not_picked":["Juggernaut","Immolate","Corruption"],"picked":"Limit Break","floor":33.0},{"not_picked":["Wild Strike+1","Twin Strike+1","Rage"],"picked":"Dual Wield+1","floor":35},{"not_picked":["Sword Boomerang","Wild Strike","Headbutt+1"],"picked":"Iron Wave+1","floor":38},{"not_picked":["Headbutt+1","Wild Strike+1","Intimidate"],"picked":"Sword Boomerang+1","floor":39},{"not_picked":["Dropkick","Clothesline","Thunderclap"],"picked":"Shockwave+1","floor":41},{"not_picked":["Perfected Strike+1","Shrug It Off","Flex","Clothesline"],"picked":"SKIP","floor":42},{"not_picked":["Twin Strike","Bludgeon","Sword Boomerang","Cleave"],"picked":"SKIP","floor":45},{"not_picked":["Burning Pact+1","Flex","Infernal Blade"],"picked":"Ghostly Armor+1","floor":48}],"player_experience":136698,"relics_obtained":[{"floor":9.0,"key":"Eternal Feather"},{"floor":25.0,"key":"Meat on the Bone"},{"floor":25.0,"key":"StrikeDummy"},{"floor":26.0,"key":"Smiling Mask"},{"floor":28.0,"key":"Dream Catcher"},{"floor":28.0,"key":"HornCleat"},{"floor":41,"key":"MawBank"},{"floor":41,"key":"Vajra"},{"floor":43,"key":"Kunai"},{"floor":48,"key":"Bag of Marbles"},{"floor":48,"key":"Pantograph"}],"event_choices":[{"damage_healed":0.0,"max_hp_gain":0.0,"max_hp_loss":0.0,"gold_gain":0.0,"event_name":"Shining Light","player_choice":"Entered Light","floor":2.0,"gold_loss":0.0,"damage_taken":14.0,"cards_upgraded":["Bash","Defend_R"]},{"damage_healed":0.0,"max_hp_gain":0.0,"max_hp_loss":0.0,"gold_gain":0.0,"event_name":"Living Wall","player_choice":"Grow","floor":3.0,"gold_loss":0.0,"damage_taken":0.0,"cards_upgraded":["HandOfGreed"]},{"cards_removed":["Strike_R"],"damage_healed":0.0,"max_hp_gain":0.0,"max_hp_loss":0.0,"gold_gain":0.0,"event_name":"The Cleric","player_choice":"Card Removal","floor":5.0,"gold_loss":50.0,"damage_taken":0.0},{"damage_healed":0.0,"max_hp_gain":0.0,"max_hp_loss":0.0,"gold_gain":0.0,"event_name":"Match and Keep!","player_choice":"2 cards matched","floor":13.0,"gold_loss":0.0,"damage_taken":0.0,"cards_obtained":["Reaper","Good Instincts"]},{"damage_healed":0.0,"max_hp_gain":0.0,"max_hp_loss":0.0,"gold_gain":0.0,"event_name":"Match and Keep!","player_choice":"2 cards matched","floor":13.0,"gold_loss":0.0,"damage_taken":0.0,"cards_obtained":["Reaper","Good Instincts"]},{"damage_healed":0.0,"max_hp_gain":0.0,"max_hp_loss":0.0,"gold_gain":0.0,"event_name":"The Mausoleum","player_choice":"Opened","floor":19.0,"gold_loss":0.0,"damage_taken":0.0,"relics_obtained":["Lantern"]},{"damage_healed":0.0,"max_hp_gain":0.0,"max_hp_loss":0.0,"gold_gain":0.0,"event_name":"Drug Dealer","player_choice":"Inject Mutagens","floor":21.0,"gold_loss":0.0,"damage_taken":0.0,"relics_obtained":["MutagenicStrength"]},{"damage_healed":0,"gold_gain":0,"player_choice":"Ignored","damage_taken":0,"max_hp_gain":0,"max_hp_loss":0,"event_name":"Tomb of Lord Red Mask","floor":36,"gold_loss":0},{"damage_healed":0,"gold_gain":0,"player_choice":"Ignored","damage_taken":0,"max_hp_gain":0,"max_hp_loss":0,"event_name":"SecretPortal","floor":47,"gold_loss":0}],"is_beta":false,"boss_relics":[{"not_picked":["Sozu","Coffee Dripper"],"picked":"Black Star"},{"not_picked":["Snecko Eye","Runic Pyramid"],"picked":"Astrolabe"}],"items_purged_floors":[12,24],"is_endless":false,"potions_floor_spawned":[1,4,20,33,45,48],"ascension_level":0}}