{"host":"t9vqxmgmtrdkt9v9","time":1613529692,"event":{"mods":["AchievementEnabler","BaseMod","Colored Map","Minty Spire (QoL Compilation)","Permanent Neow","Relic Stats","StSLib"],"gold_per_floor":[116,116,136,55,55,80,80,115,115,115,140,170,197,213,213,213,213],"floor_reached":16,"language":"ENG","playtime":1331,"items_purged":[],"score":220,"play_id":"adccb02c-ac48-4ba1-83ea-9f859545c01b","local_time":"20210217124132","is_ascension_mode":true,"campfire_choices":[{"data":"Catalyst","floor":7.0,"key":"SMITH"},{"floor":10.0,"key":"REST"},{"data":"Deadly Poison","floor":15.0,"key":"SMITH"}],"circlet_count":0,"master_deck":["AscendersBane","Strike_G","Strike_G","Strike_G","Strike_G","Defend_G","Defend_G","Defend_G","Defend_G","Defend_G","Survivor","Neutralize","Bandage Up","Deadly Poison+1","Escape Plan","Dagger Spray","Catalyst+1","Flying Knee","Leg Sweep","Sucker Punch","Crippling Poison","Cloak And Dagger"],"relics":["Ring of the Snake","InkBottle","Shuriken","Pocketwatch","Odd Mushroom","Juzu Bracelet"],"acts_visited":["Exordium"],"potions_floor_usage":[],"damage_taken":[{"damage":1.0,"enemies":"2 Louse","floor":1.0,"turns":4.0},{"damage":2.0,"enemies":"Cultist","floor":3.0,"turns":4.0},{"damage":27.0,"enemies":"Lagavulin","floor":6.0,"turns":8.0},{"damage":32.0,"enemies":"Gremlin Nob","floor":8.0,"turns":4.0},{"damage":3.0,"enemies":"The Mushroom Lair","floor":11.0,"turns":4.0},{"damage":10.0,"enemies":"3 Sentries","floor":13.0,"turns":7.0},{"damage":0.0,"enemies":"Jaw Worm","floor":14.0,"turns":3.0},{"damage":40,"enemies":"Slime Boss","floor":16,"turns":7}],"seed_played":"5824495974770829627","potions_obtained":[{"floor":3.0,"key":"Weak Potion"},{"floor":11.0,"key":"AttackPotion"}],"is_trial":false,"path_per_floor":["M","?","M","$","?","E","R","E","T","R","?","?","E","M","R","B"],"character_chosen":"THE_SILENT","items_purchased":["Catalyst"],"campfire_rested":1,"item_purchase_floors":[4],"current_hp_per_floor":[62,62,64,64,64,41,41,13,13,32,33,33,27,31,31,0,0],"gold":213,"neow_bonus":"RANDOM_COLORLESS","is_daily":false,"chose_seed":false,"campfire_upgraded":2,"win_rate":0.0,"timestamp":1613529692,"path_taken":["M","?","?","$","?","E","R","E","T","R","?","?","E","M","R","BOSS"],"items_purchased_type":["Card"],"build_version":"2020-12-22","purchased_purges":0,"victory":false,"max_hp_per_floor":[66,66,66,66,66,66,66,66,66,66,66,66,66,66,66,66,66],"relic_stats":{"counters":[8,41],"Shuriken":[4],"Juzu Bracelet":0,"obtain_stats":[{"Shuriken":8,"Juzu Bracelet":13,"Odd Mushroom":11,"InkBottle":6,"Ring of the Snake":0,"Pocketwatch":9},{"Shuriken":4,"Juzu Bracelet":6,"Odd Mushroom":5,"InkBottle":3,"Ring of the Snake":0,"Pocketwatch":4},{"Shuriken":20,"Juzu Bracelet":31,"Odd Mushroom":24,"InkBottle":16,"Ring of the Snake":0,"Pocketwatch":20}],"InkBottle":[9],"Ring of the Snake":[16],"Pocketwatch":[24]},"card_choices":[{"not_picked":["Finesse","Dark Shackles"],"picked":"Bandage Up","floor":0.0},{"not_picked":["Flechettes","Flying Knee"],"picked":"Deadly Poison","floor":1.0},{"not_picked":["Cloak And Dagger","Endless Agony"],"picked":"Dagger Spray","floor":3.0},{"not_picked":["Acrobatics","Escape Plan"],"picked":"Flying Knee","floor":6.0},{"not_picked":["Calculated Gamble","Flying Knee"],"picked":"Leg Sweep","floor":8.0},{"not_picked":["Outmaneuver","Backflip"],"picked":"Sucker Punch","floor":11.0},{"not_picked":["Poisoned Stab","Accuracy"],"picked":"Crippling Poison","floor":13.0},{"not_picked":["Predator","Distraction"],"picked":"Cloak And Dagger","floor":14.0}],"player_experience":427228,"relics_obtained":[{"floor":6.0,"key":"InkBottle"},{"floor":8.0,"key":"Shuriken"},{"floor":9.0,"key":"Pocketwatch"},{"floor":11.0,"key":"Odd Mushroom"},{"floor":13.0,"key":"Juzu Bracelet"}],"event_choices":[{"damage_healed":0.0,"max_hp_gain":0.0,"max_hp_loss":0.0,"gold_gain":0.0,"cards_transformed":["Strike_G"],"event_name":"Transmorgrifier","player_choice":"Transformed","floor":2.0,"gold_loss":0.0,"damage_taken":0.0,"cards_obtained":["Escape Plan"]},{"damage_healed":0.0,"max_hp_gain":0.0,"max_hp_loss":0.0,"gold_gain":0.0,"event_name":"Liars Game","player_choice":"Ignored","floor":5.0,"gold_loss":0.0,"damage_taken":0.0},{"damage_healed":0.0,"max_hp_gain":0.0,"max_hp_loss":0.0,"gold_gain":0.0,"event_name":"Mushrooms","player_choice":"Fought Mushrooms","floor":11.0,"gold_loss":0.0,"damage_taken":0.0},{"damage_healed":0.0,"max_hp_gain":0.0,"max_hp_loss":0.0,"gold_gain":30.0,"event_name":"Dead Adventurer","player_choice":"Searched \u00271\u0027 times","floor":12.0,"gold_loss":0.0,"damage_taken":0.0}],"is_beta":false,"boss_relics":[],"items_purged_floors":[],"is_endless":false,"potions_floor_spawned":[3,11],"killed_by":"Slime Boss","ascension_level":18}}