{"host":"cd7awanv0x2msn9z","time":1613541902,"event":{"mods":["BaseMod","Downfall","Minty Spire (QoL Compilation)","Replay The Spire","StSLib","SuperFastMode"],"gold_per_floor":[117,129,129,129,129,129,170,170,222,243,263,263,284,284,284,412,412,428,428,21,21,21,21,21],"floor_reached":23,"language":"ZHS","playtime":1460,"items_purged":[],"score":223,"play_id":"1d847aa0-14ea-4926-b4c9-280e34059645","local_time":"20210217140502","is_ascension_mode":true,"campfire_choices":[{"data":"Bane","floor":6.0,"key":"SMITH"},{"data":"Poisoned Stab","floor":8.0,"key":"SMITH"},{"data":"Prepared","floor":12.0,"key":"SMITH"},{"data":"Deadly Poison","floor":15.0,"key":"SMITH"}],"circlet_count":0,"master_deck":["Strike_G","Strike_G","Strike_G","Strike_G","Strike_G","Defend_G","Defend_G","Defend_G","Defend_G","Defend_G","Survivor","Neutralize","Bane+1","Poisoned Stab+1","Prepared+1","Deadly Poison+1","Poison Darts+1","Bane+1"],"relics":["Ring of the Snake","NeowsBlessing","Counterbalance","Golden Idol","Boot","Bronze Scales","Ring of Chaos","Sundial","Blue Doll","Question Card"],"acts_visited":["Exordium","TheCity"],"potions_floor_usage":[],"damage_taken":[{"damage":0.0,"enemies":"Cultist","floor":1.0,"turns":1.0},{"damage":0.0,"enemies":"Small Slimes","floor":2.0,"turns":1.0},{"damage":0.0,"enemies":"3 Sentries","floor":7.0,"turns":1.0},{"damage":0.0,"enemies":"2 Louse","floor":10.0,"turns":3.0},{"damage":2.0,"enemies":"Looter","floor":11.0,"turns":3.0},{"damage":4.0,"enemies":"Gremlin Gang","floor":13.0,"turns":2.0},{"damage":39.0,"enemies":"The Guardian","floor":16.0,"turns":6.0},{"damage":20.0,"enemies":"Shell Parasite","floor":18.0,"turns":4.0},{"damage":50,"enemies":"Slavers","floor":23,"turns":4}],"seed_played":"-4104518847691490039","potions_obtained":[{"floor":2.0,"key":"Toxic Potion"},{"floor":7.0,"key":"Adrenaline Potion"},{"floor":14.0,"key":"FearPotion"},{"floor":14.0,"key":"GhostInAJar"}],"is_trial":false,"path_per_floor":["M","M","$","?","?","R","E","R","T","M","M","R","M","?","R","B",null,"M","?","$","?","$","E"],"character_chosen":"THE_SILENT","items_purchased":["Blue Doll","Question Card"],"campfire_rested":0,"item_purchase_floors":[20,20],"current_hp_per_floor":[70,70,70,67,50,50,50,50,50,50,48,48,44,44,44,5,70,50,50,50,50,50,0,0],"gold":21,"neow_bonus":"THREE_ENEMY_KILL","is_daily":false,"chose_seed":false,"campfire_upgraded":4,"win_rate":0.0,"timestamp":1613541902,"path_taken":["M","?","$","?","?","R","E","R","T","M","M","R","M","?","R","BOSS","M","?","$","?","$","E"],"items_purchased_type":["Relic","Relic"],"build_version":"2020-12-22","purchased_purges":0,"victory":false,"max_hp_per_floor":[70,70,70,70,70,70,70,70,70,70,70,70,70,70,70,70,70,70,70,70,70,70,70,70],"card_choices":[{"not_picked":["Deflect","Well Laid Plans"],"picked":"Bane","floor":1.0},{"not_picked":["Dagger Spray","Well Laid Plans","Backflip"],"picked":"SKIP","floor":2.0},{"not_picked":["Dagger Spray","After Image"],"picked":"Poisoned Stab","floor":7.0},{"not_picked":["Deflect","Slice"],"picked":"Prepared","floor":10.0},{"not_picked":["Prepared","ReplayTheSpireMod:Speed Training","Outmaneuver"],"picked":"SKIP","floor":11.0},{"not_picked":["Cloak And Dagger","ReplayTheSpireMod:The Works"],"picked":"Deadly Poison","floor":13.0},{"not_picked":["Die Die Die","Unload"],"picked":"Poison Darts","floor":16.0},{"not_picked":["Slice+1","Masterful Stab"],"picked":"Bane+1","floor":18.0}],"player_experience":73786,"relics_obtained":[{"floor":7.0,"key":"Boot"},{"floor":9.0,"key":"Bronze Scales"}],"event_choices":[{"damage_healed":0.0,"max_hp_gain":0.0,"max_hp_loss":0.0,"gold_gain":0.0,"event_name":"Scrap Ooze","player_choice":"Success","floor":4.0,"gold_loss":0.0,"damage_taken":3.0,"relics_obtained":["Counterbalance"]},{"damage_healed":0.0,"max_hp_gain":0.0,"max_hp_loss":0.0,"gold_gain":0.0,"event_name":"Golden Idol","player_choice":"Take Damage","floor":5.0,"gold_loss":0.0,"damage_taken":17.0,"relics_obtained":["Golden Idol"]},{"damage_healed":0.0,"max_hp_gain":0.0,"max_hp_loss":0.0,"gold_gain":0.0,"event_name":"Lab","player_choice":"Got Potions","floor":14.0,"gold_loss":0.0,"damage_taken":0.0},{"damage_healed":0.0,"max_hp_gain":0.0,"max_hp_loss":0.0,"gold_gain":0.0,"event_name":"The Mausoleum","player_choice":"Opened","floor":19.0,"gold_loss":0.0,"damage_taken":0.0,"relics_obtained":["Sundial"]},{"damage_healed":0.0,"max_hp_gain":0.0,"max_hp_loss":0.0,"gold_gain":0.0,"event_name":"Upgrade Shrine","player_choice":"Upgraded","floor":21.0,"gold_loss":0.0,"damage_taken":0.0,"cards_upgraded":["Poison Darts"]}],"is_beta":false,"boss_relics":[{"not_picked":["Empty Cage","WristBlade"],"picked":"Ring of Chaos"}],"items_purged_floors":[],"is_endless":false,"potions_floor_spawned":[2,7],"killed_by":"Slavers","ascension_level":1}}