{"host":"apr17x9d6644yr8l","time":1613538019,"event":{"mods":["BaseMod","Downfall","Hermit","Minty Spire (QoL Compilation)","StSLib","The Cursed","The Servant 0.9.4"],"gold_per_floor":[99,115,115,115,25,38,38,56,89,89,89,89,101,111,125,230,230,230,240,240,253,253,268,313,130,145,155,55,88,88,163,176,275,275,275,293,319,330,342,353,380,400,400,400,400,79,105,105,133,133],"floor_reached":51,"language":"ENG","playtime":6191,"items_purged":["Slimebound:Strike_Slimebound","Slimebound:Defend_Slimebound","downfall:Malfunctioning","Slimebound:Tackle"],"score":728,"play_id":"4503f7cb-10c5-4b7e-84c7-8417660919db","local_time":"20210216210019","is_ascension_mode":false,"campfire_choices":[{"floor":1,"key":"RECALL"},{"data":"Slimebound:Split","floor":12,"key":"SMITH"},{"data":"Slimebound:Teamwork","floor":18,"key":"SMITH"},{"floor":28,"key":"REST"},{"data":"Slimebound:SlimeBarrage","floor":30,"key":"SMITH"},{"data":"Slimebound:MassRepurpose","floor":35,"key":"SMITH"},{"data":"Slimebound:SlimeBarrage","floor":43,"key":"SMITH"},{"floor":45,"key":"REST"}],"circlet_count":0,"master_deck":["Slimebound:Strike_Slimebound+1","Slimebound:Defend_Slimebound+1","Slimebound:Split+1","Slimebound:CorrosiveSpit","Finesse","Slimebound:SplitBruiser","Slimebound:SplitLeeching","Slimebound:Repurpose+1","Slimebound:SlimeTap","Slimebound:Teamwork+1","Slimebound:FirmFortitude","CurseOfTheBell","Slimebound:LevelUp+1","Slimebound:SlimeBrawl","Slimebound:SplitAcid","Necronomicurse","Slimebound:SlimeBarrage+1","Slimebound:SlimeBarrage+1","Slimebound:LeadByExample+1","Slimebound:Teamwork","Slimebound:MassRepurpose+1","Slimebound:SplitBruiser+1","expansioncontent:DashGenerateEvil","Slimebound:LevelUp+1","Slimebound:MinionMaster+1","Panache+1","Slimebound:Overexert+1"],"relics":["Slimebound:AbsorbEndCombat","Orichalcum","Mercury Hourglass","Frozen Egg 2","Bird Faced Urn","Calling Bell","FossilizedHelix","Pantograph","Necronomicon","downfall:HeartBlessingRed","Incense Burner","Empty Cage","CeramicFish","Juzu Bracelet"],"acts_visited":["Exordium","TheCity","TheBeyond"],"potions_floor_usage":[16,16,23,25,29,33,33,39,42,47,48,50],"damage_taken":[{"damage":0,"enemies":"Jaw Worm","floor":2,"turns":5},{"damage":3,"enemies":"downfall:FleeingMerchant","floor":5,"turns":4},{"damage":1,"enemies":"2 Louse","floor":6,"turns":2},{"damage":0,"enemies":"Small Slimes","floor":8,"turns":3},{"damage":9,"enemies":"3 Sentries","floor":9,"turns":5},{"damage":6,"enemies":"Exordium Wildlife","floor":13,"turns":3},{"damage":12,"enemies":"2 Fungi Beasts","floor":14,"turns":3},{"damage":0,"enemies":"Large Slime","floor":15,"turns":4},{"damage":7,"enemies":"WA_ARCHETYPE_RETAIN","floor":16,"turns":10},{"damage":14,"enemies":"downfall:LooterAlt2","floor":19,"turns":4},{"damage":10,"enemies":"3 Byrds","floor":21,"turns":4},{"damage":0,"enemies":"Shelled Parasite and Fungi","floor":23,"turns":3},{"damage":6,"enemies":"downfall:FleeingMerchant","floor":25,"turns":4},{"damage":6,"enemies":"Snecko","floor":26,"turns":4},{"damage":0,"enemies":"Sentry and Sphere","floor":27,"turns":4},{"damage":18,"enemies":"Gremlin Leader","floor":29,"turns":5},{"damage":25,"enemies":"Shelled Parasite and Fungi","floor":32,"turns":4},{"damage":6,"enemies":"DF_ARCHETYPE_CLAW","floor":33,"turns":5},{"damage":25,"enemies":"3 Darklings","floor":36,"turns":4},{"damage":0,"enemies":"downfall:FleeingMerchant","floor":37,"turns":4},{"damage":0,"enemies":"3 Shapes","floor":38,"turns":4},{"damage":12,"enemies":"Maw","floor":39,"turns":5},{"damage":2,"enemies":"Transient","floor":40,"turns":5},{"damage":24,"enemies":"Jaw Worm Horde","floor":42,"turns":3},{"damage":31,"enemies":"Nemesis","floor":47,"turns":5},{"damage":0,"enemies":"Writhing Mass","floor":48,"turns":2},{"damage":24,"enemies":"3 Darklings","floor":49,"turns":3},{"damage":38,"enemies":"SI_POISON_ARCHETYPE","floor":50,"turns":5}],"seed_played":"4109489507424400687","potions_obtained":[{"floor":6,"key":"Ancient Potion"},{"floor":8,"key":"Block Potion"},{"floor":9,"key":"Slimebound:ThreeZeroPotion"},{"floor":13,"key":"Energy Potion"},{"floor":21,"key":"DistilledChaos"},{"floor":26,"key":"SteroidPotion"},{"floor":29,"key":"FearPotion"},{"floor":31,"key":"downfall:CursedFountainPotion"},{"floor":32,"key":"Dexterity Potion"},{"floor":36,"key":"Fire Potion"},{"floor":39,"key":"Fruit Juice"},{"floor":42,"key":"SmokeBomb"},{"floor":44,"key":"CultistPotion"},{"floor":44,"key":"ColorlessPotion"}],"is_trial":false,"path_per_floor":["R","M","?","?","$","M","T","M","E","T","?","R","M","M","M","B",null,"R","M","?","M","?","M","T","$","M","M","R","E","R","?","M","B",null,"R","M","$","M","M","M","T","M","R","?","R","$","E","M","M","B",null],"character_chosen":"SLIMEBOUND","items_purchased":["Slimebound:LeadByExample+1","expansioncontent:DashGenerateEvil","Panache+1"],"campfire_rested":2,"item_purchase_floors":[25,37,46],"current_hp_per_floor":[65,65,62,62,63,64,64,65,56,56,56,56,50,40,44,41,65,65,55,55,49,33,37,37,35,33,39,58,44,44,65,42,61,65,65,41,43,47,42,46,46,24,24,24,45,45,26,28,8,7],"gold":133,"neow_bonus":"RANDOM_COLORLESS","is_daily":false,"chose_seed":false,"campfire_upgraded":5,"win_rate":0.0,"timestamp":1613538019,"path_taken":["R","M","?","?","$","M","T","M","E","?","?","R","?","M","M","BOSS","R","M","?","M","?","M","T","$","M","M","R","E","R","?","M","BOSS","R","M","$","?","M","M","T","M","R","?","R","?","E","M","M","BOSS"],"items_purchased_type":["Card","Card","Card"],"build_version":"2020-12-22","purchased_purges":4,"victory":true,"max_hp_per_floor":[65,65,65,65,65,65,65,65,65,65,65,65,65,65,65,65,65,65,65,65,65,65,65,65,65,65,65,65,65,65,65,65,65,65,65,65,65,65,70,70,70,70,70,70,70,70,70,70,70,70],"card_choices":[{"not_picked":["Flash of Steel","Dramatic Entrance"],"picked":"Finesse","floor":0},{"not_picked":["Slimebound:GrowthPunch","Slimebound:Schlurp"],"picked":"Slimebound:SplitBruiser","floor":2},{"not_picked":["Slimebound:MegaLick","Slimebound:Dissolve"],"picked":"Slimebound:SplitLeeching","floor":5},{"not_picked":["Slimebound:LeechEnergy","Slimebound:SlimeTap","Slimebound:GoopSpray"],"picked":"SKIP","floor":6},{"not_picked":["Slimebound:ViciousTackle","Slimebound:Prepare"],"picked":"Slimebound:Repurpose","floor":8},{"not_picked":["Slimebound:GoopTackle","Slimebound:ViciousTackle","Slimebound:RainOfGoop"],"picked":"SKIP","floor":9},{"not_picked":["Slimebound:SamplingLick","Slimebound:LivingWall","Slimebound:LeechingTouch"],"picked":"SKIP","floor":13},{"not_picked":["Slimebound:PressTheAttack","Slimebound:SlimeSpikes"],"picked":"Slimebound:SlimeTap","floor":14},{"not_picked":["Slimebound:Dissolve","Slimebound:PressTheAttack"],"picked":"Slimebound:Teamwork","floor":15},{"not_picked":["Slimebound:OozeBath","Slimebound:SelfFormingGoo+1"],"picked":"Slimebound:FirmFortitude","floor":16},{"not_picked":["Slimebound:MegaLick","Slimebound:SlimeBrawl"],"picked":"Slimebound:LevelUp+1","floor":19},{"not_picked":["Slimebound:ProtectTheBoss+1","Slimebound:ComboTackle"],"picked":"Slimebound:SplitAcid","floor":21},{"not_picked":["Slimebound:SlimeBrawl+1","Slimebound:ItLooksTasty"],"picked":"Slimebound:SlimeBarrage","floor":23},{"not_picked":["Slimebound:LeechingTouch","Slimebound:RollThrough"],"picked":"Slimebound:SlimeBarrage","floor":25},{"not_picked":["Slimebound:Gluttony+1","Slimebound:SplitMire"],"picked":"Slimebound:Teamwork","floor":26},{"not_picked":["Slimebound:LeechingTouch","Slimebound:SlimeBrawl","Slimebound:HauntingLick"],"picked":"SKIP","floor":27},{"not_picked":["Slimebound:SplitMire","Slimebound:DuplicatedForm+1","Slimebound:LeechEnergy"],"picked":"SKIP","floor":29},{"not_picked":["Slimebound:SlimeBrawl","Slimebound:Prepare","Slimebound:Schlurp+1"],"picked":"SKIP","floor":32},{"not_picked":["Slimebound:DouseInSlime","Slimebound:OneTwoCombo"],"picked":"Slimebound:MassRepurpose","floor":33},{"not_picked":["Slimebound:LeechEnergy+1","Slimebound:GoopSpray","Slimebound:SamplingLick"],"picked":"SKIP","floor":36},{"not_picked":["Slimebound:SpikyOuterGoop+1","Slimebound:Nibble+1"],"picked":"Slimebound:SplitBruiser+1","floor":37},{"not_picked":["Slimebound:GoopTackle+1","Slimebound:Equalize","Slimebound:LivingWall+1"],"picked":"SKIP","floor":38},{"not_picked":["Slimebound:BestDefense+1","Slimebound:SamplingLick","Slimebound:ItLooksTasty+1"],"picked":"SKIP","floor":39},{"not_picked":["Slimebound:GoopSpray+1","Slimebound:ComboTackle"],"picked":"Slimebound:LevelUp+1","floor":40},{"not_picked":["Slimebound:Schlurp+1","Slimebound:TongueLash+1"],"picked":"Slimebound:MinionMaster+1","floor":42},{"not_picked":["Slimebound:SamplingLick","Slimebound:FinishingTackle","Slimebound:SpikyOuterGoop+1"],"picked":"SKIP","floor":47},{"not_picked":["Slimebound:GrowthPunch","Slimebound:FinishingTackle"],"picked":"Slimebound:Overexert+1","floor":49}],"player_experience":253888,"relics_obtained":[{"floor":7,"key":"Mercury Hourglass"},{"floor":9,"key":"Frozen Egg 2"},{"floor":10,"key":"Bird Faced Urn"},{"floor":17,"key":"FossilizedHelix"},{"floor":17,"key":"Pantograph"},{"floor":17,"key":"Ancient Tea Set"},{"floor":22,"key":"Necronomicon"},{"floor":29,"key":"Incense Burner"},{"floor":41,"key":"CeramicFish"},{"floor":47,"key":"Juzu Bracelet"}],"event_choices":[{"damage_healed":0,"gold_gain":0,"player_choice":"Success","damage_taken":3,"relics_obtained":["Orichalcum"],"max_hp_gain":0,"max_hp_loss":0,"event_name":"Scrap Ooze","floor":3,"gold_loss":0},{"cards_removed":["Slimebound:Defend_Slimebound"],"damage_healed":0,"gold_gain":0,"player_choice":"Card Removal","damage_taken":0,"max_hp_gain":0,"max_hp_loss":0,"event_name":"The Cleric","floor":4,"gold_loss":0},{"damage_healed":0,"gold_gain":0,"player_choice":"Read","damage_taken":0,"max_hp_gain":0,"max_hp_loss":0,"event_name":"The Library","floor":20,"gold_loss":0,"cards_obtained":["Slimebound:SlimeBrawl"]}],"is_beta":false,"boss_relics":[{"not_picked":["Fusion Hammer","SlaversCollar"],"picked":"Calling Bell"},{"not_picked":["Tiny House","Velvet Choker"],"picked":"Empty Cage"}],"items_purged_floors":[5,25,37,46],"is_endless":false,"potions_floor_spawned":[6,8,9,13,21,26,29,32,36,39,42],"ascension_level":0}}