{"host":"ox77rn1xcurm2t5a","time":1613598765,"event":{"mods":["2.2 Compatiblity","AchievementEnabler","Act Like it!","Aspiration","BaseMod","Best Route Mod","Better Match","Better Note","Better Sensory Stone","Block Reminder","Colored Map","Colored Powertips","Conjunction","Conspire","Custom Start","Energized Spire","GifTheSpireLib","Gold Saver","Gremlin Skip","Halation","Highlight Path","Hubris","Infinite Spire","Minty Spire (QoL Compilation)","Pale of the Ancients","Quick Restart","Replay The Spire","Reworked Bosses","ShortenTheSpire","Spire Exporter","StSLib","Stuff the Spire","Wandering Minibosses"],"gold_per_floor":[1110,1110,357,357,357,357,389,389,413,445,445,22,32,80,80,176,176,189,189,199,212,232,232,263,263,337,337,40,73,73,21,21,116,116,126,139,165,165,165],"floor_reached":38,"language":"ENG","playtime":957,"items_purged":["Defend_R","Defend_R"],"score":598,"play_id":"55f91b33-e283-4dc2-88fd-d61a21d166bb","local_time":"20210217235245","is_ascension_mode":true,"campfire_choices":[{"floor":6,"key":"RECALL"},{"data":"Clash","floor":8,"key":"SMITH"},{"data":"Disarm","floor":11,"key":"SMITH"},{"data":"Limit Break","floor":15,"key":"SMITH"},{"data":"Flex","floor":30,"key":"SMITH"},{"data":"Flex","floor":32,"key":"SMITH"}],"circlet_count":0,"master_deck":["Strike_R+1","Strike_R","Strike_R","Strike_R+1","Strike_R+1","Defend_R","Defend_R","Bash+1","Flex+1","Clash+1","Disarm+1","Limit Break+1","Flex","Flex+1","Perfected Strike","Clash+1","hubris:InfiniteBlow","Dropkick+1","Clash+1","Flex+1","Anger+1","Perfected Strike+1"],"relics":["Burning Blood","StuffTheSpire:EmeraldSignet","StuffTheSpire:Expresso","hubris:MysteriousPyramids","hubris:DeckOfHolding","Paper Frog","aspiration:HiddenCompartment","StuffTheSpire:RunicConfusion","Replay:Multitool","infinitespire:PuzzleCube","Pantograph","Whetstone","halation:Sosunser","Self Forming Clay","conspire:SlowCooker","King of Hearts"],"acts_visited":["Exordium","TheCity","TheBeyond"],"potions_floor_usage":[7,10,16,16,20,29,33,35],"damage_taken":[{"damage":3,"enemies":"2 Louse","floor":1,"turns":4},{"damage":4,"enemies":"Lagavulin","floor":7,"turns":5},{"damage":22,"enemies":"Gremlin Nob","floor":10,"turns":4},{"damage":7,"enemies":"Jaw Worm","floor":13,"turns":3},{"damage":37,"enemies":"Hexaghost","floor":16,"turns":5},{"damage":13,"enemies":"3 Byrds","floor":18,"turns":5},{"damage":12,"enemies":"Spheric Guardian","floor":20,"turns":6},{"damage":0,"enemies":"Centurion and Healer","floor":21,"turns":4},{"damage":2,"enemies":"Snecko","floor":22,"turns":3},{"damage":51,"enemies":"Book of Stabbing","floor":24,"turns":5},{"damage":0,"enemies":"Gremlin Leader","floor":29,"turns":3},{"damage":16,"enemies":"bossMod:newChamp","floor":33,"turns":6},{"damage":29,"enemies":"3 Shapes","floor":35,"turns":3},{"damage":28,"enemies":"3 Darklings","floor":36,"turns":4},{"damage":30,"enemies":"Spire Growth","floor":38,"turns":4}],"seed_played":"8914709955499420703","potions_obtained":[{"floor":1,"key":"BlessingOfTheForge"},{"floor":13,"key":"BloodPotion"},{"floor":18,"key":"GamblersBrew"},{"floor":24,"key":"Dexterity Potion"},{"floor":29,"key":"ColorlessPotion"},{"floor":33,"key":"BlessingOfTheForge"}],"is_trial":false,"path_per_floor":["M","?","$","?","?","R","E","R","T","E","R","$","M","T","R","B",null,"M","AVR","M","M","M","R","E","?","T","?","$","E","R","$","R","B",null,"M","M","T","M"],"character_chosen":"IRONCLAD","items_purchased":["StuffTheSpire:EmeraldSignet","StuffTheSpire:Expresso","Flex","PowerPotion","PowerPotion","Limit Break","Flex","Paper Frog","Whetstone","halation:Sosunser","Flex"],"campfire_rested":0,"item_purchase_floors":[3,3,3,3,3,12,12,12,28,28,31],"current_hp_per_floor":[75,75,75,75,75,75,77,77,77,61,61,61,60,60,60,45,71,64,64,58,64,68,80,35,35,35,35,35,41,41,41,41,56,74,51,29,29,0,0],"gold":165,"neow_bonus":"HUNDRED_GOLD","is_daily":false,"chose_seed":false,"campfire_upgraded":5,"win_rate":0.0,"timestamp":1613598765,"path_taken":["M","?","$","?","?","R","E","R","T","E","R","$","?","?","R","BOSS","M","AVR","M","?","M","R","E","?","T","?","$","E","R","?","R","BOSS","M","M","?","?"],"items_purchased_type":["Relic","Relic","Card","Potion","Potion","Card","Card","Relic","Relic","Relic","Card"],"build_version":"2020-12-22","purchased_purges":2,"victory":false,"max_hp_per_floor":[80,80,80,80,80,80,80,80,80,80,80,80,80,80,80,80,80,80,80,80,80,80,80,80,80,80,80,80,80,80,80,80,80,80,80,80,80,80,80],"card_choices":[{"not_picked":["hubris:CleavingFinish","Warcry","Replay:Undeath\u0027s Touch"],"picked":"SKIP","floor":1},{"not_picked":["StuffTheSpire:Slingshot","hubris:StunningStrike"],"picked":"Clash","floor":7},{"not_picked":["hubris:ReadiedAction","Feed"],"picked":"Disarm","floor":10},{"not_picked":["Dropkick","Rampage"],"picked":"Perfected Strike","floor":13},{"not_picked":["Ghostly Armor+1","Cleave+1"],"picked":"Clash+1","floor":18},{"not_picked":["Perfected Strike","Twin Strike"],"picked":"Dropkick+1","floor":20},{"not_picked":["StuffTheSpire:RagingBull+1","True Grit"],"picked":"Clash","floor":21},{"not_picked":["ReplayTheSpireMod:Strike From Hell","Body Slam","Iron Wave"],"picked":"SKIP","floor":22},{"not_picked":["Dark Embrace","hubris:SharpeningStone+1","Dropkick"],"picked":"SKIP","floor":24},{"not_picked":["ReplayTheSpireMod:Stacked","Wild Strike+1","conspire:Charge"],"picked":"SKIP","floor":29},{"not_picked":["Defy Death+1","Rupture+1"],"picked":"Anger+1","floor":35},{"not_picked":["Thunderclap","Intimidate"],"picked":"Perfected Strike+1","floor":36}],"player_experience":3138212,"relics_obtained":[{"floor":7,"key":"hubris:MysteriousPyramids"},{"floor":10,"key":"hubris:DeckOfHolding"},{"floor":14,"key":"aspiration:HiddenCompartment"},{"floor":24,"key":"infinitespire:PuzzleCube"},{"floor":26,"key":"Pantograph"},{"floor":29,"key":"Self Forming Clay"},{"floor":37,"key":"King of Hearts"}],"event_choices":[{"damage_healed":0,"gold_gain":0,"player_choice":"Grow","damage_taken":0,"max_hp_gain":0,"max_hp_loss":0,"event_name":"Living Wall","floor":2,"gold_loss":0,"cards_upgraded":["Bash"]},{"damage_healed":0,"gold_gain":0,"player_choice":"Ignored","damage_taken":0,"max_hp_gain":0,"max_hp_loss":0,"event_name":"betterNote:BetterNote","floor":25,"gold_loss":0,"cards_obtained":["Strike_P"]},{"damage_healed":0,"gold_gain":2,"player_choice":"1","damage_taken":0,"max_hp_gain":0,"max_hp_loss":0,"event_name":"betterStone:BetterStone","floor":27,"gold_loss":0}],"is_beta":false,"boss_relics":[{"not_picked":["Electric Blood","halation:PinkAlligatorPlush"],"picked":"StuffTheSpire:RunicConfusion"},{"not_picked":["halation:Risk","Coffee Dripper"],"picked":"conspire:SlowCooker"}],"items_purged_floors":[3,19],"is_endless":false,"potions_floor_spawned":[1,13,18,24,29,33],"killed_by":"Spire Growth","ascension_level":6}}