{"host":"pqs17sqrgflf4eqa","time":1613537699,"event":{"mods":["AchievementEnabler","BaseMod","Bestiary","Better Altar","Better Match","Better Skull","Block Reminder","Bossed Relics","Colored Map","Colored Powertips","Curses Come First","Dark Map","DeckTracker","Defective Defect","Displayed Cursed Tome","Emptier Cage","Googly Eyes","Highlight Path","Minty Spire (QoL Compilation)","Quick Restart","Slay-I","StSLib","SuperFastMode","Synergy Search","Thieving Mod","Transform Curses","everything is the same but u backflip on backflip","slay the spire mod where everything is the same but ironclad has a cowboy hat"],"gold_per_floor":[110,124,134,144,21,21,21,56,56,90,90,105,120,147,147,244,244,262,262,40,40,40,70,70,83,83,110,9,9,40,58,58,154,154,174,396,407,457,473,473,484,515,515,230,230,279,204,222,222,222],"floor_reached":51,"language":"ENG","playtime":2097,"items_purged":[],"score":1003,"play_id":"e3a7fd44-ecf5-48fb-9bfc-5b55dc77655a","local_time":"20210216235459","is_ascension_mode":true,"campfire_choices":[{"data":"Noxious Fumes","floor":6.0,"key":"SMITH"},{"data":"Neutralize","floor":11.0,"key":"SMITH"},{"data":"Masterful Stab","floor":15.0,"key":"SMITH"},{"floor":24.0,"key":"REST"},{"data":"Masterful Stab","floor":29.0,"key":"SMITH"},{"data":"Wraith Form v2","floor":32.0,"key":"SMITH"},{"floor":40.0,"key":"REST"},{"data":"Corpse Explosion","floor":45.0,"key":"SMITH"},{"floor":49.0,"key":"REST"}],"circlet_count":0,"master_deck":["Strike_G","Strike_G","Strike_G","Strike_G","Strike_G","Defend_G","Defend_G","Defend_G","Defend_G","Defend_G+1","Survivor+1","Neutralize+1","Sucker Punch","Catalyst+1","Masterful Stab+1","Wraith Form v2+1","Noxious Fumes+1","Dagger Throw","Masterful Stab+1","Unload","Necronomicurse","Apotheosis+1","PiercingWail+1","Leg Sweep","Deadly Poison+1","Leg Sweep","Corpse Explosion+1","Noxious Fumes+1","Prepared+1","Glass Knife+1","Backstab+1"],"relics":["Ring of the Snake","NeowsBlessing","HornCleat","Ninja Scroll","Paper Crane","Dead Branch","Snecko Eye","Necronomicon","MutagenicStrength","MealTicket","Bronze Scales","Red Mask","Snake Skull","Pandora\u0027s Box","Thread and Needle","Lizard Tail","War Paint","CaptainsWheel","Chemical X","Molten Egg 2","Ice Cream"],"acts_visited":["Exordium","TheCity","TheBeyond"],"potions_floor_usage":[50,50,50],"damage_taken":[{"damage":0.0,"enemies":"Cultist","floor":1.0,"turns":1.0},{"damage":0.0,"enemies":"2 Louse","floor":2.0,"turns":1.0},{"damage":0.0,"enemies":"Jaw Worm","floor":3.0,"turns":1.0},{"damage":19.0,"enemies":"Gremlin Gang","floor":4.0,"turns":7.0},{"damage":11.0,"enemies":"Lagavulin","floor":8.0,"turns":6.0},{"damage":16.0,"enemies":"3 Sentries","floor":10.0,"turns":7.0},{"damage":3.0,"enemies":"3 Louse","floor":12.0,"turns":3.0},{"damage":3.0,"enemies":"Large Slime","floor":13.0,"turns":6.0},{"damage":0.0,"enemies":"Gremlin Nob","floor":14.0,"turns":2.0},{"damage":10.0,"enemies":"Hexaghost","floor":16.0,"turns":9.0},{"damage":0.0,"enemies":"Spheric Guardian","floor":18.0,"turns":4.0},{"damage":27.0,"enemies":"Slavers","floor":23.0,"turns":5.0},{"damage":0.0,"enemies":"3 Byrds","floor":25.0,"turns":3.0},{"damage":0.0,"enemies":"Masked Bandits","floor":27.0,"turns":1.0},{"damage":3.0,"enemies":"Book of Stabbing","floor":30.0,"turns":3.0},{"damage":3.0,"enemies":"Shelled Parasite and Fungi","floor":31.0,"turns":2.0},{"damage":43.0,"enemies":"Automaton","floor":33.0,"turns":8.0},{"damage":3.0,"enemies":"3 Shapes","floor":35.0,"turns":3.0},{"damage":0.0,"enemies":"3 Darklings","floor":37.0,"turns":4.0},{"damage":7.0,"enemies":"Mind Bloom Boss Battle","floor":38.0,"turns":7.0},{"damage":3.0,"enemies":"Sphere and 2 Shapes","floor":39.0,"turns":2.0},{"damage":30.0,"enemies":"Writhing Mass","floor":41.0,"turns":6.0},{"damage":18.0,"enemies":"Giant Head","floor":42.0,"turns":7.0},{"damage":0.0,"enemies":"2 Orb Walkers","floor":46.0,"turns":5.0},{"damage":3.0,"enemies":"Transient","floor":48.0,"turns":5.0},{"damage":17,"enemies":"Time Eater","floor":50,"turns":8}],"seed_played":"-3024898288947636768","potions_obtained":[{"floor":2.0,"key":"SteroidPotion"},{"floor":8.0,"key":"SpeedPotion"},{"floor":12.0,"key":"SteroidPotion"},{"floor":14.0,"key":"Explosive Potion"},{"floor":16.0,"key":"EssenceOfSteel"},{"floor":18.0,"key":"BlessingOfTheForge"},{"floor":25.0,"key":"Swift Potion"},{"floor":31.0,"key":"Regen Potion"},{"floor":35.0,"key":"Dexterity Potion"},{"floor":37.0,"key":"Dexterity Potion"}],"is_trial":false,"path_per_floor":["M","M","M","M","$","R","?","E","T","E","R","M","M","E","R","B",null,"M","?","$","?","?","E","R","M","T","?","$","R","E","M","R","B",null,"M","?","M","?","M","R","M","E","T","$","R","?","?","M","R","B",null],"character_chosen":"THE_SILENT","items_purchased":["Noxious Fumes","FearPotion","Apotheosis","Poison Potion","ThievingMod:ThievingPotion","CaptainsWheel"],"campfire_rested":3,"item_purchase_floors":[5,5,20,20,28,44],"current_hp_per_floor":[63,63,63,44,44,44,44,33,33,17,17,14,11,11,11,1,53,53,37,37,37,37,10,31,31,31,31,46,46,43,40,40,12,56,53,53,53,46,43,64,34,16,16,31,31,31,31,28,49,32],"gold":222,"neow_bonus":"THREE_ENEMY_KILL","is_daily":false,"chose_seed":false,"campfire_upgraded":6,"win_rate":0.0,"timestamp":1613537699,"path_taken":["M","?","M","M","$","R","?","E","T","E","R","M","M","E","R","BOSS","M","?","$","?","?","E","R","?","T","?","$","R","E","M","R","BOSS","M","?","M","?","M","R","M","E","T","$","R","?","?","M","R","BOSS"],"items_purchased_type":["Card","Potion","Card","Potion","Potion","Relic"],"build_version":"2020-12-22","purchased_purges":0,"victory":true,"max_hp_per_floor":[70,70,70,70,70,70,70,70,70,70,70,70,70,70,70,70,70,70,70,70,70,70,70,70,70,70,70,70,70,70,70,70,70,70,70,70,70,70,70,70,70,70,70,70,70,70,70,70,70,70],"card_choices":[{"not_picked":["Cloak And Dagger","Backflip"],"picked":"Sucker Punch","floor":1.0},{"not_picked":["Poisoned Stab","Prepared"],"picked":"Catalyst","floor":2.0},{"not_picked":["Flying Knee","Sucker Punch"],"picked":"Masterful Stab","floor":3.0},{"not_picked":["Underhanded Strike","PiercingWail"],"picked":"Wraith Form v2","floor":4.0},{"not_picked":["Blade Dance","Terror"],"picked":"Dagger Throw","floor":8.0},{"not_picked":["Flying Knee","Underhanded Strike","Infinite Blades"],"picked":"SKIP","floor":10.0},{"not_picked":["Dagger Throw","Blade Dance"],"picked":"Masterful Stab","floor":12.0},{"not_picked":["Flechettes","Finisher","Prepared"],"picked":"SKIP","floor":13.0},{"not_picked":["Quick Slash","Backflip","Expertise"],"picked":"SKIP","floor":14.0},{"not_picked":["Night Terror","Tools of the Trade"],"picked":"Unload","floor":16.0},{"not_picked":["Deflect","Quick Slash","Poisoned Stab"],"picked":"SKIP","floor":18.0},{"not_picked":["Slice","Infinite Blades+1","Setup"],"picked":"SKIP","floor":23.0},{"not_picked":["Underhanded Strike","Escape Plan"],"picked":"PiercingWail+1","floor":25.0},{"not_picked":["Flying Knee","Sucker Punch"],"picked":"Leg Sweep","floor":27.0},{"not_picked":["Reflex","All Out Attack"],"picked":"Deadly Poison+1","floor":30.0},{"not_picked":["Dodge and Roll","Dagger Throw"],"picked":"Leg Sweep","floor":31.0},{"not_picked":["Envenom","After Image"],"picked":"Corpse Explosion","floor":33.0},{"not_picked":["Slice+1","Dodge and Roll","Dagger Spray"],"picked":"SKIP","floor":35.0},{"not_picked":["Storm of Steel","PiercingWail","Expertise"],"picked":"SKIP","floor":37.0},{"not_picked":["Sucker Punch+1","Setup+1"],"picked":"Noxious Fumes+1","floor":38.0},{"not_picked":["Dodge and Roll+1","Slice+1","Flying Knee+1"],"picked":"SKIP","floor":39.0},{"not_picked":["Flying Knee+1","Poisoned Stab+1"],"picked":"Prepared+1","floor":41.0},{"not_picked":["Slice+1","Terror+1","Masterful Stab"],"picked":"SKIP","floor":42.0},{"not_picked":["Crippling Poison","Deflect"],"picked":"Glass Knife+1","floor":46.0},{"not_picked":["Slice+1","Well Laid Plans+1"],"picked":"Backstab+1","floor":48.0}],"player_experience":218216,"relics_obtained":[{"floor":8.0,"key":"HornCleat"},{"floor":9.0,"key":"Ninja Scroll"},{"floor":10.0,"key":"Paper Crane"},{"floor":14.0,"key":"Dead Branch"},{"floor":23.0,"key":"MealTicket"},{"floor":26.0,"key":"Bronze Scales"},{"floor":27.0,"key":"Red Mask"},{"floor":30.0,"key":"Snake Skull"},{"floor":38.0,"key":"Thread and Needle"},{"floor":42.0,"key":"Lizard Tail"},{"floor":43.0,"key":"War Paint"},{"floor":46.0,"key":"Ice Cream"}],"event_choices":[{"damage_healed":0.0,"max_hp_gain":0.0,"max_hp_loss":0.0,"gold_gain":0.0,"event_name":"Living Wall","player_choice":"Grow","floor":7.0,"gold_loss":0.0,"damage_taken":0.0,"cards_upgraded":["Catalyst"]},{"damage_healed":0.0,"max_hp_gain":0.0,"max_hp_loss":0.0,"gold_gain":0.0,"event_name":"Cursed Tome","player_choice":"Obtained Book","floor":19.0,"gold_loss":0.0,"damage_taken":16.0},{"damage_healed":0.0,"max_hp_gain":0.0,"max_hp_loss":0.0,"gold_gain":0.0,"event_name":"Drug Dealer","player_choice":"Inject Mutagens","floor":21.0,"gold_loss":0.0,"damage_taken":0.0,"relics_obtained":["MutagenicStrength"]},{"damage_healed":0.0,"max_hp_gain":0.0,"max_hp_loss":0.0,"gold_gain":0.0,"event_name":"Upgrade Shrine","player_choice":"Upgraded","floor":22.0,"gold_loss":0.0,"damage_taken":0.0,"cards_upgraded":["Apotheosis"]},{"damage_healed":0.0,"max_hp_gain":0.0,"max_hp_loss":0.0,"gold_gain":0.0,"event_name":"Masked Bandits","player_choice":"Fought Bandits","floor":27.0,"gold_loss":0.0,"damage_taken":0.0},{"damage_healed":0.0,"max_hp_gain":0.0,"max_hp_loss":0.0,"gold_gain":222.0,"event_name":"Tomb of Lord Red Mask","player_choice":"Wore Mask","floor":36.0,"gold_loss":0.0,"damage_taken":0.0},{"damage_healed":0.0,"max_hp_gain":0.0,"max_hp_loss":0.0,"gold_gain":0.0,"event_name":"MindBloom","player_choice":"Fight","floor":38.0,"gold_loss":0.0,"damage_taken":0.0},{"damage_healed":0.0,"max_hp_gain":0.0,"max_hp_loss":0.0,"gold_gain":0.0,"event_name":"Mysterious Sphere","player_choice":"Fight","floor":46.0,"gold_loss":0.0,"damage_taken":0.0},{"damage_healed":0.0,"max_hp_gain":0.0,"max_hp_loss":0.0,"gold_gain":0.0,"event_name":"betterMatch:BetterMatch","player_choice":"2","floor":47.0,"gold_loss":0.0,"damage_taken":0.0,"cards_obtained":["betterMatch:CommonCard"]}],"is_beta":false,"boss_relics":[{"not_picked":["Black Star","Velvet Choker"],"picked":"Snecko Eye"},{"not_picked":["HoveringKite","Ring of the Serpent"],"picked":"Pandora\u0027s Box"}],"items_purged_floors":[],"is_endless":false,"potions_floor_spawned":[2,8,12,14,16,18,25,31,35,37,48],"ascension_level":6}}