{"host":"et0ypqa1uh5c1j5j","time":1613582807,"event":{"mods":["BaseMod","Colored Map","Colored Powertips","Minty Spire (QoL Compilation)","Relic Stats","StSLib"],"gold_per_floor":[117,42,42,42,42,77,97,97,97,109,135,135,162,181,181,258,258,272,295,102,102,102,102,132,143,143,143,168,83,83,95,95,169,169,189,199,199,224,240,240,260,111,187,200,200,250,269,296,296,296,296,296],"floor_reached":51,"language":"ENG","playtime":2924,"items_purged":["Defend_P","Strike_P","Strike_P"],"score":1562,"play_id":"97105f7c-4be3-4f20-bf1c-659ecbcb4a8d","local_time":"20210217172647","is_ascension_mode":true,"campfire_choices":[{"data":"Eruption","floor":8.0,"key":"SMITH"},{"data":"SandsOfTime","floor":15.0,"key":"SMITH"},{"data":"RitualDagger","floor":23.0,"key":"SMITH"},{"floor":27.0,"key":"REST"},{"data":"CutThroughFate","floor":30.0,"key":"SMITH"},{"data":"Vigilance","floor":32.0,"key":"SMITH"},{"floor":40.0,"key":"REST"},{"floor":45.0,"key":"REST"},{"floor":49.0,"key":"RECALL"}],"circlet_count":0,"master_deck":["AscendersBane","Strike_P","Defend_P","Defend_P","Defend_P","Eruption+1","Vigilance+1","Consecrate","CutThroughFate+1","Protect","SandsOfTime","MentalFortress","SandsOfTime+1","ThirdEye+1","DeusExMachina+1","BowlingBash","Tantrum","ClearTheMind+1","RitualDagger+1","FlurryOfBlows","Vengeance+1","Blasphemy+1","EmptyFist","DevaForm","WaveOfTheHand+1","Omniscience+1","DeceiveReality+1","ClearTheMind+1","EmptyBody+1","WheelKick","Nirvana"],"relics":["HolyWater","NeowsBlessing","Mango","Blood Vial","Toxic Egg 2","Art of War","Damaru","Juzu Bracelet","MutagenicStrength","Anchor","Potion Belt","Bronze Scales","Strawberry","Fusion Hammer","Lizard Tail","Shuriken"],"acts_visited":["Exordium","TheCity","TheBeyond"],"potions_floor_usage":[51,51],"damage_taken":[{"damage":0.0,"enemies":"Jaw Worm","floor":1.0,"turns":1.0},{"damage":0.0,"enemies":"Lagavulin","floor":6.0,"turns":1.0},{"damage":0.0,"enemies":"Cultist","floor":7.0,"turns":1.0},{"damage":0.0,"enemies":"2 Louse","floor":10.0,"turns":2.0},{"damage":12.0,"enemies":"3 Sentries","floor":11.0,"turns":8.0},{"damage":16.0,"enemies":"Gremlin Nob","floor":13.0,"turns":3.0},{"damage":23.0,"enemies":"Lots of Slimes","floor":14.0,"turns":7.0},{"damage":15.0,"enemies":"Slime Boss","floor":16.0,"turns":10.0},{"damage":12.0,"enemies":"Spheric Guardian","floor":18.0,"turns":4.0},{"damage":23.0,"enemies":"Slavers","floor":24.0,"turns":3.0},{"damage":8.0,"enemies":"3 Byrds","floor":25.0,"turns":5.0},{"damage":0.0,"enemies":"Gremlin Leader","floor":28.0,"turns":4.0},{"damage":0.0,"enemies":"Snecko","floor":31.0,"turns":2.0},{"damage":36.0,"enemies":"Automaton","floor":33.0,"turns":7.0},{"damage":32.0,"enemies":"3 Darklings","floor":35.0,"turns":3.0},{"damage":0.0,"enemies":"3 Shapes","floor":36.0,"turns":4.0},{"damage":14.0,"enemies":"Mind Bloom Boss Battle","floor":38.0,"turns":6.0},{"damage":0.0,"enemies":"Jaw Worm Horde","floor":39.0,"turns":2.0},{"damage":25.0,"enemies":"Maw","floor":41.0,"turns":7.0},{"damage":13.0,"enemies":"Sphere and 2 Shapes","floor":44.0,"turns":5.0},{"damage":7.0,"enemies":"4 Shapes","floor":47.0,"turns":5.0},{"damage":0.0,"enemies":"Reptomancer","floor":48.0,"turns":2.0},{"damage":82,"enemies":"Awakened One","floor":50,"turns":10},{"damage":52,"enemies":"Time Eater","floor":51,"turns":5}],"seed_played":"5581668465102962251","potions_obtained":[{"floor":10.0,"key":"Regen Potion"},{"floor":14.0,"key":"Dexterity Potion"},{"floor":16.0,"key":"Dexterity Potion"},{"floor":25.0,"key":"PowerPotion"},{"floor":28.0,"key":"Strength Potion"},{"floor":31.0,"key":"DistilledChaos"},{"floor":36.0,"key":"FearPotion"},{"floor":38.0,"key":"Strength Potion"},{"floor":47.0,"key":"Ancient Potion"},{"floor":48.0,"key":"Fire Potion"}],"is_trial":false,"path_per_floor":["M","$","?","$","?","E","M","R","T","M","E","?","E","M","R","B",null,"M","T","$","?","?","R","E","M","T","R","E","?","R","M","R","B",null,"M","M","?","?","M","R","M","$","T","M","R","?","M","E","R","B","B"],"character_chosen":"WATCHER","items_purchased":["Tantrum","ClearTheMind+1","ClearTheMind+1"],"campfire_rested":3,"item_purchase_floors":[20,20,42],"current_hp_per_floor":[61,61,75,75,75,75,77,77,77,79,69,69,55,49,49,36,71,61,61,61,55,55,55,34,28,28,52,54,61,61,63,63,29,74,44,46,46,34,36,61,38,38,38,27,52,52,47,49,49,15,0,0],"gold":296,"neow_bonus":"THREE_ENEMY_KILL","is_daily":false,"chose_seed":false,"campfire_upgraded":5,"win_rate":0.0,"timestamp":1613582807,"path_taken":["M","$","?","?","?","E","?","R","T","M","E","?","E","M","R","BOSS","M","?","$","?","?","R","E","M","T","R","E","?","R","M","R","BOSS","M","M","?","?","M","R","M","$","T","M","R","?","M","E","R","BOSS","BOSS"],"items_purchased_type":["Card","Card","Card"],"build_version":"2020-12-22","purchased_purges":3,"victory":false,"max_hp_per_floor":[68,68,82,82,82,82,82,82,82,82,82,82,82,82,82,82,82,82,82,82,82,82,82,82,82,82,82,82,89,89,89,89,89,89,89,89,85,85,85,85,85,85,85,85,85,85,85,85,85,85,85,85],"relic_stats":{"Blood Vial":44,"Lizard Tail":42,"counters":[24,107],"Shuriken":[9],"Bronze Scales":[174],"Art of War":[15],"Juzu Bracelet":1,"obtain_stats":[{"Potion Belt":26,"NeowsBlessing":0,"Damaru":13,"Mango":3,"Juzu Bracelet":19,"Blood Vial":6,"Anchor":24,"Lizard Tail":38,"Shuriken":48,"MutagenicStrength":22,"Bronze Scales":28,"Strawberry":29,"HolyWater":17,"Fusion Hammer":34,"Art of War":11,"PureWater":0,"Toxic Egg 2":9},{"Potion Belt":11,"NeowsBlessing":0,"Damaru":6,"Mango":1,"Juzu Bracelet":9,"Blood Vial":2,"Anchor":10,"Lizard Tail":17,"Shuriken":22,"MutagenicStrength":9,"Bronze Scales":12,"Strawberry":12,"HolyWater":8,"Fusion Hammer":14,"Art of War":5,"PureWater":0,"Toxic Egg 2":3},{"Potion Belt":45,"NeowsBlessing":0,"Damaru":16,"Mango":1,"Juzu Bracelet":37,"Blood Vial":2,"Anchor":40,"Lizard Tail":71,"Shuriken":92,"MutagenicStrength":37,"Bronze Scales":49,"Strawberry":49,"HolyWater":33,"Fusion Hammer":58,"Art of War":13,"PureWater":0,"Toxic Egg 2":3}]},"card_choices":[{"not_picked":["PathToVictory","CutThroughFate"],"picked":"Conclude","floor":1.0},{"not_picked":["JustLucky","LikeWater"],"picked":"CutThroughFate","floor":6.0},{"not_picked":["Consecrate","Prostrate"],"picked":"Protect","floor":7.0},{"not_picked":["ClearTheMind+1","LikeWater"],"picked":"SandsOfTime","floor":10.0},{"not_picked":["Adaptation","FollowUp"],"picked":"MentalFortress","floor":11.0},{"not_picked":["Perseverance+1","JustLucky"],"picked":"SandsOfTime","floor":13.0},{"not_picked":["FollowUp","BowlingBash"],"picked":"ThirdEye+1","floor":14.0},{"not_picked":["ConjureBlade+1","DevaForm"],"picked":"DeusExMachina+1","floor":16.0},{"not_picked":["Fasting2","FlyingSleeves+1"],"picked":"BowlingBash","floor":18.0},{"not_picked":["Study","ThirdEye+1"],"picked":"FlurryOfBlows","floor":24.0},{"not_picked":["ForeignInfluence+1","SignatureMove"],"picked":"Vengeance+1","floor":25.0},{"not_picked":["Omniscience+1","SandsOfTime"],"picked":"Blasphemy+1","floor":28.0},{"not_picked":["FlyingSleeves","Tantrum"],"picked":"EmptyFist","floor":31.0},{"not_picked":["Devotion","DeusExMachina+1"],"picked":"DevaForm","floor":33.0},{"not_picked":["CrushJoints","Evaluate+1"],"picked":"WaveOfTheHand+1","floor":35.0},{"not_picked":["BowlingBash","Evaluate+1"],"picked":"Omniscience+1","floor":36.0},{"not_picked":["CrushJoints+1","SandsOfTime"],"picked":"DeceiveReality+1","floor":38.0},{"not_picked":["JustLucky","FlurryOfBlows","CutThroughFate"],"picked":"SKIP","floor":39.0},{"not_picked":["FollowUp","ReachHeaven","Swivel+1"],"picked":"SKIP","floor":41.0},{"not_picked":["BattleHymn+1","SashWhip"],"picked":"EmptyBody+1","floor":44.0},{"not_picked":["EmptyFist","FlyingSleeves+1"],"picked":"WheelKick","floor":47.0},{"not_picked":["FlurryOfBlows","Sanctity+1"],"picked":"Nirvana","floor":48.0}],"player_experience":480822,"relics_obtained":[{"floor":6.0,"key":"Blood Vial"},{"floor":9.0,"key":"Toxic Egg 2"},{"floor":11.0,"key":"Art of War"},{"floor":13.0,"key":"Damaru"},{"floor":19.0,"key":"Juzu Bracelet"},{"floor":24.0,"key":"Anchor"},{"floor":26.0,"key":"Potion Belt"},{"floor":28.0,"key":"Bronze Scales"},{"floor":38.0,"key":"Lizard Tail"},{"floor":48.0,"key":"Shuriken"}],"event_choices":[{"cards_removed":["Conclude"],"damage_healed":0.0,"max_hp_gain":0.0,"max_hp_loss":0.0,"gold_gain":0.0,"event_name":"WeMeetAgain","player_choice":"Gave Card","floor":3.0,"gold_loss":0.0,"damage_taken":0.0,"relics_obtained":["Mango"]},{"damage_healed":0.0,"max_hp_gain":0.0,"max_hp_loss":0.0,"gold_gain":0.0,"cards_transformed":["Strike_P"],"event_name":"Transmorgrifier","player_choice":"Transformed","floor":5.0,"gold_loss":0.0,"damage_taken":0.0,"cards_obtained":["Consecrate"]},{"damage_healed":0.0,"max_hp_gain":0.0,"max_hp_loss":0.0,"gold_gain":0.0,"event_name":"Match and Keep!","player_choice":"0 cards matched","floor":12.0,"gold_loss":0.0,"damage_taken":0.0,"cards_obtained":[]},{"damage_healed":0.0,"max_hp_gain":0.0,"max_hp_loss":0.0,"gold_gain":0.0,"event_name":"Nest","player_choice":"Joined the Cult","floor":21.0,"gold_loss":0.0,"damage_taken":6.0,"cards_obtained":["RitualDagger"]},{"damage_healed":0.0,"max_hp_gain":0.0,"max_hp_loss":0.0,"gold_gain":0.0,"event_name":"Drug Dealer","player_choice":"Inject Mutagens","floor":22.0,"gold_loss":0.0,"damage_taken":0.0,"relics_obtained":["MutagenicStrength"]},{"damage_healed":0.0,"max_hp_gain":0.0,"max_hp_loss":0.0,"gold_gain":0.0,"event_name":"Addict","player_choice":"Obtained Relic","floor":29.0,"gold_loss":85.0,"damage_taken":0.0,"relics_obtained":["Strawberry"]},{"damage_healed":0.0,"max_hp_gain":0.0,"max_hp_loss":4.0,"gold_gain":0.0,"event_name":"Winding Halls","player_choice":"Max HP","floor":37.0,"gold_loss":0.0,"damage_taken":0.0},{"damage_healed":0.0,"max_hp_gain":0.0,"max_hp_loss":0.0,"gold_gain":0.0,"event_name":"MindBloom","player_choice":"Fight","floor":38.0,"gold_loss":0.0,"damage_taken":0.0},{"damage_healed":0.0,"max_hp_gain":0.0,"max_hp_loss":0.0,"gold_gain":50.0,"event_name":"Golden Shrine","player_choice":"Pray","floor":46.0,"gold_loss":0.0,"damage_taken":0.0}],"is_beta":false,"boss_relics":[{"not_picked":["Empty Cage","Ectoplasm"],"picked":"HolyWater"},{"not_picked":["Tiny House","SacredBark"],"picked":"Fusion Hammer"}],"items_purged_floors":[2,20,42],"is_endless":false,"potions_floor_spawned":[10,14,16,25,28,31,36,38,47,48],"killed_by":"Time Eater","ascension_level":20}}