{"host":"uiabnm26t0ss3jkq","time":1613594214,"event":{"mods":["BaseMod","Better Note","Better Skull","Better Third Choice","Bossed Relics","Colored Powertips","Curses Come First","Minty Spire (QoL Compilation)","Relic Stats","Reliquary","StSLib","SuperFastMode","Waifu the Spire"],"gold_per_floor":[116,116,69,69,80,114,114,39,39,39,39],"floor_reached":10,"language":"ENG","playtime":413,"items_purged":["Strike_G"],"score":93,"play_id":"36c66d2d-dccb-46f1-ae1c-fa4266b7b7ad","local_time":"20210217233654","is_ascension_mode":true,"campfire_choices":[{"data":"Neutralize","floor":7,"key":"SMITH"}],"circlet_count":0,"master_deck":["Strike_G","Strike_G","Strike_G","Defend_G","Defend_G","Defend_G","Defend_G","Defend_G","Survivor","Neutralize+1","Quick Slash","Cloak And Dagger","Backflip"],"relics":["Ring of the Snake","reliquary:Aerogel","betterThird:SlimedRelic","Snake Skull","Mercury Hourglass"],"acts_visited":["Exordium"],"potions_floor_usage":[],"damage_taken":[{"damage":0,"enemies":"Small Slimes","floor":1,"turns":3},{"damage":0,"enemies":"2 Louse","floor":5,"turns":4},{"damage":24,"enemies":"3 Sentries","floor":6,"turns":15},{"damage":31,"enemies":"Lagavulin","floor":10,"turns":10}],"seed_played":"1057521661803517741","potions_obtained":[],"is_trial":false,"path_per_floor":["M","?","?","$","M","E","R","$","T","E"],"character_chosen":"THE_SILENT","items_purchased":[],"campfire_rested":0,"item_purchase_floors":[],"current_hp_per_floor":[63,56,45,45,45,21,21,21,21,0,0],"gold":39,"neow_bonus":"RANDOM_COMMON_RELIC","is_daily":false,"chose_seed":false,"campfire_upgraded":1,"win_rate":0.0,"timestamp":1613594214,"path_taken":["M","?","?","?","?","E","R","?","T","E"],"items_purchased_type":[],"build_version":"2020-12-22","purchased_purges":1,"victory":false,"max_hp_per_floor":[70,70,70,70,70,70,70,70,70,70,70],"relic_stats":{"counters":[4,32],"Snake Skull":[0],"obtain_stats":[{"reliquary:Aerogel":0,"betterThird:SlimedRelic":3,"Snake Skull":6,"Ring of the Snake":0,"Mercury Hourglass":9},{"reliquary:Aerogel":0,"betterThird:SlimedRelic":1,"Snake Skull":3,"Ring of the Snake":0,"Mercury Hourglass":3},{"reliquary:Aerogel":0,"betterThird:SlimedRelic":3,"Snake Skull":22,"Ring of the Snake":0,"Mercury Hourglass":22}],"Ring of the Snake":[8],"Mercury Hourglass":[21]},"card_choices":[{"not_picked":["Outmaneuver","Poisoned Stab"],"picked":"Quick Slash","floor":1},{"not_picked":["Acrobatics","Caltrops"],"picked":"Cloak And Dagger","floor":5},{"not_picked":["Finisher","Footwork"],"picked":"Backflip","floor":6}],"player_experience":419408,"relics_obtained":[{"floor":6,"key":"Snake Skull"},{"floor":9,"key":"Mercury Hourglass"}],"event_choices":[{"cards_removed":["Strike_G"],"damage_healed":0,"gold_gain":0,"player_choice":"Card Removal","damage_taken":7,"max_hp_gain":0,"max_hp_loss":0,"event_name":"Golden Wing","floor":2,"gold_loss":0},{"damage_healed":0,"gold_gain":0,"player_choice":"Slimed","damage_taken":11,"max_hp_gain":0,"max_hp_loss":0,"event_name":"betterThird:BetterGoop","floor":3,"gold_loss":47}],"is_beta":false,"boss_relics":[],"items_purged_floors":[8],"is_endless":false,"potions_floor_spawned":[],"killed_by":"Lagavulin","ascension_level":9}}