{"host":"mi0eibewekhugwl1","time":1613551554,"event":{"mods":["AchievementEnabler","BaseMod","Colored Map","Colored Powertips","DeckTracker","Keyboard Shortcuts","Minty Spire (QoL Compilation)","Quick Restart","Rare Cards Sparkle","Relic Stats","StSLib","SuperFastMode","everything is the same but u backflip on backflip"],"gold_per_floor":[119,135,147,167,181,181,197,197,223,29,46,63,98,114,114,185,185,205,225,275,275,34,34,44,79,103,103,117,137,157,157,157,157,157],"floor_reached":33,"language":"KOR","playtime":786,"items_purged":["Strike_R"],"score":550,"play_id":"b44d12c6-e13b-4d8f-b83d-df28ca01117f","local_time":"20210217174554","is_ascension_mode":true,"campfire_choices":[{"data":"Twin Strike","floor":6.0,"key":"SMITH"},{"data":"Pommel Strike","floor":15.0,"key":"SMITH"},{"floor":23,"key":"REST"},{"floor":27,"key":"REST"},{"floor":32,"key":"REST"}],"circlet_count":0,"master_deck":["AscendersBane","Strike_R","Strike_R","Strike_R","Defend_R","Defend_R","Defend_R","Defend_R","Bash","Second Wind","Power Through","Twin Strike+1","Power Through","Pummel","Wild Strike","Feel No Pain","Pommel Strike+1","Impervious","Power Through","Immolate","Shockwave","Sword Boomerang+1","Clumsy","Rage+1","Shrug It Off","Body Slam","Second Wind"],"relics":["Burning Blood","Oddly Smooth Stone","Self Forming Clay","Cursed Key","Sling","Bag of Preparation"],"acts_visited":["Exordium","TheCity"],"potions_floor_usage":[28,33,33],"damage_taken":[{"damage":10.0,"enemies":"Small Slimes","floor":1.0,"turns":4.0},{"damage":14.0,"enemies":"2 Louse","floor":2.0,"turns":3.0},{"damage":8.0,"enemies":"Cultist","floor":3.0,"turns":5.0},{"damage":6.0,"enemies":"Blue Slaver","floor":4.0,"turns":5.0},{"damage":19.0,"enemies":"Exordium Thugs","floor":5.0,"turns":5.0},{"damage":17.0,"enemies":"Large Slime","floor":7.0,"turns":8.0},{"damage":4.0,"enemies":"Red Slaver","floor":11.0,"turns":3.0},{"damage":2.0,"enemies":"3 Louse","floor":12.0,"turns":4.0},{"damage":22.0,"enemies":"Lagavulin","floor":13.0,"turns":10.0},{"damage":3.0,"enemies":"2 Fungi Beasts","floor":14.0,"turns":4.0},{"damage":10.0,"enemies":"Slime Boss","floor":16.0,"turns":8.0},{"damage":12.0,"enemies":"Chosen","floor":18.0,"turns":5.0},{"damage":18.0,"enemies":"Shell Parasite","floor":19.0,"turns":8.0},{"damage":11,"enemies":"Shelled Parasite and Fungi","floor":24,"turns":8},{"damage":38,"enemies":"Book of Stabbing","floor":25,"turns":5},{"damage":25,"enemies":"Sentry and Sphere","floor":28,"turns":9},{"damage":2,"enemies":"Centurion and Healer","floor":29,"turns":6},{"damage":14,"enemies":"Snecko","floor":30,"turns":8},{"damage":68,"enemies":"Collector","floor":33,"turns":8}],"seed_played":"1166497162689566322","potions_obtained":[{"floor":2.0,"key":"ColorlessPotion"},{"floor":4.0,"key":"BlessingOfTheForge"},{"floor":7.0,"key":"Weak Potion"},{"floor":11.0,"key":"SpeedPotion"},{"floor":13.0,"key":"Regen Potion"},{"floor":14.0,"key":"PowerPotion"},{"floor":16.0,"key":"Block Potion"},{"floor":19.0,"key":"Fire Potion"},{"floor":28,"key":"Explosive Potion"},{"floor":30,"key":"DistilledChaos"}],"is_trial":false,"path_per_floor":["M","M","M","M","M","R","M","?","T","$","M","M","E","M","R","B",null,"M","M","?","?","$","R","M","E","T","R","M","M","M","?","R","B"],"character_chosen":"IRONCLAD","items_purchased":["Wild Strike","Feel No Pain","BloodPotion","Sling"],"campfire_rested":3,"item_purchase_floors":[10,10,10,22],"current_hp_per_floor":[64,56,54,54,41,41,30,30,30,30,32,36,20,23,23,19,61,55,43,43,43,43,65,60,28,28,50,31,35,27,27,49,0,0],"gold":157,"neow_bonus":"THREE_CARDS","is_daily":false,"chose_seed":false,"campfire_upgraded":2,"win_rate":0.0,"timestamp":1613551554,"path_taken":["M","M","M","M","M","R","M","?","T","$","M","M","E","M","R","BOSS","M","M","?","?","$","R","M","E","T","R","M","M","?","?","R","BOSS"],"items_purchased_type":["Card","Card","Potion","Relic"],"build_version":"2020-12-22","purchased_purges":1,"victory":false,"max_hp_per_floor":[75,75,75,75,75,75,75,75,75,75,75,75,75,75,75,75,75,75,75,75,75,75,75,75,75,75,75,75,75,75,75,75,75,75],"relic_stats":{"counters":[19,116],"Self Forming Clay":[63],"Bag of Preparation":[8],"Cursed Key":1,"obtain_stats":[{"Self Forming Clay":13,"Oddly Smooth Stone":9,"Bag of Preparation":25,"Cursed Key":17,"Sling":22,"Burning Blood":0},{"Self Forming Clay":9,"Oddly Smooth Stone":6,"Bag of Preparation":15,"Cursed Key":11,"Sling":13,"Burning Blood":0},{"Self Forming Clay":47,"Oddly Smooth Stone":30,"Bag of Preparation":85,"Cursed Key":59,"Sling":72,"Burning Blood":0}],"Burning Blood":108},"card_choices":[{"not_picked":["Flame Barrier","Havoc"],"picked":"Second Wind","floor":0.0},{"not_picked":["Thunderclap","Blood for Blood","Sentinel"],"picked":"SKIP","floor":1.0},{"not_picked":["Dark Embrace","Pommel Strike"],"picked":"Power Through","floor":2.0},{"not_picked":["Pummel","Intimidate"],"picked":"Twin Strike","floor":3.0},{"not_picked":["Metallicize","Corruption"],"picked":"Power Through","floor":4.0},{"not_picked":["Perfected Strike","Armaments","Rupture"],"picked":"SKIP","floor":5.0},{"not_picked":["Hemokinesis","Sentinel"],"picked":"Pummel","floor":7.0},{"not_picked":["Cleave","Body Slam"],"picked":"Pommel Strike","floor":11.0},{"not_picked":["Wild Strike","Flex"],"picked":"Impervious","floor":12.0},{"not_picked":["Bludgeon","Wild Strike","Havoc"],"picked":"SKIP","floor":13.0},{"not_picked":["Combust","Heavy Blade"],"picked":"Power Through","floor":14.0},{"not_picked":["Juggernaut","Exhume"],"picked":"Immolate","floor":16.0},{"not_picked":["Pummel","Twin Strike","Pommel Strike"],"picked":"SKIP","floor":18.0},{"not_picked":["Pummel","Twin Strike","Pommel Strike"],"picked":"SKIP","floor":18.0},{"not_picked":["Combust","Rupture"],"picked":"Shockwave","floor":19.0},{"not_picked":["Flame Barrier+1","Shrug It Off"],"picked":"Sword Boomerang+1","floor":24},{"not_picked":["Iron Wave","Rupture","Sword Boomerang"],"picked":"SKIP","floor":25},{"not_picked":["Iron Wave","Searing Blow"],"picked":"Rage+1","floor":28},{"not_picked":["Flex","True Grit"],"picked":"Shrug It Off","floor":29},{"not_picked":["Armaments+1","Clash"],"picked":"Body Slam","floor":30}],"player_experience":1810677,"relics_obtained":[{"floor":9.0,"key":"Oddly Smooth Stone"},{"floor":13.0,"key":"Self Forming Clay"},{"floor":25,"key":"Bag of Preparation"}],"event_choices":[{"damage_healed":0.0,"max_hp_gain":0.0,"max_hp_loss":0.0,"gold_gain":0.0,"event_name":"Dead Adventurer","player_choice":"Searched \u00271\u0027 times","floor":8.0,"gold_loss":0.0,"damage_taken":0.0},{"damage_healed":0.0,"max_hp_gain":0.0,"max_hp_loss":0.0,"gold_gain":50.0,"event_name":"Nest","player_choice":"Stole From Cult","floor":20.0,"gold_loss":0.0,"damage_taken":0.0},{"cards_removed":["Strike_R"],"damage_healed":0.0,"max_hp_gain":0.0,"max_hp_loss":0.0,"gold_gain":0.0,"event_name":"Wheel of Change","player_choice":"Card Removal","floor":21.0,"gold_loss":0.0,"damage_taken":0.0},{"damage_healed":0,"gold_gain":0,"player_choice":"Copied","damage_taken":0,"max_hp_gain":0,"max_hp_loss":0,"event_name":"Duplicator","floor":31,"gold_loss":0,"cards_obtained":["Second Wind"]}],"is_beta":false,"boss_relics":[{"not_picked":["Snecko Eye","Empty Cage"],"picked":"Cursed Key"}],"items_purged_floors":[22],"is_endless":false,"potions_floor_spawned":[2,4,7,11,13,14,16,18,19,28,30],"killed_by":"Collector","ascension_level":20}}