{"host":"k5fgrtcqzqosfxt0","time":1613544628,"event":{"mods":["Act Like it!","Aspiration","BaseMod","Downfall","Gensokyo","Minty Spire (QoL Compilation)","StSLib","TestMod","UnlockEverythingMod"],"gold_per_floor":[110,110,110,35,54,80,100,100,100,100,60,97,172,192,192,277,277,297,297,312,312,312,362,362,362,439,461,250,250,272,310,310,441,441,466,483,1482,793,793,793,808,836,916,930,961,380,380,380,380,393,407,407,407,20,65,75],"floor_reached":57,"language":"ZHS","playtime":2268,"items_purged":["Strike_B","Strike_B","Strike_B","Strike_B+1"],"score":2931,"play_id":"43fc81a5-35a4-45c7-8c76-8c744d984bfd","local_time":"20210217145028","is_ascension_mode":true,"campfire_choices":[{"data":"Dualcast","floor":8.0,"key":"SMITH"},{"data":"Zap","floor":10.0,"key":"SMITH"},{"data":"Consume","floor":15.0,"key":"SMITH"},{"data":"Meteor Strike","floor":25.0,"key":"SMITH"},{"data":"Coolheaded","floor":32.0,"key":"SMITH"},{"floor":40.0,"key":"RECALL"},{"data":"testmod-Dream","floor":49.0,"key":"SMITH"},{"data":"Coolheaded","floor":53.0,"key":"SMITH"}],"circlet_count":0,"master_deck":["AscendersBane","Defend_B+1","Defend_B+1","Defend_B+1","Defend_B+1","Zap+1","Dualcast+1","Force Field+1","Cold Snap+1","Storm+1","Turbo+1","Tempest+1","Consume+1","Meteor Strike+1","Sunder+1","Loop+1","Ghostly+1","Ghostly+1","Ghostly+1","Coolheaded+1","Fission+1","Glacier+1","Capacitor+1","Defragment+1","testmod-Superconductor+1","Sunder","Capacitor","Coolheaded+1","Buffer","testmod-Dream+1","Thunder Strike"],"relics":["Cracked Core","testmod-TestBox","testmod-TheFather","aspiration:FetidBarrel","aspiration:HatOfInfinitePower","Potion Belt","Smiling Mask","Snecko Eye","aspiration:Nostalgia","bronze:BronzeCore","Bag of Marbles","testmod-Hope","OrangePellets","aspiration:HummingbirdHeart","testmod-AssaultLearning","Thread and Needle","Mark of the Bloom","aspiration:FaultyCoupler","PrismaticShard","TheAbacus","testmod-BalancedPeriapt"],"acts_visited":["Exordium","TheCity","TheBeyond","TheEnding"],"potions_floor_usage":[56,56,56,56],"damage_taken":[{"damage":0.0,"enemies":"Jaw Worm","floor":1.0,"turns":1.0},{"damage":0.0,"enemies":"2 Louse","floor":5.0,"turns":1.0},{"damage":0.0,"enemies":"Lagavulin","floor":6.0,"turns":1.0},{"damage":4.0,"enemies":"Cultist","floor":7.0,"turns":4.0},{"damage":29.0,"enemies":"Gremlin Nob","floor":12.0,"turns":4.0},{"damage":3.0,"enemies":"Blue Slaver","floor":14.0,"turns":2.0},{"damage":5.0,"enemies":"The Guardian","floor":16.0,"turns":12.0},{"damage":0.0,"enemies":"2 Thieves","floor":18.0,"turns":1.0},{"damage":0.0,"enemies":"Shell Parasite","floor":20.0,"turns":1.0},{"damage":27.0,"enemies":"Gremlin Leader","floor":23.0,"turns":6.0},{"damage":3.0,"enemies":"Centurion and Healer","floor":27.0,"turns":3.0},{"damage":0.0,"enemies":"Chosen and Byrds","floor":30.0,"turns":5.0},{"damage":0.0,"enemies":"Book of Stabbing","floor":31.0,"turns":4.0},{"damage":22.0,"enemies":"Collector","floor":33.0,"turns":8.0},{"damage":2.0,"enemies":"3 Darklings","floor":35.0,"turns":3.0},{"damage":0.0,"enemies":"3 Shapes","floor":36.0,"turns":3.0},{"damage":0.0,"enemies":"Maw","floor":41.0,"turns":4.0},{"damage":0.0,"enemies":"Nemesis","floor":42.0,"turns":5.0},{"damage":0.0,"enemies":"Spire Growth","floor":44.0,"turns":3.0},{"damage":0.0,"enemies":"4 Shapes","floor":45.0,"turns":4.0},{"damage":0.0,"enemies":"3 Darklings","floor":48.0,"turns":1.0},{"damage":0.0,"enemies":"Time Eater","floor":50.0,"turns":9.0},{"damage":15.0,"enemies":"Donu and Deca","floor":51.0,"turns":6.0},{"damage":0.0,"enemies":"Shield and Spear","floor":55.0,"turns":5.0},{"damage":8,"enemies":"The Heart","floor":56,"turns":7}],"seed_played":"2069414436851921096","potions_obtained":[{"floor":1.0,"key":"SkillPotion"},{"floor":5.0,"key":"DuplicationPotion"},{"floor":14.0,"key":"ColorlessPotion"},{"floor":16.0,"key":"FearPotion"},{"floor":23.0,"key":"Guardian:BlockOnCardUsePotion"},{"floor":42.0,"key":"SmokeBomb"},{"floor":44.0,"key":"CultistPotion"},{"floor":55.0,"key":"PowerPotion"}],"is_trial":false,"path_per_floor":["M","?","?","$","M","E","M","R","T","R","$","E","?","M","R","B",null,"M","?","M","?","?","E","?","R","T","M","$","T","M","E","R","B",null,"M","M","?","$","?","R","M","E","T","M","M","$","?","M","R","B","B",null,"R","$","E","B",null],"character_chosen":"DEFECT","items_purchased":["Tempest","OrangePellets","Defragment","testmod-Superconductor","Thread and Needle","Buffer","testmod-Dream","PrismaticShard","TheAbacus","Thunder Strike","Strength Potion"],"campfire_rested":0,"item_purchase_floors":[11,28,38,38,38,46,46,46,54,54,54],"current_hp_per_floor":[64,69,64,64,64,64,60,60,60,60,60,31,20,17,17,12,60,60,56,56,56,56,29,29,29,29,26,26,26,26,26,26,4,30,28,28,28,28,28,28,28,28,28,28,28,28,28,28,28,28,13,13,13,13,13,5],"gold":75,"neow_bonus":"THREE_ENEMY_KILL","is_daily":false,"chose_seed":false,"campfire_upgraded":7,"win_rate":0.0,"timestamp":1613544628,"path_taken":["M","?","?","$","M","E","M","R","T","R","?","E","?","M","R","BOSS","M","?","?","?","?","E","?","R","T","M","$","?","M","E","R","BOSS","M","M","?","$","?","R","M","E","T","M","M","$","?","M","R","BOSS","BOSS","R","$","E","BOSS"],"items_purchased_type":["Card","Relic","Card","Card","Relic","Card","Card","Relic","Relic","Card","Potion"],"build_version":"2020-12-22","purchased_purges":4,"victory":true,"max_hp_per_floor":[71,76,76,76,76,76,76,76,76,76,76,76,76,76,76,76,76,76,76,76,76,76,76,38,38,38,38,38,38,38,38,38,38,38,38,38,38,38,38,38,38,38,38,38,38,38,38,38,38,38,38,38,38,38,38,38],"card_choices":[{"not_picked":["Rebound","Streamline"],"picked":"Force Field","floor":1.0},{"not_picked":["Gash","Steam"],"picked":"Cold Snap","floor":5.0},{"not_picked":["Scrape","Steam Power"],"picked":"Storm","floor":6.0},{"not_picked":["Reboot","Hologram"],"picked":"Turbo","floor":7.0},{"not_picked":["Doom and Gloom","Rainbow"],"picked":"Consume","floor":12.0},{"not_picked":["Undo","Sweeping Beam","Doom and Gloom"],"picked":"SKIP","floor":14.0},{"not_picked":["Reboot","All For One"],"picked":"Meteor Strike","floor":16.0},{"not_picked":["Coolheaded","Loop+1"],"picked":"Sunder","floor":18.0},{"not_picked":["Consume","Gash","Double Energy"],"picked":"SKIP","floor":20.0},{"not_picked":["Steam","FTL"],"picked":"Loop","floor":23.0},{"not_picked":["Steam","Melter"],"picked":"Coolheaded","floor":27.0},{"not_picked":["Steam Power","Ball Lightning","Doom and Gloom"],"picked":"SKIP","floor":30.0},{"not_picked":["Steam","Scrape","Auto Shields"],"picked":"SKIP","floor":31.0},{"not_picked":["Core Surge","Reboot"],"picked":"Fission","floor":33.0},{"not_picked":["Chaos","Beam Cell+1"],"picked":"Glacier","floor":35.0},{"not_picked":["Storm+1","Compile Driver"],"picked":"Capacitor","floor":36.0},{"not_picked":["Leap","Steam"],"picked":"Sunder","floor":41.0},{"not_picked":["Tempest","Sweeping Beam","Rebound"],"picked":"SKIP","floor":42.0},{"not_picked":["Redo","Beam Cell"],"picked":"Capacitor","floor":44.0},{"not_picked":["Genetic Algorithm","Rebound"],"picked":"Coolheaded","floor":45.0},{"not_picked":["CutThroughFate","champ:PerfectedStrike","bronze:FollowUp"],"picked":"SKIP","floor":55.0}],"player_experience":670954,"relics_obtained":[{"floor":6.0,"key":"aspiration:HatOfInfinitePower"},{"floor":9.0,"key":"Potion Belt"},{"floor":12.0,"key":"Smiling Mask"},{"floor":23.0,"key":"Bag of Marbles"},{"floor":26.0,"key":"testmod-Hope"},{"floor":29.0,"key":"aspiration:HummingbirdHeart"},{"floor":31.0,"key":"testmod-AssaultLearning"},{"floor":42.0,"key":"aspiration:FaultyCoupler"},{"floor":55.0,"key":"testmod-BalancedPeriapt"}],"event_choices":[{"damage_healed":0.0,"max_hp_gain":5.0,"max_hp_loss":0.0,"gold_gain":0.0,"event_name":"Big Fish","player_choice":"Donut","floor":2.0,"gold_loss":0.0,"damage_taken":0.0},{"damage_healed":0.0,"max_hp_gain":0.0,"max_hp_loss":0.0,"gold_gain":0.0,"event_name":"Scrap Ooze","player_choice":"Success","floor":3.0,"gold_loss":0.0,"damage_taken":5.0,"relics_obtained":["aspiration:FetidBarrel"]},{"damage_healed":0.0,"max_hp_gain":0.0,"max_hp_loss":0.0,"gold_gain":75.0,"event_name":"World of Goop","player_choice":"Gather Gold","floor":13.0,"gold_loss":0.0,"damage_taken":11.0},{"damage_healed":0.0,"max_hp_gain":0.0,"max_hp_loss":0.0,"gold_gain":0.0,"event_name":"The Woman in Blue","player_choice":"Bought 0 Potions","floor":19.0,"gold_loss":0.0,"damage_taken":0.0},{"damage_healed":0.0,"max_hp_gain":0.0,"max_hp_loss":0.0,"gold_gain":0.0,"event_name":"给自己的盒子","player_choice":"Swap Relic","floor":21.0,"relics_lost":["NeowsBlessing"],"gold_loss":0.0,"damage_taken":0.0,"relics_obtained":["aspiration:Nostalgia"]},{"damage_healed":0.0,"max_hp_gain":0.0,"max_hp_loss":0.0,"gold_gain":0.0,"event_name":"Vampires","player_choice":"Ignored","floor":22.0,"gold_loss":0.0,"damage_taken":0.0},{"damage_healed":0.0,"max_hp_gain":0.0,"max_hp_loss":38.0,"gold_gain":0.0,"event_name":"Ghosts","player_choice":"Became a Ghost","floor":24.0,"gold_loss":0.0,"damage_taken":0.0,"cards_obtained":["Ghostly","Ghostly","Ghostly"]},{"damage_healed":0.0,"max_hp_gain":0.0,"max_hp_loss":0.0,"gold_gain":999.0,"event_name":"恩洛斯的盘子","player_choice":"Sell","floor":37.0,"relics_lost":["testmod-IncinerationGenerator"],"gold_loss":0.0,"damage_taken":0.0},{"damage_healed":0.0,"max_hp_gain":0.0,"max_hp_loss":0.0,"gold_gain":0.0,"event_name":"MindBloom","player_choice":"Upgrade","floor":39.0,"gold_loss":0.0,"damage_taken":0.0,"cards_upgraded":["Strike_B","Defend_B","Defend_B","Defend_B","Defend_B","Force Field","Cold Snap","Storm","Turbo","Tempest","Sunder","Loop","Ghostly","Ghostly","Ghostly","Fission","Glacier","Capacitor","Defragment","testmod-Superconductor"],"relics_obtained":["Mark of the Bloom"]},{"damage_healed":0.0,"max_hp_gain":0.0,"max_hp_loss":0.0,"gold_gain":0.0,"event_name":"Tomb of Lord Red Mask","player_choice":"Ignored","floor":47.0,"gold_loss":0.0,"damage_taken":0.0}],"is_beta":false,"boss_relics":[{"not_picked":["aspiration:RitualDagger","testmod-HarvestTotem"],"picked":"Snecko Eye"},{"not_picked":["testmod-BatchProcessingSystem","aspiration:FutureDiary"],"picked":"testmod-IncinerationGenerator"}],"items_purged_floors":[4,28,38,46],"is_endless":false,"potions_floor_spawned":[1,5,14,16,23,30,42,44,48,55],"ascension_level":20}}