{"host":"nn0usk9aafse27ii","time":1613523306,"event":{"mods":["BaseMod","Colored Map","Highlight Path","Minty Spire (QoL Compilation)","Shop Mod","StSLib"],"gold_per_floor":[115,115,135,85,10,38,38,38,38,38,38,38,38,67,79,186,198,223,253,278,290,317,329,341,370,382,394,425,134,134,134],"floor_reached":30,"language":"ENG","playtime":1852,"items_purged":["JustLucky"],"score":311,"play_id":"498eea17-cdfe-4885-8331-14e45c0e71c8","local_time":"20210216165506","daily_mods":["Insanity","Flight","Night Terrors"],"is_ascension_mode":false,"campfire_choices":[{"floor":8.0,"key":"REST"},{"data":"ForeignInfluence","floor":10.0,"key":"SMITH"},{"data":"ForeignInfluence","floor":12.0,"key":"SMITH"},{"data":"TalkToTheHand","floor":15,"key":"SMITH"},{"data":"TalkToTheHand","floor":23,"key":"SMITH"},{"data":"Fasting2","floor":24,"key":"SMITH"},{"data":"Fasting2","floor":27,"key":"SMITH"}],"circlet_count":0,"master_deck":["PathToVictory","BowlingBash","CrushJoints","ThirdEye","SashWhip","Fasting2+1","ClearTheMind","FlurryOfBlows","Consecrate","EmptyFist","Halt","FearNoEvil","FollowUp","Evaluate","Prostrate","SashWhip","Crescendo","Conclude","Halt","Study","FlurryOfBlows","EmptyBody","TalkToTheHand+1","LikeWater","Collect","FlyingSleeves","Fasting2+1","Swivel","EmptyBody","Tantrum","ForeignInfluence+1","Pray","ClearTheMind","Evaluate","EmptyBody","Consecrate","FlurryOfBlows","CutThroughFate","FlyingSleeves","Worship","ForeignInfluence+1","Evaluate","Vengeance","CrushJoints","CutThroughFate","TalkToTheHand+1","Swivel","Tantrum","DevaForm","ForeignInfluence+1","FlurryOfBlows"],"relics":["HolyWater","Pantograph","Ancient Tea Set","Blue Candle","MawBank","StrikeDummy","Unceasing Top"],"acts_visited":["Exordium","TheCity"],"potions_floor_usage":[25,28,30,30,30],"damage_taken":[{"damage":0.0,"enemies":"Cultist","floor":1.0,"turns":1.0},{"damage":3.0,"enemies":"Jaw Worm","floor":3.0,"turns":2.0},{"damage":23.0,"enemies":"Gremlin Nob","floor":6.0,"turns":4.0},{"damage":14.0,"enemies":"Lagavulin","floor":14.0,"turns":4.0},{"damage":33,"enemies":"The Guardian","floor":16,"turns":5},{"damage":0,"enemies":"Spheric Guardian","floor":18,"turns":3},{"damage":20,"enemies":"2 Thieves","floor":19,"turns":4},{"damage":8,"enemies":"Centurion and Healer","floor":20,"turns":4},{"damage":8,"enemies":"Snake Plant","floor":22,"turns":4},{"damage":0,"enemies":"Snecko","floor":25,"turns":2},{"damage":11,"enemies":"Shelled Parasite and Fungi","floor":28,"turns":4},{"damage":21,"enemies":"Slavers","floor":30,"turns":2}],"seed_played":"-7218900438577100816","potions_obtained":[{"floor":3.0,"key":"Fire Potion"},{"floor":16,"key":"SkillPotion"},{"floor":19,"key":"LiquidBronze"},{"floor":22,"key":"Weak Potion"},{"floor":25,"key":"EntropicBrew"}],"is_trial":true,"path_per_floor":["M","?","M","?","$","E","?","R","T","R","$","R","$","E","R","B",null,"M","M","M","?","M","R","R","M","T","R","M","$","E"],"character_chosen":"WATCHER","items_purchased":["Unceasing Top"],"campfire_rested":1,"item_purchase_floors":[29],"current_hp_per_floor":[72,65,62,62,62,39,21,67,67,67,67,67,67,53,53,34,67,67,47,39,39,31,31,31,31,31,31,20,20,0,0],"gold":134,"neow_bonus":"","is_daily":false,"chose_seed":false,"campfire_upgraded":6,"win_rate":0.0,"timestamp":1613523306,"path_taken":["M","?","M","?","$","E","?","R","T","R","$","R","?","E","R","BOSS","M","M","M","?","?","R","R","M","T","R","M","$","E"],"items_purchased_type":["Relic"],"build_version":"2020-12-22","purchased_purges":1,"victory":false,"max_hp_per_floor":[72,72,72,72,72,72,72,67,67,67,67,67,67,67,67,67,67,67,67,67,67,67,67,67,67,67,67,67,67,67,67],"card_choices":[{"not_picked":["FollowUp","BowlingBash","Sanctity"],"picked":"SKIP","floor":1.0},{"not_picked":["Consecrate","Perseverance","BowlingBash"],"picked":"SKIP","floor":3.0},{"not_picked":["ClearTheMind","BowlingBash","Consecrate"],"picked":"SKIP","floor":6.0},{"not_picked":["Halt","Prostrate"],"picked":"Tantrum","floor":14.0},{"not_picked":["Scrawl","Wish"],"picked":"DevaForm","floor":16},{"not_picked":["FollowUp","PathToVictory","Halt"],"picked":"SKIP","floor":18},{"not_picked":["Halt","Protect"],"picked":"ForeignInfluence","floor":19},{"not_picked":["EmptyFist","Prostrate+1","SandsOfTime"],"picked":"SKIP","floor":20},{"not_picked":["Prostrate+1","BowlingBash+1","DevaForm"],"picked":"SKIP","floor":22},{"not_picked":["EmptyBody","ThirdEye","CrushJoints"],"picked":"SKIP","floor":25},{"not_picked":["EmptyFist","Conclude+1"],"picked":"FlurryOfBlows","floor":28}],"player_experience":509762,"relics_obtained":[{"floor":6.0,"key":"Pantograph"},{"floor":9.0,"key":"Blue Candle"},{"floor":14.0,"key":"MawBank"},{"floor":26,"key":"StrikeDummy"}],"event_choices":[{"cards_removed":["Nirvana"],"damage_healed":0.0,"max_hp_gain":0.0,"max_hp_loss":0.0,"gold_gain":0.0,"event_name":"Golden Wing","player_choice":"Card Removal","floor":2.0,"gold_loss":0.0,"damage_taken":7.0},{"cards_removed":["ClearTheMind"],"damage_healed":0.0,"max_hp_gain":0.0,"max_hp_loss":0.0,"gold_gain":0.0,"event_name":"The Cleric","player_choice":"Card Removal","floor":4.0,"gold_loss":50.0,"damage_taken":0.0},{"damage_healed":0.0,"max_hp_gain":0.0,"max_hp_loss":0.0,"gold_gain":0.0,"event_name":"Scrap Ooze","player_choice":"Success","floor":7.0,"gold_loss":0.0,"damage_taken":18.0,"relics_obtained":["Ancient Tea Set"]},{"damage_healed":0,"gold_gain":0,"player_choice":"Forge","damage_taken":0,"max_hp_gain":0,"max_hp_loss":0,"event_name":"Accursed Blacksmith","floor":21,"gold_loss":0,"cards_upgraded":["ForeignInfluence"]}],"is_beta":false,"boss_relics":[{"not_picked":["VioletLotus","Ectoplasm"],"picked":"HolyWater"}],"items_purged_floors":[5],"is_endless":false,"potions_floor_spawned":[3,16,19,22,25],"killed_by":"Slavers","ascension_level":0}}