{"host":"5d2dv4eidwy7zgmv","time":1613575832,"event":{"mods":["100% Spire Juice","Act Like it!","BaseMod","CapriCore","Friendly Minions","Hallownest","Hermit","Lobotomy","LobotomyExtend","Luminous","Minty Spire (QoL Compilation)","Quick Restart","Robot Space Explorer","StSLib","The Bug Knight","The Immortal","Yakumo Yukari mod"],"gold_per_floor":[111,111,111,14,14,14,48,68,68,68,68,83,97,108,108,210,210,229,229,229,154,165,44,58,93,93,93,93,135,135,168,168,264,264,274,274,274,291,82,82,112,127,127,27,43,58,58,68,68,68,68,68,36,71,71,71],"floor_reached":55,"language":"ZHS","playtime":2383,"items_purged":["Dazed","HollowMod:NailStrikeStart","HollowMod:NailStrikeStart"],"score":710,"play_id":"32654b2f-71be-4d4b-b913-92451eb2241b","local_time":"20210217233032","is_ascension_mode":false,"campfire_choices":[{"data":"HollowMod:VoidDash","floor":6.0,"key":"SMITH"},{"data":"HollowMod:FocusHealStart","floor":10.0,"key":"SMITH"},{"data":"HollowMod:ShadowDash","floor":15.0,"key":"SMITH"},{"data":"HollowMod:AbyssShriek","floor":28.0,"key":"SMITH"},{"data":"HollowMod:BlackTendrils","floor":30.0,"key":"SMITH"},{"floor":32.0,"key":"RECALL"},{"data":"HollowMod:PogoStrike","floor":40,"key":"SMITH"},{"data":"HollowMod:QuickDashStart","floor":49,"key":"SMITH"},{"data":"HollowMod:QuickDashStart","floor":52,"key":"SMITH"}],"circlet_count":0,"master_deck":["HollowMod:NailStrikeStart","HollowMod:NailStrikeStart","HollowMod:QuickDashStart+1","HollowMod:QuickDashStart","HollowMod:QuickDashStart","HollowMod:QuickDashStart+1","HollowMod:FocusHealStart+1","HollowMod:PogoStrike+1","HollowMod:VoidDash+1","HollowMod:VengefulVoid+1","HollowMod:CloakDash+1","HollowMod:ShadowDash+1","HollowMod:AbyssShriek+1","HollowMod:LifebloodCore+1","HollowMod:BlackTendrils+1","HollowMod:DescendingDark+1","HollowMod:ShadowDash+1","HollowMod:DescendingDark+1","Deep Breath+1","HollowMod:MantisMark+1","HollowMod:BlackTendrils+1"],"relics":["HollowMod:VesselMask","LetterFromLob","HollowMod:LifeEnderRelic","Meat on the Bone","Boot","Pear","Toxic Egg 2","Busted Crown","LaetitiaHeart","Question Card","Molten Egg 2","Philosopher\u0027s Stone","Lizard Tail","The Courier","Torii"],"acts_visited":["Hallownest:Greenpath","Hallownest:CityofTears","Hallownest:KingdomsEdge","TheEnding"],"potions_floor_usage":[48,55,55,55],"damage_taken":[{"damage":4.0,"enemies":"Hallownest:2_Tiktiks_and_1_Crawlid","floor":1.0,"turns":4.0},{"damage":16.0,"enemies":"Hallownest:eliteVengeflyKing","floor":7.0,"turns":11.0},{"damage":0.0,"enemies":"Hallownest:2_MossCreeps","floor":8.0,"turns":4.0},{"damage":2.0,"enemies":"2_ Uuma","floor":12.0,"turns":4.0},{"damage":22.0,"enemies":"Hallownest:Guard_and_Warrior","floor":13.0,"turns":5.0},{"damage":0.0,"enemies":"Hallownest:monsterAspidMother","floor":14.0,"turns":3.0},{"damage":46.0,"enemies":"Hallownest:BossHornet","floor":16.0,"turns":12.0},{"damage":0.0,"enemies":"Hallownest:3_Youths","floor":18.0,"turns":6.0},{"damage":0.0,"enemies":"Hallownest:Flukemon_and_Top","floor":22.0,"turns":5.0},{"damage":39.0,"enemies":"Hallownest:3_Mistakes","floor":24.0,"turns":8.0},{"damage":34.0,"enemies":"Hallownest:eliteWatcherKnight","floor":25.0,"turns":13.0},{"damage":0.0,"enemies":"Hallownest:Glutton_and_Coward","floor":29.0,"turns":3.0},{"damage":23.0,"enemies":"Hallownest:eliteSoulWarrior","floor":31.0,"turns":7.0},{"damage":52.0,"enemies":"Hallownest:BossSoulMaster","floor":33.0,"turns":13.0},{"damage":9.0,"enemies":"Hallownest:Shield_Heavy","floor":35.0,"turns":3.0},{"damage":10,"enemies":"Hallownest:3_Siblings","floor":38,"turns":10},{"damage":1,"enemies":"Hallownest:eliteHiveKnight","floor":41,"turns":7},{"damage":0,"enemies":"Hallownest:2_Wandering_and_1_Horned","floor":42,"turns":3},{"damage":7,"enemies":"Hallownest:2_Soldiers_and_1_Guardian","floor":45,"turns":5},{"damage":0,"enemies":"Hallownest:Xero_Hu_Marmu","floor":46,"turns":2},{"damage":25,"enemies":"Hallownest:2_Wing_and_1_Kings","floor":48,"turns":4},{"damage":31,"enemies":"Hallownest:Radiance","floor":50,"turns":10},{"damage":57,"enemies":"Shield and Spear","floor":54,"turns":9},{"damage":126,"enemies":"The Heart","floor":55,"turns":8}],"seed_played":"8438391406043137345","potions_obtained":[{"floor":7.0,"key":"Fruit Juice"},{"floor":16.0,"key":"SkillPotion"},{"floor":25.0,"key":"AttackPotion"},{"floor":33.0,"key":"Weak Potion"},{"floor":42,"key":"Fire Potion"},{"floor":45,"key":"SpeedPotion"},{"floor":54,"key":"ColorlessPotion"}],"is_trial":false,"path_per_floor":["M","?","?","$","$","R","E","M","T","R","T","M","M","M","R","B",null,"M","M","?","?","M","$","M","E","T","?","R","M","R","E","R","B",null,"M","?","?","M","$","R","E","M","T","$","M","M","?","M","R","B",null,"R","$","E","B"],"character_chosen":"THE_BUGKNIGHT","items_purchased":["HollowMod:WraithStrike","HollowMod:CloakDash","HollowMod:DescendingDark","HollowMod:DescendingDark+1","Deep Breath+1","HollowMod:BlackTendrils+1"],"campfire_rested":0,"item_purchase_floors":[4,4,23,39,39,53],"current_hp_per_floor":[71,61,52,52,52,52,47,47,57,57,57,61,51,57,57,35,90,90,90,86,91,95,95,69,50,50,50,50,62,62,56,56,32,95,90,90,95,95,95,95,94,95,95,95,94,95,90,76,76,68,90,90,90,55,0,0],"gold":71,"neow_bonus":"ONE_RANDOM_RARE_CARD","is_daily":false,"chose_seed":false,"campfire_upgraded":8,"win_rate":0.0,"timestamp":1613575832,"path_taken":["M","?","?","?","$","R","E","M","T","R","?","M","M","?","R","BOSS","M","?","?","?","M","$","M","E","T","?","R","M","R","E","R","BOSS","M","?","?","M","$","R","E","M","T","$","M","M","?","?","R","BOSS","R","$","E","BOSS"],"items_purchased_type":["Card","Card","Card","Card","Card","Card"],"build_version":"2020-12-22","purchased_purges":3,"victory":false,"max_hp_per_floor":[75,75,75,75,75,75,80,80,90,90,90,90,90,90,90,90,90,90,90,90,95,95,95,95,95,95,95,95,95,95,95,95,95,95,95,95,95,95,95,95,95,95,95,95,95,95,90,90,90,90,90,90,90,90,90,90],"card_choices":[{"not_picked":["HollowMod:HeavyBlow","HollowMod:CornifersMapStart"],"picked":"HollowMod:VengefulVoid","floor":1.0},{"not_picked":["HollowMod:FallenFury","HollowMod:Weaversong"],"picked":"HollowMod:DashSlash","floor":7.0},{"not_picked":["HollowMod:NewLittleFool","HollowMod:HeavyBlow"],"picked":"HollowMod:ShadowDash","floor":8.0},{"not_picked":["HollowMod:InfectedCysts","HollowMod:SoulStrike","HollowMod:NewJinnsSoul+1"],"picked":"SKIP","floor":12.0},{"not_picked":["HollowMod:InfectedCysts","HollowMod:DoubleDash+1"],"picked":"HollowMod:AbyssShriek","floor":13.0},{"not_picked":["HollowMod:DashSlash","HollowMod:CycloneSlash","HollowMod:QuirrelsAssistance"],"picked":"SKIP","floor":14.0},{"not_picked":["HollowMod:MidwifesHunger","HollowMod:ZotesMagnificence"],"picked":"HollowMod:LifebloodCore+1","floor":16.0},{"not_picked":[],"picked":"HollowMod:BlackTendrils","floor":18.0},{"not_picked":["HollowMod:ChannelNail+1"],"picked":"SKIP","floor":22.0},{"not_picked":["HollowMod:GreatSlash"],"picked":"SKIP","floor":24.0},{"not_picked":["HollowMod:Weaversong"],"picked":"SKIP","floor":25.0},{"not_picked":["HollowMod:GoodIntentions+1","HollowMod:SoulSplash+1"],"picked":"SKIP","floor":29.0},{"not_picked":["HollowMod:CornifersMapStart+1","HollowMod:PureNailStrike+1"],"picked":"SKIP","floor":31.0},{"not_picked":["HollowMod:HowlingWraiths+1"],"picked":"HollowMod:ShadowDash+1","floor":35.0},{"not_picked":["HollowMod:DungDefenderAura+1","HollowMod:HeavyBlow+1"],"picked":"SKIP","floor":38},{"not_picked":["HollowMod:InfectedCysts+1","HollowMod:GreatSlash+1"],"picked":"SKIP","floor":41},{"not_picked":["HollowMod:FallenFury+1","HollowMod:GoodIntentions+1"],"picked":"SKIP","floor":42},{"not_picked":["HollowMod:RecoilStrike+1","HollowMod:VengefulSpirit+1"],"picked":"SKIP","floor":45},{"not_picked":["HollowMod:QuirrelsAssistance+1"],"picked":"HollowMod:MantisMark+1","floor":46},{"not_picked":["HollowMod:TaintedHusks+1","HollowMod:CornifersMapStart+1"],"picked":"SKIP","floor":48},{"not_picked":["HollowMod:InfectedCysts+1","HollowMod:CornifersMapStart+1"],"picked":"SKIP","floor":54}],"player_experience":68120,"relics_obtained":[{"floor":1.0,"key":"LetterFromLob"},{"floor":7.0,"key":"Boot"},{"floor":9.0,"key":"Pear"},{"floor":11.0,"key":"Toxic Egg 2"},{"floor":25.0,"key":"Question Card"},{"floor":31.0,"key":"Molten Egg 2"},{"floor":41,"key":"Lizard Tail"},{"floor":43,"key":"The Courier"},{"floor":54,"key":"Torii"}],"event_choices":[],"is_beta":false,"boss_relics":[{"not_picked":["Black Star","Pandora\u0027s Box"],"picked":"Busted Crown"},{"not_picked":["Velvet Choker","Runic Pyramid"],"picked":"Philosopher\u0027s Stone"}],"items_purged_floors":[23,39,44],"is_endless":false,"potions_floor_spawned":[7,16,25,33,42,45,54],"killed_by":"The Heart","ascension_level":0}}