{"host":"qjv9b7mze4c73keh","time":1613552409,"event":{"mods":["BaseMod","Colored Map","Colored Powertips","DeckTracker","Highlight Path","Minty Spire (QoL Compilation)","Rare Cards Sparkle","Synergy Search","Unceasing Turn Reminder"],"gold_per_floor":[115,132,108,33,33,33,64,64,89,100,54,54,65,75,75,178,178,193,204,104,104,104],"floor_reached":21,"language":"RUS","playtime":1666,"items_purged":["Strike_G","Strike_G"],"score":179,"play_id":"6e32dc8f-b29c-462f-b7e8-514c361c32f2","local_time":"20210217140009","is_ascension_mode":false,"campfire_choices":[{"floor":6.0,"key":"REST"},{"floor":8.0,"key":"REST"},{"floor":15.0,"key":"REST"}],"circlet_count":0,"master_deck":["Strike_G","Strike_G","Strike_G","Defend_G","Defend_G","Defend_G","Defend_G","Defend_G","Survivor","Neutralize","Deadly Poison+1","Deadly Poison","Prepared","Bullet Time","Backflip+1"],"relics":["Ring of the Snake","Eternal Feather","CaptainsWheel","Centennial Puzzle","SlaversCollar"],"acts_visited":[],"potions_floor_usage":[19],"damage_taken":[{"damage":1.0,"enemies":"Small Slimes","floor":1.0,"turns":4.0},{"damage":0.0,"enemies":"2 Louse","floor":2.0,"turns":5.0},{"damage":48.0,"enemies":"Lagavulin","floor":7.0,"turns":10.0},{"damage":1.0,"enemies":"Cultist","floor":10.0,"turns":4.0},{"damage":4.0,"enemies":"Lots of Slimes","floor":13.0,"turns":7.0},{"damage":2.0,"enemies":"Blue Slaver","floor":14.0,"turns":3.0},{"damage":31.0,"enemies":"The Guardian","floor":16.0,"turns":9.0},{"damage":3.0,"enemies":"Spheric Guardian","floor":18.0,"turns":5.0},{"damage":10,"enemies":"3 Byrds","floor":19,"turns":7},{"damage":78,"enemies":"Cultist and Chosen","floor":21,"turns":6}],"seed_played":"3422164851046711884","potions_obtained":[{"floor":0.0,"key":"Explosive Potion"},{"floor":0.0,"key":"Fruit Juice"},{"floor":0.0,"key":"Fire Potion"},{"floor":7.0,"key":"SmokeBomb"},{"floor":16.0,"key":"Regen Potion"}],"is_trial":false,"path_per_floor":["M","M","?","$","?","R","E","R","T","M","$","?","M","M","R","B",null,"M","M","$","M"],"character_chosen":"THE_SILENT","items_purchased":["Deadly Poison"],"campfire_rested":3,"item_purchase_floors":[11],"current_hp_per_floor":[69,69,69,69,51,70,27,55,55,54,54,54,50,48,75,44,75,72,75,75,0,0],"gold":104,"neow_bonus":"THREE_SMALL_POTIONS","is_daily":false,"chose_seed":false,"campfire_upgraded":0,"win_rate":0.0,"timestamp":1613552409,"path_taken":["M","M","?","$","?","R","E","R","T","M","$","?","?","M","R","BOSS","M","M","?","M"],"items_purchased_type":["Card"],"build_version":"2020-12-22","purchased_purges":2,"victory":false,"max_hp_per_floor":[70,70,70,70,70,70,75,75,75,75,75,75,75,75,75,75,75,75,75,75,75,75],"card_choices":[{"not_picked":["All Out Attack","Flying Knee","Blade Dance"],"picked":"SKIP","floor":1.0},{"not_picked":["Quick Slash","Heel Hook"],"picked":"Deadly Poison","floor":2.0},{"not_picked":["Dodge and Roll","Blade Dance","Backflip"],"picked":"SKIP","floor":7.0},{"not_picked":["Flying Knee","Masterful Stab","Reflex"],"picked":"SKIP","floor":10.0},{"not_picked":["A Thousand Cuts","Backflip","Calculated Gamble"],"picked":"SKIP","floor":13.0},{"not_picked":["Dodge and Roll","Acrobatics"],"picked":"Prepared","floor":14.0},{"not_picked":["Tools of the Trade","Die Die Die"],"picked":"Bullet Time","floor":16.0},{"not_picked":["Acrobatics","PiercingWail"],"picked":"Backflip+1","floor":18},{"not_picked":["Prepared","Acrobatics","Crippling Poison"],"picked":"SKIP","floor":19}],"player_experience":106083,"relics_obtained":[{"floor":7.0,"key":"CaptainsWheel"},{"floor":9.0,"key":"Centennial Puzzle"}],"event_choices":[{"damage_healed":0.0,"max_hp_gain":0.0,"max_hp_loss":0.0,"gold_gain":0.0,"event_name":"World of Goop","player_choice":"Left Gold","floor":3.0,"gold_loss":24.0,"damage_taken":0.0},{"damage_healed":0.0,"max_hp_gain":0.0,"max_hp_loss":0.0,"gold_gain":0.0,"event_name":"Scrap Ooze","player_choice":"Success","floor":5.0,"gold_loss":0.0,"damage_taken":18.0,"relics_obtained":["Eternal Feather"]},{"damage_healed":0.0,"max_hp_gain":0.0,"max_hp_loss":0.0,"gold_gain":0.0,"event_name":"Upgrade Shrine","player_choice":"Upgraded","floor":12.0,"gold_loss":0.0,"damage_taken":0.0,"cards_upgraded":["Deadly Poison"]}],"is_beta":false,"boss_relics":[{"not_picked":["Ectoplasm","Velvet Choker"],"picked":"SlaversCollar"}],"items_purged_floors":[4,20],"is_endless":false,"potions_floor_spawned":[1,7,16],"killed_by":"Cultist and Chosen","ascension_level":0}}