{"host":"2ehbln4r1tfoeq56","time":1613531072,"event":{"mods":["Aspiration","BaseMod","Better Altar","Better Match","Better Note","Better Sensory Stone","Better Skull","Better Third Choice","Friendly Minions","GifTheSpireLib","Minty Spire (QoL Compilation)","Reliquary","Replay The Spire","StSLib","The Marked"],"gold_per_floor":[114,133,83,83,83,116,136,136,212,246,261,261,290,309,309,413,413,423,423,436,58,77,107,117,151,202,241,251,251],"floor_reached":28,"language":"ENG","playtime":2615,"items_purged":["Spreading Infection"],"score":313,"play_id":"e35f7f08-996b-4dc4-95c4-6c2f16a9cc22","local_time":"20210216210432","is_ascension_mode":true,"campfire_choices":[{"floor":8,"key":"REST"},{"data":"theMarked:ComboAttacks","floor":12,"key":"SMITH"},{"floor":15,"key":"REST"}],"circlet_count":0,"master_deck":["theMarked:Strike","theMarked:Strike","theMarked:Strike","theMarked:Strike","theMarked:Defend","theMarked:Defend","theMarked:Defend","theMarked:SoldierOfQuellstein","theMarked:Heritage","theMarked:Opportunist","Tools of the Trade+1","theMarked:Heritage+1","theMarked:Abjuration","theMarked:WardOff","theMarked:ComboAttacks+1","theMarked:MysticalArsenal","theMarked:TwofoldDefense","theMarked:BindingBlade","theMarked:HeightenedSenses","theMarked:FavorableWinds","theMarked:ParalyzingBlade","theMarked:WardOff","theMarked:Abjuration"],"relics":["theMarked:ArtifactOfAir","aspiration:Nostalgia","Cracked Core","Ornamental Fan","HornCleat","aspiration:HatOfInfinitePower","reliquary:PorcupineQuills","reliquary:WritOfMandamus","Ring of Peace","Ring of Fury","Blood Vial","Lee\u0027s Waffle","Replay:Towering Pillar of Hats","Replay:Bandana","Oddly Smooth Stone","Mercury Hourglass"],"acts_visited":["Exordium","TheCity"],"potions_floor_usage":[13,23,25,25],"damage_taken":[{"damage":2,"enemies":"2 Louse","floor":1,"turns":3},{"damage":9,"enemies":"Jaw Worm","floor":2,"turns":4},{"damage":49,"enemies":"Lagavulin","floor":6,"turns":6},{"damage":0,"enemies":"Small Slimes","floor":7,"turns":5},{"damage":6,"enemies":"Gremlin Nob","floor":10,"turns":4},{"damage":2,"enemies":"Blue Slaver","floor":11,"turns":4},{"damage":8,"enemies":"3 Sentries","floor":13,"turns":6},{"damage":5,"enemies":"Looter","floor":14,"turns":3},{"damage":20,"enemies":"Slime Boss","floor":16,"turns":6},{"damage":5,"enemies":"Chosen","floor":18,"turns":5},{"damage":7,"enemies":"Shell Parasite","floor":20,"turns":4},{"damage":4,"enemies":"Centurion and Healer","floor":22,"turns":6},{"damage":42,"enemies":"Slavers","floor":23,"turns":6},{"damage":17,"enemies":"Snake Plant","floor":24,"turns":5},{"damage":2,"enemies":"Gremlin Leader","floor":25,"turns":7},{"damage":12,"enemies":"Book of Stabbing","floor":27,"turns":6},{"damage":10,"enemies":"Sentry and Sphere","floor":28,"turns":3}],"seed_played":"8276737708580379835","potions_obtained":[{"floor":2,"key":"SteroidPotion"},{"floor":7,"key":"FearPotion"},{"floor":10,"key":"DistilledChaos"},{"floor":14,"key":"Ancient Potion"},{"floor":23,"key":"DistilledChaos"},{"floor":24,"key":"AttackPotion"},{"floor":27,"key":"Fruit Juice"}],"is_trial":false,"path_per_floor":["M","M","?","?","?","E","M","R","T","E","M","R","E","M","R","B",null,"M","?","M","$","M","E","M","E","T","E","M"],"character_chosen":"THE_DEFAULT","items_purchased":["Blood Vial","Lee\u0027s Waffle"],"campfire_rested":2,"item_purchase_floors":[21,21],"current_hp_per_floor":[68,59,59,54,54,5,5,26,26,20,18,18,10,5,26,6,70,65,65,58,77,73,33,18,18,18,8,0,0],"gold":251,"neow_bonus":"NOSTALGIA","is_daily":false,"chose_seed":false,"campfire_upgraded":1,"win_rate":0.0,"timestamp":1613531072,"path_taken":["M","M","?","?","?","E","M","R","T","E","M","R","E","M","R","BOSS","M","?","M","$","M","E","M","E","T","E","M"],"items_purchased_type":["Relic","Relic"],"build_version":"2020-12-22","purchased_purges":1,"victory":false,"max_hp_per_floor":[70,70,70,70,70,70,70,70,70,70,70,70,70,70,70,70,70,70,70,70,77,77,77,77,77,77,77,77,77],"card_choices":[{"not_picked":["theMarked:HeightenedSenses","theMarked:RepellingDischarge"],"picked":"theMarked:Heritage","floor":1},{"not_picked":["theMarked:RepellingDischarge","theMarked:Standoff"],"picked":"theMarked:Opportunist","floor":2},{"not_picked":["theMarked:Pokerface","theMarked:Panic"],"picked":"theMarked:Abjuration","floor":6},{"not_picked":["theMarked:TheMission","theMarked:Aftermath"],"picked":"theMarked:WardOff","floor":7},{"not_picked":["theMarked:SuspiciousRaven","theMarked:Aftermath"],"picked":"theMarked:ComboAttacks","floor":10},{"not_picked":["theMarked:Aftermath","theMarked:TakeCover","theMarked:Indomitable"],"picked":"SKIP","floor":11},{"not_picked":["theMarked:Frustration","theMarked:CreepingChasm"],"picked":"theMarked:MysticalArsenal","floor":13},{"not_picked":["theMarked:PowerFlow","theMarked:SwordAndMagic"],"picked":"theMarked:TwofoldDefense","floor":14},{"not_picked":["theMarked:FavorableWinds","theMarked:UnarmedFury"],"picked":"theMarked:BindingBlade","floor":16},{"not_picked":["theMarked:RogueSparks","theMarked:Electrocute","theMarked:ElectricStrings+1"],"picked":"SKIP","floor":18},{"not_picked":["theMarked:ElectricStrings","theMarked:Frustration"],"picked":"theMarked:HeightenedSenses","floor":20},{"not_picked":["theMarked:ResourceFulStrike+1","theMarked:ElectricStrings","theMarked:Overcharge"],"picked":"SKIP","floor":22},{"not_picked":["theMarked:Abjuration","theMarked:TwofoldDefense+1"],"picked":"theMarked:FavorableWinds","floor":23},{"not_picked":["theMarked:WastefulAttack","theMarked:TwofoldDefense"],"picked":"theMarked:ParalyzingBlade","floor":24},{"not_picked":["theMarked:Aftermath+1","theMarked:RepellingDischarge"],"picked":"theMarked:WardOff","floor":25},{"not_picked":["theMarked:StartUp","theMarked:EmpowerWeapon"],"picked":"theMarked:Abjuration","floor":27}],"player_experience":101916,"relics_obtained":[{"floor":6,"key":"Ornamental Fan"},{"floor":9,"key":"HornCleat"},{"floor":10,"key":"aspiration:HatOfInfinitePower"},{"floor":13,"key":"reliquary:PorcupineQuills"},{"floor":19,"key":"Ring of Peace"},{"floor":19,"key":"Ring of Fury"},{"floor":23,"key":"Replay:Towering Pillar of Hats"},{"floor":25,"key":"Replay:Bandana"},{"floor":26,"key":"Oddly Smooth Stone"},{"floor":27,"key":"Mercury Hourglass"}],"event_choices":[{"cards_removed":["theMarked:Strike"],"damage_healed":0,"gold_gain":0,"player_choice":"Card Removal","damage_taken":0,"max_hp_gain":0,"max_hp_loss":0,"event_name":"The Cleric","floor":3,"gold_loss":50},{"damage_healed":0,"gold_gain":0,"player_choice":"Card ","damage_taken":5,"max_hp_gain":0,"max_hp_loss":0,"event_name":"betterThird:BetterScrap","floor":4,"gold_loss":0,"cards_obtained":["Tools of the Trade"]}],"is_beta":false,"boss_relics":[{"not_picked":["Runic Dome","Calling Bell"],"picked":"reliquary:WritOfMandamus"}],"items_purged_floors":[21],"is_endless":false,"potions_floor_spawned":[2,7,10,14,23,24,27],"killed_by":"Sentry and Sphere","ascension_level":1}}