{"host":"ohy0y2gq28lmekc7","time":1613572630,"event":{"mods":["AchievementEnabler","Act Like it!","BaseMod","Better Third Choice","BetterRewards","Colored Powertips","Curses Come First","Highlight Path","Minty Spire (QoL Compilation)","Permanent Neow","Quick Restart","Relic Stats","StSLib"],"gold_per_floor":[109,73,248,266,266,266,266,276,276,296,296,296,321,321,321,421,421,439,456,456,471,488,514,514,526,574,574,591,591,602,11,11,108,108,119,132,132,132,186,186,186,186,186,186,9,9,9,42,42,42],"floor_reached":51,"language":"ENG","playtime":3171,"items_purged":[],"score":756,"play_id":"b14a6457-54f7-4b0d-85b3-a0516e874c1f","local_time":"20210217153710","is_ascension_mode":false,"campfire_choices":[{"floor":6.0,"key":"REST"},{"data":"After Image","floor":11,"key":"SMITH"},{"floor":15,"key":"REST"},{"floor":24,"key":"REST"},{"floor":32,"key":"REST"},{"floor":40,"key":"REST"},{"data":"Apotheosis","floor":44,"key":"SMITH"},{"floor":49,"key":"REST"}],"circlet_count":0,"master_deck":["Strike_G+1","Strike_G","Strike_G","Strike_G","Defend_G","Defend_G","Defend_G","Defend_G","Survivor","Neutralize","Noxious Fumes","Flying Knee","Dagger Spray+1","Infinite Blades","Deadly Poison","Dramatic Entrance","After Image+1","Catalyst","Acrobatics","Poisoned Stab","After Image","Corpse Explosion","Outmaneuver","Noxious Fumes+1","Poisoned Stab","Endless Agony","Noxious Fumes+1","Dodge and Roll","Blur","Die Die Die","Catalyst","Adrenaline","Blade Dance+1","Poisoned Stab+1","Madness","Madness","Dagger Throw+1","Violence","Apotheosis+1","PiercingWail","Sadistic Nature","Malaise"],"relics":["Ring of the Snake","Paper Crane","Ancient Tea Set","TungstenRod","White Beast Statue","Bottled Tornado","Sundial","Odd Mushroom","SlaversCollar","Juzu Bracelet","Potion Belt","HornCleat","Bottled Flame","Strange Spoon","Empty Cage","Tingsha","Anchor","Mercury Hourglass","Meat on the Bone"],"acts_visited":["Exordium","TheCity","TheBeyond"],"potions_floor_usage":[16,18,21,22,23,25,28,30,33,33,36,36,50,50,50],"damage_taken":[{"damage":0.0,"enemies":"Small Slimes","floor":1.0,"turns":3.0},{"damage":6.0,"enemies":"2 Louse","floor":4.0,"turns":2.0},{"damage":0.0,"enemies":"Cultist","floor":8.0,"turns":4.0},{"damage":0,"enemies":"Large Slime","floor":10,"turns":6},{"damage":3,"enemies":"The Mushroom Lair","floor":13,"turns":4},{"damage":2,"enemies":"Slime Boss","floor":16,"turns":8},{"damage":10,"enemies":"Chosen","floor":18,"turns":5},{"damage":15,"enemies":"Spheric Guardian","floor":19,"turns":4},{"damage":16,"enemies":"Centurion and Healer","floor":21,"turns":5},{"damage":18,"enemies":"Shelled Parasite and Fungi","floor":22,"turns":5},{"damage":11,"enemies":"Book of Stabbing","floor":23,"turns":6},{"damage":5,"enemies":"Snecko","floor":25,"turns":4},{"damage":18,"enemies":"Snake Plant","floor":28,"turns":5},{"damage":5,"enemies":"Cultist and Chosen","floor":30,"turns":4},{"damage":9,"enemies":"Collector","floor":33,"turns":6},{"damage":10,"enemies":"Orb Walker","floor":35,"turns":4},{"damage":8,"enemies":"3 Darklings","floor":36,"turns":4},{"damage":57,"enemies":"2 Orb Walkers","floor":39,"turns":5},{"damage":0,"enemies":"Reptomancer","floor":48,"turns":5},{"damage":1,"enemies":"Donu and Deca","floor":50,"turns":6}],"seed_played":"-4551872595032744035","potions_obtained":[{"floor":1.0,"key":"Energy Potion"},{"floor":4.0,"key":"AttackPotion"},{"floor":8.0,"key":"BlessingOfTheForge"},{"floor":10,"key":"LiquidMemories"},{"floor":13,"key":"PowerPotion"},{"floor":16,"key":"FearPotion"},{"floor":18,"key":"FearPotion"},{"floor":19,"key":"FairyPotion"},{"floor":21,"key":"SkillPotion"},{"floor":22,"key":"Block Potion"},{"floor":23,"key":"AttackPotion"},{"floor":25,"key":"Fruit Juice"},{"floor":28,"key":"Fire Potion"},{"floor":30,"key":"DistilledChaos"},{"floor":33,"key":"ColorlessPotion"},{"floor":35,"key":"Energy Potion"},{"floor":36,"key":"Strength Potion"},{"floor":39,"key":"Fire Potion"},{"floor":48,"key":"GamblersBrew"}],"is_trial":false,"path_per_floor":["M","$","?","M","?","R","?","M","T","M","R","?","?","?","R","B",null,"M","M","?","M","M","E","R","M","T","?","M","T","M","$","R","B",null,"M","M","?","?","?","R","?","?","T","R","$","T","?","E","R","B",null],"character_chosen":"THE_SILENT","items_purchased":["Noxious Fumes","Paper Crane","Ancient Tea Set","Infinite Blades","FairyPotion","Bottled Flame","Strange Spoon","Catalyst","PiercingWail","SneckoOil","ColorlessPotion"],"campfire_rested":6,"item_purchase_floors":[0,0,0,2,31,31,31,31,45,45,45],"current_hp_per_floor":[31,31,31,25,12,33,33,33,33,33,33,33,30,30,51,49,70,60,45,45,29,11,21,42,42,42,29,11,11,6,6,30,21,80,70,62,53,53,24,48,48,39,39,39,39,39,39,39,63,62],"gold":42,"neow_bonus":"","is_daily":false,"chose_seed":false,"campfire_upgraded":2,"win_rate":0.0,"timestamp":1613572630,"path_taken":["M","$","?","M","?","R","?","?","T","M","R","?","?","?","R","BOSS","M","?","?","?","M","E","R","M","T","?","M","?","M","$","R","BOSS","M","M","?","?","?","R","?","?","T","R","$","?","?","E","R","BOSS"],"items_purchased_type":["Card","Relic","Relic","Card","Potion","Relic","Relic","Card","Card","Potion","Potion"],"build_version":"2020-12-22","purchased_purges":0,"victory":true,"max_hp_per_floor":[70,70,70,70,70,70,70,70,70,70,70,70,70,70,70,70,70,70,70,70,70,70,70,70,75,75,80,80,80,80,80,80,80,80,80,80,80,80,80,80,80,80,80,80,80,80,80,80,80,80],"relic_stats":{"Strange Spoon":[26],"counters":[78,331],"Sundial":[4],"Tingsha":[9],"Juzu Bracelet":1,"obtain_stats":[{"Calipers":36,"Gremlin Horn":45,"Vajra":10,"Bottled Tornado":31,"HornCleat":9,"Sundial":12,"Philosopher\u0027s Stone":34,"Kunai":43,"Girya":36,"Pear":9,"Happy Flower":6,"Oddly Smooth Stone":40,"Eternal Feather":5,"Tingsha":34,"Pen Nib":0,"Letter Opener":34,"Paper Crane":46,"War Paint":37,"Du-Vu Doll":0,"SlaversCollar":17,"Bottled Flame":31,"Shuriken":6,"Bird Faced Urn":12,"Bronze Scales":29,"Molten Egg 2":32,"Black Star":17,"NlothsMask":2,"Meat on the Bone":48,"Lantern":26,"Regal Pillow":27,"Torii":0,"Snake Skull":21,"Juzu Bracelet":29,"Bag of Preparation":45,"Ancient Tea Set":8,"Empty Cage":34,"ClockworkSouvenir":30,"Shovel":0,"Mummified Hand":30,"Ninja Scroll":49,"Gambling Chip":31,"Pantograph":41,"Tiny Chest":0,"WingedGreaves":37,"Red Mask":20,"InkBottle":24,"Ring of the Snake":0,"Potion Belt":34,"The Specimen":0,"Thread and Needle":40,"PreservedInsect":45,"Omamori":7,"Frozen Egg 2":26,"Odd Mushroom":13,"White Beast Statue":43,"Mercury Hourglass":0,"Calling Bell":34,"Strange Spoon":31,"Anchor":43,"Ornamental Fan":41,"Orrery":19,"Coffee Dripper":17,"Bag of Marbles":27,"Bottled Lightning":42,"TungstenRod":0},{"Calipers":23,"Gremlin Horn":28,"Vajra":35,"Bottled Tornado":20,"HornCleat":35,"Sundial":35,"Philosopher\u0027s Stone":21,"Kunai":28,"Girya":46,"Pear":7,"Happy Flower":5,"Oddly Smooth Stone":47,"Eternal Feather":4,"Tingsha":44,"Pen Nib":0,"Letter Opener":44,"Paper Crane":29,"War Paint":46,"Du-Vu Doll":52,"SlaversCollar":64,"Bottled Flame":72,"Shuriken":35,"Bird Faced Urn":8,"Bronze Scales":43,"Molten Egg 2":43,"Black Star":38,"NlothsMask":53,"Meat on the Bone":77,"Lantern":15,"Regal Pillow":16,"Torii":30,"Snake Skull":40,"Juzu Bracelet":18,"Bag of Preparation":28,"Ancient Tea Set":35,"Empty Cage":73,"ClockworkSouvenir":18,"Shovel":30,"Mummified Hand":43,"Ninja Scroll":51,"Gambling Chip":20,"Pantograph":48,"Tiny Chest":30,"WingedGreaves":24,"Red Mask":13,"InkBottle":15,"Ring of the Snake":0,"Potion Belt":44,"The Specimen":52,"Thread and Needle":27,"PreservedInsect":50,"Omamori":35,"Frozen Egg 2":41,"Odd Mushroom":63,"White Beast Statue":49,"Mercury Hourglass":30,"Calling Bell":44,"Strange Spoon":72,"Anchor":76,"Ornamental Fan":48,"Orrery":12,"Coffee Dripper":11,"Bag of Marbles":42,"Bottled Lightning":28,"TungstenRod":58},{"Calipers":94,"Gremlin Horn":113,"Vajra":143,"Bottled Tornado":83,"HornCleat":143,"Sundial":143,"Philosopher\u0027s Stone":86,"Kunai":113,"Girya":191,"Pear":35,"Happy Flower":26,"Oddly Smooth Stone":194,"Eternal Feather":20,"Tingsha":185,"Pen Nib":0,"Letter Opener":185,"Paper Crane":118,"War Paint":191,"Du-Vu Doll":216,"SlaversCollar":263,"Bottled Flame":301,"Shuriken":143,"Bird Faced Urn":38,"Bronze Scales":178,"Molten Egg 2":178,"Black Star":158,"NlothsMask":219,"Meat on the Bone":325,"Lantern":65,"Regal Pillow":69,"Torii":123,"Snake Skull":166,"Juzu Bracelet":77,"Bag of Preparation":113,"Ancient Tea Set":143,"Empty Cage":307,"ClockworkSouvenir":77,"Shovel":123,"Mummified Hand":178,"Ninja Scroll":209,"Gambling Chip":83,"Pantograph":199,"Tiny Chest":123,"WingedGreaves":97,"Red Mask":58,"InkBottle":65,"Ring of the Snake":0,"Potion Belt":185,"The Specimen":216,"Thread and Needle":109,"PreservedInsect":206,"Omamori":143,"Frozen Egg 2":171,"Odd Mushroom":255,"White Beast Statue":204,"Mercury Hourglass":123,"Calling Bell":185,"Strange Spoon":301,"Anchor":320,"Ornamental Fan":199,"Orrery":54,"Coffee Dripper":51,"Bag of Marbles":174,"Bottled Lightning":113,"TungstenRod":236}],"TungstenRod":50,"Ring of the Snake":[156],"Mercury Hourglass":[57],"Meat on the Bone":0},"card_choices":[{"not_picked":["Outmaneuver","Bane"],"picked":"Dagger Spray","floor":1.0},{"not_picked":["Bane","Flying Knee"],"picked":"Deadly Poison","floor":4.0},{"not_picked":["Finisher","Outmaneuver"],"picked":"Catalyst","floor":8.0},{"not_picked":["Malaise","Skewer"],"picked":"Acrobatics","floor":10},{"not_picked":["Dagger Spray","Terror"],"picked":"Poisoned Stab","floor":13},{"not_picked":["Doppelganger","Malaise"],"picked":"Corpse Explosion","floor":16},{"not_picked":["Sucker Punch+1","Leg Sweep"],"picked":"Outmaneuver","floor":18},{"not_picked":["Dagger Throw","Quick Slash"],"picked":"Noxious Fumes+1","floor":19},{"not_picked":["Dagger Spray","Flechettes+1"],"picked":"Poisoned Stab","floor":21},{"not_picked":["Finisher+1","Acrobatics"],"picked":"Endless Agony","floor":22},{"not_picked":["Endless Agony","PiercingWail+1"],"picked":"Noxious Fumes+1","floor":23},{"not_picked":["Calculated Gamble","PiercingWail"],"picked":"Dodge and Roll","floor":25},{"not_picked":["Dodge and Roll","Leg Sweep+1"],"picked":"Blur","floor":28},{"not_picked":["Finisher+1","Quick Slash+1"],"picked":"Die Die Die","floor":30},{"not_picked":["Unload","Glass Knife"],"picked":"Adrenaline","floor":33},{"not_picked":["Slice+1","Escape Plan+1"],"picked":"Blade Dance+1","floor":35},{"not_picked":["Sucker Punch+1","Distraction"],"picked":"Poisoned Stab+1","floor":36},{"not_picked":["Underhanded Strike","Deflect"],"picked":"Dagger Throw+1","floor":39},{"not_picked":["Dark Shackles","Master of Strategy"],"picked":"Violence","floor":42},{"not_picked":["Metamorphosis","Good Instincts"],"picked":"HandOfGreed","floor":42},{"not_picked":["Chrysalis","Magnetism"],"picked":"Apotheosis","floor":42},{"not_picked":["Dagger Throw+1","Deadly Poison"],"picked":"Malaise","floor":48}],"player_experience":67599,"relics_obtained":[{"floor":9,"key":"Bottled Tornado"},{"floor":13,"key":"Odd Mushroom"},{"floor":23,"key":"Juzu Bracelet"},{"floor":26,"key":"Potion Belt"},{"floor":29,"key":"HornCleat"},{"floor":39,"key":"Tingsha"},{"floor":43,"key":"Anchor"},{"floor":46,"key":"Mercury Hourglass"},{"floor":48,"key":"Meat on the Bone"}],"event_choices":[{"damage_healed":0.0,"max_hp_gain":0.0,"max_hp_loss":0.0,"gold_gain":175.0,"event_name":"betterThird:BetterSerpent","player_choice":"AGREE","floor":3.0,"gold_loss":0.0,"damage_taken":73.0},{"damage_healed":25.0,"max_hp_gain":0.0,"max_hp_loss":70.0,"gold_gain":0.0,"event_name":"betterThird:BetterShining","player_choice":"Upgrade","floor":5.0,"gold_loss":0.0,"damage_taken":14.0,"cards_upgraded":["Strike_G","Dagger Spray"]},{"damage_healed":0.0,"max_hp_gain":0.0,"max_hp_loss":0.0,"gold_gain":0.0,"event_name":"Match and Keep!","player_choice":"3 cards matched","floor":7.0,"gold_loss":0.0,"damage_taken":0.0,"cards_obtained":["Dramatic Entrance","Shame","After Image"]},{"damage_healed":0,"gold_gain":0,"player_choice":"Box","damage_taken":0,"relics_obtained":["Sundial"],"max_hp_gain":0,"max_hp_loss":0,"event_name":"Big Fish","floor":12,"gold_loss":0,"cards_obtained":["Regret"]},{"damage_healed":0,"gold_gain":0,"player_choice":"Fought Mushrooms","damage_taken":0,"max_hp_gain":0,"max_hp_loss":0,"event_name":"Mushrooms","floor":13,"gold_loss":0},{"damage_healed":0,"gold_gain":0,"cards_transformed":["Defend_G"],"player_choice":"Transformed","damage_taken":0,"max_hp_gain":0,"max_hp_loss":0,"event_name":"Transmorgrifier","floor":14,"gold_loss":0,"cards_obtained":["After Image"]},{"cards_removed":["Regret"],"damage_healed":0,"gold_gain":0,"player_choice":"Purged","damage_taken":0,"max_hp_gain":0,"max_hp_loss":0,"event_name":"Purifier","floor":20,"gold_loss":0},{"damage_healed":0,"gold_gain":0,"player_choice":"Shed Blood","damage_taken":19,"max_hp_gain":5,"max_hp_loss":0,"event_name":"Forgotten Altar","floor":27,"gold_loss":0},{"damage_healed":0,"gold_gain":0,"player_choice":"Embrace Madness","damage_taken":10,"max_hp_gain":0,"max_hp_loss":0,"event_name":"Winding Halls","floor":37,"gold_loss":0,"cards_obtained":["Madness","Madness"]},{"damage_healed":0,"gold_gain":0,"player_choice":"Ignored","damage_taken":0,"max_hp_gain":0,"max_hp_loss":0,"event_name":"Tomb of Lord Red Mask","floor":38,"gold_loss":0},{"damage_healed":0,"gold_gain":0,"player_choice":"Fight","damage_taken":0,"max_hp_gain":0,"max_hp_loss":0,"event_name":"Mysterious Sphere","floor":39,"gold_loss":0},{"cards_removed":["Strike_G"],"damage_healed":0,"gold_gain":0,"player_choice":"Removed Attack","damage_taken":0,"max_hp_gain":0,"max_hp_loss":0,"event_name":"Falling","floor":41,"gold_loss":0},{"damage_healed":0,"gold_gain":0,"player_choice":"Memory 3","damage_taken":10,"max_hp_gain":0,"max_hp_loss":0,"event_name":"SensoryStone","floor":42,"gold_loss":0},{"damage_healed":0,"gold_gain":0,"cards_transformed":["HandOfGreed"],"player_choice":"Transformed","damage_taken":0,"max_hp_gain":0,"max_hp_loss":0,"event_name":"Transmorgrifier","floor":47,"gold_loss":0,"cards_obtained":["Sadistic Nature"]}],"is_beta":false,"boss_relics":[{"not_picked":["Coffee Dripper","Runic Pyramid"],"picked":"SlaversCollar"},{"not_picked":["HoveringKite","Snecko Eye"],"picked":"Empty Cage"}],"items_purged_floors":[],"is_endless":false,"potions_floor_spawned":[1,4,8,10,13,16,18,19,21,22,23,25,28,30,33,35,36,39,48],"ascension_level":0}}