{"host":"6ggzka4dag2kvku2","time":1613573804,"event":{"mods":["AchievementEnabler","BaseMod","DeckTracker","Minty Spire (QoL Compilation)","Permanent Neow","Quick Restart","SuperFastMode"],"gold_per_floor":[115,126,143,154,167,167,167,193,193,193,204,204,220,220,220,349,349,374,649,633,658,658,658],"floor_reached":22,"language":"KOR","playtime":561,"items_purged":[],"score":190,"play_id":"25c097bd-fbf2-4ee0-b02d-1505041c3383","local_time":"20210217235644","is_ascension_mode":false,"campfire_choices":[{"data":"Berserk","floor":6,"key":"SMITH"},{"data":"True Grit","floor":10,"key":"SMITH"},{"data":"Inflame","floor":12,"key":"SMITH"},{"data":"Heavy Blade","floor":15,"key":"SMITH"}],"circlet_count":0,"master_deck":["Strike_R","Strike_R","Defend_R","Defend_R","Defend_R","Defend_R","Bash","Berserk+1","Inflame+1","Shrug It Off","Bloodletting","Heavy Blade+1","True Grit+1","Cleave","Twin Strike","Seeing Red","Injury","Reaper","Regret","Sword Boomerang","Armaments+1"],"relics":["Burning Blood","Blue Candle","StrikeDummy","Golden Idol","Philosopher\u0027s Stone"],"acts_visited":["Exordium","TheCity"],"potions_floor_usage":[5,16,18,22,22],"damage_taken":[{"damage":6,"enemies":"2 Louse","floor":1,"turns":3},{"damage":9,"enemies":"Cultist","floor":2,"turns":4},{"damage":4,"enemies":"Jaw Worm","floor":3,"turns":2},{"damage":5,"enemies":"Blue Slaver","floor":4,"turns":3},{"damage":30,"enemies":"Gremlin Gang","floor":5,"turns":6},{"damage":19,"enemies":"Lagavulin","floor":8,"turns":6},{"damage":8,"enemies":"2 Fungi Beasts","floor":11,"turns":3},{"damage":3,"enemies":"3 Louse","floor":13,"turns":3},{"damage":19,"enemies":"The Guardian","floor":16,"turns":10},{"damage":18,"enemies":"Shell Parasite","floor":18,"turns":5},{"damage":11,"enemies":"2 Thieves","floor":20,"turns":4},{"damage":60,"enemies":"Snake Plant","floor":21,"turns":5},{"damage":20,"enemies":"3 Cultists","floor":22,"turns":3}],"seed_played":"5053580502215290851","potions_obtained":[{"floor":2,"key":"Block Potion"},{"floor":4,"key":"LiquidBronze"},{"floor":5,"key":"ColorlessPotion"},{"floor":13,"key":"BlessingOfTheForge"},{"floor":18,"key":"Fire Potion"}],"is_trial":false,"path_per_floor":["M","M","M","M","M","R","?","E","T","R","M","R","M","?","R","B",null,"M","?","M","M","M"],"character_chosen":"IRONCLAD","items_purchased":[],"campfire_rested":0,"item_purchase_floors":[],"current_hp_per_floor":[72,69,71,72,48,48,48,35,35,35,33,33,36,36,36,23,72,64,64,66,17,0,0],"gold":658,"neow_bonus":"TRANSFORM_TWO_CARDS","is_daily":false,"chose_seed":false,"campfire_upgraded":4,"win_rate":0.0,"timestamp":1613573804,"path_taken":["M","M","M","M","M","R","?","E","T","R","M","R","?","?","R","BOSS","M","?","?","M","M"],"items_purchased_type":[],"build_version":"2020-12-22","purchased_purges":0,"victory":false,"max_hp_per_floor":[72,72,72,72,72,72,72,72,72,72,72,72,72,72,72,72,72,72,72,72,72,72,72],"card_choices":[{"not_picked":["Body Slam","Iron Wave"],"picked":"Shrug It Off","floor":1},{"not_picked":["Anger","Power Through"],"picked":"Bloodletting","floor":2},{"not_picked":["Clash","Evolve"],"picked":"Heavy Blade","floor":3},{"not_picked":["Body Slam","Fire Breathing","Iron Wave"],"picked":"SKIP","floor":4},{"not_picked":["Burning Pact","Evolve"],"picked":"True Grit","floor":5},{"not_picked":["Entrench","Clothesline"],"picked":"Cleave","floor":8},{"not_picked":["Entrench","Twin Strike","Shrug It Off"],"picked":"SKIP","floor":11},{"not_picked":["Entrench","Shrug It Off"],"picked":"Twin Strike","floor":11},{"not_picked":["Sever Soul","Juggernaut"],"picked":"Seeing Red","floor":13},{"not_picked":["Immolate","Juggernaut"],"picked":"Reaper","floor":16},{"not_picked":["Wild Strike","Perfected Strike","Reckless Charge"],"picked":"SKIP","floor":18},{"not_picked":["Pommel Strike","Searing Blow"],"picked":"Sword Boomerang","floor":20},{"not_picked":["True Grit","Brutality"],"picked":"Armaments+1","floor":21}],"player_experience":67501,"relics_obtained":[{"floor":8,"key":"Blue Candle"},{"floor":9,"key":"StrikeDummy"}],"event_choices":[{"cards_removed":["Strike_R"],"damage_healed":0,"gold_gain":0,"player_choice":"Purged","damage_taken":0,"max_hp_gain":0,"max_hp_loss":0,"event_name":"Purifier","floor":7,"gold_loss":0},{"damage_healed":0,"gold_gain":0,"player_choice":"Take Wound","damage_taken":0,"relics_obtained":["Golden Idol"],"max_hp_gain":0,"max_hp_loss":0,"event_name":"Golden Idol","floor":14,"gold_loss":0,"cards_obtained":["Injury"]},{"damage_healed":0,"gold_gain":275,"player_choice":"Desecrate","damage_taken":0,"max_hp_gain":0,"max_hp_loss":0,"event_name":"Golden Shrine","floor":19,"gold_loss":0,"cards_obtained":["Regret"]}],"is_beta":false,"boss_relics":[{"not_picked":["Runic Pyramid","Black Blood"],"picked":"Philosopher\u0027s Stone"}],"items_purged_floors":[],"is_endless":false,"potions_floor_spawned":[2,4,5,13,18],"killed_by":"3 Cultists","ascension_level":0}}