{"host":"d85gwtocd8go8gx0","time":1613534665,"event":{"mods":["AchievementEnabler","BaseMod","Better Altar","Better Skull","Better Third Choice","Block Reminder","Colored Powertips","Curses Come First","Dark Map","Filter the Spire","Highlight Path","Minty Spire (QoL Compilation)","Permanent Neow","Quick Restart","Shop Mod","StSLib","SuperFastMode","UnlockEverythingMod"],"gold_per_floor":[118,136,150,163,180,205,205,233,233,233,283,29,74,114,114,190,190,200,200,35,35,35,35,35,35,35],"floor_reached":25,"language":"ENG","playtime":1199,"items_purged":["Strike_P"],"score":442,"play_id":"8f3759ed-e847-457a-b5c6-b071493cfb19","local_time":"20210216200425","is_ascension_mode":true,"campfire_choices":[{"floor":7.0,"key":"REST"},{"floor":15.0,"key":"REST"},{"floor":23,"key":"REST"}],"circlet_count":0,"master_deck":["AscendersBane","Strike_P","Strike_P","Defend_P","Defend_P","Defend_P","Defend_P","Eruption","Vigilance","CutThroughFate","Halt","Evaluate","FollowUp","Consecrate","EmptyFist","Wish","EmptyBody","BowlingBash","Wireheading","FlurryOfBlows","Tantrum","Crescendo","Devotion","EmptyMind","Shame"],"relics":["PureWater","Singing Bowl","PreservedInsect","Mummified Hand","Bag of Marbles","Cursed Key","Enchiridion","Damaru","Lizard Tail","FaceOfCleric"],"acts_visited":["Exordium","TheCity"],"potions_floor_usage":[16],"damage_taken":[{"damage":7.0,"enemies":"Small Slimes","floor":1.0,"turns":4.0},{"damage":4.0,"enemies":"Jaw Worm","floor":2.0,"turns":3.0},{"damage":2.0,"enemies":"Cultist","floor":3.0,"turns":3.0},{"damage":16.0,"enemies":"Red Slaver","floor":4.0,"turns":2.0},{"damage":0.0,"enemies":"2 Fungi Beasts","floor":5.0,"turns":3.0},{"damage":11.0,"enemies":"Gremlin Nob","floor":6.0,"turns":3.0},{"damage":1.0,"enemies":"Lagavulin","floor":8.0,"turns":10.0},{"damage":13.0,"enemies":"3 Sentries","floor":11.0,"turns":6.0},{"damage":7.0,"enemies":"Looter","floor":13.0,"turns":3.0},{"damage":8.0,"enemies":"Large Slime","floor":14.0,"turns":6.0},{"damage":25,"enemies":"Slime Boss","floor":16,"turns":6},{"damage":30,"enemies":"Chosen","floor":18,"turns":5},{"damage":23,"enemies":"Shell Parasite","floor":25,"turns":4}],"seed_played":"967012490463083551","potions_obtained":[{"floor":1.0,"key":"ColorlessPotion"},{"floor":3.0,"key":"Energy Potion"},{"floor":5.0,"key":"AttackPotion"},{"floor":6.0,"key":"Block Potion"},{"floor":13.0,"key":"Energy Potion"}],"is_trial":false,"path_per_floor":["M","M","M","M","M","E","R","E","T","?","E","$","M","M","R","B",null,"M","?","$","?","$","R","?","M"],"character_chosen":"WATCHER","items_purchased":["Wireheading","FlurryOfBlows","Tantrum","Damaru"],"campfire_rested":3,"item_purchase_floors":[12,12,12,20],"current_hp_per_floor":[54,50,48,32,32,21,41,40,40,33,20,20,15,7,28,3,53,23,2,2,2,2,23,23,35,35],"gold":35,"neow_bonus":"THREE_CARDS","is_daily":false,"chose_seed":false,"campfire_upgraded":0,"win_rate":0.0,"timestamp":1613534665,"path_taken":["M","M","M","M","M","E","R","E","T","?","E","$","M","M","R","BOSS","M","?","$","?","$","R","?","M"],"items_purchased_type":["Card","Card","Card","Relic"],"build_version":"2020-12-22","purchased_purges":1,"victory":false,"max_hp_per_floor":[68,68,68,68,68,68,68,68,68,68,68,68,70,70,70,70,70,70,70,70,70,70,70,70,70,70],"card_choices":[{"not_picked":["MentalFortress","Prostrate"],"picked":"CutThroughFate","floor":0.0},{"not_picked":["Collect","Study"],"picked":"Halt","floor":1.0},{"not_picked":["Prostrate","WreathOfFlame"],"picked":"Evaluate","floor":2.0},{"not_picked":["Pray","Perseverance"],"picked":"FollowUp","floor":3.0},{"not_picked":["CutThroughFate","Fasting2"],"picked":"Consecrate","floor":4.0},{"not_picked":["CrushJoints","Consecrate"],"picked":"EmptyFist","floor":5.0},{"not_picked":["Crescendo","Vengeance"],"picked":"Wish","floor":6.0},{"not_picked":["Prostrate","MasterReality"],"picked":"EmptyBody","floor":8.0},{"not_picked":["SignatureMove","Nirvana"],"picked":"BowlingBash","floor":11.0},{"not_picked":["ThirdEye","Halt","Study"],"picked":"Singing Bowl","floor":13.0},{"not_picked":["CutThroughFate","FlyingSleeves"],"picked":"Crescendo","floor":14.0},{"not_picked":["Brilliance","Establishment"],"picked":"Devotion","floor":16},{"not_picked":["BowlingBash","WreathOfFlame"],"picked":"EmptyMind","floor":18}],"player_experience":57194,"relics_obtained":[{"floor":6.0,"key":"Singing Bowl"},{"floor":8.0,"key":"PreservedInsect"},{"floor":9.0,"key":"Mummified Hand"},{"floor":11.0,"key":"Bag of Marbles"},{"floor":19,"key":"Enchiridion"}],"event_choices":[{"cards_removed":["Strike_P"],"damage_healed":0.0,"max_hp_gain":0.0,"max_hp_loss":0.0,"gold_gain":0.0,"event_name":"Golden Wing","player_choice":"Card Removal","floor":10.0,"gold_loss":0.0,"damage_taken":7.0},{"damage_healed":0,"gold_gain":0,"player_choice":"Obtained Book","damage_taken":21,"max_hp_gain":0,"max_hp_loss":0,"event_name":"Cursed Tome","floor":19,"gold_loss":0},{"damage_healed":0,"gold_gain":0,"player_choice":"Stole Relic","damage_taken":0,"relics_obtained":["Lizard Tail"],"max_hp_gain":0,"max_hp_loss":0,"event_name":"Addict","floor":21,"gold_loss":0,"cards_obtained":["Shame"]},{"damage_healed":0,"gold_gain":0,"player_choice":"Trade","damage_taken":0,"relics_obtained":["FaceOfCleric"],"max_hp_gain":0,"max_hp_loss":0,"event_name":"FaceTrader","floor":24,"gold_loss":0}],"is_beta":false,"boss_relics":[{"not_picked":["Black Star","Sozu"],"picked":"Cursed Key"}],"items_purged_floors":[12],"is_endless":false,"potions_floor_spawned":[1,3,5,6,13],"killed_by":"Shell Parasite","ascension_level":20}}