{"host":"c44ey07ufggfw2m8","time":1613564939,"event":{"mods":["2.2 Compatiblity","BaseMod","Colored Map","DeckTracker","Hermit","Highlight Path","Keyboard Shortcuts","Minty Spire (QoL Compilation)","Permanent Neow","Quick Restart","StSLib","SuperFastMode","The Cursed","UnlockEverythingMod"],"gold_per_floor":[115,115,135,150,150,150,173,173,173,188,213,213,252,276,276,276,276],"floor_reached":16,"language":"KOR","playtime":583,"items_purged":[],"score":104,"play_id":"7ae157a0-441f-4b88-8475-377072b40e3c","local_time":"20210217212859","is_ascension_mode":false,"campfire_choices":[{"data":"TheCursedMod:SpitefulPlan","floor":6,"key":"SMITH"},{"data":"TheCursedMod:CleanUpWorkshop","floor":8,"key":"SMITH"},{"floor":15,"key":"REST"}],"circlet_count":0,"master_deck":["TheCursedMod:Strike_TheCursed","TheCursedMod:Strike_TheCursed","TheCursedMod:Strike_TheCursed","TheCursedMod:Defend_TheCursed","TheCursedMod:Defend_TheCursed","TheCursedMod:Defend_TheCursed","TheCursedMod:Defend_TheCursed","TheCursedMod:CursedWand","TheCursedMod:CleanUpWorkshop+1","TheCursedMod:Dregs","Writhe","TheCursedMod:StunningStrike","TheCursedMod:RapidMovement","TheCursedMod:ReleasedStrength","TheCursedMod:SpitefulPlan+1","TheCursedMod:TroublousMinions","TheCursedMod:SpitefulPray","TheCursedMod:SmokeScreen","TheCursedMod:FleshFromBone","TheCursedMod:BlessingInDisguise"],"relics":["TheCursedMod:BlackMagic101","Golden Idol","Ornamental Fan","Mercury Hourglass","The Courier"],"acts_visited":["Exordium"],"potions_floor_usage":[16],"damage_taken":[{"damage":0,"enemies":"2 Louse","floor":1,"turns":2},{"damage":0,"enemies":"Jaw Worm","floor":3,"turns":3},{"damage":0,"enemies":"Cultist","floor":4,"turns":3},{"damage":12,"enemies":"Exordium Wildlife","floor":7,"turns":4},{"damage":1,"enemies":"Exordium Thugs","floor":10,"turns":9},{"damage":14,"enemies":"3 Louse","floor":11,"turns":4},{"damage":22,"enemies":"Gremlin Nob","floor":13,"turns":6},{"damage":2,"enemies":"Looter","floor":14,"turns":3},{"damage":32,"enemies":"Slime Boss","floor":16,"turns":11}],"seed_played":"-785355815587454102","potions_obtained":[{"floor":3,"key":"Explosive Potion"},{"floor":11,"key":"Fire Potion"},{"floor":13,"key":"Swift Potion"}],"is_trial":false,"path_per_floor":["M","?","M","M","?","R","M","R","T","M","M","T","E","M","R","B"],"character_chosen":"THE_CURSED","items_purchased":[],"campfire_rested":1,"item_purchase_floors":[],"current_hp_per_floor":[75,75,75,75,57,57,45,45,45,44,30,30,8,6,28,0,0],"gold":276,"neow_bonus":"THREE_RARE_CARDS","is_daily":false,"chose_seed":false,"campfire_upgraded":2,"win_rate":0.0,"timestamp":1613564939,"path_taken":["M","?","M","M","?","R","M","R","T","M","M","?","E","?","R","BOSS"],"items_purchased_type":[],"build_version":"2020-12-22","purchased_purges":0,"victory":false,"max_hp_per_floor":[75,75,75,75,75,75,75,75,75,75,75,75,75,75,75,75,75],"card_choices":[{"not_picked":["TheCursedMod:CircleOfAbyss","TheCursedMod:ParallelWorld"],"picked":"TheCursedMod:StunningStrike","floor":0},{"not_picked":["TheCursedMod:TacticalStrike","TheCursedMod:VitalStrike"],"picked":"TheCursedMod:RapidMovement","floor":1},{"not_picked":["TheCursedMod:ReleasedKnowledge","TheCursedMod:Hemoplague","TheCursedMod:CircleOfFocus"],"picked":"SKIP","floor":3},{"not_picked":["TheCursedMod:TacticalStrike","TheCursedMod:SpitefulPray"],"picked":"TheCursedMod:SpitefulPlan","floor":4},{"not_picked":["TheCursedMod:Evocation","TheCursedMod:CircleOfWindfury"],"picked":"TheCursedMod:TroublousMinions","floor":7},{"not_picked":["TheCursedMod:FleshFromBone","TheCursedMod:WearCloak"],"picked":"TheCursedMod:SpitefulPray","floor":10},{"not_picked":["TheCursedMod:CursedAmulet","TheCursedMod:FleshFromBone"],"picked":"TheCursedMod:SmokeScreen","floor":11},{"not_picked":["TheCursedMod:Torture","TheCursedMod:SpitefulPlan"],"picked":"TheCursedMod:FleshFromBone","floor":13},{"not_picked":["TheCursedMod:CircleOfFlame","TheCursedMod:SmokeScreen"],"picked":"TheCursedMod:BlessingInDisguise","floor":14}],"player_experience":138734,"relics_obtained":[{"floor":9,"key":"Ornamental Fan"},{"floor":12,"key":"Mercury Hourglass"},{"floor":13,"key":"The Courier"}],"event_choices":[{"damage_healed":0,"gold_gain":0,"cards_transformed":["TheCursedMod:Strike_TheCursed"],"player_choice":"Change","damage_taken":0,"max_hp_gain":0,"max_hp_loss":0,"event_name":"Living Wall","floor":2,"gold_loss":0,"cards_obtained":["TheCursedMod:ReleasedStrength"]},{"damage_healed":0,"gold_gain":0,"player_choice":"Take Damage","damage_taken":18,"relics_obtained":["Golden Idol"],"max_hp_gain":0,"max_hp_loss":0,"event_name":"Golden Idol","floor":5,"gold_loss":0}],"is_beta":false,"boss_relics":[],"items_purged_floors":[],"is_endless":false,"potions_floor_spawned":[3,11,13],"killed_by":"Slime Boss","ascension_level":0}}