{"host":"t0r9wuv4zaiwets7","time":1613541824,"event":{"mods":["AchievementEnabler","BaseMod","Bestiary","Colored Map","Colored Powertips","Downfall","Hermit","Highlight Path","Jorbs\u0027s Wanderer Trilogy","Minty Spire (QoL Compilation)","StSLib","The Animator","The Dragon Tamer","The Gatherer","The Mystic"],"gold_per_floor":[113,388,21,32,42,76,93,93,147,147,147,176,193,20,20,132,132,142,164,164,193,38,38,76,32,332,332,332,31,66,85,85,85,85,85],"floor_reached":33,"language":"ENG","playtime":1804,"items_purged":["Regret"],"score":310,"play_id":"df148761-7891-4cfd-a264-6bd8da197a50","local_time":"20210216220344","is_ascension_mode":false,"metric_token":977,"campfire_choices":[{"data":"Gatherer:FlowerBeam","floor":8.0,"key":"SMITH"},{"data":"Gatherer:FlowerBeam+1","floor":10.0,"key":"SMITH"},{"floor":15.0,"key":"REST"},{"floor":23.0,"key":"REST"},{"floor":27.0,"key":"REST"},{"floor":32,"key":"REST"}],"circlet_count":0,"master_deck":["Gatherer:Strike_Gatherer","Gatherer:Strike_Gatherer","Gatherer:Strike_Gatherer","Gatherer:Strike_Gatherer","Gatherer:Strike_Gatherer","Gatherer:Defend_Gatherer","Gatherer:Defend_Gatherer","Gatherer:Defend_Gatherer","Gatherer:Defend_Gatherer","Gatherer:Defend_Gatherer","Gatherer:Centralize","Gatherer:FlowerWhip+1","Gatherer:Nutrients","Gatherer:EnergyBasket","Gatherer:CarefulStrike","Gatherer:FlowerBeam+2","Gatherer:SaveValuables","Gatherer:QuickSynthesis","Gatherer:BambuSword","Gatherer:BambuSword","Gatherer:WitheringStrike","Gatherer:BlackTea","Gatherer:WitheringStrike","Gatherer:BigPouch","Gatherer:BalancedGrowth","Gatherer:AromaProtection","Gatherer:AlchemyTrial","Gatherer:MiningStrike","Dark Shackles","Secret Weapon","Gatherer:RecipeChange","Gatherer:BambuSword","Gatherer:QuickSynthesis"],"relics":["Gatherer:AlchemyBag","Shuriken","Matryoshka","CeramicFish","Toy Ornithopter","Membership Card","SlaversCollar","Nilry\u0027s Codex","Kunai","MawBank","Juzu Bracelet","Old Coin","Medical Kit","Akabeko","Gremlin Horn"],"acts_visited":["Exordium","TheCity"],"potions_floor_usage":[30,33],"damage_taken":[{"damage":1.0,"enemies":"2 Louse","floor":1.0,"turns":2.0},{"damage":1.0,"enemies":"Cultist","floor":4.0,"turns":4.0},{"damage":11.0,"enemies":"Jaw Worm","floor":5.0,"turns":2.0},{"damage":19.0,"enemies":"Lagavulin","floor":6.0,"turns":5.0},{"damage":8.0,"enemies":"Exordium Thugs","floor":7.0,"turns":4.0},{"damage":0.0,"enemies":"Red Slaver","floor":12.0,"turns":3.0},{"damage":0.0,"enemies":"Large Slime","floor":13.0,"turns":3.0},{"damage":32.0,"enemies":"The Guardian","floor":16.0,"turns":11.0},{"damage":15.0,"enemies":"Shell Parasite","floor":18.0,"turns":4.0},{"damage":8.0,"enemies":"2 Thieves","floor":19.0,"turns":3.0},{"damage":13.0,"enemies":"Chosen and Byrds","floor":21.0,"turns":4.0},{"damage":52.0,"enemies":"Slavers","floor":24.0,"turns":4.0},{"damage":20,"enemies":"Gremlin Leader","floor":30,"turns":5},{"damage":20,"enemies":"Shelled Parasite and Fungi","floor":31,"turns":6},{"damage":49,"enemies":"Champ","floor":33,"turns":6}],"seed_played":"4927113839529189513","potions_obtained":[{"floor":1.0,"key":"hexamod:SoulburnPotion"},{"floor":13.0,"key":"Ancient Potion"},{"floor":16.0,"key":"PowerPotion"},{"floor":19.0,"key":"BlessingOfTheForge"},{"floor":21.0,"key":"ColorlessPotion"},{"floor":28.0,"key":"Poison Potion"},{"floor":28.0,"key":"CultistPotion"},{"floor":28.0,"key":"SpeedPotion"}],"is_trial":false,"path_per_floor":["M","?","$","M","M","E","M","R","T","R","$","M","M","$","R","B",null,"M","M","?","M","$","R","E","$","T","R","?","$","E","M","R","B"],"character_chosen":"THE_GATHERER","items_purchased":["Shuriken","Gatherer:EnergyBasket","Membership Card","Gatherer:BambuSword","Gatherer:WitheringStrike","Kunai","Gatherer:BalancedGrowth","Gatherer:AlchemyTrial","Gatherer:MiningStrike","Medical Kit","Akabeko","Dark Shackles","Secret Weapon","Gatherer:RecipeChange"],"campfire_rested":4,"item_purchase_floors":[3,3,14,14,14,22,22,25,25,29,29,29,29,29],"current_hp_per_floor":[78,78,78,77,66,47,39,39,39,39,39,39,39,39,62,30,79,64,56,40,27,27,50,13,13,13,36,36,36,21,1,24,0,0,0],"gold":85,"neow_bonus":"TEN_PERCENT_HP_BONUS","is_daily":false,"chose_seed":false,"campfire_upgraded":2,"win_rate":0.0,"timestamp":1613541824,"path_taken":["M","?","$","M","M","E","M","R","T","R","$","M","M","$","R","BOSS","M","M","?","M","$","R","E","?","T","R","?","?","E","M","R","BOSS"],"items_purchased_type":["Relic","Card","Relic","Card","Card","Relic","Card","Card","Card","Relic","Relic","Card","Card","Card"],"build_version":"2020-12-22","purchased_purges":1,"victory":false,"max_hp_per_floor":[79,79,79,79,79,79,79,79,79,79,79,79,79,79,79,79,79,79,79,79,79,79,79,79,79,79,79,79,79,79,79,79,79,79,79],"card_choices":[{"not_picked":["Gatherer:WitheringStrike","Gatherer:Misfortune"],"picked":"Gatherer:Nutrients","floor":1.0},{"not_picked":["Gatherer:DrugPower","Gatherer:Convert"],"picked":"Gatherer:CarefulStrike","floor":4.0},{"not_picked":["Gatherer:BambuSword","Gatherer:ScrollOfWall"],"picked":"Gatherer:FlowerBeam","floor":5.0},{"not_picked":["Gatherer:BigPouch","Gatherer:Pollute"],"picked":"Gatherer:SaveValuables","floor":6.0},{"not_picked":["Gatherer:AlchemyTrial","Gatherer:TacticalStrike"],"picked":"Gatherer:QuickSynthesis","floor":7.0},{"not_picked":["Gatherer:FruitForce","Gatherer:CollectorsShot"],"picked":"Gatherer:BambuSword","floor":12.0},{"not_picked":["Gatherer:EnergyBasket","Gatherer:DrugPower","Gatherer:FlowerPower"],"picked":"SKIP","floor":13.0},{"not_picked":["Gatherer:FlamingBottle","Gatherer:ColorfulGarden"],"picked":"Gatherer:BlackTea","floor":16.0},{"not_picked":["Gatherer:TreeGrowth","Gatherer:FlowerBeam","Gatherer:RottenStipe"],"picked":"SKIP","floor":18.0},{"not_picked":["Gatherer:Solidify","Gatherer:VenomBarrier"],"picked":"Gatherer:WitheringStrike","floor":19.0},{"not_picked":["Gatherer:AlchemyTrial","Gatherer:TreeGrowth"],"picked":"Gatherer:BigPouch","floor":21.0},{"not_picked":["Gatherer:FeelingFine+1","Gatherer:FlowerPower"],"picked":"Gatherer:AromaProtection","floor":24.0},{"not_picked":["Gatherer:SmartManeuver","Gatherer:Enchant"],"picked":"Gatherer:BambuSword","floor":30},{"not_picked":["Gatherer:EchoOfNature+1","Gatherer:BalancedGrowth"],"picked":"Gatherer:QuickSynthesis","floor":31}],"player_experience":212584,"relics_obtained":[{"floor":6.0,"key":"Matryoshka"},{"floor":9.0,"key":"CeramicFish"},{"floor":9.0,"key":"Toy Ornithopter"},{"floor":20.0,"key":"Nilry\u0027s Codex"},{"floor":24.0,"key":"MawBank"},{"floor":26.0,"key":"Juzu Bracelet"},{"floor":26.0,"key":"Old Coin"},{"floor":30,"key":"Gremlin Horn"}],"event_choices":[{"damage_healed":0.0,"max_hp_gain":0.0,"max_hp_loss":0.0,"gold_gain":275.0,"event_name":"Golden Shrine","player_choice":"Desecrate","floor":2.0,"gold_loss":0.0,"damage_taken":0.0,"cards_obtained":["Regret"]},{"damage_healed":0.0,"max_hp_gain":0.0,"max_hp_loss":0.0,"gold_gain":0.0,"event_name":"Cursed Tome","player_choice":"Obtained Book","floor":20.0,"gold_loss":0.0,"damage_taken":16.0},{"damage_healed":0.0,"max_hp_gain":0.0,"max_hp_loss":0.0,"gold_gain":0.0,"event_name":"Lab","player_choice":"Got Potions","floor":28.0,"gold_loss":0.0,"damage_taken":0.0}],"is_beta":false,"boss_relics":[{"not_picked":["Coffee Dripper","Snecko Eye"],"picked":"SlaversCollar"}],"items_purged_floors":[3],"is_endless":false,"potions_floor_spawned":[1,13,16,19,21],"killed_by":"Champ","ascension_level":0}}