{"host":"js2su9tbbk4rmjfl","time":1613591501,"event":{"mods":["AchievementEnabler","BaseMod","Block Reminder","Colored Map","Colored Powertips","Highlight Path","Minty Spire (QoL Compilation)","Relic Stats"],"gold_per_floor":[109,109,8,18,18,18,38,38,115,145,155,155,155,182,182,255,255,228,298,316,316,231,259,259,259,259],"floor_reached":25,"language":"ENG","playtime":1502,"items_purged":[],"score":431,"play_id":"5ef1d248-e42c-4522-a02a-71ded18940f3","local_time":"20210217205141","is_ascension_mode":true,"campfire_choices":[{"data":"Forethought","floor":6.0,"key":"SMITH"},{"data":"Carnage","floor":8.0,"key":"SMITH"},{"data":"Bash","floor":12.0,"key":"SMITH"},{"data":"Disarm","floor":15.0,"key":"SMITH"},{"floor":24,"key":"REST"}],"circlet_count":0,"master_deck":["AscendersBane","Strike_R","Strike_R","Strike_R","Strike_R","Strike_R","Defend_R","Defend_R","Defend_R","Bash+1","Carnage+1","Forethought+1","Ghostly Armor","Disarm+1","Impervious","Bloodletting+1","Dropkick+1","Metallicize"],"relics":["Black Blood","Pantograph","Smiling Mask","FossilizedHelix","Charon\u0027s Ashes","Kunai","MutagenicStrength","Letter Opener","Prayer Wheel"],"acts_visited":["Exordium","TheCity"],"potions_floor_usage":[23],"damage_taken":[{"damage":6.0,"enemies":"Jaw Worm","floor":1.0,"turns":6.0},{"damage":7.0,"enemies":"Cultist","floor":4.0,"turns":4.0},{"damage":0.0,"enemies":"2 Louse","floor":7.0,"turns":2.0},{"damage":40.0,"enemies":"Lagavulin","floor":10.0,"turns":4.0},{"damage":9.0,"enemies":"Red Slaver","floor":11.0,"turns":3.0},{"damage":25.0,"enemies":"3 Sentries","floor":14.0,"turns":8.0},{"damage":47.0,"enemies":"Slime Boss","floor":16.0,"turns":12.0},{"damage":11,"enemies":"2 Thieves","floor":18,"turns":4},{"damage":24,"enemies":"Spheric Guardian","floor":20,"turns":7},{"damage":66,"enemies":"Book of Stabbing","floor":23,"turns":8},{"damage":50,"enemies":"Slavers","floor":25,"turns":4}],"seed_played":"5397542315466781925","potions_obtained":[{"floor":7.0,"key":"SneckoOil"},{"floor":20,"key":"BloodPotion"}],"is_trial":false,"path_per_floor":["M","?","$","M","$","R","M","R","T","E","M","R","?","E","R","B",null,"M","T","M","?","?","E","R","E"],"character_chosen":"IRONCLAD","items_purchased":["Forethought"],"campfire_rested":1,"item_purchase_floors":[3],"current_hp_per_floor":[75,75,75,74,74,74,80,80,80,46,43,43,43,24,24,8,64,65,65,53,53,53,15,39,0,0],"gold":259,"neow_bonus":"TEN_PERCENT_HP_BONUS","is_daily":false,"chose_seed":false,"campfire_upgraded":4,"win_rate":0.0,"timestamp":1613591501,"path_taken":["M","?","$","M","?","R","M","R","T","E","M","R","?","E","R","BOSS","M","?","M","?","?","E","R","E"],"items_purchased_type":["Card"],"build_version":"2020-12-22","purchased_purges":0,"victory":false,"max_hp_per_floor":[82,82,82,82,82,82,82,82,82,82,82,82,82,82,82,82,82,82,82,82,82,82,82,82,82,82],"relic_stats":{"counters":[11,62],"Pantograph":25,"Black Blood":78,"Prayer Wheel":0,"Charon\u0027s Ashes":[98],"Kunai":[3],"Letter Opener":[20],"Smiling Mask":0,"obtain_stats":[{"Pantograph":9,"MutagenicStrength":21,"Black Blood":17,"Prayer Wheel":23,"Charon\u0027s Ashes":14,"Kunai":19,"Letter Opener":22,"Smiling Mask":10,"Burning Blood":0,"FossilizedHelix":13},{"Pantograph":3,"MutagenicStrength":9,"Black Blood":7,"Prayer Wheel":10,"Charon\u0027s Ashes":6,"Kunai":8,"Letter Opener":9,"Smiling Mask":4,"Burning Blood":0,"FossilizedHelix":5},{"Pantograph":12,"MutagenicStrength":50,"Black Blood":39,"Prayer Wheel":58,"Charon\u0027s Ashes":27,"Kunai":43,"Letter Opener":50,"Smiling Mask":16,"Burning Blood":0,"FossilizedHelix":19}]},"card_choices":[{"not_picked":["Sword Boomerang","Thunderclap"],"picked":"Carnage","floor":1.0},{"not_picked":["Headbutt","Blood for Blood","Anger"],"picked":"SKIP","floor":4.0},{"not_picked":["Wild Strike","Pommel Strike","Twin Strike"],"picked":"SKIP","floor":7.0},{"not_picked":["Reckless Charge","Evolve","Fire Breathing"],"picked":"SKIP","floor":10.0},{"not_picked":["Body Slam","Havoc"],"picked":"Ghostly Armor","floor":11.0},{"not_picked":["Intimidate","Exhume"],"picked":"Disarm","floor":14.0},{"not_picked":["Corruption","Brutality"],"picked":"Impervious","floor":16.0},{"not_picked":["Anger","Twin Strike"],"picked":"Bloodletting+1","floor":18},{"not_picked":["Sword Boomerang","Flex"],"picked":"Dropkick+1","floor":20},{"not_picked":["Pummel","Wild Strike"],"picked":"Metallicize","floor":23}],"player_experience":817415,"relics_obtained":[{"floor":9.0,"key":"Pantograph"},{"floor":10.0,"key":"Smiling Mask"},{"floor":14.0,"key":"Charon\u0027s Ashes"},{"floor":19,"key":"Kunai"},{"floor":23,"key":"Prayer Wheel"}],"event_choices":[{"cards_removed":["Defend_R"],"damage_healed":0.0,"max_hp_gain":0.0,"max_hp_loss":0.0,"gold_gain":0.0,"event_name":"Purifier","player_choice":"Purged","floor":2.0,"gold_loss":0.0,"damage_taken":0.0},{"damage_healed":0.0,"max_hp_gain":0.0,"max_hp_loss":0.0,"gold_gain":0.0,"event_name":"WeMeetAgain","player_choice":"Gave Potion","floor":13.0,"gold_loss":0.0,"damage_taken":0.0,"relics_obtained":["FossilizedHelix"]},{"damage_healed":0,"gold_gain":0,"player_choice":"Inject Mutagens","damage_taken":0,"relics_obtained":["MutagenicStrength"],"max_hp_gain":0,"max_hp_loss":0,"event_name":"Drug Dealer","floor":21,"gold_loss":0},{"damage_healed":0,"gold_gain":0,"player_choice":"Obtained Relic","damage_taken":0,"relics_obtained":["Letter Opener"],"max_hp_gain":0,"max_hp_loss":0,"event_name":"Addict","floor":22,"gold_loss":85}],"is_beta":false,"boss_relics":[{"not_picked":["Black Star","Velvet Choker"],"picked":"Black Blood"}],"items_purged_floors":[],"is_endless":false,"potions_floor_spawned":[7,20],"killed_by":"Slavers","ascension_level":18}}