{"host":"5dk97cf2ubw2v967","time":1613596168,"event":{"mods":["AlwaysNeverKeys","BaseMod","Better Altar","Better Vampires","Block Reminder","Card Filter","Colored Powertips","Downfall","Googly Eyes","Highlight Path","Minty Spire (QoL Compilation)","Permanent Neow","Potion Indicator Mod","Quick Restart","Relic Filter","Relic Stats","Say the Spire","Spicy Shops","StSLib","Waifu the Spire","everything is the same but u backflip on backflip"],"gold_per_floor":[109,89,107,107,107,107,107],"floor_reached":6,"language":"ENG","playtime":131,"items_purged":[],"score":68,"play_id":"3c2660f8-1a68-49b3-8a2f-99b9abcb7514","local_time":"20210217210928","is_ascension_mode":true,"campfire_choices":[],"circlet_count":0,"master_deck":["AscendersBane","Strike_R","Strike_R","Strike_R","Strike_R","Strike_R","Defend_R","Defend_R","Defend_R","Defend_R","Bash","Pummel","Pummel"],"relics":["Burning Blood","Champion Belt","Bag of Preparation"],"acts_visited":["Exordium"],"potions_floor_usage":[6],"damage_taken":[{"damage":20,"enemies":"Small Slimes","floor":1,"turns":4},{"damage":8,"enemies":"Cultist","floor":3,"turns":4},{"damage":43,"enemies":"Lagavulin","floor":6,"turns":7}],"seed_played":"3594992867616220034","potions_obtained":[{"floor":1,"key":"Weak Potion"},{"floor":2,"key":"SmokeBomb"},{"floor":3,"key":"bronze:BurnAndBuffPotion"}],"is_trial":false,"path_per_floor":["M","?","M","?","T","E"],"character_chosen":"IRONCLAD","items_purchased":[],"campfire_rested":0,"item_purchase_floors":[],"current_hp_per_floor":[54,54,52,45,45,2,2],"gold":107,"neow_bonus":"ONE_RARE_RELIC","is_daily":false,"chose_seed":false,"campfire_upgraded":0,"win_rate":0.0,"timestamp":1613596168,"path_taken":["M","?","?","?","?","E"],"items_purchased_type":[],"build_version":"2020-12-22","purchased_purges":0,"victory":false,"max_hp_per_floor":[75,75,75,75,75,75,75],"relic_stats":{"counters":[3,15],"Bag of Preparation":[2],"Champion Belt":[5],"obtain_stats":[{"Bag of Preparation":5,"Champion Belt":0,"Burning Blood":0},{"Bag of Preparation":2,"Champion Belt":0,"Burning Blood":0},{"Bag of Preparation":8,"Champion Belt":0,"Burning Blood":0}],"Burning Blood":12},"card_choices":[{"not_picked":["Clothesline","Wild Strike"],"picked":"Pummel","floor":1},{"not_picked":["Anger","Sword Boomerang"],"picked":"Pummel","floor":3}],"player_experience":1335253,"relics_obtained":[{"floor":5,"key":"Bag of Preparation"}],"event_choices":[{"damage_healed":0,"gold_gain":0,"player_choice":"Bought 1 Potion","damage_taken":0,"max_hp_gain":0,"max_hp_loss":0,"event_name":"The Woman in Blue","floor":2,"gold_loss":0},{"cards_removed":["Decay"],"damage_healed":0,"gold_gain":0,"player_choice":"Card Removal","damage_taken":7,"max_hp_gain":0,"max_hp_loss":0,"event_name":"Golden Wing","floor":4,"gold_loss":0}],"is_beta":false,"boss_relics":[],"items_purged_floors":[],"is_endless":false,"potions_floor_spawned":[1,3],"killed_by":"Lagavulin","ascension_level":20}}