{"host":"xo0glkmxta74xh34","time":1613597178,"event":{"mods":["BaseMod","Downfall","Minty Spire (QoL Compilation)","Reliquary","Replay The Spire","StSLib"],"gold_per_floor":[118,118,118,129,54,54,134,169,194,205,205,216,216,236,236,338,338,352,366,276,33,52,52,52,52,52,52,52,85,117,136,136,234,234,247,247,266,281,281,316,316,342,342,377,20,66,166,126,126,126],"floor_reached":51,"language":"ENG","playtime":2651,"items_purged":["Strike_P","Writhe"],"score":1279,"play_id":"eaf7def3-b117-4667-918a-7d6392a1b59a","local_time":"20210217152618","is_ascension_mode":true,"campfire_choices":[{"floor":6.0,"key":"REST"},{"floor":15.0,"key":"REST"},{"data":"Vigilance","floor":23,"key":"SMITH"},{"data":"Omniscience","floor":23,"key":"SMITH"},{"data":"Devotion","floor":25,"key":"SMITH"},{"data":"Omniscience","floor":25,"key":"SMITH"},{"data":"Eruption","floor":27,"key":"SMITH"},{"data":"Defend_P","floor":27,"key":"SMITH"},{"data":"TalkToTheHand","floor":32,"key":"SMITH"},{"data":"Defend_P","floor":32,"key":"SMITH"},{"data":"Alpha","floor":41,"key":"SMITH"},{"data":"Pot Of Greed","floor":41,"key":"SMITH"},{"floor":49,"key":"REST"}],"circlet_count":0,"master_deck":["Defend_P+1","Defend_P+1","Defend_P+1","Eruption+1","Vigilance+1","DevaForm+1","Vault+1","FlurryOfBlows+1","FlurryOfBlows","LikeWater+1","Scrawl","Omniscience+1","FlurryOfBlows","Omniscience+1","Clumsy","FlurryOfBlows","Devotion+1","Pot Of Greed+1","Pot Of Greed","TalkToTheHand+1","Alpha+1"],"relics":["Astrolabe","Ring of Fury","Ring of Panic","Ornamental Fan","Akabeko","Guardian:PocketSentry","Replay:Ancient Bell","Replay:Baseball","Darkstone Periapt","Replay:Arrowhead","Eternal Feather","reliquary:SilkGlove","Grinning Jar","Red Mask","Busted Crown","GoldenEye","Replay:Purple Gloves","Frozen Egg 2","Juzu Bracelet","TeardropLocket","reliquary:OuijaBoard"],"acts_visited":["Exordium","TheCity","TheBeyond"],"potions_floor_usage":[29,33,42,46,50,50,50],"damage_taken":[{"damage":2.0,"enemies":"Jaw Worm","floor":1.0,"turns":3.0},{"damage":14.0,"enemies":"Small Slimes","floor":4.0,"turns":3.0},{"damage":23.0,"enemies":"3 Sentries","floor":8.0,"turns":10.0},{"damage":0.0,"enemies":"2 Louse","floor":10.0,"turns":2.0},{"damage":0.0,"enemies":"Large Slime","floor":12.0,"turns":4.0},{"damage":0.0,"enemies":"Lots of Slimes","floor":14.0,"turns":2.0},{"damage":0.0,"enemies":"Fading Forest","floor":16.0,"turns":12.0},{"damage":9.0,"enemies":"Spheric Guardian","floor":18.0,"turns":5.0},{"damage":8.0,"enemies":"Chosen","floor":19.0,"turns":4.0},{"damage":0,"enemies":"Centurion and Healer","floor":22,"turns":5},{"damage":3,"enemies":"Slavers","floor":29,"turns":5},{"damage":2,"enemies":"Masked Bandits","floor":30,"turns":3},{"damage":11,"enemies":"Snake Plant","floor":31,"turns":4},{"damage":58,"enemies":"Collector","floor":33,"turns":8},{"damage":0,"enemies":"Orb Walker","floor":35,"turns":2},{"damage":0,"enemies":"3 Shapes","floor":37,"turns":3},{"damage":0,"enemies":"Transient","floor":38,"turns":6},{"damage":8,"enemies":"Nemesis","floor":40,"turns":4},{"damage":5,"enemies":"Reptomancer","floor":42,"turns":3},{"damage":9,"enemies":"Giant Head","floor":44,"turns":7},{"damage":15,"enemies":"2 Orb Walkers","floor":46,"turns":4},{"damage":0,"enemies":"Time Eater","floor":50,"turns":5}],"seed_played":"2484361337725179516","potions_obtained":[{"floor":8.0,"key":"hexamod:SoulburnPotion"},{"floor":10.0,"key":"SkillPotion"},{"floor":14.0,"key":"SpeedPotion"},{"floor":22,"key":"champ:CounterPotion"},{"floor":33,"key":"SkillPotion"},{"floor":37,"key":"Doom Potion"},{"floor":39,"key":"Slimebound:ThreeZeroPotion"},{"floor":40,"key":"Dexterity Potion"},{"floor":44,"key":"Explosive Potion"},{"floor":46,"key":"LiquidBronze"},{"floor":48,"key":"EssenceOfSteel"}],"is_trial":false,"path_per_floor":["M","?","?","M","$","R","T","E","T","M","?","M","?","M","R","B",null,"M","M","?","$","M","R","?","R","T","R","$","E","?","M","R","B",null,"M","?","M","M","?","E","R","E","T","E","$","?","?","?","R","B",null],"character_chosen":"WATCHER","items_purchased":["Eternal Feather","TeardropLocket"],"campfire_rested":3,"item_purchase_floors":[21,45],"current_hp_per_floor":[63,63,56,42,42,62,62,39,39,39,39,39,39,39,59,67,87,78,70,70,70,70,79,79,87,87,87,87,84,82,71,83,25,72,72,72,72,72,72,64,76,71,71,62,62,47,47,47,85,85],"gold":126,"neow_bonus":"BOSS_RELIC","is_daily":false,"chose_seed":false,"campfire_upgraded":10,"win_rate":0.0,"timestamp":1613597178,"path_taken":["M","?","?","M","$","R","?","E","T","M","?","M","?","M","R","BOSS","M","M","?","$","?","R","?","R","T","R","$","E","?","M","R","BOSS","M","?","M","?","?","E","R","E","T","E","$","?","?","?","R","BOSS"],"items_purchased_type":["Relic","Relic"],"build_version":"2020-12-22","purchased_purges":2,"victory":true,"max_hp_per_floor":[72,72,69,69,69,69,69,69,69,69,69,69,69,69,69,69,87,87,87,87,87,87,87,87,87,87,87,87,87,87,87,87,87,87,87,87,87,87,87,87,87,87,87,87,87,87,87,87,87,87],"card_choices":[{"not_picked":["ClearTheMind","PathToVictory"],"picked":"FlurryOfBlows","floor":1.0},{"not_picked":["Replay:Vibes","ClearTheMind"],"picked":"LikeWater","floor":4.0},{"not_picked":["Scrawl","WreathOfFlame","PathToVictory"],"picked":"SKIP","floor":8.0},{"not_picked":["WreathOfFlame","PathToVictory"],"picked":"Scrawl","floor":8.0},{"not_picked":["EmptyMind","PathToVictory","Adaptation"],"picked":"SKIP","floor":10.0},{"not_picked":["Replay:AtTheReady","Halt"],"picked":"Omniscience","floor":12.0},{"not_picked":["Protect","CutThroughFate"],"picked":"FlurryOfBlows","floor":14.0},{"not_picked":["Vault","Devotion"],"picked":"Omniscience","floor":16.0},{"not_picked":["Pain","Normality"],"picked":"Sickly","floor":17.0},{"not_picked":["downfall:Bewildered","Normality"],"picked":"Writhe","floor":17.0},{"not_picked":["downfall:Icky","Hallucinations"],"picked":"Clumsy","floor":17.0},{"not_picked":["EmptyBody+1","EmptyFist+1","PathToVictory"],"picked":"SKIP","floor":18.0},{"not_picked":["EmptyBody+1","MentalFortress"],"picked":"FlurryOfBlows","floor":19.0},{"not_picked":["ThirdEye","EmptyMind","BowlingBash"],"picked":"SKIP","floor":22},{"not_picked":["SpiritShield","SashWhip+1"],"picked":"TalkToTheHand","floor":29},{"not_picked":["Perseverance","Protect","SashWhip"],"picked":"SKIP","floor":31},{"not_picked":["LessonLearned","DeusExMachina"],"picked":"Alpha","floor":33},{"not_picked":["Halt"],"picked":"SKIP","floor":35},{"not_picked":["Replay:BluntJabs"],"picked":"SKIP","floor":37},{"not_picked":["Replay:Hum+1"],"picked":"SKIP","floor":38},{"not_picked":["Replay:Cycle+1"],"picked":"SKIP","floor":40},{"not_picked":["Wireheading"],"picked":"SKIP","floor":42},{"not_picked":["Study+1"],"picked":"SKIP","floor":44}],"player_experience":503868,"relics_obtained":[{"floor":2.0,"key":"Ring of Fury"},{"floor":2.0,"key":"Ring of Panic"},{"floor":7.0,"key":"Ornamental Fan"},{"floor":8.0,"key":"Akabeko"},{"floor":9.0,"key":"Guardian:PocketSentry"},{"floor":26,"key":"reliquary:SilkGlove"},{"floor":29,"key":"Grinning Jar"},{"floor":30,"key":"Red Mask"},{"floor":40,"key":"GoldenEye"},{"floor":42,"key":"Replay:Purple Gloves"},{"floor":43,"key":"Frozen Egg 2"},{"floor":44,"key":"Juzu Bracelet"},{"floor":46,"key":"reliquary:OuijaBoard"}],"event_choices":[{"cards_removed":["Parasite"],"damage_healed":0.0,"max_hp_gain":0.0,"max_hp_loss":0.0,"gold_gain":0.0,"event_name":"Golden Wing","player_choice":"Card Removal","floor":3.0,"gold_loss":0.0,"damage_taken":7.0},{"damage_healed":0.0,"max_hp_gain":0.0,"max_hp_loss":0.0,"gold_gain":0.0,"event_name":"Living Wall","player_choice":"Grow","floor":11.0,"gold_loss":0.0,"damage_taken":0.0,"cards_upgraded":["LikeWater"]},{"damage_healed":0.0,"max_hp_gain":0.0,"max_hp_loss":0.0,"gold_gain":0.0,"event_name":"Scrap Ooze","player_choice":"Fled","floor":13.0,"gold_loss":0.0,"damage_taken":0.0},{"cards_removed":["Sickly"],"damage_healed":0.0,"max_hp_gain":0.0,"max_hp_loss":0.0,"gold_gain":0.0,"event_name":"Designer","player_choice":"Upgrade and Remove","floor":20.0,"gold_loss":90.0,"damage_taken":0.0,"cards_upgraded":["Defend_P"]},{"damage_healed":0,"gold_gain":0,"player_choice":"Read","damage_taken":0,"max_hp_gain":0,"max_hp_loss":0,"event_name":"The Library","floor":24,"gold_loss":0,"cards_obtained":["Devotion"]},{"damage_healed":0,"gold_gain":0,"player_choice":"Fought Bandits","damage_taken":0,"max_hp_gain":0,"max_hp_loss":0,"event_name":"Masked Bandits","floor":30,"gold_loss":0},{"cards_removed":["Strike_P"],"damage_healed":0,"gold_gain":0,"player_choice":"Offered Basic","damage_taken":0,"max_hp_gain":0,"max_hp_loss":0,"event_name":"Bonfire Elementals","floor":36,"gold_loss":0},{"damage_healed":0,"gold_gain":0,"player_choice":"Got Potions","damage_taken":0,"max_hp_gain":0,"max_hp_loss":0,"event_name":"Lab","floor":39,"gold_loss":0},{"damage_healed":0,"gold_gain":0,"player_choice":"Fight","damage_taken":0,"max_hp_gain":0,"max_hp_loss":0,"event_name":"Mysterious Sphere","floor":46,"gold_loss":0},{"damage_healed":0,"gold_gain":100,"player_choice":"Pray","damage_taken":0,"max_hp_gain":0,"max_hp_loss":0,"event_name":"Golden Shrine","floor":47,"gold_loss":0},{"damage_healed":0,"gold_gain":0,"player_choice":"Bought 3 Potions","damage_taken":0,"max_hp_gain":0,"max_hp_loss":0,"event_name":"The Woman in Blue","floor":48,"gold_loss":0}],"is_beta":false,"boss_relics":[{"not_picked":["reliquary:Craggleroot","Runic Dome"],"picked":"Replay:Ancient Bell"},{"not_picked":["War Paint","Toy Ornithopter"],"picked":"Replay:Baseball"},{"not_picked":["Letter Opener","Replay:Bottled Steam"],"picked":"Darkstone Periapt"},{"not_picked":["reliquary:Dhvaja","CloakClasp"],"picked":"Replay:Arrowhead"},{"not_picked":["SacredBark","Philosopher\u0027s Stone"],"picked":"Busted Crown"}],"items_purged_floors":[5,45],"is_endless":false,"potions_floor_spawned":[8,10,14,22,33,37,40,44,46],"ascension_level":8}}