{"host":"g868zphnms2wggi3","time":1613552967,"event":{"mods":["Act Like it!","BaseMod","Colored Map","GifTheSpireLib","Good Game Mod","KomeijiMod","Lobotomy","LobotomyExtend","Minty Spire (QoL Compilation)","Relic Filter Mod","Reliquary","Replay The Spire","Shop Mod","StSLib","The Invoker Mod"],"gold_per_floor":[119,132,132,147,162,191,191,191,191,224,243,258,258,275,275,375,375,386,386,386],"floor_reached":19,"language":"ZHS","playtime":2186,"items_purged":[],"score":206,"play_id":"cc1bbd06-e645-4d33-a07b-577a870f15ef","local_time":"20210217170927","is_ascension_mode":false,"campfire_choices":[],"circlet_count":0,"master_deck":["SpecialBullet","SpecialBullet","SpecialBullet","InformationCode","SecurityCode","DisciplinaryCode","RemiliaStalker","SomewhereSpear","Regret_ego","DaCapo","BodiesMountain","Pot Of Greed","Pot Of Greed","CUTE","CENSORED_ego"],"relics":["CogitoBucket","REME:ComplimentaryCards","Pen Nib","Grinning Jar","MealTicket","Sundial","Ring of Chaos"],"acts_visited":["Exordium","TheCity"],"potions_floor_usage":[11,11,16,16,19],"damage_taken":[{"damage":6,"enemies":"Cultist","floor":1,"turns":3},{"damage":0,"enemies":"Small Slimes","floor":2,"turns":2},{"damage":11,"enemies":"2 Louse","floor":4,"turns":2},{"damage":15,"enemies":"Blue Slaver","floor":5,"turns":4},{"damage":32,"enemies":"Gremlin Nob","floor":6,"turns":5},{"damage":18,"enemies":"3 Sentries","floor":10,"turns":5},{"damage":43,"enemies":"3 Louse","floor":11,"turns":5},{"damage":6,"enemies":"2 Fungi Beasts","floor":12,"turns":3},{"damage":15,"enemies":"Exordium Wildlife","floor":14,"turns":3},{"damage":19,"enemies":"Slime Boss","floor":16,"turns":6},{"damage":5,"enemies":"3 Byrds","floor":18,"turns":2},{"damage":1037,"enemies":"Spheric Guardian","floor":19,"turns":16}],"seed_played":"8205360968780148412","potions_obtained":[{"floor":4,"key":"CalmPotion"},{"floor":6,"key":"FearPotion"},{"floor":10,"key":"Energy Potion"},{"floor":11,"key":"DistilledChaos"},{"floor":12,"key":"Elixir"},{"floor":14,"key":"Elixir"},{"floor":18,"key":"Block Potion"}],"is_trial":false,"path_per_floor":["M","M","$","M","M","E","R","?","T","E","M","M","R","M","R_BF","B",null,"M","M"],"character_chosen":"Angela","items_purchased":[],"campfire_rested":0,"item_purchase_floors":[],"current_hp_per_floor":[70,70,70,70,69,51,51,51,51,51,25,34,34,36,36,38,70,70,0,0],"gold":386,"neow_bonus":"RANDOM_COMMON_RELIC","is_daily":false,"chose_seed":false,"campfire_upgraded":0,"win_rate":0.0,"timestamp":1613552967,"path_taken":["M","?","$","M","M","E","R","?","T","E","M","M","R","M","R_BF","BOSS","M","M"],"items_purchased_type":[],"build_version":"2020-12-22","purchased_purges":0,"victory":false,"max_hp_per_floor":[70,70,70,70,70,70,70,70,70,70,70,70,70,70,70,70,70,70,70,70],"card_choices":[{"not_picked":["Noise"],"picked":"SomewhereSpear","floor":1},{"not_picked":["Laetitia_ego"],"picked":"Regret_ego","floor":2},{"not_picked":["Amita"],"picked":"DaCapo","floor":4},{"not_picked":["WhitesApple","MeatLantern"],"picked":"BodiesMountain","floor":5},{"not_picked":["MagicBullet","GreenStem"],"picked":"SKIP","floor":5},{"not_picked":["FourthMatchFlame","Lantern"],"picked":"SKIP","floor":6},{"not_picked":["Gaze","Horn"],"picked":"SKIP","floor":10},{"not_picked":["FeatherOfHonor"],"picked":"CUTE","floor":11},{"not_picked":["CUTE","BloodyDesire"],"picked":"SKIP","floor":12},{"not_picked":["GreenStem","Loneliness"],"picked":"SKIP","floor":14},{"not_picked":["Adoration"],"picked":"CENSORED_ego","floor":16},{"not_picked":["BlackSwan_ego","Beak"],"picked":"SKIP","floor":18}],"player_experience":195660,"relics_obtained":[{"floor":6,"key":"Grinning Jar"},{"floor":9,"key":"MealTicket"},{"floor":10,"key":"Sundial"}],"event_choices":[],"is_beta":false,"boss_relics":[{"not_picked":["Runic Dome","reliquary:KinkedSpring"],"picked":"Ring of Chaos"}],"items_purged_floors":[],"is_endless":false,"potions_floor_spawned":[4,6,10,11,12,14,18],"killed_by":"Spheric Guardian","ascension_level":0}}