{"host":"f76wcztdlwlduum6","time":1613545574,"event":{"mods":["BaseMod","BetterRewards","Colored Powertips","Minty Spire (QoL Compilation)","Quick Restart","Rare Cards Sparkle","Relic Stats","StSLib","SuperFastMode","everything is the same but u backflip on backflip"],"gold_per_floor":[109,34,44,261,261,261,293,293,293,322,89,117,166,196,196,270,270,287,287,304,327,9,9,69,69,69,69,110,136,163,190,190,274,274,290,652,67,94,94,94],"floor_reached":39,"language":"ENG","playtime":1458,"items_purged":["Finisher","Prepared","Dagger Spray"],"score":961,"play_id":"0d2bc6b6-c56f-424a-847f-1a69fb7b405a","local_time":"20210217010614","is_ascension_mode":true,"campfire_choices":[{"data":"Noxious Fumes","floor":6,"key":"SMITH"},{"data":"Skewer","floor":8,"key":"SMITH"},{"floor":15,"key":"REST"},{"data":"Catalyst","floor":23,"key":"SMITH"},{"data":"Malaise","floor":25,"key":"SMITH"},{"data":"Venomology","floor":27,"key":"SMITH"},{"floor":32,"key":"REST"}],"circlet_count":0,"master_deck":["AscendersBane","Survivor+1","Neutralize","Corpse Explosion+1","Venomology+1","Skewer+1","Deadly Poison+1","Catalyst+1","Noxious Fumes+1","Dodge and Roll+1","Malaise+1","PiercingWail","Die Die Die","After Image+1","Escape Plan","Adrenaline+1","Adrenaline+1","Malaise+1","PiercingWail+1","Dodge and Roll","Doppelganger","Dodge and Roll+1","Malaise+1","Bouncing Flask+1","Bandage Up","Panacea","Secret Technique"],"relics":["Pandora\u0027s Box","Chemical X","Snake Skull","Frozen Egg 2","Sundial","Tiny Chest","Strawberry","Ginger","Question Card","Empty Cage","CeramicFish","HornCleat","MealTicket","White Beast Statue","The Courier","SlaversCollar","Old Coin","Nuclear Battery","Medical Kit","Paper Crane","Shovel","War Paint"],"acts_visited":["Exordium","TheCity","TheBeyond"],"potions_floor_usage":[1,10,10,10,12,14,14,18,20,20,24,28,29,30,31,33,33,35,35,36,39,39],"damage_taken":[{"damage":0,"enemies":"Cultist","floor":1,"turns":2},{"damage":9,"enemies":"Jaw Worm","floor":3,"turns":2},{"damage":0,"enemies":"2 Louse","floor":4,"turns":1},{"damage":13,"enemies":"Lagavulin","floor":7,"turns":4},{"damage":7,"enemies":"3 Sentries","floor":10,"turns":5},{"damage":2,"enemies":"Lagavulin","floor":12,"turns":5},{"damage":29,"enemies":"Gremlin Nob","floor":14,"turns":5},{"damage":11,"enemies":"Hexaghost","floor":16,"turns":8},{"damage":11,"enemies":"3 Byrds","floor":18,"turns":4},{"damage":15,"enemies":"2 Thieves","floor":20,"turns":4},{"damage":5,"enemies":"Book of Stabbing","floor":24,"turns":7},{"damage":23,"enemies":"Slavers","floor":28,"turns":6},{"damage":0,"enemies":"Shelled Parasite and Fungi","floor":29,"turns":5},{"damage":0,"enemies":"3 Cultists","floor":30,"turns":5},{"damage":20,"enemies":"Centurion and Healer","floor":31,"turns":6},{"damage":6,"enemies":"Automaton","floor":33,"turns":9},{"damage":9,"enemies":"3 Darklings","floor":35,"turns":6},{"damage":26,"enemies":"2 Orb Walkers","floor":36,"turns":6},{"damage":50,"enemies":"3 Shapes","floor":39,"turns":3}],"seed_played":"-8341039597008787335","potions_obtained":[{"floor":3,"key":"EssenceOfSteel"},{"floor":10,"key":"DistilledChaos"},{"floor":20,"key":"Dexterity Potion"},{"floor":30,"key":"CunningPotion"},{"floor":33,"key":"DistilledChaos"},{"floor":35,"key":"CultistPotion"}],"is_trial":false,"path_per_floor":["M","?","M","M","$","R","E","R","T","E","$","E","T","E","R","B",null,"M","?","M","T","$","R","E","R","T","R","E","M","M","M","R","B",null,"M","?","$","?","M"],"character_chosen":"THE_SILENT","items_purchased":["Strawberry","HornCleat","Medical Kit","Paper Crane","Shovel","War Paint"],"campfire_rested":2,"item_purchase_floors":[11,22,37,37,37,37],"current_hp_per_floor":[59,59,50,50,50,50,37,37,37,30,37,35,35,8,29,18,59,48,48,33,33,33,33,28,28,28,28,5,5,5,5,26,20,60,51,25,40,30,0,0],"gold":94,"neow_bonus":"BOSS_RELIC","is_daily":false,"chose_seed":false,"campfire_upgraded":5,"win_rate":0.0,"timestamp":1613545574,"path_taken":["M","?","M","M","$","R","E","R","T","E","$","E","?","E","R","BOSS","M","?","?","?","$","R","E","R","T","R","E","M","M","M","R","BOSS","M","?","$","?","M"],"items_purchased_type":["Relic","Relic","Relic","Relic","Relic","Relic"],"build_version":"2020-12-22","purchased_purges":3,"victory":false,"max_hp_per_floor":[66,66,66,66,66,66,66,66,66,66,73,73,73,73,73,73,73,73,73,73,73,73,73,73,73,73,73,73,73,73,73,73,73,73,73,73,73,73,73,73],"relic_stats":{"counters":[134,587],"CeramicFish":108,"Snake Skull":[120],"Ginger":[13],"War Paint":["Rainbow","Reinforced Body","Survivor","Corpse Explosion","PiercingWail","Dodge and Roll","Malaise","Deadly Poison"],"Question Card":14,"Medical Kit":[5],"Shovel":0,"Sundial":[18],"Pandora\u0027s Box":["BootSequence","Hyperbeam","Sweeping Beam","Rainbow","Streamline","Reinforced Body","Buffer","Loop","Finisher","Sucker Punch","Prepared","Catalyst","Corpse Explosion","Backstab","Terror","Venomology","Deadly Poison","Wraith Form v2"],"Tiny Chest":1,"MealTicket":15,"Chemical X":[239],"obtain_stats":[{"TwistedFunnel":0,"Whetstone":24,"Ginger":3,"Bottled Tornado":12,"Boot":39,"Old Coin":36,"Blood Vial":53,"Sundial":26,"MealTicket":14,"Fusion Hammer":34,"Necronomicon":20,"Kunai":30,"Blue Candle":55,"Tingsha":1,"Pen Nib":39,"Paper Crane":37,"Akabeko":41,"Cables":36,"SlaversCollar":34,"Bird Faced Urn":39,"Snecko Eye":2,"Pandora\u0027s Box":0,"StrikeDummy":39,"Lantern":0,"Regal Pillow":6,"Torii":39,"Singing Bowl":43,"StoneCalendar":39,"Bag of Preparation":0,"Ancient Tea Set":42,"Smiling Mask":48,"Shovel":39,"Matryoshka":0,"Chemical X":0,"InkBottle":22,"Ring of the Snake":1,"Potion Belt":13,"Lee\u0027s Waffle":0,"Inserter":0,"Thread and Needle":48,"PreservedInsect":23,"The Courier":38,"Omamori":3,"Frozen Egg 2":7,"MawBank":13,"Nuclear Battery":34,"Ornamental Fan":40,"Toy Ornithopter":54,"Ice Cream":44,"Calipers":4,"CeramicFish":39,"Vajra":43,"Runic Capacitor":7,"HornCleat":46,"DollysMirror":0,"Strawberry":53,"Philosopher\u0027s Stone":34,"Prayer Wheel":0,"Toxic Egg 2":0,"Happy Flower":39,"Oddly Smooth Stone":13,"Letter Opener":28,"War Paint":3,"Question Card":40,"Du-Vu Doll":25,"OrangePellets":0,"Bottled Flame":6,"Shuriken":46,"Bronze Scales":43,"Molten Egg 2":0,"Symbiotic Virus":0,"Pocketwatch":39,"Meat on the Bone":45,"Snake Skull":2,"Juzu Bracelet":0,"Incense Burner":22,"TeardropLocket":0,"Empty Cage":17,"ClockworkSouvenir":0,"Nunchaku":39,"Dream Catcher":10,"Tough Bandages":0,"Mummified Hand":42,"Pantograph":26,"Tiny Chest":2,"Red Mask":19,"Cracked Core":3,"Odd Mushroom":11,"Orichalcum":42,"Medical Kit":39,"White Beast Statue":26,"Mercury Hourglass":0,"Anchor":6,"DataDisk":25,"Bag of Marbles":47,"Coffee Dripper":17,"Membership Card":0,"PureWater":0,"FossilizedHelix":39,"TungstenRod":0},{"TwistedFunnel":86,"Whetstone":69,"Ginger":88,"Bottled Tornado":4,"Boot":16,"Old Coin":133,"Blood Vial":23,"Sundial":12,"MealTicket":34,"Fusion Hammer":73,"Necronomicon":8,"Kunai":13,"Blue Candle":114,"Tingsha":87,"Pen Nib":16,"Paper Crane":133,"Akabeko":108,"Cables":46,"SlaversCollar":131,"Bird Faced Urn":16,"Snecko Eye":116,"Pandora\u0027s Box":115,"StrikeDummy":16,"Lantern":0,"Regal Pillow":91,"Torii":16,"Singing Bowl":77,"StoneCalendar":16,"Bag of Preparation":0,"Ancient Tea Set":19,"Smiling Mask":53,"Shovel":16,"Matryoshka":25,"Chemical X":57,"InkBottle":9,"Ring of the Snake":87,"Potion Belt":5,"Lee\u0027s Waffle":25,"Inserter":25,"Thread and Needle":111,"PreservedInsect":10,"The Courier":16,"Omamori":1,"Frozen Egg 2":119,"MawBank":93,"Nuclear Battery":45,"Ornamental Fan":76,"Toy Ornithopter":24,"Ice Cream":20,"Calipers":2,"CeramicFish":16,"Vajra":49,"Runic Capacitor":60,"HornCleat":109,"DollysMirror":25,"Strawberry":23,"Philosopher\u0027s Stone":14,"Prayer Wheel":86,"Toxic Egg 2":0,"Happy Flower":16,"Oddly Smooth Stone":33,"Letter Opener":41,"War Paint":58,"Question Card":17,"Du-Vu Doll":12,"OrangePellets":0,"Bottled Flame":30,"Shuriken":21,"Bronze Scales":19,"Molten Egg 2":0,"Symbiotic Virus":57,"Pocketwatch":16,"Meat on the Bone":51,"Snake Skull":116,"Juzu Bracelet":0,"Incense Burner":9,"TeardropLocket":0,"Empty Cage":6,"ClockworkSouvenir":25,"Nunchaku":16,"Dream Catcher":61,"Tough Bandages":86,"Mummified Hand":19,"Pantograph":41,"Tiny Chest":26,"Red Mask":8,"Cracked Core":58,"Odd Mushroom":4,"Orichalcum":49,"Medical Kit":16,"White Beast Statue":126,"Mercury Hourglass":25,"Anchor":3,"DataDisk":41,"Bag of Marbles":53,"Coffee Dripper":95,"Membership Card":0,"PureWater":0,"FossilizedHelix":16,"TungstenRod":25},{"TwistedFunnel":440,"Whetstone":403,"Ginger":444,"Bottled Tornado":17,"Boot":54,"Old Coin":584,"Blood Vial":79,"Sundial":38,"MealTicket":175,"Fusion Hammer":411,"Necronomicon":29,"Kunai":42,"Blue Candle":490,"Tingsha":442,"Pen Nib":54,"Paper Crane":584,"Akabeko":479,"Cables":260,"SlaversCollar":572,"Bird Faced Urn":54,"Snecko Eye":496,"Pandora\u0027s Box":494,"StrikeDummy":54,"Lantern":0,"Regal Pillow":451,"Torii":54,"Singing Bowl":416,"StoneCalendar":54,"Bag of Preparation":0,"Ancient Tea Set":65,"Smiling Mask":304,"Shovel":54,"Matryoshka":89,"Chemical X":364,"InkBottle":31,"Ring of the Snake":442,"Potion Belt":20,"Lee\u0027s Waffle":89,"Inserter":89,"Thread and Needle":483,"PreservedInsect":33,"The Courier":54,"Omamori":6,"Frozen Egg 2":503,"MawBank":456,"Nuclear Battery":255,"Ornamental Fan":415,"Toy Ornithopter":83,"Ice Cream":66,"Calipers":8,"CeramicFish":54,"Vajra":275,"Runic Capacitor":372,"HornCleat":480,"DollysMirror":89,"Strawberry":79,"Philosopher\u0027s Stone":46,"Prayer Wheel":440,"Toxic Egg 2":0,"Happy Flower":54,"Oddly Smooth Stone":168,"Letter Opener":232,"War Paint":368,"Question Card":59,"Du-Vu Doll":38,"OrangePellets":0,"Bottled Flame":144,"Shuriken":72,"Bronze Scales":65,"Molten Egg 2":0,"Symbiotic Virus":364,"Pocketwatch":54,"Meat on the Bone":292,"Snake Skull":496,"Juzu Bracelet":0,"Incense Burner":31,"TeardropLocket":0,"Empty Cage":23,"ClockworkSouvenir":89,"Nunchaku":54,"Dream Catcher":378,"Tough Bandages":440,"Mummified Hand":65,"Pantograph":232,"Tiny Chest":93,"Red Mask":29,"Cracked Core":368,"Odd Mushroom":17,"Orichalcum":275,"Medical Kit":54,"White Beast Statue":541,"Mercury Hourglass":89,"Anchor":14,"DataDisk":232,"Bag of Marbles":304,"Coffee Dripper":460,"Membership Card":0,"PureWater":0,"FossilizedHelix":54,"TungstenRod":89}]},"card_choices":[{"not_picked":["Deadly Poison","Poisoned Stab"],"picked":"Skewer","floor":1},{"not_picked":["Tactician","Sucker Punch"],"picked":"Dagger Spray","floor":3},{"not_picked":["Tactician","Infinite Blades"],"picked":"Noxious Fumes","floor":4},{"not_picked":["Dagger Throw","Bane"],"picked":"Malaise","floor":7},{"not_picked":["Sucker Punch","Quick Slash","Slice"],"picked":"SKIP","floor":10},{"not_picked":["Expertise","Dagger Spray"],"picked":"PiercingWail","floor":12},{"not_picked":["Heel Hook","Dagger Spray"],"picked":"Die Die Die","floor":14},{"not_picked":["Burst","Bullet Time","Tools of the Trade+1"],"picked":"After Image+1","floor":16},{"not_picked":["Tactician","Blade Dance+1","Slice","Dagger Throw"],"picked":"SKIP","floor":18},{"not_picked":["Outmaneuver","Choke","Blade Dance"],"picked":"Escape Plan","floor":20},{"not_picked":["Outmaneuver","Dash","Deflect","Wraith Form v2+1"],"picked":"SKIP","floor":24},{"not_picked":["Underhanded Strike+1","Poisoned Stab","Flying Knee"],"picked":"PiercingWail","floor":28},{"not_picked":["Dagger Spray","PiercingWail","Deadly Poison+1"],"picked":"Dodge and Roll","floor":29},{"not_picked":["PiercingWail","Deadly Poison","Predator"],"picked":"Doppelganger","floor":30},{"not_picked":["Slice","Leg Sweep","Deflect+1"],"picked":"Dodge and Roll","floor":31},{"not_picked":["Storm of Steel","Glass Knife","Bullet Time"],"picked":"Malaise","floor":33},{"not_picked":["Calculated Gamble","Finisher","Dagger Throw","Deadly Poison+1"],"picked":"SKIP","floor":35},{"not_picked":["Underhanded Strike+1","Distraction","Masterful Stab"],"picked":"Bouncing Flask+1","floor":36},{"not_picked":["Blind","Forethought","Trip"],"picked":"Bandage Up","floor":38},{"not_picked":["Purity","HandOfGreed","Good Instincts"],"picked":"Panacea","floor":38},{"not_picked":["Magnetism+1","Madness","Dramatic Entrance"],"picked":"Secret Technique","floor":38}],"player_experience":350464,"relics_obtained":[{"floor":7,"key":"Frozen Egg 2"},{"floor":9,"key":"Sundial"},{"floor":10,"key":"Tiny Chest"},{"floor":12,"key":"Ginger"},{"floor":14,"key":"Question Card"},{"floor":21,"key":"CeramicFish"},{"floor":24,"key":"MealTicket"},{"floor":26,"key":"White Beast Statue"},{"floor":28,"key":"The Courier"},{"floor":36,"key":"Old Coin"}],"event_choices":[{"cards_removed":["Terror"],"damage_healed":0,"gold_gain":0,"player_choice":"Card Removal","damage_taken":0,"max_hp_gain":0,"max_hp_loss":0,"event_name":"The Cleric","floor":2,"gold_loss":75},{"damage_healed":0,"gold_gain":0,"player_choice":"Got Potions","damage_taken":0,"max_hp_gain":0,"max_hp_loss":0,"event_name":"Lab","floor":19,"gold_loss":0},{"damage_healed":0,"gold_gain":0,"player_choice":"Fight","damage_taken":0,"max_hp_gain":0,"max_hp_loss":0,"event_name":"Mysterious Sphere","floor":36,"gold_loss":0},{"damage_healed":0,"gold_gain":0,"player_choice":"Memory 3","damage_taken":10,"max_hp_gain":0,"max_hp_loss":0,"event_name":"SensoryStone","floor":38,"gold_loss":0}],"is_beta":false,"boss_relics":[{"not_picked":["SacredBark","Ectoplasm"],"picked":"Empty Cage"},{"not_picked":["Velvet Choker","WristBlade"],"picked":"SlaversCollar"}],"items_purged_floors":[11,22,37],"is_endless":false,"potions_floor_spawned":[3,7,10,20,28,29,30,31,33,35,36],"killed_by":"3 Shapes","ascension_level":20}}