{"host":"a6ztjasp7lxlo10n","time":1613559814,"event":{"mods":["Act Like it!","BaseMod","Colored Map","Marisa£®ÏF”Í°°ƒß¿Ì…≥£©","Minty Spire (QoL Compilation)","Quick Restart","StSLib","SuperFastMode","UnlockEverythingMod"],"gold_per_floor":[116,116,116,135,135,166,166,166,166,166,191,191,209,219,219,297,297,315,315,333,343,9,43,43,57,83,98,116,134,154,184,184,257,257,269,82,0,14,34,34,59,59,85,118,118,130,160,212,212,212,212],"floor_reached":52,"language":"ZHS","playtime":2277,"items_purged":["Strike_R","Strike_R"],"score":2484,"play_id":"8ea45335-2adc-495f-9c9c-9008fd0b42ae","local_time":"20210217190334","is_ascension_mode":true,"campfire_choices":[{"data":"Burning Pact","floor":10.0,"key":"SMITH"},{"data":"Armaments","floor":15.0,"key":"SMITH"},{"data":"Pommel Strike","floor":24.0,"key":"SMITH"},{"data":"Fiend Fire","floor":32.0,"key":"SMITH"},{"floor":40.0,"key":"RECALL"},{"data":"Rampage","floor":49,"key":"SMITH"}],"circlet_count":0,"master_deck":["AscendersBane","Strike_R+1","Defend_R+1","Defend_R","Defend_R+1","Defend_R","Bash+1","Burning Pact+1","Sword Boomerang","Pummel+1","Armaments+1","Rampage+1","Corruption+1","Necronomicurse","Carnage+1","Pommel Strike+1","Dark Embrace+1","Warcry+1","Fiend Fire+1","Second Wind+1"],"relics":["Burning Blood","NeowsBlessing","Pen Nib","Bird Faced Urn","Kunai","Meat on the Bone","Frozen Egg 2","Snecko Eye","Necronomicon","Bag of Preparation","Dead Branch","PreservedInsect","Charon\u0027s Ashes","Black Star","Red Mask","Akabeko","StrikeDummy","Whetstone","Ancient Tea Set","MealTicket","Anchor","War Paint","StoneCalendar"],"acts_visited":["Exordium","TheCity","TheBeyond"],"potions_floor_usage":[50,51],"damage_taken":[{"damage":0.0,"enemies":"2 Louse","floor":1.0,"turns":1.0},{"damage":0.0,"enemies":"Jaw Worm","floor":4.0,"turns":1.0},{"damage":0.0,"enemies":"3 Sentries","floor":6.0,"turns":2.0},{"damage":33.0,"enemies":"Gremlin Nob","floor":11.0,"turns":4.0},{"damage":0.0,"enemies":"Cultist","floor":13.0,"turns":3.0},{"damage":8.0,"enemies":"Blue Slaver","floor":14.0,"turns":3.0},{"damage":60.0,"enemies":"Hexaghost","floor":16.0,"turns":11.0},{"damage":39.0,"enemies":"3 Byrds","floor":18.0,"turns":7.0},{"damage":0.0,"enemies":"Chosen","floor":20.0,"turns":3.0},{"damage":3.0,"enemies":"Snake Plant","floor":21.0,"turns":3.0},{"damage":1.0,"enemies":"Gremlin Leader","floor":23.0,"turns":4.0},{"damage":6.0,"enemies":"Snecko","floor":25.0,"turns":2.0},{"damage":0.0,"enemies":"Cultist and Chosen","floor":27.0,"turns":2.0},{"damage":0.0,"enemies":"Centurion and Healer","floor":28.0,"turns":3.0},{"damage":0.0,"enemies":"Chosen and Byrds","floor":29.0,"turns":2.0},{"damage":18.0,"enemies":"Snake Plant","floor":30.0,"turns":2.0},{"damage":0.0,"enemies":"Slavers","floor":31.0,"turns":2.0},{"damage":10.0,"enemies":"Champ","floor":33.0,"turns":2.0},{"damage":14.0,"enemies":"3 Shapes","floor":35.0,"turns":2.0},{"damage":0.0,"enemies":"Orb Walker","floor":38.0,"turns":1.0},{"damage":0.0,"enemies":"Transient","floor":39.0,"turns":3.0},{"damage":0.0,"enemies":"Reptomancer","floor":41.0,"turns":2.0},{"damage":9.0,"enemies":"Giant Head","floor":44.0,"turns":2.0},{"damage":3.0,"enemies":"Maw","floor":46.0,"turns":2.0},{"damage":0.0,"enemies":"Reptomancer","floor":47.0,"turns":2.0},{"damage":6,"enemies":"2 Orb Walkers","floor":48,"turns":1},{"damage":0,"enemies":"Time Eater","floor":50,"turns":1},{"damage":11,"enemies":"Donu and Deca","floor":51,"turns":4}],"seed_played":"-2875384250817342660","potions_obtained":[{"floor":1.0,"key":"Explosive Potion"},{"floor":4.0,"key":"Regen Potion"},{"floor":14.0,"key":"ColorlessPotion"},{"floor":16.0,"key":"SteroidPotion"},{"floor":21.0,"key":"Dexterity Potion"},{"floor":25.0,"key":"AttackPotion"},{"floor":35.0,"key":"ColorlessPotion"}],"is_trial":false,"path_per_floor":["M","?","?","M","?","E","?","?","T","R","E","T","M","M","R","B",null,"M","?","M","M","$","E","R","M","T","M","M","M","M","E","R","B",null,"M","$","?","M","M","R","E","$","T","E","?","M","E","?","R","B","B",null],"character_chosen":"IRONCLAD","items_purchased":["Dark Embrace+1","Bag of Preparation","Second Wind"],"campfire_rested":0,"item_purchase_floors":[22,22,36],"current_hp_per_floor":[74,67,75,75,80,80,56,56,56,56,29,29,47,57,57,30,68,49,28,48,53,53,60,60,66,66,78,80,80,68,78,78,80,80,72,72,72,80,80,80,80,80,80,80,80,80,80,80,80,80,77],"gold":212,"neow_bonus":"THREE_ENEMY_KILL","is_daily":false,"chose_seed":false,"campfire_upgraded":5,"win_rate":0.0,"timestamp":1613559814,"path_taken":["M","?","?","?","?","E","?","?","T","R","E","?","M","?","R","BOSS","M","?","M","M","$","E","R","M","T","M","M","M","M","E","R","BOSS","M","$","?","M","M","R","E","$","T","E","?","M","E","?","R","BOSS","BOSS"],"items_purchased_type":["Card","Relic","Card"],"build_version":"2020-12-22","purchased_purges":2,"victory":true,"max_hp_per_floor":[75,75,75,75,80,80,80,80,80,80,80,80,80,80,80,80,80,80,80,80,80,80,80,80,80,80,80,80,80,80,80,80,80,80,80,80,80,80,80,80,80,80,80,80,80,80,80,80,80,80,80],"card_choices":[{"not_picked":["Reckless Charge","Headbutt"],"picked":"Burning Pact","floor":1.0},{"not_picked":["Perfected Strike","Bloodletting"],"picked":"Sword Boomerang","floor":4.0},{"not_picked":["Burning Pact","Warcry","Sever Soul"],"picked":"SKIP","floor":6.0},{"not_picked":["Bloodletting","Seeing Red"],"picked":"Pummel","floor":11.0},{"not_picked":["Flex","Sword Boomerang"],"picked":"Armaments","floor":13.0},{"not_picked":["Clothesline","Perfected Strike"],"picked":"Rampage","floor":14.0},{"not_picked":["Berserk+1","Exhume"],"picked":"Corruption+1","floor":16.0},{"not_picked":["Perfected Strike","Body Slam","Clash+1"],"picked":"SKIP","floor":18.0},{"not_picked":["Clash","Rampage"],"picked":"Carnage+1","floor":20.0},{"not_picked":["Body Slam","Clothesline+1"],"picked":"Pommel Strike","floor":21.0},{"not_picked":["Sever Soul","Twin Strike","Sword Boomerang"],"picked":"SKIP","floor":23.0},{"not_picked":["Anger","Disarm","Sword Boomerang"],"picked":"SKIP","floor":25.0},{"not_picked":["Anger","Disarm","Sword Boomerang"],"picked":"SKIP","floor":25.0},{"not_picked":["Spot Weakness","Thunderclap"],"picked":"Warcry+1","floor":27.0},{"not_picked":["Ghostly Armor","Sentinel","Anger"],"picked":"SKIP","floor":28.0},{"not_picked":["Bloodletting","Dark Embrace+1","Thunderclap"],"picked":"SKIP","floor":29.0},{"not_picked":["Heavy Blade","Cleave","Rampage"],"picked":"SKIP","floor":30.0},{"not_picked":["Clash","Uppercut"],"picked":"Fiend Fire","floor":31.0},{"not_picked":["Clash","Flex+1","Twin Strike"],"picked":"SKIP","floor":35.0},{"not_picked":["Warcry+1","Armaments","Flex"],"picked":"SKIP","floor":38.0},{"not_picked":["True Grit","Rupture+1","Battle Trance+1"],"picked":"SKIP","floor":39.0},{"not_picked":["Battle Trance","Body Slam","Disarm"],"picked":"SKIP","floor":41.0},{"not_picked":["Rupture+1","Anger","Reckless Charge"],"picked":"SKIP","floor":44.0},{"not_picked":["Second Wind","Perfected Strike+1","True Grit"],"picked":"SKIP","floor":46.0},{"not_picked":["Perfected Strike","Carnage","Fire Breathing+1"],"picked":"SKIP","floor":47.0}],"player_experience":248146,"relics_obtained":[{"floor":6.0,"key":"Pen Nib"},{"floor":9.0,"key":"Kunai"},{"floor":11.0,"key":"Meat on the Bone"},{"floor":12.0,"key":"Frozen Egg 2"},{"floor":19.0,"key":"Necronomicon"},{"floor":23.0,"key":"Dead Branch"},{"floor":26.0,"key":"PreservedInsect"},{"floor":31.0,"key":"Charon\u0027s Ashes"},{"floor":41.0,"key":"Akabeko"},{"floor":41.0,"key":"StrikeDummy"},{"floor":43.0,"key":"Whetstone"},{"floor":44.0,"key":"Ancient Tea Set"},{"floor":44.0,"key":"MealTicket"},{"floor":47.0,"key":"Anchor"},{"floor":47.0,"key":"War Paint"},{"floor":48,"key":"StoneCalendar"}],"event_choices":[{"cards_removed":["Strike_R"],"damage_healed":0.0,"max_hp_gain":0.0,"max_hp_loss":0.0,"gold_gain":0.0,"event_name":"Golden Wing","player_choice":"Card Removal","floor":2.0,"gold_loss":0.0,"damage_taken":7.0},{"damage_healed":8.0,"max_hp_gain":0.0,"max_hp_loss":0.0,"gold_gain":0.0,"event_name":"Wheel of Change","player_choice":"Full Heal","floor":3.0,"gold_loss":0.0,"damage_taken":0.0},{"damage_healed":0.0,"max_hp_gain":5.0,"max_hp_loss":0.0,"gold_gain":0.0,"event_name":"Big Fish","player_choice":"Donut","floor":5.0,"gold_loss":0.0,"damage_taken":0.0},{"damage_healed":0.0,"max_hp_gain":0.0,"max_hp_loss":0.0,"gold_gain":0.0,"event_name":"Shining Light","player_choice":"Entered Light","floor":7.0,"gold_loss":0.0,"damage_taken":24.0,"cards_upgraded":["Defend_R","Bash"]},{"damage_healed":0.0,"max_hp_gain":0.0,"max_hp_loss":0.0,"gold_gain":0.0,"event_name":"Dead Adventurer","player_choice":"Searched \u00271\u0027 times","floor":8.0,"gold_loss":0.0,"damage_taken":0.0,"relics_obtained":["Bird Faced Urn"]},{"damage_healed":0.0,"max_hp_gain":0.0,"max_hp_loss":0.0,"gold_gain":0.0,"event_name":"Cursed Tome","player_choice":"Obtained Book","floor":19.0,"gold_loss":0.0,"damage_taken":21.0},{"damage_healed":0.0,"max_hp_gain":0.0,"max_hp_loss":0.0,"gold_gain":0.0,"event_name":"Tomb of Lord Red Mask","player_choice":"Paid","floor":37.0,"gold_loss":82.0,"damage_taken":0.0,"relics_obtained":["Red Mask"]},{"cards_removed":["Strike_R"],"damage_healed":0.0,"max_hp_gain":0.0,"max_hp_loss":0.0,"gold_gain":0.0,"event_name":"Falling","player_choice":"Removed Attack","floor":45.0,"gold_loss":0.0,"damage_taken":0.0},{"damage_healed":0,"gold_gain":0,"player_choice":"Fight","damage_taken":0,"max_hp_gain":0,"max_hp_loss":0,"event_name":"Mysterious Sphere","floor":48,"gold_loss":0}],"is_beta":false,"boss_relics":[{"not_picked":["Philosopher\u0027s Stone","Astrolabe"],"picked":"Snecko Eye"},{"not_picked":["Runic Cube","SlaversCollar"],"picked":"Black Star"}],"items_purged_floors":[22,36],"is_endless":false,"potions_floor_spawned":[1,4,14,16,21,25,30,35,44,47,48],"ascension_level":20}}