{"host":"qp7xs8nuzfsyommi","time":1613530466,"event":{"mods":["2.2 Compatiblity","BaseMod","Colored Powertips","DeckTracker","Highlight Path","Minty Spire (QoL Compilation)","Permanent Neow","Quick Restart","StSLib"],"gold_per_floor":[16,29,42,55,55,55,55,55,55,88,88,103,103,130,130,205,205,219,234,5,5,24,24,71,71,94,104,104,122,140,156,156,230,230,250,250,275,285,285,285,9,27,27,27,41,58,69,89,89,89,89],"floor_reached":50,"language":"ENG","playtime":3850,"items_purged":[],"score":1066,"play_id":"fc9ef2cc-bb8a-466e-8662-5a2e5d63c422","local_time":"20210216215426","is_ascension_mode":true,"campfire_choices":[{"data":"Chill","floor":6.0,"key":"SMITH"},{"data":"Conserve Battery","floor":8.0,"key":"SMITH"},{"floor":15.0,"key":"REST"},{"data":"Biased Cognition","floor":23.0,"key":"SMITH"},{"floor":28.0,"key":"RECALL"},{"floor":32.0,"key":"REST"},{"floor":40.0,"key":"REST"},{"floor":49,"key":"REST"}],"circlet_count":0,"master_deck":["AscendersBane","Strike_B","Strike_B","Defend_B","Defend_B","Defend_B","Defend_B","Zap","Dualcast","Conserve Battery+1","Chill+1","Cold Snap","Seek","Consume","Echo Form","Creative AI","Glacier","Steam","Self Repair","Stack","Dark Shackles","Biased Cognition+1","Turbo","Turbo","Steam","Turbo","Buffer","Reboot","Force Field+1","Conserve Battery+1","Streamline","Madness","Madness","Panache","Sunder","Turbo","Chaos+1","Force Field+1","Loop","Echo Form"],"relics":["FrozenCore","Calipers","White Beast Statue","Question Card","Letter Opener","MealTicket","Runic Pyramid","Orichalcum","Emotion Chip","Dead Branch"],"acts_visited":["Exordium","TheCity","TheBeyond"],"potions_floor_usage":[48],"damage_taken":[{"damage":7.0,"enemies":"Cultist","floor":1.0,"turns":4.0},{"damage":7.0,"enemies":"Jaw Worm","floor":2.0,"turns":3.0},{"damage":5.0,"enemies":"Small Slimes","floor":3.0,"turns":3.0},{"damage":4.0,"enemies":"Looter","floor":4.0,"turns":4.0},{"damage":27.0,"enemies":"3 Sentries","floor":10.0,"turns":12.0},{"damage":14.0,"enemies":"Gremlin Gang","floor":12.0,"turns":5.0},{"damage":2.0,"enemies":"Lagavulin","floor":14.0,"turns":7.0},{"damage":15.0,"enemies":"Slime Boss","floor":16.0,"turns":15.0},{"damage":0.0,"enemies":"Chosen","floor":18.0,"turns":9.0},{"damage":26.0,"enemies":"Shell Parasite","floor":19.0,"turns":9.0},{"damage":10.0,"enemies":"Centurion and Healer","floor":22.0,"turns":10.0},{"damage":26.0,"enemies":"Snake Plant","floor":27.0,"turns":7.0},{"damage":35.0,"enemies":"Cultist and Chosen","floor":29.0,"turns":9.0},{"damage":9.0,"enemies":"Centurion and Healer","floor":30.0,"turns":9.0},{"damage":3.0,"enemies":"Chosen and Byrds","floor":31.0,"turns":10.0},{"damage":0.0,"enemies":"Champ","floor":33.0,"turns":21.0},{"damage":7.0,"enemies":"3 Darklings","floor":35.0,"turns":7.0},{"damage":6.0,"enemies":"Mind Bloom Boss Battle","floor":37.0,"turns":13.0},{"damage":12.0,"enemies":"Orb Walker","floor":38.0,"turns":8.0},{"damage":40.0,"enemies":"Spire Growth","floor":42.0,"turns":8.0},{"damage":2.0,"enemies":"3 Darklings","floor":45.0,"turns":5.0},{"damage":22,"enemies":"Writhing Mass","floor":46,"turns":6},{"damage":12,"enemies":"Jaw Worm Horde","floor":47,"turns":4},{"damage":20,"enemies":"Spire Growth","floor":48,"turns":8},{"damage":46,"enemies":"Awakened One","floor":50,"turns":5}],"seed_played":"5917574623355591797","potions_obtained":[{"floor":2.0,"key":"LiquidMemories"},{"floor":10.0,"key":"Strength Potion"},{"floor":12.0,"key":"FearPotion"},{"floor":14.0,"key":"Dexterity Potion"},{"floor":16.0,"key":"GamblersBrew"},{"floor":18.0,"key":"SpeedPotion"},{"floor":19.0,"key":"FocusPotion"},{"floor":29.0,"key":"BlessingOfTheForge"},{"floor":30.0,"key":"ColorlessPotion"},{"floor":31.0,"key":"DistilledChaos"},{"floor":33.0,"key":"PowerPotion"},{"floor":35.0,"key":"GamblersBrew"},{"floor":42.0,"key":"AttackPotion"},{"floor":45.0,"key":"EntropicBrew"},{"floor":46,"key":"PotionOfCapacity"},{"floor":47,"key":"Regen Potion"},{"floor":48,"key":"SmokeBomb"}],"is_trial":false,"path_per_floor":["M","M","M","M","?","R","$","R","T","E","T","M","?","E","R","B",null,"M","M","$","?","M","R","T","$","T","M","R","M","M","M","R","B",null,"M","?","?","M","?","R","$","M","T","?","M","M","M","M","R","B"],"character_chosen":"DEFECT","items_purchased":["Self Repair","Stack","Dark Shackles","Panache","Sunder"],"campfire_rested":4,"item_purchase_floors":[20,20,20,41,41],"current_hp_per_floor":[57,50,45,41,64,64,64,64,64,37,37,23,23,21,42,27,60,60,34,49,49,53,53,53,68,68,56,56,28,33,44,65,71,71,71,71,71,71,58,71,71,38,38,38,36,21,9,18,39,0,0],"gold":89,"neow_bonus":"ONE_RARE_RELIC","is_daily":false,"chose_seed":false,"campfire_upgraded":3,"win_rate":0.0,"timestamp":1613530466,"path_taken":["M","M","M","M","?","R","$","R","T","E","?","M","?","E","R","BOSS","M","?","$","?","?","R","?","$","T","M","R","M","M","M","R","BOSS","M","?","?","M","?","R","$","M","T","?","M","M","M","M","R","BOSS"],"items_purchased_type":["Card","Card","Card","Card","Card"],"build_version":"2020-12-22","purchased_purges":0,"victory":false,"max_hp_per_floor":[71,71,71,71,71,71,71,71,71,71,71,71,71,71,71,71,71,71,71,71,71,71,71,71,71,71,71,71,71,71,71,71,71,71,71,71,71,71,71,71,71,71,71,71,71,71,71,71,71,71,71],"card_choices":[{"not_picked":["Rebound","Beam Cell","Heatsinks"],"picked":"SKIP","floor":1.0},{"not_picked":["Compile Driver","Redo"],"picked":"Conserve Battery","floor":2.0},{"not_picked":["Rip and Tear","Hologram"],"picked":"Chill","floor":3.0},{"not_picked":["Gash","Auto Shields"],"picked":"Cold Snap","floor":4.0},{"not_picked":["Compile Driver","Streamline"],"picked":"Seek","floor":10.0},{"not_picked":["Fusion","Conserve Battery","Coolheaded"],"picked":"Consume","floor":12.0},{"not_picked":["FTL","Electrodynamics","Sunder"],"picked":"Coolheaded","floor":14.0},{"not_picked":["Hyperbeam","Electrodynamics","Reboot"],"picked":"Creative AI","floor":16.0},{"not_picked":["Static Discharge","Capacitor","Chaos"],"picked":"Glacier","floor":18.0},{"not_picked":["Beam Cell","Coolheaded+1","Ball Lightning"],"picked":"Steam","floor":19.0},{"not_picked":["Lockon+1","Steam+1","Auto Shields"],"picked":"Turbo","floor":22.0},{"not_picked":["Blizzard","White Noise","Recycle"],"picked":"Turbo","floor":27.0},{"not_picked":["Barrage","Skim","Stack"],"picked":"Steam","floor":29.0},{"not_picked":["Defragment","Conserve Battery","Rebound"],"picked":"Turbo","floor":30.0},{"not_picked":["Redo","Compile Driver","Go for the Eyes+1"],"picked":"Buffer","floor":31.0},{"not_picked":["Machine Learning","Hyperbeam","Seek"],"picked":"Reboot","floor":33.0},{"not_picked":["Barrage","Hello World","Streamline"],"picked":"Force Field+1","floor":35.0},{"not_picked":["Rebound","Steam Power+1","Sweeping Beam"],"picked":"Conserve Battery+1","floor":37.0},{"not_picked":["Beam Cell","Loop","Redo"],"picked":"Streamline","floor":38.0},{"not_picked":["Hologram","Rebound+1","Reboot"],"picked":"Turbo","floor":42.0},{"not_picked":["Ball Lightning","Conserve Battery","Redo"],"picked":"Chaos+1","floor":45.0},{"not_picked":["Consume","Beam Cell","Steam"],"picked":"Force Field+1","floor":46},{"not_picked":["Rebound+1","Steam","Redo"],"picked":"Loop","floor":47},{"not_picked":["Skim","Fusion","Auto Shields"],"picked":"Echo Form","floor":48}],"player_experience":1033749,"relics_obtained":[{"floor":9.0,"key":"White Beast Statue"},{"floor":10.0,"key":"Question Card"},{"floor":11.0,"key":"Letter Opener"},{"floor":14.0,"key":"MealTicket"},{"floor":26.0,"key":"Orichalcum"},{"floor":37.0,"key":"Emotion Chip"},{"floor":43.0,"key":"Dead Branch"}],"event_choices":[{"damage_healed":23.0,"max_hp_gain":0.0,"max_hp_loss":0.0,"gold_gain":0.0,"event_name":"Big Fish","player_choice":"Banana","floor":5.0,"gold_loss":0.0,"damage_taken":0.0},{"damage_healed":0.0,"max_hp_gain":0.0,"max_hp_loss":0.0,"gold_gain":0.0,"cards_transformed":["Strike_B"],"event_name":"Transmorgrifier","player_choice":"Transformed","floor":13.0,"gold_loss":0.0,"damage_taken":0.0,"cards_obtained":["Echo Form"]},{"damage_healed":0.0,"max_hp_gain":0.0,"max_hp_loss":0.0,"gold_gain":0.0,"cards_transformed":["Strike_B"],"event_name":"Transmorgrifier","player_choice":"Transformed","floor":21.0,"gold_loss":0.0,"damage_taken":0.0,"cards_obtained":["Biased Cognition"]},{"damage_healed":0.0,"max_hp_gain":0.0,"max_hp_loss":0.0,"gold_gain":0.0,"event_name":"Mysterious Sphere","player_choice":"Ignored","floor":36.0,"gold_loss":0.0,"damage_taken":0.0},{"damage_healed":0.0,"max_hp_gain":0.0,"max_hp_loss":0.0,"gold_gain":0.0,"event_name":"MindBloom","player_choice":"Fight","floor":37.0,"gold_loss":0.0,"damage_taken":0.0},{"damage_healed":0.0,"max_hp_gain":0.0,"max_hp_loss":0.0,"gold_gain":0.0,"event_name":"Winding Halls","player_choice":"Embrace Madness","floor":39.0,"gold_loss":0.0,"damage_taken":13.0,"cards_obtained":["Madness","Madness"]},{"cards_removed":["Coolheaded"],"damage_healed":0.0,"max_hp_gain":0.0,"max_hp_loss":0.0,"gold_gain":0.0,"event_name":"Falling","player_choice":"Removed Skill","floor":44.0,"gold_loss":0.0,"damage_taken":0.0}],"is_beta":false,"boss_relics":[{"not_picked":["Nuclear Battery","Cursed Key"],"picked":"Runic Pyramid"},{"not_picked":["Black Star","Busted Crown"],"picked":"FrozenCore"}],"items_purged_floors":[],"is_endless":false,"potions_floor_spawned":[2,10,12,14,16,18,19,22,27,29,30,31,33,35,37,38,42,45,46,47,48],"killed_by":"Awakened One","ascension_level":20}}