{"host":"kg3sujd0l7l0va61","time":1613603998,"event":{"mods":["ATMod(阿瑾Mod)","AchievementEnabler","Aspiration","BaseMod","BetterRewards","Challenge The Spire","Colored Powertips","Custom Start","Decade(王小明)","Displayed Cursed Tome","GifTheSpireLib","Hermit","Infinite Spire","KinomotoSakuraMod(木之本樱)","Koishi","KomeijiMod","Marisa（F雨　魔理沙）","Marked Mod","Minty Spire (QoL Compilation)","MostiFishMod","Prisma Mod","Quick Restart","Replay The Spire","RumiaBox-露米娅的神秘盒子","StSLib","The Jungle","Waifu the Spire","WarShipGirlsR/战舰少女R mod"],"gold_per_floor":[38,49,68,80,100,100,128,128,128,153,153,153,178,194,194,298,298,309,322,337,353,367,397,397,397,442,456,482,507,519,530,530,634,634,685,685,750,810,900,991,365,365,391,430,490,541,587,659,659,659],"floor_reached":51,"language":"ZHS","playtime":1206,"items_purged":[],"score":1673,"play_id":"a4821244-0c8c-4f8e-b1b3-0b7511e49b9b","local_time":"20210218071958","is_ascension_mode":true,"campfire_choices":[{"floor":6.0,"key":"REST"},{"data":"Eruption","floor":15,"key":"SMITH"},{"data":"MostiFishMod:Dust","floor":25,"key":"SMITH"},{"data":"AT_KingSlayer","floor":32,"key":"SMITH"},{"data":"MostiFishMod:Unraveling","floor":42,"key":"SMITH"},{"data":"AT_EmpoweredMortalDraw","floor":49,"key":"SMITH"}],"circlet_count":0,"master_deck":["Strike_P","Strike_P+1","Strike_P","Strike_P","Defend_P","Defend_P","Defend_P","Defend_P","Eruption+1","Vigilance","AT_KingSlayer+1","Replay:Cycle","CutThroughFate+1","ReachHeaven","InnerPeace","MostiFishMod:StarOceanP","MostiFishMod:DustFall+1","TalkToTheHand","MostiFishMod:Dust+1","BowlingBash","AT_RealColorLess","AT_DivineConfetti+1","AT_EmpoweredMortalDraw+1","MostiFishMod:Unraveling+1","FollowUp","WheelKick","AT_ChampionStep","FlurryOfBlows+1"],"relics":["PureWater","AT_ATBox","DaveBox","PatriotShield","Replay:Purple Gloves","MagicDraw4","aspiration:TomeofQuesting","aspiration:RitualDagger","Replay:Bottled Steam","SynthV:TestCard","Whetstone","Tiny Chest","infinitespire:BottledMercury","AT_ForceNature","ChiXiaoBlade","Replay:WaspNest","Nilry\u0027s Codex","Pet Ghost","Anchor","Bag of Preparation","AT_MortalBlade","infinitespire:EvilPickle","ImprovedEquipment","infinitespire:EmpoweringShard","Medical Kit","Toxic Egg 2","Juzu Bracelet","Pen Nib","AT_EbonyIvory","aspiration:HummingbirdHeart"],"acts_visited":["Exordium","TheCity","TheBeyond"],"potions_floor_usage":[23,46],"damage_taken":[{"damage":3.0,"enemies":"Jaw Worm","floor":1.0,"turns":1.0},{"damage":3.0,"enemies":"2 Louse","floor":2.0,"turns":1.0},{"damage":6.0,"enemies":"Small Slimes","floor":3.0,"turns":2.0},{"damage":3.0,"enemies":"Blue Slaver","floor":4.0,"turns":1.0},{"damage":3.0,"enemies":"2 Fungi Beasts","floor":5.0,"turns":1.0},{"damage":3.0,"enemies":"Gremlin Nob","floor":7.0,"turns":1.0},{"damage":3,"enemies":"3 Sentries","floor":10,"turns":1},{"damage":6,"enemies":"Lagavulin","floor":13,"turns":2},{"damage":2,"enemies":"Red Slaver","floor":14,"turns":2},{"damage":2,"enemies":"Slime Boss","floor":16,"turns":2},{"damage":1,"enemies":"2 Thieves","floor":18,"turns":1},{"damage":1,"enemies":"Shell Parasite","floor":19,"turns":1},{"damage":2,"enemies":"3 Cultists","floor":20,"turns":2},{"damage":1,"enemies":"Shelled Parasite and Fungi","floor":21,"turns":1},{"damage":1,"enemies":"Centurion and Healer","floor":22,"turns":1},{"damage":1,"enemies":"Slavers","floor":23,"turns":1},{"damage":5,"enemies":"Chosen and Byrds","floor":27,"turns":2},{"damage":1,"enemies":"Replay:Snechameleon","floor":29,"turns":1},{"damage":1,"enemies":"Snecko","floor":30,"turns":1},{"damage":1,"enemies":"Cultist and Chosen","floor":31,"turns":1},{"damage":2,"enemies":"Pondfish","floor":33,"turns":2},{"damage":1,"enemies":"3 Darklings","floor":35,"turns":1},{"damage":1,"enemies":"Orb Walker","floor":37,"turns":1},{"damage":1,"enemies":"4 Shapes","floor":38,"turns":1},{"damage":2,"enemies":"Writhing Mass","floor":39,"turns":2},{"damage":1,"enemies":"Reptomancer","floor":40,"turns":1},{"damage":1,"enemies":"Jaw Worm Horde","floor":44,"turns":1},{"damage":1,"enemies":"R_Hoarder","floor":45,"turns":1},{"damage":1,"enemies":"3 Darklings","floor":46,"turns":1},{"damage":1,"enemies":"Maw","floor":47,"turns":1},{"damage":1,"enemies":"Giant Head","floor":48,"turns":1},{"damage":3,"enemies":"Awakened One","floor":50,"turns":3}],"seed_played":"-3509826996672516087","potions_obtained":[{"floor":2.0,"key":"PowerPotion"},{"floor":3.0,"key":"Languid Potion"},{"floor":4.0,"key":"Dexterity Potion"},{"floor":20,"key":"LiquidMemories"},{"floor":23,"key":"Elixir"},{"floor":29,"key":"LiquidMemories"},{"floor":40,"key":"SkillPotion"},{"floor":47,"key":"Elixir"}],"is_trial":false,"path_per_floor":["M","M","M","M","M","R","E","?","T","E","?","?","E","M","R","B",null,"M","M","M","M","M","E","?","R","T","M","T","E","M","M","R","B",null,"M","?","M","M","M","E","$","R","T","M","E","M","M","E","R","B",null],"character_chosen":"WATCHER","items_purchased":["Medical Kit","Toxic Egg 2","Juzu Bracelet","AT_ChampionStep"],"campfire_rested":1,"item_purchase_floors":[41,41,41,41],"current_hp_per_floor":[29,26,20,17,14,35,32,32,32,29,29,29,23,21,21,19,72,71,70,68,67,66,65,58,58,58,53,53,52,51,50,50,48,72,71,71,70,69,67,66,66,66,66,65,64,63,62,61,61,58],"gold":659,"neow_bonus":"","is_daily":false,"chose_seed":false,"campfire_upgraded":5,"win_rate":0.0,"timestamp":1613603998,"path_taken":["M","M","M","M","M","R","E","?","T","E","?","?","E","M","R","BOSS","M","M","M","M","M","E","?","R","T","M","?","E","M","M","R","BOSS","M","?","?","M","M","E","$","R","T","M","E","M","M","E","R","BOSS"],"items_purchased_type":["Relic","Relic","Relic","Card"],"build_version":"2020-12-22","purchased_purges":0,"victory":true,"max_hp_per_floor":[72,72,72,72,72,72,72,72,72,72,72,72,72,72,72,72,72,72,72,72,72,72,72,72,72,72,72,72,72,72,72,72,72,72,72,72,72,72,72,72,72,72,72,72,72,72,72,72,72,72],"card_choices":[{"not_picked":["MarkedMod:PinPointDefense","SignatureMove"],"picked":"CutThroughFate","floor":1.0},{"not_picked":["MarkedMod:Acupuncture","Replay:Battleflow","Prostrate","Weave","Replay:Anticipation"],"picked":"SKIP","floor":2.0},{"not_picked":["PathToVictory","Replay:BluntJabs","Protect","Study"],"picked":"ReachHeaven","floor":3.0},{"not_picked":["CutThroughFate","MarkedMod:FirstStrike","SashWhip","ClearTheMind","Replay:Anticipation"],"picked":"SKIP","floor":4.0},{"not_picked":["ForeignInfluence","Nirvana","Evaluate","BowlingBash"],"picked":"Consecrate","floor":5.0},{"not_picked":["LikeWater","MarkedMod:FirstStrike","Weave","Replay:AtTheReady"],"picked":"InnerPeace","floor":7.0},{"not_picked":["ClearTheMind","Replay:Vibes","MostiFishMod:ScryFuture","MarkedMod:GentlePulse"],"picked":"MostiFishMod:StarOceanP","floor":10},{"not_picked":["MostiFishMod:Clarity","Replay:BluntJabs","MentalFortress","Conclude","CrushJoints"],"picked":"SKIP","floor":13},{"not_picked":["Vengeance","Sanctity","SashWhip","Nirvana"],"picked":"TalkToTheHand","floor":14},{"not_picked":["MasterReality","ConjureBlade","MostiFishMod:KamiSmash","MostiFishMod:DustFall"],"picked":"MostiFishMod:Dust","floor":16},{"not_picked":["JustLucky","CutThroughFate","Weave","Sanctity","EmptyFist"],"picked":"SKIP","floor":18},{"not_picked":["PathToVictory+1","Indignation","Consecrate+1","EmptyBody","Conclude"],"picked":"SKIP","floor":19},{"not_picked":["PathToVictory","Consecrate","BowlingBash","JustLucky","Brilliance"],"picked":"SKIP","floor":20},{"not_picked":["JustLucky","MarkedMod:FirstStrike","Evaluate","EmptyFist"],"picked":"BowlingBash","floor":21},{"not_picked":["Consecrate","FlyingSleeves","WaveOfTheHand","Replay:Hum","BattleHymn"],"picked":"SKIP","floor":22},{"not_picked":["MostiFishMod:Speedup","Fasting2","TalkToTheHand","Prostrate","MostiFishMod:LegendTransform"],"picked":"SKIP","floor":23},{"not_picked":["EmptyFist","BowlingBash","PathToVictory","Replay:ManipulateFuture","SashWhip+1"],"picked":"SKIP","floor":27},{"not_picked":["MarkedMod:Acupuncture","MarkedMod:GentlePulse","Indignation","JustLucky"],"picked":"AT_RealColorLess","floor":29},{"not_picked":["EmptyFist","BowlingBash","PathToVictory","CutThroughFate","Fasting2+1"],"picked":"SKIP","floor":30},{"not_picked":["CutThroughFate+1","ClearTheMind","FlurryOfBlows","Weave"],"picked":"AT_DivineConfetti+1","floor":31},{"not_picked":["MarkedMod:GentlePulse+1","Evaluate","Crescendo+1","Conclude","CrushJoints"],"picked":"SKIP","floor":35},{"not_picked":["MarkedMod:PinPointDefense+1","Replay:BluntJabs","Worship","CutThroughFate+1"],"picked":"MostiFishMod:Unraveling","floor":37},{"not_picked":["Replay:BluntJabs+1","MarkedMod:GentlePulse+1","DeceiveReality","Replay:ManipulateFuture"],"picked":"FollowUp","floor":38},{"not_picked":["MarkedMod:FirstStrike+1","BowlingBash+1","Protect","EmptyFist","Replay:BluntJabs+1"],"picked":"SKIP","floor":39},{"not_picked":["MostiFishMod:Clarity","ClearTheMind","Pray","Evaluate+1"],"picked":"WheelKick","floor":40},{"not_picked":["MarkedMod:GentlePulse+1","EmptyBody+1","SandsOfTime","Replay:LoomingThreat","Replay:AtTheReady+1"],"picked":"SKIP","floor":44},{"not_picked":["Devotion","Collect+1","BowlingBash+1","MarkedMod:FirstStrike+1","ReachHeaven"],"picked":"SKIP","floor":45},{"not_picked":["Swivel+1","CrushJoints+1","MarkedMod:GentlePulse+1","ThirdEye+1","TalkToTheHand"],"picked":"SKIP","floor":46},{"not_picked":["CutThroughFate","EmptyFist+1","CrushJoints+1","Protect+1"],"picked":"FlurryOfBlows+1","floor":47},{"not_picked":["CutThroughFate","MarkedMod:FirstStrike+1","EmptyFist+1","Protect+1","Collect+1"],"picked":"SKIP","floor":48}],"player_experience":68894,"relics_obtained":[{"floor":1.0,"key":"SynthV:TestCard"},{"floor":7.0,"key":"Whetstone"},{"floor":9,"key":"Tiny Chest"},{"floor":10,"key":"infinitespire:BottledMercury"},{"floor":13,"key":"AT_ForceNature"},{"floor":23,"key":"Replay:WaspNest"},{"floor":26,"key":"Pet Ghost"},{"floor":28,"key":"Anchor"},{"floor":29,"key":"Bag of Preparation"},{"floor":40,"key":"infinitespire:EmpoweringShard"},{"floor":43,"key":"Pen Nib"},{"floor":45,"key":"AT_EbonyIvory"},{"floor":48,"key":"aspiration:HummingbirdHeart"}],"event_choices":[{"damage_healed":0,"gold_gain":0,"player_choice":"Fled","damage_taken":0,"max_hp_gain":0,"max_hp_loss":0,"event_name":"Scrap Ooze","floor":8,"gold_loss":0},{"damage_healed":0,"gold_gain":0,"player_choice":"Obtained Book","damage_taken":16,"max_hp_gain":0,"max_hp_loss":0,"event_name":"Cursed Tome","floor":24,"gold_loss":0},{"damage_healed":0,"gold_gain":0,"player_choice":"Gave Potion","damage_taken":0,"relics_obtained":["ImprovedEquipment"],"max_hp_gain":0,"max_hp_loss":0,"event_name":"WeMeetAgain","floor":36,"gold_loss":0}],"is_beta":false,"boss_relics":[{"not_picked":["Coffee Dripper","Astrolabe"],"picked":"ChiXiaoBlade"},{"not_picked":["Cursed Key","Replay:Wanted Poster"],"picked":"AT_MortalBlade"}],"items_purged_floors":[],"is_endless":false,"potions_floor_spawned":[2,3,4,13,16,20,23,29,31,33,35,38,40,47],"ascension_level":4}}