{"host":"6q5en8l1tdm8cus3","time":1613521841,"event":{"mods":["Act Like it!","Arknights","Aspiration","Bartender","BaseMod","BetterRewards","Downfall","Duelist Mod","Energized Spire","Gensokyo","Hallownest","Hermit","Hubris","Jorbs\u0027s Wanderer Trilogy","KinomotoSakuraMod(????)","Koishi","KomeijiMod","LagranYue(???·?)","Marisa????????","Minty Spire (QoL Compilation)","READ ME - Guardian Mod","Reimu??????","Remilia??????","Replay The Spire","Spicy Shops","StSLib","SuperFastMode","Td1madao Mod","The Administrix","The Animator","The Bug Knight","The Construct","The Cursed","The Disciple","The Florist","The Hierophant","The Marked","The Mystic","The Necromancer","The Poker Player","The Runesmith","The Servant 0.9.4","The Valiant","The Wild Card","TheBandit","Wandering Minibosses","Youmu??????"],"gold_per_floor":[99,99,118,137,71,31,31,56,56,76,89,89,103,121,137,233,233,133,143,128,128,128,128],"floor_reached":22,"language":"ENG","playtime":1157,"items_purged":[],"score":186,"play_id":"79eb9878-e3bd-4100-a446-84607465a26a","local_time":"20210216193041","is_ascension_mode":false,"campfire_choices":[{"data":"Somersault","floor":1,"key":"SMITH"},{"data":"Press_Forward","floor":9,"key":"SMITH"},{"floor":18,"key":"RECALL"}],"circlet_count":0,"master_deck":["Strike_Bartender","Strike_Bartender","Strike_Bartender","Strike_Bartender","Defend_Bartender","Defend_Bartender","Defend_Bartender","Somersault+1","Pony_Shot","Press_Forward+1","Meteodrive+1","With_A_Twist","Press_Forward","On_The_House","Elbow_Slash","Windup","Pony_Shot","Windup"],"relics":["Sneakers","LagranYue:RandomDrawCardRelic","PaintedHorse:ReiMu","Kunai","Singing Bowl","Black Star","downfall:HeartBlessingGreen"],"acts_visited":["Exordium","TheCity"],"potions_floor_usage":[8,16,16,16,19],"damage_taken":[{"damage":0,"enemies":"Small Slimes","floor":3,"turns":3},{"damage":0,"enemies":"Cultist","floor":4,"turns":4},{"damage":0,"enemies":"downfall:FleeingMerchant","floor":5,"turns":4},{"damage":14,"enemies":"Gremlin Nob","floor":8,"turns":3},{"damage":2,"enemies":"Jaw Worm","floor":10,"turns":6},{"damage":0,"enemies":"Large Slime","floor":11,"turns":5},{"damage":8,"enemies":"Exordium Wildlife","floor":13,"turns":4},{"damage":0,"enemies":"Exordium Thugs","floor":14,"turns":5},{"damage":3,"enemies":"Red Slaver","floor":15,"turns":3},{"damage":23,"enemies":"WA_ARCHETYPE_RETAIN","floor":16,"turns":7},{"damage":28,"enemies":"Shell Parasite","floor":19,"turns":5},{"damage":0,"enemies":"downfall:FleeingMerchant","floor":20,"turns":4},{"damage":61,"enemies":"Snake Plant","floor":22,"turns":4}],"seed_played":"-5112805166999745318","potions_obtained":[{"floor":3,"key":"Venom Potion"},{"floor":4,"key":"champ:CounterPotion"},{"floor":14,"key":"CalmPotion"},{"floor":15,"key":"CultistPotion"},{"floor":16,"key":"PowerPotion"},{"floor":19,"key":"DistilledChaos"}],"is_trial":false,"path_per_floor":["R","?","M","M","$","?","T","E","R","M","M","?","M","M","M","B",null,"R","M","$","?","M"],"character_chosen":"BARTENDER","items_purchased":["Meteodrive+1"],"campfire_rested":0,"item_purchase_floors":[5],"current_hp_per_floor":[77,77,77,77,77,77,77,63,63,61,63,78,70,72,69,46,81,81,53,55,55,0,0],"gold":128,"neow_bonus":"TEN_PERCENT_HP_BONUS","is_daily":false,"chose_seed":false,"campfire_upgraded":2,"win_rate":0.0,"timestamp":1613521841,"path_taken":["R","?","M","M","?","?","T","E","R","M","M","?","M","?","M","BOSS","R","M","$","?","M"],"items_purchased_type":["Card"],"build_version":"2020-12-22","purchased_purges":0,"victory":false,"max_hp_per_floor":[77,77,77,77,77,77,77,77,77,77,79,79,79,81,81,81,81,81,81,83,83,83,83],"card_choices":[{"not_picked":["Bloodbath_Bartender","Phantom_Blow","Glare"],"picked":"SKIP","floor":3},{"not_picked":["Scowl","Dart"],"picked":"Pony_Shot","floor":4},{"not_picked":["Step_Of_The_Wind","ThreeSidedStar"],"picked":"Press_Forward","floor":5},{"not_picked":["Step_Of_The_Wind","Ripple"],"picked":"With_A_Twist","floor":8},{"not_picked":["Training_Dummy","RockBreaker"],"picked":"Press_Forward","floor":10},{"not_picked":["ThreeSidedStar","Bitters","Scowl"],"picked":"Singing Bowl","floor":11},{"not_picked":["Center_Self","Free_Pour"],"picked":"On_The_House","floor":13},{"not_picked":["Free_Pour","On_The_Rocks","Dancing_Jab"],"picked":"Singing Bowl","floor":14},{"not_picked":["Ripple","Stick_and_Move"],"picked":"Elbow_Slash","floor":15},{"not_picked":["Cold_Blooded","High_Tide"],"picked":"Windup","floor":16},{"not_picked":["Step_Of_The_Wind","Meditate+1"],"picked":"Pony_Shot","floor":19},{"not_picked":["Insight_B+1","Vortex","Glare+1"],"picked":"Singing Bowl","floor":20}],"player_experience":1065383,"relics_obtained":[{"floor":7,"key":"Kunai"},{"floor":8,"key":"Singing Bowl"}],"event_choices":[{"cards_removed":["Defend_Bartender"],"damage_healed":0,"gold_gain":0,"player_choice":"Offered Basic","damage_taken":0,"max_hp_gain":0,"max_hp_loss":0,"event_name":"Bonfire Elementals","floor":2,"gold_loss":0},{"damage_healed":0,"gold_gain":0,"player_choice":"Donate","damage_taken":0,"relics_obtained":["PaintedHorse:ReiMu"],"max_hp_gain":0,"max_hp_loss":0,"event_name":"yidonshenshe","floor":6,"gold_loss":40}],"is_beta":false,"boss_relics":[{"not_picked":["Replay:Wanted Poster","Empty Cage"],"picked":"Black Star"}],"items_purged_floors":[],"is_endless":false,"potions_floor_spawned":[3,4,14,15,16,19],"killed_by":"Snake Plant","ascension_level":0}}