{"host":"7m635teefjn47zxe","time":1613586395,"event":{"mods":["BaseMod","Colored Map","Minty Spire (QoL Compilation)","Permanent Neow","Relic Stats","StSLib","everything is the same but u backflip on backflip"],"gold_per_floor":[363,363,67,32,44,78,78,112,188,200,200,216,235,246,246,347,347,362,377,292,292,309,309,342,357,357,113,128,128,163,177,177,177,177],"floor_reached":33,"language":"ENG","playtime":1341,"items_purged":["Strike_R"],"score":463,"play_id":"d2dbba8b-739c-48bf-b64e-985130603be0","local_time":"20210217192635","is_ascension_mode":true,"campfire_choices":[{"floor":7,"key":"REST"},{"data":"Uppercut","floor":11,"key":"SMITH"},{"data":"Seeing Red","floor":15,"key":"SMITH"},{"data":"Spot Weakness","floor":23,"key":"SMITH"},{"data":"Flex","floor":29,"key":"SMITH"},{"data":"Flex","floor":32,"key":"SMITH"}],"circlet_count":0,"master_deck":["AscendersBane","Strike_R","Strike_R","Strike_R","Defend_R","Defend_R","Defend_R","Defend_R","Bash","Flex+1","Carnage","Rampage","Whirlwind","Uppercut+1","Spot Weakness+1","Flex+1","Sword Boomerang","Seeing Red+1","Reaper","Shrug It Off","Shrug It Off","Rage+1","Sword Boomerang","Bloodletting"],"relics":["Burning Blood","Bag of Preparation","Lantern","Omamori","Question Card","Sozu","Regal Pillow","Red Skull","Eternal Feather","PreservedInsect"],"acts_visited":["Exordium","TheCity"],"potions_floor_usage":[12,22],"damage_taken":[{"damage":8,"enemies":"2 Louse","floor":1,"turns":3},{"damage":7,"enemies":"Jaw Worm","floor":5,"turns":2},{"damage":46,"enemies":"Lagavulin","floor":6,"turns":6},{"damage":15,"enemies":"3 Sentries","floor":8,"turns":3},{"damage":6,"enemies":"Cultist","floor":10,"turns":3},{"damage":14,"enemies":"Red Slaver","floor":12,"turns":2},{"damage":0,"enemies":"2 Fungi Beasts","floor":13,"turns":1},{"damage":6,"enemies":"Looter","floor":14,"turns":2},{"damage":55,"enemies":"Slime Boss","floor":16,"turns":12},{"damage":1,"enemies":"Spheric Guardian","floor":18,"turns":3},{"damage":9,"enemies":"Shell Parasite","floor":19,"turns":4},{"damage":40,"enemies":"3 Cultists","floor":22,"turns":6},{"damage":37,"enemies":"Slavers","floor":24,"turns":5},{"damage":3,"enemies":"Chosen and Byrds","floor":25,"turns":3},{"damage":14,"enemies":"Centurion and Healer","floor":28,"turns":7},{"damage":35,"enemies":"Gremlin Leader","floor":30,"turns":9},{"damage":0,"enemies":"Cultist and Chosen","floor":31,"turns":3},{"damage":85,"enemies":"Collector","floor":33,"turns":6}],"seed_played":"-3753655059216506251","potions_obtained":[{"floor":6,"key":"LiquidBronze"},{"floor":8,"key":"BloodPotion"},{"floor":12,"key":"Dexterity Potion"}],"is_trial":false,"path_per_floor":["M","?","$","?","M","E","R","E","T","M","R","M","M","M","R","B",null,"M","M","?","?","M","R","E","M","T","$","M","R","E","M","R","B"],"character_chosen":"IRONCLAD","items_purchased":["Rampage","Bag of Preparation","Eternal Feather"],"campfire_rested":1,"item_purchase_floors":[3,3,27],"current_hp_per_floor":[49,49,49,69,68,28,52,43,43,43,43,51,57,57,57,8,62,75,72,72,72,50,50,19,49,49,49,58,70,52,58,70,0,0],"gold":177,"neow_bonus":"TWO_FIFTY_GOLD","is_daily":false,"chose_seed":false,"campfire_upgraded":5,"win_rate":0.0,"timestamp":1613586395,"path_taken":["M","?","$","?","M","E","R","E","T","M","R","?","M","M","R","BOSS","M","M","?","?","M","R","E","M","T","$","M","R","E","M","R","BOSS"],"items_purchased_type":["Card","Relic","Relic"],"build_version":"2020-12-22","purchased_purges":1,"victory":false,"max_hp_per_floor":[80,80,80,80,80,80,80,80,80,80,80,80,80,80,80,80,80,80,80,80,80,80,80,80,80,80,80,80,80,80,80,80,80,80],"relic_stats":{"Sozu":4,"Regal Pillow":0,"counters":[18,80],"Eternal Feather":24,"PreservedInsect":0,"Bag of Preparation":[34],"Question Card":13,"obtain_stats":[{"Sozu":17,"Lantern":6,"Regal Pillow":20,"Eternal Feather":27,"PreservedInsect":30,"Bag of Preparation":3,"Omamori":8,"Question Card":9,"Burning Blood":0,"Red Skull":24},{"Sozu":9,"Lantern":3,"Regal Pillow":11,"Eternal Feather":14,"PreservedInsect":16,"Bag of Preparation":1,"Omamori":4,"Question Card":4,"Burning Blood":0,"Red Skull":13},{"Sozu":34,"Lantern":11,"Regal Pillow":41,"Eternal Feather":55,"PreservedInsect":71,"Bag of Preparation":3,"Omamori":14,"Question Card":14,"Burning Blood":0,"Red Skull":52}],"Burning Blood":102},"card_choices":[{"not_picked":["Body Slam","Clothesline"],"picked":"Flex","floor":1},{"not_picked":["Thunderclap","Anger"],"picked":"Whirlwind","floor":5},{"not_picked":["Heavy Blade","Exhume","Clash"],"picked":"SKIP","floor":6},{"not_picked":["Anger","Shrug It Off"],"picked":"Uppercut","floor":8},{"not_picked":["Clash","Twin Strike","Thunderclap"],"picked":"Spot Weakness","floor":10},{"not_picked":["Blood for Blood","Clash","Body Slam"],"picked":"Flex","floor":12},{"not_picked":["Uppercut","Headbutt","Armaments"],"picked":"Sword Boomerang","floor":13},{"not_picked":["Anger","Whirlwind","Clash"],"picked":"Seeing Red","floor":14},{"not_picked":["Juggernaut","Berserk","Barricade"],"picked":"Reaper","floor":16},{"not_picked":["Sword Boomerang","Body Slam","Warcry"],"picked":"Shrug It Off","floor":18},{"not_picked":["Headbutt","Battle Trance","Infernal Blade","Intimidate"],"picked":"SKIP","floor":19},{"not_picked":["Feel No Pain","Clothesline","True Grit"],"picked":"Shrug It Off","floor":22},{"not_picked":["Clothesline","Heavy Blade","Blood for Blood"],"picked":"Rage+1","floor":24},{"not_picked":["Searing Blow","Iron Wave","Shockwave","Twin Strike"],"picked":"SKIP","floor":25},{"not_picked":["Iron Wave+1","Pommel Strike","Corruption"],"picked":"Sword Boomerang","floor":28},{"not_picked":["Uppercut","Twin Strike","Pommel Strike","Clothesline"],"picked":"SKIP","floor":30},{"not_picked":["Intimidate","Sword Boomerang","Perfected Strike"],"picked":"Bloodletting","floor":31}],"player_experience":190686,"relics_obtained":[{"floor":6,"key":"Lantern"},{"floor":8,"key":"Omamori"},{"floor":9,"key":"Question Card"},{"floor":24,"key":"Red Skull"},{"floor":30,"key":"PreservedInsect"}],"event_choices":[{"damage_healed":0,"gold_gain":0,"cards_transformed":["Strike_R"],"player_choice":"Change","damage_taken":0,"max_hp_gain":0,"max_hp_loss":0,"event_name":"Living Wall","floor":2,"gold_loss":0,"cards_obtained":["Carnage"]},{"damage_healed":20,"gold_gain":0,"player_choice":"Healed","damage_taken":0,"max_hp_gain":0,"max_hp_loss":0,"event_name":"The Cleric","floor":4,"gold_loss":35},{"damage_healed":0,"gold_gain":0,"player_choice":"Obtained Relic","damage_taken":0,"relics_obtained":["Regal Pillow"],"max_hp_gain":0,"max_hp_loss":0,"event_name":"Addict","floor":20,"gold_loss":85},{"damage_healed":0,"gold_gain":0,"player_choice":"Ignored","damage_taken":0,"max_hp_gain":0,"max_hp_loss":0,"event_name":"Ghosts","floor":21,"gold_loss":0}],"is_beta":false,"boss_relics":[{"not_picked":["SacredBark","Runic Dome"],"picked":"Sozu"}],"items_purged_floors":[3],"is_endless":false,"potions_floor_spawned":[6,8,12,16,18,22,24,25],"killed_by":"Collector","ascension_level":11}}