{"host":"d52brwsy6af8zvaq","time":1613520623,"event":{"mods":["AchievementEnabler","BaseMod","Bestiary","Highlight Path","Minty Spire (QoL Compilation)","Quick Restart","Relic Stats","ojb\u0027s Better Paths Mod"],"gold_per_floor":[118,43,60,60,60,60,74,109,109,120,154,154,179,179,179,253,253,263,263,275,294,366,366,366,366],"floor_reached":24,"language":"ENG","playtime":742,"items_purged":["Strike_B"],"score":478,"play_id":"409b7382-8d2b-4bc0-abcb-c7fb49c294d7","local_time":"20210216171023","is_ascension_mode":true,"campfire_choices":[{"data":"Zap","floor":6.0,"key":"SMITH"},{"floor":12.0,"key":"REST"},{"data":"Rip and Tear","floor":15.0,"key":"SMITH"},{"floor":23,"key":"REST"}],"circlet_count":0,"master_deck":["AscendersBane","Strike_B","Strike_B","Defend_B","Defend_B","Defend_B","Defend_B","Zap+1","Dualcast","Ball Lightning","Rebound","Rip and Tear+1","Ball Lightning","Seek","Steam","Core Surge","Cold Snap","Coolheaded+1"],"relics":["Cracked Core","Singing Bowl","Du-Vu Doll","Darkstone Periapt","The Courier","Toy Ornithopter","Runic Pyramid"],"acts_visited":["Exordium","TheCity"],"potions_floor_usage":[24],"damage_taken":[{"damage":2.0,"enemies":"2 Louse","floor":1.0,"turns":3.0},{"damage":0.0,"enemies":"Small Slimes","floor":3.0,"turns":2.0},{"damage":0.0,"enemies":"Jaw Worm","floor":7.0,"turns":3.0},{"damage":8.0,"enemies":"Gremlin Nob","floor":8.0,"turns":3.0},{"damage":0.0,"enemies":"Large Slime","floor":10.0,"turns":3.0},{"damage":20.0,"enemies":"3 Sentries","floor":11.0,"turns":6.0},{"damage":0.0,"enemies":"Gremlin Nob","floor":13.0,"turns":2.0},{"damage":36.0,"enemies":"The Guardian","floor":16.0,"turns":12.0},{"damage":21.0,"enemies":"Shell Parasite","floor":18.0,"turns":3.0},{"damage":2.0,"enemies":"Masked Bandits","floor":19.0,"turns":2.0},{"damage":28.0,"enemies":"2 Thieves","floor":20.0,"turns":3.0},{"damage":5,"enemies":"Chosen and Byrds","floor":21,"turns":6},{"damage":51,"enemies":"Gremlin Leader","floor":24,"turns":5}],"seed_played":"1760719595242824959","potions_obtained":[{"floor":0.0,"key":"Fire Potion"},{"floor":0.0,"key":"SmokeBomb"},{"floor":11.0,"key":"FearPotion"},{"floor":20.0,"key":"Ancient Potion"}],"is_trial":false,"path_per_floor":["M","$","M","?","?","R","M","E","T","M","E","R","E","?","R","B",null,"M","?","M","M","T","R","E"],"character_chosen":"DEFECT","items_purchased":[],"campfire_rested":2,"item_purchase_floors":[],"current_hp_per_floor":[62,62,62,51,56,56,56,48,48,48,30,53,53,46,46,10,61,40,43,17,12,12,36,0,0],"gold":366,"neow_bonus":"THREE_SMALL_POTIONS","is_daily":false,"chose_seed":false,"campfire_upgraded":2,"win_rate":0.0,"timestamp":1613520623,"path_taken":["M","$","M","?","?","R","M","E","T","M","E","R","E","?","R","BOSS","M","?","M","M","?","R","E"],"items_purchased_type":[],"build_version":"2020-12-22","purchased_purges":1,"victory":false,"max_hp_per_floor":[71,71,71,71,76,76,76,76,76,76,78,78,78,78,78,78,78,78,78,80,80,80,80,80,80],"relic_stats":{"Darkstone Periapt":0,"Singing Bowl":4,"counters":[13,53],"obtain_stats":[{"Du-Vu Doll":8,"Darkstone Periapt":9,"Singing Bowl":4,"The Courier":11,"Cracked Core":0,"Toy Ornithopter":13,"Runic Pyramid":17},{"Du-Vu Doll":4,"Darkstone Periapt":4,"Singing Bowl":2,"The Courier":6,"Cracked Core":0,"Toy Ornithopter":7,"Runic Pyramid":8},{"Du-Vu Doll":11,"Darkstone Periapt":11,"Singing Bowl":5,"The Courier":20,"Cracked Core":0,"Toy Ornithopter":22,"Runic Pyramid":34}],"Toy Ornithopter":10},"card_choices":[{"not_picked":["White Noise","Double Energy"],"picked":"Ball Lightning","floor":1.0},{"not_picked":["Turbo","Leap"],"picked":"Rebound","floor":3.0},{"not_picked":["Gash","Beam Cell"],"picked":"Rip and Tear","floor":7.0},{"not_picked":["Gash","Stack"],"picked":"Ball Lightning","floor":8.0},{"not_picked":["Sweeping Beam","Recycle"],"picked":"Seek","floor":10.0},{"not_picked":["Steam Power","Scrape","Ball Lightning"],"picked":"Singing Bowl","floor":11.0},{"not_picked":["Rebound","Fusion"],"picked":"Steam","floor":13.0},{"not_picked":["Seek","Creative AI"],"picked":"Core Surge","floor":16.0},{"not_picked":["Coolheaded","Streamline"],"picked":"Cold Snap","floor":18.0},{"not_picked":["Ball Lightning","Loop","Rebound"],"picked":"Singing Bowl","floor":20.0},{"not_picked":["Turbo+1","Machine Learning"],"picked":"Coolheaded+1","floor":21}],"player_experience":2288776,"relics_obtained":[{"floor":8.0,"key":"Du-Vu Doll"},{"floor":9.0,"key":"Darkstone Periapt"},{"floor":11.0,"key":"The Courier"},{"floor":13.0,"key":"Toy Ornithopter"}],"event_choices":[{"damage_healed":0.0,"max_hp_gain":0.0,"max_hp_loss":0.0,"gold_gain":0.0,"event_name":"Scrap Ooze","player_choice":"Success","floor":4.0,"gold_loss":0.0,"damage_taken":11.0,"relics_obtained":["Singing Bowl"]},{"damage_healed":0.0,"max_hp_gain":5.0,"max_hp_loss":0.0,"gold_gain":0.0,"event_name":"Big Fish","player_choice":"Donut","floor":5.0,"gold_loss":0.0,"damage_taken":0.0},{"cards_removed":["Strike_B"],"damage_healed":0.0,"max_hp_gain":0.0,"max_hp_loss":0.0,"gold_gain":0.0,"event_name":"Golden Wing","player_choice":"Card Removal","floor":14.0,"gold_loss":0.0,"damage_taken":7.0},{"damage_healed":0.0,"max_hp_gain":0.0,"max_hp_loss":0.0,"gold_gain":0.0,"event_name":"Masked Bandits","player_choice":"Fought Bandits","floor":19.0,"gold_loss":0.0,"damage_taken":0.0}],"is_beta":false,"boss_relics":[{"not_picked":["Philosopher\u0027s Stone","SacredBark"],"picked":"Runic Pyramid"}],"items_purged_floors":[2],"is_endless":false,"potions_floor_spawned":[1,8,11,20],"killed_by":"Gremlin Leader","ascension_level":20}}