{"host":"mnpd8gh7cwxsn5kh","time":1613592339,"event":{"mods":["BaseMod","Bestiary","Block Reminder","Colored Map","Colored Powertips","Highlight Path","Minty Spire (QoL Compilation)","Relic Sorter","Relic Stats"],"gold_per_floor":[112,127,127,150,75,119,133,176,199,235,215,255,271,289,289,384,384,400,296,296,314,332,332,367,367,419,419,419,419,454,467,467,562,562,576,576,31,0,333,333,359,359,432,466,466,492,492,492,492,492,492],"floor_reached":50,"language":"ENG","playtime":5791,"items_purged":["Strike_P","Strike_P"],"score":1270,"play_id":"184ba113-d896-47b4-aebf-fd90673579a2","local_time":"20210217210539","is_ascension_mode":true,"campfire_choices":[{"data":"Blasphemy","floor":15.0,"key":"SMITH"},{"floor":23.0,"key":"REST"},{"floor":25.0,"key":"REST"},{"data":"Eruption","floor":27.0,"key":"SMITH"},{"data":"Vault","floor":29.0,"key":"SMITH"},{"floor":32.0,"key":"REST"},{"data":"Nirvana","floor":40,"key":"SMITH"},{"data":"Wallop","floor":42,"key":"SMITH"},{"data":"Perseverance","floor":45,"key":"SMITH"},{"floor":49,"key":"REST"}],"circlet_count":0,"master_deck":["AscendersBane","Defend_P","Defend_P","Eruption+1","Vigilance","DevaForm+1","FlyingSleeves+1","CrushJoints+1","Conclude+1","Halt","FearNoEvil+1","ThirdEye","CutThroughFate","Blasphemy+1","Protect","Vault+1","CutThroughFate","Nirvana+1","FlurryOfBlows","Wallop+1","ThirdEye+1","EmptyFist","ThirdEye","Brilliance","ThirdEye","Transmutation","Alpha","Perseverance+1","ThirdEye","CrushJoints+1"],"relics":["Astrolabe","Yang","Whetstone","Blood Vial","Juzu Bracelet","The Courier","Runic Pyramid","Happy Flower","Turnip","Sozu","Sundial","PreservedInsect","Red Mask","Toy Ornithopter","StrikeDummy","InkBottle"],"acts_visited":["Exordium","TheCity","TheBeyond"],"potions_floor_usage":[33,33],"damage_taken":[{"damage":0.0,"enemies":"Cultist","floor":1.0,"turns":3.0},{"damage":0.0,"enemies":"2 Louse","floor":2.0,"turns":2.0},{"damage":4.0,"enemies":"Jaw Worm","floor":4.0,"turns":2.0},{"damage":2.0,"enemies":"3 Sentries","floor":6.0,"turns":6.0},{"damage":1.0,"enemies":"3 Louse","floor":7.0,"turns":3.0},{"damage":13.0,"enemies":"Gremlin Nob","floor":8.0,"turns":3.0},{"damage":2.0,"enemies":"3 Sentries","floor":10.0,"turns":2.0},{"damage":3.0,"enemies":"Lagavulin","floor":12.0,"turns":5.0},{"damage":0.0,"enemies":"Blue Slaver","floor":13.0,"turns":3.0},{"damage":0.0,"enemies":"Large Slime","floor":14.0,"turns":2.0},{"damage":12.0,"enemies":"Slime Boss","floor":16.0,"turns":7.0},{"damage":22.0,"enemies":"2 Thieves","floor":18.0,"turns":4.0},{"damage":12.0,"enemies":"Shell Parasite","floor":21.0,"turns":2.0},{"damage":9.0,"enemies":"Snake Plant","floor":22.0,"turns":3.0},{"damage":19.0,"enemies":"Book of Stabbing","floor":24.0,"turns":3.0},{"damage":22.0,"enemies":"Slavers","floor":30.0,"turns":2.0},{"damage":1.0,"enemies":"Centurion and Healer","floor":31.0,"turns":3.0},{"damage":11,"enemies":"Automaton","floor":33,"turns":9},{"damage":0,"enemies":"Orb Walker","floor":35,"turns":3},{"damage":0,"enemies":"Nemesis","floor":41,"turns":4},{"damage":17,"enemies":"Reptomancer","floor":44,"turns":9},{"damage":2,"enemies":"Giant Head","floor":46,"turns":7},{"damage":66,"enemies":"Donu and Deca","floor":50,"turns":9}],"seed_played":"-4003226067817845008","potions_obtained":[{"floor":4.0,"key":"Swift Potion"},{"floor":7.0,"key":"PowerPotion"},{"floor":11.0,"key":"Regen Potion"},{"floor":18.0,"key":"Explosive Potion"},{"floor":30.0,"key":"EssenceOfSteel"},{"floor":31.0,"key":"Ambrosia"}],"is_trial":false,"path_per_floor":["M","M","?","M","$","E","M","E","T","E","?","E","M","M","R","B",null,"M","$","?","M","M","R","E","R","T","R","?","R","E","M","R","B",null,"M","?","$","?","?","R","E","R","T","E","R","E","?","?","R","B"],"character_chosen":"WATCHER","items_purchased":["FlurryOfBlows","Sundial","PreservedInsect","Alpha","Perseverance"],"campfire_rested":4,"item_purchase_floors":[19,37,37,37,37],"current_hp_per_floor":[61,61,61,57,57,55,54,41,41,41,41,40,42,44,44,34,55,47,47,41,31,24,42,25,43,43,43,43,43,23,24,42,33,55,57,57,57,57,57,57,59,59,59,44,44,44,44,44,62,0,0],"gold":492,"neow_bonus":"BOSS_RELIC","is_daily":false,"chose_seed":false,"campfire_upgraded":6,"win_rate":0.0,"timestamp":1613592339,"path_taken":["M","M","?","M","$","E","M","E","T","E","?","E","M","M","R","BOSS","M","$","?","M","M","R","E","R","T","R","?","R","E","M","R","BOSS","M","?","$","?","?","R","E","R","T","E","R","E","?","?","R","BOSS"],"items_purchased_type":["Card","Relic","Relic","Card","Card"],"build_version":"2020-12-22","purchased_purges":2,"victory":false,"max_hp_per_floor":[68,68,62,62,62,62,62,62,62,62,62,62,62,62,62,62,62,62,62,62,62,62,62,62,62,62,62,62,62,62,62,62,62,62,62,62,62,62,62,62,62,62,62,62,62,62,62,62,62,62,62],"relic_stats":{"Happy Flower":[15],"counters":[23,96],"Astrolabe":["DevaForm","FlyingSleeves","CrushJoints"],"Yang":[181],"PreservedInsect":239,"Juzu Bracelet":3,"Whetstone":["Conclude","FearNoEvil"],"Blood Vial":32,"Sozu":2,"Sundial":[2],"Turnip":[2],"obtain_stats":[{"Happy Flower":26,"Golden Idol":3,"Astrolabe":0,"Yang":6,"The Courier":12,"PreservedInsect":37,"Juzu Bracelet":10,"Whetstone":8,"Blood Vial":9,"Sozu":34,"Sundial":37,"Turnip":30,"Red Mask":38,"PureWater":0,"StrikeDummy":44,"Toy Ornithopter":41,"InkBottle":46,"Runic Pyramid":17},{"Happy Flower":15,"Golden Idol":2,"Astrolabe":0,"Yang":4,"The Courier":8,"PreservedInsect":19,"Juzu Bracelet":7,"Whetstone":6,"Blood Vial":6,"Sozu":18,"Sundial":19,"Turnip":16,"Red Mask":19,"PureWater":0,"StrikeDummy":21,"Toy Ornithopter":20,"InkBottle":22,"Runic Pyramid":11},{"Happy Flower":50,"Golden Idol":5,"Astrolabe":0,"Yang":13,"The Courier":26,"PreservedInsect":67,"Juzu Bracelet":21,"Whetstone":19,"Blood Vial":19,"Sozu":64,"Sundial":67,"Turnip":52,"Red Mask":67,"PureWater":0,"StrikeDummy":80,"Toy Ornithopter":71,"InkBottle":87,"Runic Pyramid":38}],"Toy Ornithopter":0,"InkBottle":[4]},"card_choices":[{"not_picked":["FollowUp","Weave"],"picked":"Conclude","floor":1.0},{"not_picked":["FlurryOfBlows","SignatureMove"],"picked":"Halt","floor":2.0},{"not_picked":["ForeignInfluence","BattleHymn"],"picked":"FearNoEvil","floor":4.0},{"not_picked":["FollowUp","Prostrate"],"picked":"ThirdEye","floor":6.0},{"not_picked":["LikeWater","WaveOfTheHand"],"picked":"CutThroughFate","floor":7.0},{"not_picked":["ThirdEye","FlurryOfBlows"],"picked":"Blasphemy","floor":8.0},{"not_picked":["EmptyFist","Worship"],"picked":"Protect","floor":10.0},{"not_picked":["FlyingSleeves","ThirdEye"],"picked":"Vault","floor":12.0},{"not_picked":["Study","SandsOfTime"],"picked":"CutThroughFate","floor":13.0},{"not_picked":["Fasting2","Evaluate"],"picked":"Nirvana","floor":14.0},{"not_picked":["CutThroughFate","CarveReality","ReachHeaven"],"picked":"SKIP","floor":18.0},{"not_picked":["CutThroughFate","InnerPeace"],"picked":"Wallop","floor":21.0},{"not_picked":["WheelKick","Crescendo+1","WaveOfTheHand"],"picked":"SKIP","floor":22.0},{"not_picked":["CutThroughFate","PathToVictory"],"picked":"ThirdEye+1","floor":24.0},{"not_picked":["Ragnarok","Evaluate"],"picked":"EmptyFist","floor":30.0},{"not_picked":["BowlingBash","Halt"],"picked":"ThirdEye","floor":31.0},{"not_picked":["Omniscience","Blasphemy"],"picked":"Brilliance","floor":33},{"not_picked":["ClearTheMind+1","WreathOfFlame"],"picked":"ThirdEye","floor":35},{"not_picked":["Purity","Deep Breath"],"picked":"Transmutation","floor":36},{"not_picked":["SandsOfTime","Protect","FollowUp"],"picked":"SKIP","floor":41},{"not_picked":["FlyingSleeves","Protect"],"picked":"ThirdEye","floor":44},{"not_picked":["Crescendo","WreathOfFlame+1"],"picked":"CrushJoints+1","floor":46}],"player_experience":587371,"relics_obtained":[{"floor":6.0,"key":"Yang"},{"floor":8.0,"key":"Whetstone"},{"floor":9.0,"key":"Blood Vial"},{"floor":10.0,"key":"Juzu Bracelet"},{"floor":12.0,"key":"The Courier"},{"floor":26.0,"key":"Happy Flower"},{"floor":30.0,"key":"Turnip"},{"floor":41,"key":"Toy Ornithopter"},{"floor":44,"key":"StrikeDummy"},{"floor":46,"key":"InkBottle"}],"event_choices":[{"damage_healed":0.0,"max_hp_gain":0.0,"max_hp_loss":6.0,"gold_gain":0.0,"event_name":"Golden Idol","player_choice":"Lose Max HP","floor":3.0,"gold_loss":0.0,"damage_taken":0.0,"relics_obtained":["Golden Idol"]},{"damage_healed":0.0,"max_hp_gain":0.0,"max_hp_loss":0.0,"gold_gain":0.0,"event_name":"The Woman in Blue","player_choice":"Bought 1 Potion","floor":11.0,"gold_loss":0.0,"damage_taken":0.0},{"damage_healed":0.0,"max_hp_gain":0.0,"max_hp_loss":0.0,"gold_gain":0.0,"event_name":"Knowing Skull","player_choice":"","floor":20.0,"potions_obtained":[],"gold_loss":0.0,"damage_taken":6.0,"cards_obtained":[]},{"damage_healed":0.0,"max_hp_gain":0.0,"max_hp_loss":0.0,"gold_gain":0.0,"event_name":"The Mausoleum","player_choice":"Ignored","floor":28.0,"gold_loss":0.0,"damage_taken":0.0},{"damage_healed":0,"gold_gain":0,"player_choice":"Memory 1","damage_taken":0,"max_hp_gain":0,"max_hp_loss":0,"event_name":"SensoryStone","floor":36,"gold_loss":0},{"damage_healed":0,"gold_gain":0,"player_choice":"Paid","damage_taken":0,"relics_obtained":["Red Mask"],"max_hp_gain":0,"max_hp_loss":0,"event_name":"Tomb of Lord Red Mask","floor":38,"gold_loss":31},{"damage_healed":0,"gold_gain":333,"player_choice":"Gave Idol","damage_taken":0,"max_hp_gain":0,"max_hp_loss":0,"event_name":"The Moai Head","floor":39,"relics_lost":["Golden Idol"],"gold_loss":0},{"cards_removed":["Defend_P"],"damage_healed":0,"gold_gain":0,"player_choice":"Purged","damage_taken":0,"max_hp_gain":0,"max_hp_loss":0,"event_name":"Purifier","floor":47,"gold_loss":0},{"damage_healed":0,"gold_gain":0,"player_choice":"Ignored","damage_taken":0,"max_hp_gain":0,"max_hp_loss":0,"event_name":"SecretPortal","floor":48,"gold_loss":0}],"is_beta":false,"boss_relics":[{"not_picked":["SacredBark","VioletLotus"],"picked":"Runic Pyramid"},{"not_picked":["Calling Bell","Fusion Hammer"],"picked":"Sozu"}],"items_purged_floors":[5,19],"is_endless":false,"potions_floor_spawned":[4,7,10,13,16,18,22,30,31,44,46],"killed_by":"Donu and Deca","ascension_level":18}}