{"host":"fnndj664xgd3vavt","time":1613576058,"event":{"mods":["AchievementEnabler","BaseMod","Colored Powertips","DeckTracker","Downfall","Hermit","Highlight Path","Infinite Spire","Marisa????????","Minty Spire (QoL Compilation)","Quick Restart","Random Character Button","Replay The Spire","StSLib","The Cursed","The Servant 0.9.4"],"gold_per_floor":[99,112,122,136,154,139,139,154,54,67,242,275,275,286,297,297,297,297],"floor_reached":16,"language":"ENG","playtime":976,"items_purged":[],"score":111,"play_id":"98ee8096-7a7f-4d6d-8689-db67a1ad4c90","local_time":"20210217103418","is_ascension_mode":true,"campfire_choices":[{"floor":1,"key":"RECALL"},{"floor":9,"key":"REST"},{"data":"Guardian:FuturePlans","floor":13,"key":"SMITH"}],"circlet_count":0,"master_deck":["Guardian:Strike_Guardian","Guardian:Strike_Guardian","Guardian:Strike_Guardian","Guardian:Strike_Guardian","Guardian:Defend_Guardian","Guardian:Defend_Guardian","Guardian:Defend_Guardian","Guardian:Defend_Guardian","Guardian:CurlUp","Guardian:TwinSlam","Guardian:FuturePlans+1","Guardian:PrimingBeam","Guardian:BaubleBeam+1","Guardian:Suspension","Guardian:ShieldCharger","Doubt","Guardian:Recover","Guardian:Gem_Cyan","Guardian:BronzeArmor"],"relics":["Guardian:ModeShifter","Gremlin Food","downfall:HeartBlessingRed","infinitespire:Eraser"],"acts_visited":["Exordium"],"potions_floor_usage":[16],"damage_taken":[{"damage":5,"enemies":"Cultist","floor":2,"turns":4},{"damage":11,"enemies":"Jaw Worm","floor":3,"turns":5},{"damage":0,"enemies":"2 Louse","floor":4,"turns":3},{"damage":14,"enemies":"Lots of Slimes","floor":5,"turns":6},{"damage":5,"enemies":"downfall:FleeingMerchant","floor":6,"turns":4},{"damage":16,"enemies":"Large Slime","floor":8,"turns":6},{"damage":5,"enemies":"Gremlin Gang","floor":10,"turns":5},{"damage":16,"enemies":"3 Sentries","floor":12,"turns":9},{"damage":12,"enemies":"3 Louse","floor":14,"turns":3},{"damage":11,"enemies":"Large Slime","floor":15,"turns":6},{"damage":25,"enemies":"WA_ARCHETYPE_RETAIN","floor":16,"turns":7}],"seed_played":"1695049373562739489","potions_obtained":[{"floor":4,"key":"GamblersBrew"},{"floor":5,"key":"SkillPotion"},{"floor":15,"key":"BlessingOfTheForge"}],"is_trial":false,"path_per_floor":["R","M","M","M","M","$","T","M","R","M","?","E","R","M","M","B"],"character_chosen":"GUARDIAN","items_purchased":[],"campfire_rested":1,"item_purchase_floors":[],"current_hp_per_floor":[88,83,72,72,58,53,53,37,63,58,58,42,42,30,19,0,0,0],"gold":297,"neow_bonus":"TEN_PERCENT_HP_BONUS","is_daily":false,"chose_seed":false,"campfire_upgraded":1,"win_rate":0.0,"timestamp":1613576058,"path_taken":["R","M","M","M","M","?","T","M","R","?","?","E","R","M","M","BOSS"],"items_purchased_type":[],"build_version":"2020-12-22","purchased_purges":0,"victory":false,"max_hp_per_floor":[88,88,88,88,88,88,88,88,88,88,88,88,88,88,88,88,88,88],"card_choices":[{"not_picked":["Guardian:Gem_Yellow","Guardian:ShieldCharger"],"picked":"Guardian:Gem_Red","floor":2},{"not_picked":["Guardian:ShieldCharger","Guardian:BronzeArmor"],"picked":"Guardian:Gem_White","floor":3},{"not_picked":["Guardian:VentSteam","Guardian:ChargeCore"],"picked":"Guardian:FuturePlans","floor":4},{"not_picked":["Guardian:DecasProtection","Guardian:TemporalShield"],"picked":"Guardian:PrimingBeam","floor":5},{"not_picked":["Guardian:Gem_Green","Guardian:Planning"],"picked":"Guardian:BaubleBeam","floor":6},{"not_picked":["Guardian:GuardianWhirl","Guardian:CrystalBeam"],"picked":"Guardian:Suspension","floor":8},{"not_picked":["Guardian:Gem_Lightblue","Guardian:TemporalStrike"],"picked":"Guardian:ShieldCharger","floor":10},{"not_picked":["Guardian:Gem_Lightblue","Guardian:GuardianWhirl"],"picked":"Guardian:Recover","floor":12},{"not_picked":["Guardian:FastForward","Guardian:Recover"],"picked":"Guardian:Gem_Cyan","floor":14},{"not_picked":["Guardian:Clone","Guardian:DecasProtection"],"picked":"Guardian:BronzeArmor","floor":15}],"player_experience":330855,"relics_obtained":[{"floor":7,"key":"Gremlin Food"},{"floor":12,"key":"infinitespire:Eraser"}],"event_choices":[],"is_beta":false,"boss_relics":[],"items_purged_floors":[],"is_endless":false,"potions_floor_spawned":[4,5,15],"killed_by":"WA_ARCHETYPE_RETAIN","ascension_level":1}}