{"host":"tr0r177cvmpvg89h","time":1613524618,"event":{"mods":["BaseMod","Colored Map","DeckTracker","Minty Spire (QoL Compilation)","StSLib","SuperFastMode"],"gold_per_floor":[115,115,133,153,72,72,83,83,83,83,83,102,102,27,27,150,150,173,193,193,208,15,58,58,82,82,82,97,97,118,20,20,20,20],"floor_reached":33,"language":"KOR","playtime":1813,"items_purged":["Strike_R","Strike_R"],"score":257,"play_id":"a9fd7778-6820-4c47-9bb6-438708f622db","local_time":"20210217101658","is_ascension_mode":false,"campfire_choices":[{"data":"Sever Soul","floor":6,"key":"SMITH"},{"data":"Clash","floor":8,"key":"SMITH"},{"data":"Dropkick","floor":11,"key":"SMITH"},{"data":"Wild Strike","floor":13,"key":"SMITH"},{"data":"Dropkick","floor":15,"key":"SMITH"},{"data":"Immolate","floor":24,"key":"SMITH"},{"data":"Madness","floor":27,"key":"SMITH"},{"data":"Feed","floor":29,"key":"SMITH"},{"data":"Forethought","floor":32,"key":"SMITH"}],"circlet_count":0,"master_deck":["Strike_R+1","Strike_R","Strike_R+1","Defend_R","Defend_R","Defend_R","Defend_R","Bash","Clash+1","Dropkick+1","Dropkick+1","Sever Soul+1","Thunderclap","Wild Strike+1","Immolate+1","Second Wind","Madness+1","Reckless Charge+1","Feed+1","Feel No Pain","Forethought+1"],"relics":["Burning Blood","NeowsBlessing","Torii","Golden Idol","Sozu","Mercury Hourglass","Pantograph"],"acts_visited":["Exordium","TheCity"],"potions_floor_usage":[],"damage_taken":[{"damage":0,"enemies":"Cultist","floor":1,"turns":1},{"damage":0,"enemies":"Small Slimes","floor":3,"turns":2},{"damage":0,"enemies":"2 Louse","floor":4,"turns":1},{"damage":11,"enemies":"Large Slime","floor":7,"turns":7},{"damage":22,"enemies":"Exordium Wildlife","floor":12,"turns":3},{"damage":52,"enemies":"Slime Boss","floor":16,"turns":13},{"damage":2,"enemies":"Shell Parasite","floor":18,"turns":3},{"damage":0,"enemies":"Chosen","floor":19,"turns":4},{"damage":6,"enemies":"3 Cultists","floor":21,"turns":4},{"damage":36,"enemies":"Book of Stabbing","floor":23,"turns":4},{"damage":0,"enemies":"Centurion and Healer","floor":25,"turns":3},{"damage":1,"enemies":"Cultist and Chosen","floor":28,"turns":4},{"damage":21,"enemies":"Snake Plant","floor":30,"turns":2},{"damage":110,"enemies":"Automaton","floor":33,"turns":10}],"seed_played":"-7332835388576448382","potions_obtained":[{"floor":3,"key":"FairyPotion"}],"is_trial":false,"path_per_floor":["M","?","M","M","$","R","M","R","T","?","R","M","R","$","R","B",null,"M","M","?","M","$","E","R","M","T","R","M","R","M","$","R","B"],"character_chosen":"IRONCLAD","items_purchased":["Sever Soul","Madness","Forethought"],"campfire_rested":0,"item_purchase_floors":[5,22,31],"current_hp_per_floor":[80,64,70,76,76,76,71,71,71,71,71,55,55,55,55,9,80,80,80,80,80,80,50,50,56,56,56,61,61,46,46,46,0,0],"gold":20,"neow_bonus":"THREE_ENEMY_KILL","is_daily":false,"chose_seed":false,"campfire_upgraded":9,"win_rate":0.0,"timestamp":1613524618,"path_taken":["M","?","M","M","$","R","M","R","T","?","R","M","R","$","R","BOSS","M","M","?","M","$","E","R","M","T","R","M","R","M","$","R","BOSS"],"items_purchased_type":["Card","Card","Card"],"build_version":"2020-12-22","purchased_purges":2,"victory":false,"max_hp_per_floor":[80,80,80,80,80,80,80,80,80,80,80,80,80,80,80,80,80,80,80,80,80,80,80,80,80,80,80,80,80,80,80,80,80,80],"card_choices":[{"not_picked":["Flex","Heavy Blade"],"picked":"Clash","floor":1},{"not_picked":["Shrug It Off","Cleave"],"picked":"Dropkick","floor":3},{"not_picked":["Sword Boomerang","Shrug It Off"],"picked":"Dropkick","floor":4},{"not_picked":["Shockwave","Flame Barrier"],"picked":"Thunderclap","floor":7},{"not_picked":["Iron Wave","Cleave"],"picked":"Wild Strike","floor":12},{"not_picked":["Barricade","Bludgeon"],"picked":"Immolate","floor":16},{"not_picked":["Shockwave","Heavy Blade+1","Pummel"],"picked":"SKIP","floor":18},{"not_picked":["Rampage","Wild Strike"],"picked":"Second Wind","floor":19},{"not_picked":["Wild Strike+1","Heavy Blade","Anger"],"picked":"SKIP","floor":21},{"not_picked":["Shrug It Off","Armaments"],"picked":"Reckless Charge+1","floor":23},{"not_picked":["Cleave","Sentinel"],"picked":"Feed","floor":25},{"not_picked":["Armaments+1","Clothesline+1"],"picked":"Feel No Pain","floor":28},{"not_picked":["Heavy Blade+1","Anger","Ghostly Armor+1"],"picked":"SKIP","floor":30}],"player_experience":77527,"relics_obtained":[{"floor":9,"key":"Torii"},{"floor":23,"key":"Mercury Hourglass"},{"floor":26,"key":"Pantograph"}],"event_choices":[{"damage_healed":0,"gold_gain":0,"player_choice":"Entered Light","damage_taken":16,"max_hp_gain":0,"max_hp_loss":0,"event_name":"Shining Light","floor":2,"gold_loss":0,"cards_upgraded":["Strike_R","Strike_R"]},{"damage_healed":0,"gold_gain":0,"player_choice":"Take Wound","damage_taken":0,"relics_obtained":["Golden Idol"],"max_hp_gain":0,"max_hp_loss":0,"event_name":"Golden Idol","floor":10,"gold_loss":0,"cards_obtained":["Injury"]},{"cards_removed":["Injury"],"damage_healed":0,"gold_gain":0,"player_choice":"Elegance","damage_taken":0,"max_hp_gain":0,"max_hp_loss":0,"event_name":"Back to Basics","floor":20,"gold_loss":0}],"is_beta":false,"boss_relics":[{"not_picked":["Busted Crown","Astrolabe"],"picked":"Sozu"}],"items_purged_floors":[14,22],"is_endless":false,"potions_floor_spawned":[3,18,21,30],"killed_by":"Automaton","ascension_level":0}}