{"host":"dwyzfvnzfcqffr30","time":1613606369,"event":{"mods":["2.2 Compatiblity","Act Like it!","Aspiration","BaseMod","Beaked The Cultist","Better Altar","Better Match","Better Note","Better Sensory Stone","Better Skull","Better Third Choice","Clockwork Mod","Colored Map","Colored Powertips","Conspire","Downfall","Elementarium","GifTheSpireLib","Halation","Hermit","Hubris","Infinite Spire","Ironclad Rager","Jedi Mod","Menagerie","Mimic Mod","Minty Spire (QoL Compilation)","Permanent Neow","Random Character Button","Relic Filter Mod","Reliquary","Replay The Spire","Shapeshifter Mod","Spicy Shops","Spikes Relics","StSLib","Stuff the Spire","The Construct","The Disciple","The Druid","The Marked","TheFirefly","Trackpad","Wandering Minibosses"],"gold_per_floor":[138,184,184,184,76,143,143,193,229,229,272,272,301,374,374,457,457,510,510,510,510],"floor_reached":20,"language":"ENG","playtime":5091,"items_purged":["Strike_Br+1"],"score":314,"play_id":"c95603d6-211d-481c-a7bf-2553fcdd78f1","local_time":"20210217155929","is_ascension_mode":true,"campfire_choices":[{"floor":7,"key":"REST"},{"floor":10,"key":"REST"},{"floor":15,"key":"REST"}],"circlet_count":0,"master_deck":["StSShapeShifter:FoxForm+1","Strike_Br+1","Strike_Br+1","Strike_Br+1","Defend_Br+1","Defend_Br+1","Defend_Br+1","Defend_Br+1","SecondHand+1","PatternShift+1","ReplayTheSpireMod:Private Reserves+1","MasterReality+1","Apotheosis+1","HandsUpB+1","HandsUpC+1","WatchCommand+1","BlueShift+1","HandsUpB+1","ExoVibe+4","LockedCalendar+1","Pace+1","LockedScales+1","StSShapeShifter:StormGryphonForm+1","hubris:NaturalOne"],"relics":["Chronometer","Frozen Egg 2","Toxic Egg 2","Molten Egg 2","Quantum Egg","infinitespire:EvilPickle","conspire:InfiniteJournal","SacredBark","hubris:TinFlute","halation:Prosthetics","Bottled Tornado","halation:BlackBeret","aspiration:FetidBarrel","hubris:Icosahedron","Ancient Tea Set","beaked:SacredDeck"],"acts_visited":["Menagerie:Menagerie","Elementarium:Elementarium"],"potions_floor_usage":[13,14,16,16,18],"damage_taken":[{"damage":2,"enemies":"Menagerie:StygianBoar","floor":1,"turns":3},{"damage":11,"enemies":"Menagerie:WhisperingWraith","floor":2,"turns":8},{"damage":11,"enemies":"Menagerie:VoidReaper","floor":6,"turns":9},{"damage":3,"enemies":"Menagerie:Hydra","floor":8,"turns":4},{"damage":0,"enemies":"Menagerie:MonstrousExperiment","floor":9,"turns":4},{"damage":7,"enemies":"Menagerie:MonstrousExperiment","floor":11,"turns":3},{"damage":0,"enemies":"Menagerie:DREAD_MOTH_AND_GRAFTED_WORMS","floor":13,"turns":1},{"damage":6,"enemies":"Menagerie:VoidReaper","floor":14,"turns":9},{"damage":0,"enemies":"Menagerie:AVATARS","floor":16,"turns":4},{"damage":0,"enemies":"Elementarium:2_ELEMENTALS","floor":18,"turns":5},{"damage":27,"enemies":"Elementarium:Cyclone","floor":20,"turns":4}],"seed_played":"359222388721190661","potions_obtained":[{"floor":8,"key":"Explosive Potion"},{"floor":13,"key":"Weak Potion"},{"floor":14,"key":"Slimebound:ThreeZeroPotion"},{"floor":16,"key":"SkillPotion"},{"floor":18,"key":"Swift Potion"}],"is_trial":false,"path_per_floor":["M","M","?","?","$","E","R","E","MIM","R","M","?","M","E","R","B",null,"M","?","M"],"character_chosen":"CHRONO_CLASS","items_purchased":["WatchCommand+1"],"campfire_rested":3,"item_purchase_floors":[5],"current_hp_per_floor":[28,17,17,20,20,9,18,15,15,24,17,17,17,11,20,20,28,28,25,0,0],"gold":510,"neow_bonus":"RANDOM_COLORLESS","is_daily":false,"chose_seed":false,"campfire_upgraded":0,"win_rate":0.0,"timestamp":1613606369,"path_taken":["M","M","?","?","$","E","R","E","MIM","R","M","?","M","E","R","BOSS","M","?","M"],"items_purchased_type":["Card"],"build_version":"2020-12-22","purchased_purges":1,"victory":false,"max_hp_per_floor":[30,30,30,30,30,30,30,30,30,30,30,30,30,30,30,30,30,30,30,30,30],"card_choices":[{"not_picked":["Jack Of All Trades","StuffTheSpire:PlasmaPulse"],"picked":"ReplayTheSpireMod:Private Reserves","floor":0},{"not_picked":["Tempo+1","BiteCommand+1"],"picked":"HandsUpB+1","floor":1},{"not_picked":["LockedWhetstone+1","PrimeTime+1"],"picked":"HandsUpC+1","floor":2},{"not_picked":["FormalWear+1","LockedAnchor+1","WakeUpCall+1"],"picked":"SKIP","floor":6},{"not_picked":["LockedFlame+1","Facsimile+1","WatchCommand+1"],"picked":"SKIP","floor":8},{"not_picked":["LockedAnchor+1","Engulf+1"],"picked":"BlueShift+1","floor":11},{"not_picked":["Cuckoo+1","Tempo+1"],"picked":"HandsUpB+1","floor":13},{"not_picked":["Parity+1","BlueShift+1"],"picked":"ExoVibe+1","floor":14},{"not_picked":["OldTimer+1","LockedBell+1"],"picked":"LockedCalendar+1","floor":16},{"not_picked":["Tempo+1","ExoVibe+1"],"picked":"LockedScales+1","floor":18}],"player_experience":3309596,"relics_obtained":[{"floor":6,"key":"halation:BlackBeret"},{"floor":8,"key":"aspiration:FetidBarrel"},{"floor":14,"key":"Ancient Tea Set"}],"event_choices":[{"damage_healed":0,"gold_gain":0,"player_choice":"Simplicity","damage_taken":0,"max_hp_gain":0,"max_hp_loss":8,"event_name":"betterThird:BetterWriting","floor":0,"gold_loss":0}],"is_beta":false,"boss_relics":[{"not_picked":["trackpad:StolenKidneys","StuffTheSpire:RunicHypercube"],"picked":"beaked:SacredDeck"}],"items_purged_floors":[5],"is_endless":false,"potions_floor_spawned":[8,13,14,16,18],"killed_by":"Elementarium:Cyclone","ascension_level":7}}