{"host":"prxrhpgaxnj4om9r","time":1613536406,"event":{"mods":["AchievementEnabler","BaseMod","Colored Map","DeckTracker","Minty Spire (QoL Compilation)"],"gold_per_floor":[111,125,137,212,228,228,257,257,257,282,301,301,318,347,347,447,447,462,0,0,0,0,56,100,100,100,100,100,135,135,135,135,234,234,281,331,331,6,6,31,83,83,108,108,108,29,48,67,67,67,67,67,33,64,64,64],"floor_reached":55,"language":"KOR","playtime":2376,"items_purged":[],"score":799,"play_id":"92be9e29-3e83-4f54-9ab0-23250cbb67e2","local_time":"20210217133326","is_ascension_mode":false,"campfire_choices":[{"floor":6,"key":"REST"},{"floor":8,"key":"REST"},{"data":"ForeignInfluence","floor":15,"key":"SMITH"},{"floor":25,"key":"REST"},{"floor":30,"key":"RECALL"},{"data":"Wish","floor":32,"key":"SMITH"},{"floor":42,"key":"REST"},{"floor":44,"key":"REST"},{"floor":49,"key":"REST"},{"data":"Ragnarok","floor":52,"key":"SMITH"}],"circlet_count":0,"master_deck":["Strike_P+1","Strike_P","Strike_P","Defend_P+1","Defend_P","Eruption+1","Vigilance+1","LessonLearned+1","ForeignInfluence+1","Conclude+1","EmptyFist+1","BowlingBash+1","Judgement+1","FlurryOfBlows+1","Prostrate+1","Vault+1","CrushJoints+1","LessonLearned+1","Crescendo","Wish+1","CarveReality","Evaluate+1","Writhe","Sanctity+1","Ragnarok+1","TalkToTheHand+1","SignatureMove+1","Writhe","SandsOfTime","EmptyBody+1","ReachHeaven+1","Madness","FearNoEvil+1","Tantrum+1","Adaptation+1","ReachHeaven+1","Halt"],"relics":["PureWater","Nunchaku","Pantograph","Strawberry","Shuriken","Snecko Eye","Lizard Tail","Darkstone Periapt","Unceasing Top","Ice Cream","Orichalcum","Black Star","Mercury Hourglass","Art of War","Molten Egg 2","CloakClasp","Lantern","HornCleat","TungstenRod"],"acts_visited":["Exordium","TheCity","TheBeyond","TheEnding"],"potions_floor_usage":[3,5,7,14,29,33,35,40,41,48,55],"damage_taken":[{"damage":10,"enemies":"Small Slimes","floor":1,"turns":3},{"damage":8,"enemies":"2 Louse","floor":2,"turns":3},{"damage":2,"enemies":"Jaw Worm","floor":3,"turns":2},{"damage":0,"enemies":"Large Slime","floor":5,"turns":2},{"damage":23,"enemies":"Lagavulin","floor":7,"turns":4},{"damage":0,"enemies":"Gremlin Nob","floor":10,"turns":2},{"damage":0,"enemies":"2 Fungi Beasts","floor":11,"turns":2},{"damage":2,"enemies":"Looter","floor":13,"turns":2},{"damage":22,"enemies":"Lagavulin","floor":14,"turns":3},{"damage":31,"enemies":"The Guardian","floor":16,"turns":9},{"damage":12,"enemies":"Chosen","floor":18,"turns":5},{"damage":15,"enemies":"Gremlin Leader","floor":23,"turns":6},{"damage":0,"enemies":"Shell Parasite","floor":24,"turns":4},{"damage":0,"enemies":"Book of Stabbing","floor":29,"turns":4},{"damage":1,"enemies":"Collector","floor":33,"turns":5},{"damage":21,"enemies":"Orb Walker","floor":35,"turns":3},{"damage":28,"enemies":"3 Shapes","floor":36,"turns":3},{"damage":12,"enemies":"Nemesis","floor":40,"turns":3},{"damage":26,"enemies":"2 Orb Walkers","floor":41,"turns":3},{"damage":15,"enemies":"Maw","floor":47,"turns":5},{"damage":53,"enemies":"Writhing Mass","floor":48,"turns":2},{"damage":69,"enemies":"Donu and Deca","floor":50,"turns":8},{"damage":44,"enemies":"Shield and Spear","floor":54,"turns":5},{"damage":162,"enemies":"The Heart","floor":55,"turns":6}],"seed_played":"8514848645284711535","potions_obtained":[{"floor":1,"key":"SkillPotion"},{"floor":3,"key":"Explosive Potion"},{"floor":5,"key":"GamblersBrew"},{"floor":11,"key":"Weak Potion"},{"floor":23,"key":"Energy Potion"},{"floor":29,"key":"CultistPotion"},{"floor":33,"key":"PowerPotion"},{"floor":36,"key":"AttackPotion"},{"floor":40,"key":"Strength Potion"},{"floor":47,"key":"FearPotion"},{"floor":54,"key":"Explosive Potion"}],"is_trial":false,"path_per_floor":["M","M","M","?","M","R","E","R","T","E","M","?","M","E","R","B",null,"M","$","?","?","?","E","M","R","T","?","?","E","R","$","R","B",null,"M","M","?","$","?","E","?","R","T","R","?","$","M","M","R","B",null,"R","$","E","B"],"character_chosen":"WATCHER","items_purchased":["Lizard Tail","LessonLearned","Mercury Hourglass","SandsOfTime","FearNoEvil+1","ReachHeaven+1"],"campfire_rested":6,"item_purchase_floors":[19,19,38,38,46,53],"current_hp_per_floor":[62,54,52,41,41,62,39,60,60,60,60,60,58,36,36,30,79,67,67,52,52,52,37,37,62,62,68,68,68,68,68,68,89,90,69,41,70,70,70,58,32,60,60,88,88,88,73,20,48,4,96,96,96,52,0,0],"gold":64,"neow_bonus":"ONE_RANDOM_RARE_CARD","is_daily":false,"chose_seed":false,"campfire_upgraded":3,"win_rate":0.0,"timestamp":1613536406,"path_taken":["M","M","M","?","M","R","E","R","T","E","M","?","M","E","R","BOSS","M","$","?","?","?","E","M","R","T","?","?","E","R","$","R","BOSS","M","M","?","$","?","E","?","R","T","R","?","?","M","?","R","BOSS","R","$","E","BOSS"],"items_purchased_type":["Relic","Card","Relic","Card","Card","Card"],"build_version":"2020-12-22","purchased_purges":0,"victory":false,"max_hp_per_floor":[72,72,72,72,72,72,72,72,72,72,72,79,79,79,79,79,79,79,79,84,84,84,84,84,84,84,90,90,90,90,90,90,90,90,90,90,96,96,96,96,96,96,96,96,96,96,96,96,96,96,96,96,96,96,96,96],"card_choices":[{"not_picked":["Meditate","Conclude"],"picked":"ForeignInfluence","floor":1},{"not_picked":["EmptyBody","ClearTheMind"],"picked":"Conclude","floor":2},{"not_picked":["CutThroughFate","ClearTheMind"],"picked":"Weave","floor":3},{"not_picked":["Meditate","Conclude","WaveOfTheHand"],"picked":"SKIP","floor":5},{"not_picked":["FlyingSleeves","SashWhip"],"picked":"EmptyFist","floor":7},{"not_picked":["Collect","EmptyFist"],"picked":"BowlingBash","floor":10},{"not_picked":["EmptyFist","CutThroughFate"],"picked":"Judgement","floor":11},{"not_picked":["WaveOfTheHand","FlyingSleeves"],"picked":"FlurryOfBlows","floor":13},{"not_picked":["FlurryOfBlows","Pray"],"picked":"Prostrate","floor":14},{"not_picked":["Omniscience","MasterReality"],"picked":"Vault","floor":16},{"not_picked":["Prostrate","Consecrate+1"],"picked":"CrushJoints+1","floor":18},{"not_picked":["Blasphemy","FlyingSleeves+1"],"picked":"CarveReality","floor":23},{"not_picked":["ClearTheMind","JustLucky+1"],"picked":"Evaluate","floor":24},{"not_picked":["EmptyBody","Crescendo"],"picked":"Sanctity+1","floor":29},{"not_picked":["Scrawl","DevaForm"],"picked":"Ragnarok","floor":33},{"not_picked":["FlurryOfBlows+1","ReachHeaven+1"],"picked":"TalkToTheHand+1","floor":35},{"not_picked":["Protect+1","ThirdEye+1"],"picked":"SignatureMove+1","floor":36},{"not_picked":["ConjureBlade","Pray"],"picked":"EmptyBody+1","floor":40},{"not_picked":["CutThroughFate+1","Pray+1"],"picked":"ReachHeaven+1","floor":41},{"not_picked":["Good Instincts","Dark Shackles"],"picked":"Madness","floor":45},{"not_picked":["EmptyFist+1","Prostrate+1"],"picked":"Tantrum+1","floor":47},{"not_picked":["Swivel+1","Prostrate"],"picked":"Adaptation+1","floor":48},{"not_picked":["Evaluate","FlyingSleeves+1"],"picked":"Halt","floor":54}],"player_experience":497105,"relics_obtained":[{"floor":7,"key":"Nunchaku"},{"floor":10,"key":"Pantograph"},{"floor":14,"key":"Shuriken"},{"floor":23,"key":"Darkstone Periapt"},{"floor":26,"key":"Unceasing Top"},{"floor":29,"key":"Orichalcum"},{"floor":40,"key":"Art of War"},{"floor":40,"key":"Molten Egg 2"},{"floor":41,"key":"CloakClasp"},{"floor":43,"key":"Lantern"},{"floor":54,"key":"HornCleat"},{"floor":54,"key":"TungstenRod"}],"event_choices":[{"damage_healed":0,"gold_gain":75,"player_choice":"Gather Gold","damage_taken":11,"max_hp_gain":0,"max_hp_loss":0,"event_name":"World of Goop","floor":4,"gold_loss":0},{"damage_healed":0,"gold_gain":0,"player_choice":"Success","damage_taken":7,"relics_obtained":["Strawberry"],"max_hp_gain":0,"max_hp_loss":0,"event_name":"Scrap Ooze","floor":12,"gold_loss":0},{"damage_healed":0,"gold_gain":0,"player_choice":"Shed Blood","damage_taken":20,"max_hp_gain":5,"max_hp_loss":0,"event_name":"Forgotten Altar","floor":20,"gold_loss":0},{"damage_healed":0,"gold_gain":0,"cards_transformed":["Defend_P","Strike_P"],"player_choice":"Became Test Subject","damage_taken":0,"max_hp_gain":0,"max_hp_loss":0,"event_name":"Drug Dealer","floor":21,"gold_loss":0,"cards_obtained":["Crescendo","Wish"]},{"damage_healed":0,"gold_gain":0,"player_choice":"Ignored","damage_taken":0,"max_hp_gain":0,"max_hp_loss":0,"event_name":"Ghosts","floor":22,"gold_loss":0},{"damage_healed":0,"gold_gain":0,"player_choice":"Opened","damage_taken":0,"relics_obtained":["Ice Cream"],"max_hp_gain":0,"max_hp_loss":0,"event_name":"The Mausoleum","floor":27,"gold_loss":0,"cards_obtained":["Writhe"]},{"cards_removed":["Defend_P"],"damage_healed":0,"gold_gain":0,"player_choice":"Elegance","damage_taken":0,"max_hp_gain":0,"max_hp_loss":0,"event_name":"Back to Basics","floor":28,"gold_loss":0},{"damage_healed":23,"gold_gain":0,"player_choice":"Writhe","damage_taken":0,"max_hp_gain":0,"max_hp_loss":0,"event_name":"Winding Halls","floor":37,"gold_loss":0,"cards_obtained":["Writhe"]},{"cards_removed":["Weave"],"damage_healed":0,"gold_gain":0,"player_choice":"Removed Attack","damage_taken":0,"max_hp_gain":0,"max_hp_loss":0,"event_name":"Falling","floor":39,"gold_loss":0},{"damage_healed":0,"gold_gain":0,"player_choice":"Fight","damage_taken":0,"max_hp_gain":0,"max_hp_loss":0,"event_name":"Mysterious Sphere","floor":41,"gold_loss":0},{"damage_healed":0,"gold_gain":0,"player_choice":"Memory 1","damage_taken":0,"max_hp_gain":0,"max_hp_loss":0,"event_name":"SensoryStone","floor":45,"gold_loss":0}],"is_beta":false,"boss_relics":[{"not_picked":["Sozu","Coffee Dripper"],"picked":"Snecko Eye"},{"not_picked":["SacredBark","HolyWater"],"picked":"Black Star"}],"items_purged_floors":[],"is_endless":false,"potions_floor_spawned":[1,3,5,11,23,29,33,36,40,47,54],"killed_by":"The Heart","ascension_level":0}}