{"host":"kewnzcvkjkc63ziu","time":1613606057,"event":{"mods":["AchievementEnabler","BaseMod","Bestiary","Minty Spire (QoL Compilation)","Permanent Neow","Relic Filter","StSLib"],"gold_per_floor":[114,39,39,0,0,30,30,61,61,61,78,110,29,46,46,151,151,165,80,94,193,119,119,149,169,169,197,197,223,242,252,252,352,352,366,383,397,410,423,423,451,468,468,496,496,530,455,468,468,468],"floor_reached":51,"language":"ENG","playtime":3004,"items_purged":["Echo Form"],"score":1187,"play_id":"834d6fad-0e56-4ab0-8bb6-d0eda6e1fdd9","local_time":"20210218005417","is_ascension_mode":true,"campfire_choices":[{"data":"Defragment","floor":7,"key":"SMITH"},{"data":"Self Repair","floor":10,"key":"SMITH"},{"data":"Self Repair","floor":15,"key":"SMITH"},{"data":"Storm","floor":23,"key":"SMITH"},{"data":"Self Repair","floor":28,"key":"SMITH"},{"data":"Go for the Eyes","floor":32,"key":"SMITH"},{"data":"Defragment","floor":40,"key":"SMITH"},{"data":"Capacitor","floor":49,"key":"SMITH"}],"circlet_count":0,"master_deck":["Gash+1","Gash+1","Gash+1","Gash+1","Gash+1"],"relics":["Unceasing Top"],"acts_visited":["Exordium","TheCity","TheBeyond"],"potions_floor_usage":[11,27,29,38,42,48],"damage_taken":[{"damage":0,"enemies":"Jaw Worm","floor":1,"turns":1},{"damage":0,"enemies":"3 Sentries","floor":6,"turns":2},{"damage":0,"enemies":"Gremlin Nob","floor":8,"turns":1},{"damage":0,"enemies":"Small Slimes","floor":11,"turns":3},{"damage":26,"enemies":"Lagavulin","floor":12,"turns":6},{"damage":7,"enemies":"2 Louse","floor":14,"turns":2},{"damage":68,"enemies":"Hexaghost","floor":16,"turns":6},{"damage":2,"enemies":"2 Thieves","floor":18,"turns":4},{"damage":7,"enemies":"Shell Parasite","floor":20,"turns":5},{"damage":15,"enemies":"Gremlin Leader","floor":24,"turns":5},{"damage":11,"enemies":"Snake Plant","floor":25,"turns":3},{"damage":50,"enemies":"Slavers","floor":27,"turns":4},{"damage":17,"enemies":"Gremlin Leader","floor":29,"turns":4},{"damage":8,"enemies":"Snecko","floor":30,"turns":3},{"damage":10,"enemies":"Chosen and Byrds","floor":31,"turns":2},{"damage":0,"enemies":"Automaton","floor":33,"turns":2},{"damage":8,"enemies":"3 Shapes","floor":35,"turns":3},{"damage":7,"enemies":"Orb Walker","floor":36,"turns":2},{"damage":0,"enemies":"Maw","floor":37,"turns":2},{"damage":0,"enemies":"Spire Growth","floor":38,"turns":2},{"damage":9,"enemies":"3 Darklings","floor":39,"turns":2},{"damage":33,"enemies":"Nemesis","floor":41,"turns":3},{"damage":11,"enemies":"Writhing Mass","floor":42,"turns":2},{"damage":0,"enemies":"Reptomancer","floor":44,"turns":2},{"damage":25,"enemies":"Nemesis","floor":46,"turns":3},{"damage":0,"enemies":"Jaw Worm Horde","floor":48,"turns":1},{"damage":0,"enemies":"Awakened One","floor":50,"turns":2}],"seed_played":"-1710655928565358130","potions_obtained":[{"floor":1,"key":"SpeedPotion"},{"floor":6,"key":"Block Potion"},{"floor":14,"key":"SteroidPotion"},{"floor":20,"key":"EssenceOfSteel"},{"floor":24,"key":"Swift Potion"},{"floor":29,"key":"Fruit Juice"},{"floor":31,"key":"Regen Potion"},{"floor":35,"key":"LiquidBronze"},{"floor":36,"key":"DuplicationPotion"},{"floor":39,"key":"DuplicationPotion"},{"floor":41,"key":"FearPotion"},{"floor":46,"key":"Explosive Potion"}],"is_trial":false,"path_per_floor":["M","$","?","$","?","E","R","E","T","R","M","E","$","M","R","B",null,"M","?","M","?","$","R","E","M","T","E","R","E","M","M","R","B",null,"M","M","M","M","M","R","E","M","T","E","?","E","$","M","R","B",null],"character_chosen":"DEFECT","items_purchased":["Self Repair","Capacitor","Capacitor","Storm"],"campfire_rested":0,"item_purchase_floors":[2,4,13,22],"current_hp_per_floor":[75,75,75,75,80,80,80,80,80,80,80,71,71,80,80,32,80,80,80,80,80,80,80,80,80,80,50,50,68,85,85,85,85,85,85,85,85,85,85,85,84,89,89,91,91,91,91,93,93,93],"gold":468,"neow_bonus":"THREE_ENEMY_KILL","is_daily":false,"chose_seed":false,"campfire_upgraded":8,"win_rate":0.0,"timestamp":1613606057,"path_taken":["M","$","?","$","?","E","R","E","T","R","M","E","?","M","R","BOSS","M","?","M","?","$","R","E","M","T","E","R","E","M","M","R","BOSS","M","M","M","M","M","R","E","M","T","E","?","E","$","M","R","BOSS"],"items_purchased_type":["Card","Card","Card","Card"],"build_version":"2020-12-22","purchased_purges":1,"victory":true,"max_hp_per_floor":[75,75,75,75,80,80,80,80,80,80,80,80,80,80,80,80,80,80,80,80,80,80,80,80,80,80,80,80,85,85,85,85,85,85,85,85,85,85,85,85,87,89,89,91,91,91,91,93,93,93],"card_choices":[{"not_picked":["Stack","Go for the Eyes"],"picked":"Defragment","floor":1},{"not_picked":["Coolheaded","Buffer"],"picked":"Self Repair","floor":6},{"not_picked":["Gash","Leap","Streamline"],"picked":"SKIP","floor":8},{"not_picked":["Streamline","Cold Snap","Core Surge"],"picked":"SKIP","floor":11},{"not_picked":["Lockon","BootSequence"],"picked":"Biased Cognition","floor":12},{"not_picked":["Leap","White Noise"],"picked":"Loop","floor":14},{"not_picked":["Blizzard+1","Glacier","Ball Lightning"],"picked":"SKIP","floor":18},{"not_picked":["Turbo","Cold Snap+1"],"picked":"Go for the Eyes","floor":20},{"not_picked":["Amplify","Double Energy","Redo"],"picked":"SKIP","floor":24},{"not_picked":["Compile Driver+1","Steam Power","Ball Lightning+1"],"picked":"SKIP","floor":25},{"not_picked":["Sweeping Beam+1","Loop"],"picked":"Self Repair","floor":27},{"not_picked":["Stack+1","Streamline+1"],"picked":"Gash+1","floor":29},{"not_picked":["White Noise","Beam Cell+1","Steam"],"picked":"SKIP","floor":30},{"not_picked":["Leap+1","Hologram","Undo"],"picked":"SKIP","floor":31},{"not_picked":["Rainbow","All For One+1"],"picked":"Echo Form","floor":33},{"not_picked":["Coolheaded","Sweeping Beam+1","Steam Power+1"],"picked":"SKIP","floor":35},{"not_picked":["Stack+1","Barrage+1"],"picked":"Defragment","floor":36},{"not_picked":["Sweeping Beam+1","Go for the Eyes+1","Streamline+1"],"picked":"SKIP","floor":37},{"not_picked":["Beam Cell+1","Hello World"],"picked":"Storm+1","floor":38},{"not_picked":["Conserve Battery+1","Chaos","Gash+1"],"picked":"SKIP","floor":39},{"not_picked":["Coolheaded","Redo+1","Cold Snap+1"],"picked":"Singing Bowl","floor":41},{"not_picked":["FTL+1","Conserve Battery+1","Rebound+1"],"picked":"Singing Bowl","floor":42},{"not_picked":["Compile Driver+1","Loop","Gash+1"],"picked":"Singing Bowl","floor":44},{"not_picked":["Chill+1","Stack+1"],"picked":"Redo+1","floor":46},{"not_picked":["Tempest","Cold Snap+1","Steam"],"picked":"Singing Bowl","floor":48}],"player_experience":130236,"relics_obtained":[{"floor":6,"key":"Darkstone Periapt"},{"floor":8,"key":"Shuriken"},{"floor":9,"key":"Ornamental Fan"},{"floor":12,"key":"Potion Belt"},{"floor":24,"key":"Kunai"},{"floor":26,"key":"Molten Egg 2"},{"floor":27,"key":"Gremlin Horn"},{"floor":29,"key":"Bottled Tornado"},{"floor":41,"key":"Singing Bowl"},{"floor":43,"key":"DataDisk"},{"floor":44,"key":"Omamori"},{"floor":46,"key":"Sundial"}],"event_choices":[{"damage_healed":0,"gold_gain":0,"player_choice":"Ignored","damage_taken":0,"max_hp_gain":0,"max_hp_loss":0,"event_name":"Liars Game","floor":3,"gold_loss":0},{"damage_healed":0,"gold_gain":0,"player_choice":"Donut","damage_taken":0,"max_hp_gain":5,"max_hp_loss":0,"event_name":"Big Fish","floor":5,"gold_loss":0},{"damage_healed":0,"gold_gain":0,"player_choice":"Obtained Relic","damage_taken":0,"relics_obtained":["TungstenRod"],"max_hp_gain":0,"max_hp_loss":0,"event_name":"Addict","floor":19,"gold_loss":85},{"damage_healed":0,"gold_gain":99,"player_choice":"Stole From Cult","damage_taken":0,"max_hp_gain":0,"max_hp_loss":0,"event_name":"Nest","floor":21,"gold_loss":0},{"cards_removed":["Loop"],"damage_healed":0,"gold_gain":0,"player_choice":"Removed Power","damage_taken":0,"max_hp_gain":0,"max_hp_loss":0,"event_name":"Falling","floor":45,"gold_loss":0}],"is_beta":false,"boss_relics":[{"not_picked":["Ectoplasm","Sozu"],"picked":"FrozenCore"},{"not_picked":["Cursed Key","Runic Dome"],"picked":"Nuclear Battery"}],"items_purged_floors":[47],"is_endless":false,"potions_floor_spawned":[1,6,14,20,24,29,31,35,36,39,41,46],"ascension_level":2}}