{"host":"4i5my69dv6e41930","time":1613546083,"event":{"mods":["AchievementEnabler","BaseMod","Minty Spire (QoL Compilation)","Relic Stats"],"gold_per_floor":[110,110,53,67,88,88,127,142,142,177,190,208,208,221,221,314,314,335,335,181,206,224,224,268,268,295,327,327,327],"floor_reached":28,"language":"ENG","playtime":2768,"items_purged":["Strike_G"],"score":491,"play_id":"405bee1f-50f3-4d38-adb0-5406e5f6d364","local_time":"20210217021443","is_ascension_mode":true,"campfire_choices":[{"data":"Predator","floor":6.0,"key":"SMITH"},{"data":"Footwork","floor":13.0,"key":"SMITH"},{"data":"Well Laid Plans","floor":15.0,"key":"SMITH"},{"data":"Deadly Poison","floor":23.0,"key":"SMITH"},{"floor":25.0,"key":"REST"}],"circlet_count":0,"master_deck":["AscendersBane","Strike_G","Strike_G","Strike_G","Defend_G","Defend_G","Defend_G","Defend_G","Defend_G","Survivor","Neutralize","Poisoned Stab","Dagger Throw","Predator+1","Footwork+1","Well Laid Plans+1","Backflip","Catalyst","PiercingWail","Bullet Time","Deadly Poison+1","Acrobatics","Noxious Fumes+1"],"relics":["Ring of the Snake","Ancient Tea Set","Golden Idol","Mercury Hourglass","Ornamental Fan","Sozu","CeramicFish","Smiling Mask"],"acts_visited":["Exordium","TheCity"],"potions_floor_usage":[],"damage_taken":[{"damage":2.0,"enemies":"Cultist","floor":1.0,"turns":5.0},{"damage":2.0,"enemies":"Small Slimes","floor":4.0,"turns":4.0},{"damage":3.0,"enemies":"Jaw Worm","floor":5.0,"turns":6.0},{"damage":8.0,"enemies":"Gremlin Nob","floor":7.0,"turns":3.0},{"damage":0.0,"enemies":"Blue Slaver","floor":8.0,"turns":3.0},{"damage":18.0,"enemies":"Lagavulin","floor":10.0,"turns":6.0},{"damage":2.0,"enemies":"2 Fungi Beasts","floor":11.0,"turns":2.0},{"damage":0.0,"enemies":"Looter","floor":12.0,"turns":2.0},{"damage":0.0,"enemies":"Blue Slaver","floor":14.0,"turns":3.0},{"damage":23.0,"enemies":"Slime Boss","floor":16.0,"turns":10.0},{"damage":11.0,"enemies":"Chosen","floor":18.0,"turns":6.0},{"damage":2.0,"enemies":"Spheric Guardian","floor":21.0,"turns":5.0},{"damage":6.0,"enemies":"Centurion and Healer","floor":22.0,"turns":7.0},{"damage":19.0,"enemies":"Gremlin Leader","floor":24.0,"turns":7.0},{"damage":22.0,"enemies":"Shelled Parasite and Fungi","floor":27.0,"turns":8.0},{"damage":4,"enemies":"Snake Plant","floor":28,"turns":3}],"seed_played":"-1538954512484595614","potions_obtained":[{"floor":4.0,"key":"BlessingOfTheForge"},{"floor":7.0,"key":"Poison Potion"},{"floor":10.0,"key":"AttackPotion"},{"floor":14.0,"key":"DuplicationPotion"},{"floor":16.0,"key":"Energy Potion"}],"is_trial":false,"path_per_floor":["M","?","$","M","M","R","E","M","T","E","M","M","R","M","R","B",null,"M","?","$","M","M","R","E","R","T","M","M"],"character_chosen":"THE_SILENT","items_purchased":["Poison Potion","Deadly Poison","Acrobatics"],"campfire_rested":1,"item_purchase_floors":[3,20,20],"current_hp_per_floor":[57,57,57,55,52,52,44,44,44,26,24,24,24,24,24,1,45,34,34,34,32,26,26,7,25,25,3,0,0],"gold":327,"neow_bonus":"RANDOM_COMMON_RELIC","is_daily":false,"chose_seed":false,"campfire_upgraded":4,"win_rate":0.0,"timestamp":1613546083,"path_taken":["M","?","$","M","M","R","E","M","T","E","M","M","R","M","R","BOSS","M","?","$","?","M","R","E","R","T","M","M"],"items_purchased_type":["Potion","Card","Card"],"build_version":"2020-12-22","purchased_purges":1,"victory":false,"max_hp_per_floor":[66,60,60,60,60,60,60,60,60,60,60,60,60,60,60,60,60,60,60,60,60,60,60,60,60,60,60,60,60],"relic_stats":{"Sozu":1,"counters":[16,79],"Golden Idol":81,"Ornamental Fan":[68],"CeramicFish":9,"Smiling Mask":0,"obtain_stats":[{"Sozu":17,"Golden Idol":2,"Ornamental Fan":10,"CeramicFish":24,"Ancient Tea Set":0,"Smiling Mask":26,"Ring of the Snake":0,"Mercury Hourglass":7},{"Sozu":10,"Golden Idol":1,"Ornamental Fan":6,"CeramicFish":14,"Ancient Tea Set":0,"Smiling Mask":14,"Ring of the Snake":0,"Mercury Hourglass":4},{"Sozu":43,"Golden Idol":5,"Ornamental Fan":26,"CeramicFish":68,"Ancient Tea Set":0,"Smiling Mask":68,"Ring of the Snake":0,"Mercury Hourglass":18}],"Ring of the Snake":[32],"Mercury Hourglass":[188]},"card_choices":[{"not_picked":["Accuracy","Finisher"],"picked":"Poisoned Stab","floor":1.0},{"not_picked":["Cloak And Dagger","Sucker Punch"],"picked":"Dagger Throw","floor":4.0},{"not_picked":["Poisoned Stab","Catalyst"],"picked":"Predator","floor":5.0},{"not_picked":["Poisoned Stab","Outmaneuver","Dodge and Roll"],"picked":"SKIP","floor":7.0},{"not_picked":["Dagger Spray","Masterful Stab"],"picked":"Footwork","floor":8.0},{"not_picked":["A Thousand Cuts","Flechettes"],"picked":"Well Laid Plans","floor":10.0},{"not_picked":["Calculated Gamble","Dodge and Roll"],"picked":"Backflip","floor":11.0},{"not_picked":["Deflect","Prepared"],"picked":"Catalyst","floor":12.0},{"not_picked":["Outmaneuver","Slice"],"picked":"PiercingWail","floor":14.0},{"not_picked":["Grand Finale","Unload"],"picked":"Bullet Time","floor":16.0},{"not_picked":["Dodge and Roll","Concentrate","Slice"],"picked":"SKIP","floor":18.0},{"not_picked":["Outmaneuver","Endless Agony","Poisoned Stab"],"picked":"SKIP","floor":21.0},{"not_picked":["Dagger Throw","Cloak And Dagger","Masterful Stab"],"picked":"SKIP","floor":22.0},{"not_picked":["Poisoned Stab+1","Quick Slash","Underhanded Strike"],"picked":"SKIP","floor":24.0},{"not_picked":["Blur","PiercingWail"],"picked":"Noxious Fumes+1","floor":27.0}],"player_experience":17587,"relics_obtained":[{"floor":7.0,"key":"Mercury Hourglass"},{"floor":10.0,"key":"Ornamental Fan"},{"floor":24.0,"key":"CeramicFish"},{"floor":26.0,"key":"Smiling Mask"}],"event_choices":[{"damage_healed":0.0,"max_hp_gain":0.0,"max_hp_loss":6.0,"gold_gain":0.0,"event_name":"Golden Idol","player_choice":"Lose Max HP","floor":2.0,"gold_loss":0.0,"damage_taken":0.0,"relics_obtained":["Golden Idol"]},{"cards_removed":["Strike_G"],"damage_healed":0.0,"max_hp_gain":0.0,"max_hp_loss":0.0,"gold_gain":0.0,"event_name":"Bonfire Elementals","player_choice":"Offered Basic","floor":19.0,"gold_loss":0.0,"damage_taken":0.0}],"is_beta":false,"boss_relics":[{"not_picked":["Empty Cage","Astrolabe"],"picked":"Sozu"}],"items_purged_floors":[20],"is_endless":false,"potions_floor_spawned":[4,7,10,14,16,22],"killed_by":"Snake Plant","ascension_level":19}}