{"host":"raaimkojny05jekw","time":1613556336,"event":{"mods":["AchievementEnabler","BaseMod","Colored Map","Colored Powertips","DeckTracker","Minty Spire (QoL Compilation)","Quick Restart","Rare Cards Sparkle","everything is the same but u backflip on backflip"],"gold_per_floor":[113,113,133,152,152,152,162,162,210,226,2,2,2,22,22,121,121,140,140,160,49,148,148,148],"floor_reached":23,"language":"KOR","playtime":838,"items_purged":["Strike_R","Strike_R+1"],"score":272,"play_id":"b8f45a5b-b13c-4612-b67d-13726e40f897","local_time":"20210217190536","is_ascension_mode":true,"campfire_choices":[{"data":"Bash","floor":6,"key":"SMITH"},{"data":"Cleave","floor":8,"key":"SMITH"},{"data":"Shockwave","floor":13,"key":"SMITH"},{"data":"Headbutt","floor":15,"key":"SMITH"}],"circlet_count":0,"master_deck":["AscendersBane","Defend_R+1","Defend_R+1","Defend_R+1","Defend_R+1","Bash+1","Disarm","Cleave+1","Pummel+1","Clash","Headbutt+1","Shockwave+1","Battle Trance+1","Shrug It Off","Fiend Fire","Metallicize","Pummel","Wild Strike","Evolve"],"relics":["Burning Blood","Boot","Membership Card","Empty Cage"],"acts_visited":["Exordium","TheCity"],"potions_floor_usage":[14,16,18],"damage_taken":[{"damage":7,"enemies":"Jaw Worm","floor":1,"turns":4},{"damage":6,"enemies":"Cultist","floor":3,"turns":3},{"damage":8,"enemies":"2 Louse","floor":4,"turns":3},{"damage":9,"enemies":"Blue Slaver","floor":7,"turns":4},{"damage":4,"enemies":"2 Fungi Beasts","floor":10,"turns":3},{"damage":4,"enemies":"Exordium Wildlife","floor":14,"turns":3},{"damage":18,"enemies":"Slime Boss","floor":16,"turns":10},{"damage":33,"enemies":"Spheric Guardian","floor":18,"turns":6},{"damage":16,"enemies":"Shell Parasite","floor":20,"turns":6},{"damage":13,"enemies":"Book of Stabbing","floor":23,"turns":6}],"seed_played":"-4446463919488407704","potions_obtained":[{"floor":1,"key":"Swift Potion"},{"floor":2,"key":"CultistPotion"},{"floor":2,"key":"Energy Potion"},{"floor":16,"key":"ColorlessPotion"},{"floor":20,"key":"GamblersBrew"}],"is_trial":false,"path_per_floor":["M","?","M","M","?","R","M","R","T","M","$","?","R","M","R","B",null,"M","?","M","$","?","E"],"character_chosen":"IRONCLAD","items_purchased":["Membership Card","Battle Trance","Wild Strike","Evolve"],"campfire_rested":0,"item_purchase_floors":[11,11,21,21],"current_hp_per_floor":[71,71,71,69,74,74,71,71,71,73,73,56,56,58,58,46,75,48,48,38,38,38,25,25],"gold":148,"neow_bonus":"TRANSFORM_CARD","is_daily":false,"chose_seed":false,"campfire_upgraded":4,"win_rate":0.0,"timestamp":1613556336,"path_taken":["M","?","?","M","?","R","M","R","T","M","$","?","R","M","R","BOSS","M","?","M","$","?","E"],"items_purchased_type":["Relic","Card","Card","Card"],"build_version":"2020-12-22","purchased_purges":2,"victory":false,"max_hp_per_floor":[80,80,80,80,85,85,85,85,85,85,85,85,85,85,85,85,85,85,85,85,85,85,85,85],"card_choices":[{"not_picked":["Intimidate","Twin Strike"],"picked":"Cleave","floor":1},{"not_picked":["Twin Strike","Havoc"],"picked":"Pummel","floor":3},{"not_picked":["Sword Boomerang","Body Slam"],"picked":"Clash","floor":4},{"not_picked":["Clothesline","Shrug It Off"],"picked":"Headbutt","floor":7},{"not_picked":["Disarm","True Grit"],"picked":"Shockwave","floor":10},{"not_picked":["Thunderclap","Carnage"],"picked":"Shrug It Off","floor":14},{"not_picked":["Impervious","Juggernaut"],"picked":"Fiend Fire","floor":16},{"not_picked":["Intimidate","Heavy Blade"],"picked":"Metallicize","floor":18},{"not_picked":["Warcry","Shrug It Off"],"picked":"Pummel","floor":20}],"player_experience":766427,"relics_obtained":[{"floor":9,"key":"Boot"}],"event_choices":[{"damage_healed":0,"gold_gain":0,"player_choice":"Got Potions","damage_taken":0,"max_hp_gain":0,"max_hp_loss":0,"event_name":"Lab","floor":2,"gold_loss":0},{"damage_healed":0,"gold_gain":0,"player_choice":"Donut","damage_taken":0,"max_hp_gain":5,"max_hp_loss":0,"event_name":"Big Fish","floor":5,"gold_loss":0},{"damage_healed":0,"gold_gain":0,"player_choice":"Entered Light","damage_taken":17,"max_hp_gain":0,"max_hp_loss":0,"event_name":"Shining Light","floor":12,"gold_loss":0,"cards_upgraded":["Battle Trance","Pummel"]},{"damage_healed":0,"gold_gain":0,"player_choice":"Simplicity","damage_taken":0,"max_hp_gain":0,"max_hp_loss":0,"event_name":"Back to Basics","floor":19,"gold_loss":0,"cards_upgraded":["Strike_R","Defend_R","Defend_R","Defend_R","Defend_R"]},{"damage_healed":0,"gold_gain":99,"player_choice":"Stole From Cult","damage_taken":0,"max_hp_gain":0,"max_hp_loss":0,"event_name":"Nest","floor":22,"gold_loss":0}],"is_beta":false,"boss_relics":[{"not_picked":["Runic Cube","Runic Dome"],"picked":"Empty Cage"}],"items_purged_floors":[11,21],"is_endless":false,"potions_floor_spawned":[1,4,16,20],"killed_by":"Book of Stabbing","ascension_level":10}}