{"host":"Luke","time":1613527297,"event":{"mods":["BaseMod","Downfall","Hermit","Minty Spire (QoL Compilation)","StSLib","The Exalted"],"gold_per_floor":[349,349,364,374,394,294,294,394,386,386,386,386,406,406,434,434,434,434],"floor_reached":16,"language":"ENG","playtime":852,"items_purged":[],"score":92,"play_id":"8e61653a-856e-4477-a0c7-6e0e95ea1e9b","local_time":"20210217020137","is_ascension_mode":false,"campfire_choices":[{"floor":1,"key":"RECALL"},{"data":"hexamod:Float","floor":6,"key":"SMITH"},{"floor":12,"key":"REST"}],"circlet_count":0,"master_deck":["hexamod:Strike","hexamod:Strike","hexamod:Strike","hexamod:Defend","hexamod:Defend","hexamod:Defend","hexamod:Defend","hexamod:Sear","hexamod:Float+1","hexamod:NightmareStrike","hexamod:SpectralAdrenaline","hexamod:RainOfEmbers+1","hexamod:ExtraCrispy","hexamod:FirstSeal","hexamod:SecondSeal","hexamod:ThirdSeal","hexamod:FourthSeal","hexamod:Hexaguard","hexamod:Hexaguard"],"relics":["hexamod:SpiritBrand","WarpedTongs","downfall:HeartBlessingRed","Bromod:ArcaneGuardian"],"acts_visited":["Exordium"],"potions_floor_usage":[11,16,16,16],"damage_taken":[{"damage":4,"enemies":"Jaw Worm","floor":3,"turns":4},{"damage":4,"enemies":"Cultist","floor":4,"turns":4},{"damage":4,"enemies":"Small Slimes","floor":5,"turns":3},{"damage":39,"enemies":"downfall:Heads","floor":8,"turns":7},{"damage":0,"enemies":"2 Fungi Beasts","floor":11,"turns":1},{"damage":10,"enemies":"Exordium Wildlife","floor":13,"turns":3},{"damage":5,"enemies":"downfall:LooterAlt","floor":15,"turns":3},{"damage":27,"enemies":"DF_ARCHETYPE_STREAMLINE","floor":16,"turns":3}],"seed_played":"6818820124775145983","potions_obtained":[{"floor":4,"key":"SmokeBomb"},{"floor":5,"key":"hexamod:SoulburnPotion"},{"floor":13,"key":"hexamod:InfernoChargePotion"},{"floor":15,"key":"GamblersBrew"},{"floor":15,"key":"bronze:BurnAndBuffPotion"}],"is_trial":false,"path_per_floor":["R","?","M","M","M","R","T","?","?","?","M","R","M","?","M","B"],"character_chosen":"THE_SPIRIT","items_purchased":[],"campfire_rested":1,"item_purchase_floors":[],"current_hp_per_floor":[70,70,66,62,58,58,58,19,12,12,12,33,23,23,25,0,0,0],"gold":434,"neow_bonus":"TWO_FIFTY_GOLD","is_daily":false,"chose_seed":false,"campfire_upgraded":1,"win_rate":0.0,"timestamp":1613527297,"path_taken":["R","?","M","?","M","R","T","?","?","?","M","R","M","?","M","BOSS"],"items_purchased_type":[],"build_version":"2020-12-18","purchased_purges":0,"victory":false,"max_hp_per_floor":[70,70,70,70,70,70,70,70,70,70,70,70,70,70,70,70,70,70],"card_choices":[{"not_picked":["hexamod:Again","hexamod:ThermalTransfer"],"picked":"hexamod:NightmareStrike","floor":3},{"not_picked":["hexamod:AdvancingGuard","hexamod:GhostOfSpirePast"],"picked":"hexamod:NightmareGuise","floor":4},{"not_picked":["hexamod:GhostShield","hexamod:NightmareStrike"],"picked":"hexamod:SpectralAdrenaline","floor":5},{"not_picked":["hexamod:Firestarter","hexamod:ShieldOfDarkness"],"picked":"hexamod:RainOfEmbers","floor":8},{"not_picked":["hexamod:HeatCrush","hexamod:SwordOfDarkness"],"picked":"hexamod:Hexaguard","floor":13},{"not_picked":["hexamod:BurningTouch","hexamod:ShieldOfDarkness","hexamod:Firestarter"],"picked":"SKIP","floor":13},{"not_picked":["hexamod:NightmareGuise","hexamod:NecessarySacrifice"],"picked":"hexamod:Hexaguard","floor":15},{"not_picked":["hexamod:BurningTouch","hexamod:HeatMetal","hexamod:GhostOfSpirePast"],"picked":"SKIP","floor":15}],"player_experience":751992,"relics_obtained":[{"floor":7,"key":"Bromod:ArcaneGuardian"}],"event_choices":[{"damage_healed":0,"gold_gain":0,"player_choice":"Rummage","damage_taken":0,"relics_obtained":["WarpedTongs"],"max_hp_gain":0,"max_hp_loss":0,"event_name":"Accursed Blacksmith","floor":2,"gold_loss":0,"cards_obtained":["Pain"]},{"cards_removed":["downfall:Icky"],"damage_healed":0,"gold_gain":0,"player_choice":"Card Removal","damage_taken":0,"max_hp_gain":0,"max_hp_loss":0,"event_name":"The Cleric","floor":10,"gold_loss":0},{"damage_healed":0,"gold_gain":0,"player_choice":"Fled","damage_taken":0,"max_hp_gain":0,"max_hp_loss":0,"event_name":"Scrap Ooze","floor":14,"gold_loss":0}],"is_beta":true,"boss_relics":[],"items_purged_floors":[],"is_endless":false,"potions_floor_spawned":[4,5,15],"killed_by":"DF_ARCHETYPE_STREAMLINE","ascension_level":0}}