{"host":"3asmp5aovk69ekg9","time":1613527770,"event":{"mods":["100% Spire Juice","BaseMod","BetterRewards","Colored Map","Colored Powertips","Dark Map","Hermit","Koishi","Magitek Elite","Minty Spire (QoL Compilation)","Permanent Neow","Remove Card Discount Mod","Shade Mod","StSLib","The Alterego","The Cursed","The Death Knight","The Fake Hero","The IronCluck","The Marked","The Senshi","The Wild Card","TheSurvivalist"],"gold_per_floor":[116,116,131,146,65,98,117,117,171,171,184,184,184,197,197,297,297,312,312,163,180,32,32,42,42,120,130,130,144,178,197,197,302,302,317,334,334,334,27,42,54,72,72,103,103,135,146,163,163,163,163,163,45,76,76],"floor_reached":56,"language":"ENG","playtime":7016,"items_purged":["survmod:Strike","survmod:AimForTheLiver","survmod:SurpriseTrap","survmod:SurpriseTrap","survmod:Strike","survmod:PinningSnipe"],"score":1333,"play_id":"b01fd344-9edc-4e78-9b85-3f638a9ebbdb","local_time":"20210216180930","is_ascension_mode":false,"campfire_choices":[{"floor":8.0,"key":"REST"},{"data":"survmod:GoForFace","floor":10.0,"key":"SMITH"},{"data":"survmod:GoForFace","floor":12.0,"key":"SMITH"},{"data":"survmod:FlareQuiver","floor":15.0,"key":"SMITH"},{"data":"survmod:PinningSnipe","floor":25.0,"key":"SMITH"},{"data":"survmod:ExpertSniper","floor":32.0,"key":"SMITH"},{"floor":45.0,"key":"RECALL"},{"data":"survmod:MarkedShot","floor":49.0,"key":"SMITH"},{"data":"survmod:MarkedShot","floor":52.0,"key":"SMITH"}],"circlet_count":0,"master_deck":["survmod:Defend","survmod:Defend","survmod:Defend","survmod:Defend","survmod:VersatileOffense+1","survmod:Sprint+1","survmod:GoForFace+1","survmod:GoForFace+1","survmod:FlareQuiver+1","survmod:MarkedShot+1","survmod:NockAnArrow","survmod:VersatileDefense+1","survmod:VersatileDefense+1","survmod:MercifulShot","survmod:NockAnArrow","survmod:Sprint+1","survmod:PinningSnipe+1","survmod:ExpertSniper+1","survmod:MarkedShot+1","survmod:PinningSnipe","survmod:LeapingShot+1","Flash of Steel","survmod:MarkedShot","survmod:NockAnArrow+1","survmod:NockAnArrow","survmod:NockAnArrow","survmod:GoForFace","survmod:SkillfulManeuver","survmod:NockAnArrow"],"relics":["survmod:AdvancedEvolution","Mummified Hand","Sling","ClockworkSouvenir","DeathKnight:SindragosasSkull","Shuriken","Akabeko","DollysMirror","theSenshi:FeatherClipsRelic","Centennial Puzzle","Golden_Hairpin","Lee\u0027s Waffle","Darkstone Periapt","PreservedInsect","Bottled Tornado","Toy Ornithopter"],"acts_visited":["Exordium","TheCity","TheBeyond","TheEnding"],"potions_floor_usage":[55,55],"damage_taken":[{"damage":0.0,"enemies":"Small Slimes","floor":1.0,"turns":3.0},{"damage":0.0,"enemies":"Cultist","floor":3.0,"turns":4.0},{"damage":0.0,"enemies":"Jaw Worm","floor":4.0,"turns":4.0},{"damage":8.0,"enemies":"3 Sentries","floor":6.0,"turns":6.0},{"damage":12.0,"enemies":"Lots of Slimes","floor":7.0,"turns":5.0},{"damage":4.0,"enemies":"3 Louse","floor":11.0,"turns":4.0},{"damage":2.0,"enemies":"2 Fungi Beasts","floor":14.0,"turns":4.0},{"damage":0.0,"enemies":"Hexaghost","floor":16.0,"turns":8.0},{"damage":0.0,"enemies":"Chosen","floor":18.0,"turns":6.0},{"damage":2.0,"enemies":"Spheric Guardian","floor":21.0,"turns":5.0},{"damage":2.0,"enemies":"Centurion and Healer","floor":24.0,"turns":6.0},{"damage":2.0,"enemies":"Shelled Parasite and Fungi","floor":27.0,"turns":3.0},{"damage":1.0,"enemies":"3 Cultists","floor":29.0,"turns":5.0},{"damage":0.0,"enemies":"Book of Stabbing","floor":30.0,"turns":5.0},{"damage":3.0,"enemies":"Snecko","floor":31.0,"turns":5.0},{"damage":8.0,"enemies":"Champ","floor":33.0,"turns":8.0},{"damage":0.0,"enemies":"3 Shapes","floor":35.0,"turns":4.0},{"damage":4.0,"enemies":"Orb Walker","floor":36.0,"turns":3.0},{"damage":0.0,"enemies":"3 Darklings","floor":40.0,"turns":5.0},{"damage":0.0,"enemies":"Sphere and 2 Shapes","floor":41.0,"turns":4.0},{"damage":12.0,"enemies":"Jaw Worm Horde","floor":42.0,"turns":4.0},{"damage":0.0,"enemies":"Reptomancer","floor":44.0,"turns":4.0},{"damage":0.0,"enemies":"Giant Head","floor":46.0,"turns":4.0},{"damage":0.0,"enemies":"Maw","floor":47.0,"turns":3.0},{"damage":0.0,"enemies":"3 Darklings","floor":48.0,"turns":3.0},{"damage":4.0,"enemies":"Donu and Deca","floor":50.0,"turns":6.0},{"damage":5.0,"enemies":"Shield and Spear","floor":54.0,"turns":3.0},{"damage":23,"enemies":"The Heart","floor":55,"turns":4}],"seed_played":"1267356819304060079","potions_obtained":[{"floor":1.0,"key":"Energy Potion"},{"floor":7.0,"key":"CultistPotion"},{"floor":14.0,"key":"AttackPotion"},{"floor":18.0,"key":"GamblersBrew"},{"floor":33.0,"key":"GamblersBrew"},{"floor":36.0,"key":"AttackPotion"},{"floor":41.0,"key":"BlessingOfTheForge"},{"floor":42.0,"key":"Strength Potion"}],"is_trial":false,"path_per_floor":["M","?","M","M","$","E","M","R","T","R","M","R","T","M","R","B",null,"M","?","$","M","$","?","M","R","T","M","?","M","E","M","R","B",null,"M","M","?","?","$","M","M","M","T","E","R","E","M","M","R","B",null,"R","$","E","B",null],"character_chosen":"THE_SURVIVOR","items_purchased":["Mummified Hand","survmod:GoForFace","Sling","ClockworkSouvenir","survmod:GoForFace","survmod:FlashbangTrap","LiquidMemories","survmod:FlareQuiver","Akabeko","DollysMirror","Flash of Steel","survmod:MarkedShot","Lee\u0027s Waffle","survmod:GoForFace","survmod:SkillfulManeuver"],"campfire_rested":1,"item_purchase_floors":[0,0,0,0,0,0,0,5,20,22,39,39,39,53,53],"current_hp_per_floor":[27,32,32,32,32,24,12,27,27,27,23,23,23,21,21,21,50,50,35,35,33,33,33,31,31,31,35,35,40,46,49,49,47,50,50,50,35,35,57,57,57,51,51,57,57,57,57,57,57,57,57,57,57,57,47],"gold":76,"neow_bonus":"","is_daily":false,"chose_seed":false,"campfire_upgraded":7,"win_rate":0.0,"timestamp":1613527770,"path_taken":["M","?","?","M","$","E","M","R","T","R","M","R","?","M","R","BOSS","M","?","$","M","$","?","?","R","T","M","?","M","E","M","R","BOSS","M","M","?","?","$","M","M","M","T","E","R","E","M","?","R","BOSS","R","$","E","BOSS"],"items_purchased_type":["Relic","Card","Relic","Relic","Card","Card","Potion","Card","Relic","Relic","Card","Card","Relic","Card","Card"],"build_version":"2020-12-22","purchased_purges":6,"victory":true,"max_hp_per_floor":[50,50,50,50,50,50,50,50,50,50,50,50,50,50,50,50,50,50,50,50,50,50,50,50,50,50,50,50,50,50,50,50,50,50,50,50,50,50,57,57,57,57,57,57,57,57,57,57,57,57,57,57,57,57,57],"card_choices":[{"not_picked":["survmod:UnfortunateEscape","survmod:FenceTrap"],"picked":"survmod:SurpriseTrap","floor":1.0},{"not_picked":["survmod:RejectWeakness","survmod:PenetratingShot"],"picked":"survmod:AimForTheLiver","floor":3.0},{"not_picked":["survmod:VersatileDefense","survmod:PenetratingShot"],"picked":"survmod:SurpriseTrap","floor":4.0},{"not_picked":["survmod:KnowThyEnemy","survmod:FindCover"],"picked":"survmod:MarkedShot","floor":6.0},{"not_picked":["survmod:HailOfArrows","survmod:BearTrap"],"picked":"survmod:NockAnArrow","floor":7.0},{"not_picked":["survmod:FenceTrap","survmod:Hawkeye"],"picked":"survmod:VersatileDefense","floor":11.0},{"not_picked":["survmod:FenceTrap","survmod:FindCover"],"picked":"survmod:VersatileDefense","floor":14.0},{"not_picked":["survmod:ChokingBow","survmod:ConcussiveShot"],"picked":"survmod:MercifulShot","floor":16.0},{"not_picked":["survmod:PersonalMark","survmod:BearTrap","survmod:MarkTrap"],"picked":"SKIP","floor":18.0},{"not_picked":["survmod:PoisonTrap+1","survmod:AcidArrow"],"picked":"survmod:NockAnArrow","floor":21.0},{"not_picked":["survmod:BearTrap","survmod:MarkTrap"],"picked":"survmod:PinningSnipe","floor":24.0},{"not_picked":["survmod:NockAnArrow","survmod:DuckAndFlare"],"picked":"survmod:ExpertSniper","floor":27.0},{"not_picked":["survmod:PenetratingShot+1","survmod:SwiftKick"],"picked":"survmod:MarkedShot","floor":29.0},{"not_picked":["survmod:FlashbangTrap","survmod:FlareBarrage+1"],"picked":"survmod:PinningSnipe","floor":30.0},{"not_picked":["survmod:HailOfArrows","survmod:PenetratingShot"],"picked":"survmod:PinningSnipe","floor":31.0},{"not_picked":["survmod:CloseCombat","survmod:BatteringStrike"],"picked":"survmod:LeapingShot","floor":33.0},{"not_picked":["survmod:UnfortunateEscape+1","survmod:BearTrap+1","survmod:LongShot"],"picked":"SKIP","floor":35.0},{"not_picked":["survmod:FenceTrap","survmod:BendAndBow","survmod:HiddenTactic+1"],"picked":"SKIP","floor":36.0},{"not_picked":["survmod:FenceTrap","survmod:BendAndBow","survmod:HiddenTactic+1"],"picked":"SKIP","floor":36.0},{"not_picked":["survmod:SwiftKick+1","survmod:HailOfArrows","survmod:KnowThyEnemy"],"picked":"SKIP","floor":40.0},{"not_picked":["survmod:TrickShot+1","survmod:BearTrap+1","survmod:Adaptability"],"picked":"SKIP","floor":41.0},{"not_picked":["survmod:WalledOffTraps+1","survmod:FindCover","survmod:DuckAndFlare"],"picked":"SKIP","floor":42.0},{"not_picked":["survmod:BatteringStrike","survmod:PoisonTrap"],"picked":"survmod:NockAnArrow+1","floor":44.0},{"not_picked":["survmod:ExplosiveTrap+1","survmod:PenetratingShot"],"picked":"survmod:NockAnArrow","floor":46.0},{"not_picked":["survmod:AcidTrap+1","survmod:UnfortunateEscape"],"picked":"survmod:NockAnArrow","floor":47.0},{"not_picked":["survmod:QuickDash+1","survmod:FlashbangTrap+1","survmod:MarkedFromAfar"],"picked":"SKIP","floor":48.0},{"not_picked":["survmod:PoisonTrap+1","survmod:PiercingShot+1"],"picked":"survmod:NockAnArrow","floor":54.0}],"player_experience":1315745,"relics_obtained":[{"floor":6.0,"key":"DeathKnight:SindragosasSkull"},{"floor":13.0,"key":"Shuriken"},{"floor":26.0,"key":"theSenshi:FeatherClipsRelic"},{"floor":30.0,"key":"Centennial Puzzle"},{"floor":43.0,"key":"Darkstone Periapt"},{"floor":44.0,"key":"PreservedInsect"},{"floor":46.0,"key":"Bottled Tornado"},{"floor":54.0,"key":"Toy Ornithopter"}],"event_choices":[{"cards_removed":["survmod:FlashbangTrap"],"damage_healed":5.0,"max_hp_gain":0.0,"max_hp_loss":0.0,"gold_gain":0.0,"event_name":"Bonfire Elementals","player_choice":"Offered Common","floor":2.0,"gold_loss":0.0,"damage_taken":0.0},{"cards_removed":["survmod:FlashbangTrap"],"damage_healed":5.0,"max_hp_gain":0.0,"max_hp_loss":0.0,"gold_gain":0.0,"event_name":"Bonfire Elementals","player_choice":"Offered Special","floor":2.0,"gold_loss":0.0,"damage_taken":0.0},{"cards_removed":["survmod:Strike"],"damage_healed":0.0,"max_hp_gain":0.0,"max_hp_loss":0.0,"gold_gain":0.0,"event_name":"Purifier","player_choice":"Purged","floor":23.0,"gold_loss":0.0,"damage_taken":0.0},{"damage_healed":0.0,"max_hp_gain":0.0,"max_hp_loss":0.0,"gold_gain":0.0,"event_name":"Vampires","player_choice":"Ignored","floor":28.0,"gold_loss":0.0,"damage_taken":0.0},{"cards_removed":["survmod:Strike"],"damage_healed":0.0,"max_hp_gain":0.0,"max_hp_loss":0.0,"gold_gain":0.0,"event_name":"Purifier","player_choice":"Purged","floor":38.0,"gold_loss":0.0,"damage_taken":0.0}],"is_beta":false,"boss_relics":[{"not_picked":["Calling Bell","Philosopher\u0027s Stone"],"picked":"survmod:AdvancedEvolution"},{"not_picked":["Coffee Dripper","Busted Crown"],"picked":"Golden_Hairpin"}],"items_purged_floors":[5,20,20,20,39,39],"is_endless":false,"potions_floor_spawned":[1,7,14,18,31,33,36,41,42],"ascension_level":0}}