{"host":"ippeulvg90hectqg","time":1613570742,"event":{"mods":["BaseMod","Downfall","Hermit","Infinite Spire","Lobotomy","Minty Spire (QoL Compilation)","Replay The Spire","StSLib","The Animator","The Cursed","The Saiyan"],"gold_per_floor":[117,137,137,137,137,190,190,204,204,223,254,254,254,267,267,367,367,383,383,383,401,426,426,459,473,545,545,545,410,441,341,341,440,440,459,315,365,365,378,405,459,476,476,476,503,503,503,503],"floor_reached":47,"language":"ZHS","playtime":3947,"items_purged":["TheCursedMod:Defend_TheCursed","downfall:Bewildered","TheCursedMod:Strike_TheCursed"],"score":677,"play_id":"07b741c8-e742-4dc0-9c02-efe54582c8c5","local_time":"20210217220542","is_ascension_mode":false,"campfire_choices":[{"data":"TheCursedMod:CursedWand","floor":7.0,"key":"SMITH"},{"data":"TheCursedMod:CircleOfBlood","floor":13.0,"key":"SMITH"},{"data":"TheCursedMod:ReleasedKnowledge","floor":23.0,"key":"SMITH"},{"floor":27.0,"key":"REST"}],"circlet_count":0,"master_deck":["TheCursedMod:Defend_TheCursed+1","TheCursedMod:CursedWand+1","TheCursedMod:CleanUpWorkshop","TheCursedMod:Dregs","TheCursedMod:RapidMovement","TheCursedMod:Wield+1","TheCursedMod:CircleOfBlood+1","CommonCold","TheCursedMod:SpitefulPlan","TheCursedMod:SpitefulStrike","TheCursedMod:CircleOfCorruption","TheCursedMod:Obscuration","TheCursedMod:AntiAging","TheCursedMod:AntiAging+1","TheCursedMod:CircleOfAmplification+1","TheCursedMod:DarkBarrier+1","TheCursedMod:HellsGateOpen+1","infinitespire:Fortify","TheCursedMod:CursedShiv","TheCursedMod:ReleasedKnowledge+1","TheCursedMod:ManaBullet","TheCursedMod:TroublousMinions+1","TheCursedMod:DemonSword","TheCursedMod:Neurasthenia","TheCursedMod:FleshFromBone","TheCursedMod:AbyssShockwave","Decay","Amnesia","infinitespire:FinalStrike","TheCursedMod:ShockAndAwe","TheCursedMod:CircleOfFocus","TheCursedMod:TacticalStrike+1","Writhe"],"relics":["TheCursedMod:BlackMagic101","ReplayTheSpireMod:TigerMarble","Akabeko","infinitespire:Eraser","Sundial","Astrolabe","HornCleat","sneckomod:BabySnecko","Red Mask","Ancient Tea Set","Kunai","Bag of Marbles","Philosopher\u0027s Stone","Happy Flower","Girya","Vajra","Du-Vu Doll","Gremlin Horn","Toxic Egg 2"],"acts_visited":["Exordium","TheCity","TheBeyond"],"potions_floor_usage":[],"damage_taken":[{"damage":3.0,"enemies":"Jaw Worm","floor":1.0,"turns":5.0},{"damage":0.0,"enemies":"Small Slimes","floor":2.0,"turns":3.0},{"damage":35.0,"enemies":"Lagavulin","floor":6.0,"turns":6.0},{"damage":0.0,"enemies":"Cultist","floor":8.0,"turns":3.0},{"damage":0.0,"enemies":"Exordium Thugs","floor":10.0,"turns":5.0},{"damage":16.0,"enemies":"Gremlin Nob","floor":11.0,"turns":5.0},{"damage":0.0,"enemies":"Looter","floor":14.0,"turns":2.0},{"damage":52.0,"enemies":"Slime Boss","floor":16.0,"turns":16.0},{"damage":36.0,"enemies":"3 Byrds","floor":18.0,"turns":8.0},{"damage":2.0,"enemies":"Spheric Guardian","floor":21.0,"turns":4.0},{"damage":10.0,"enemies":"Masked Bandits","floor":22.0,"turns":5.0},{"damage":37.0,"enemies":"Slavers","floor":24.0,"turns":8.0},{"damage":6.0,"enemies":"Centurion and Healer","floor":25.0,"turns":9.0},{"damage":17.0,"enemies":"Nightmare","floor":30.0,"turns":8.0},{"damage":9.0,"enemies":"Champ","floor":33.0,"turns":8.0},{"damage":0.0,"enemies":"Orb Walker","floor":35.0,"turns":2.0},{"damage":0.0,"enemies":"Mind Bloom Boss Battle","floor":37.0,"turns":7.0},{"damage":0.0,"enemies":"3 Shapes","floor":39.0,"turns":2.0},{"damage":74.0,"enemies":"Nightmare","floor":40.0,"turns":12.0},{"damage":8.0,"enemies":"2 Orb Walkers","floor":41.0,"turns":5.0},{"damage":1.0,"enemies":"Maw","floor":42.0,"turns":6.0},{"damage":23.0,"enemies":"Nemesis","floor":45.0,"turns":5.0},{"damage":9,"enemies":"infinitespire:Three Voidlings","floor":47,"turns":3},{"damage":78,"enemies":"Nightmare_Alpha","floor":47,"turns":10}],"seed_played":"-4291292397349445950","potions_obtained":[{"floor":6.0,"key":"Swift Potion"},{"floor":8.0,"key":"bronze:BurnAndBuffPotion"},{"floor":16.0,"key":"bronze:BurnAndBuffPotion"},{"floor":22.0,"key":"DuplicationPotion"},{"floor":24.0,"key":"Energy Potion"},{"floor":37.0,"key":"ColorlessPotion"},{"floor":41.0,"key":"Energy Potion"}],"is_trial":false,"path_per_floor":["M","M","?","?","T","E","R","M","T","M","E","?","R","M","R","B",null,"M","AVR","?","M","?","R","E","M","T","R","?","$","NM","$","R","B",null,"M","$","?","?","M","NM","?","M","T","$","E","?","?"],"character_chosen":"THE_CURSED","items_purchased":["TheCursedMod:TroublousMinions+1","Happy Flower"],"campfire_rested":1,"item_purchase_floors":[29,36],"current_hp_per_floor":[72,72,72,72,72,40,40,46,46,52,42,42,42,42,42,2,75,44,44,44,50,49,49,21,28,28,56,56,56,48,48,78,79,102,105,105,108,108,110,41,41,54,54,54,45,75,0,0],"gold":503,"neow_bonus":"THREE_CARDS","is_daily":false,"chose_seed":false,"campfire_upgraded":3,"win_rate":0.0,"timestamp":1613570742,"path_taken":["M","M","?","?","?","E","R","M","T","M","E","?","R","M","R","BOSS","M","AVR","?","M","?","R","E","M","T","R","?","$","NM","$","R","BOSS","M","$","?","?","M","NM","?","M","T","$","E","?","?"],"items_purchased_type":["Card","Relic"],"build_version":"2020-12-22","purchased_purges":3,"victory":false,"max_hp_per_floor":[75,75,75,75,75,75,75,75,75,75,75,75,75,75,75,75,75,80,80,80,80,85,85,90,95,95,95,95,95,100,100,100,102,102,105,105,108,108,110,115,115,117,117,117,119,119,124,124],"card_choices":[{"not_picked":["TheCursedMod:Obscuration","TheCursedMod:CursedShiv"],"picked":"TheCursedMod:RapidMovement","floor":0.0},{"not_picked":["TheCursedMod:Mangle","TheCursedMod:CircleOfFocus"],"picked":"TheCursedMod:Wield","floor":1.0},{"not_picked":["TheCursedMod:RavingStaff","TheCursedMod:CursedAmulet"],"picked":"TheCursedMod:CircleOfBlood","floor":2.0},{"not_picked":["TheCursedMod:AshesToAshes","TheCursedMod:EmpowerCircles","TheCursedMod:CircleOfFocus"],"picked":"SKIP","floor":6.0},{"not_picked":["TheCursedMod:CircleOfWindfury","TheCursedMod:CursedMace"],"picked":"TheCursedMod:SpitefulPlan","floor":8.0},{"not_picked":["TheCursedMod:HellsGateOpen","TheCursedMod:AshesToAshes"],"picked":"TheCursedMod:SpitefulStrike","floor":10.0},{"not_picked":["TheCursedMod:Evocation","TheCursedMod:EmpowerCircles"],"picked":"TheCursedMod:CircleOfCorruption","floor":11.0},{"not_picked":["TheCursedMod:Stretching","TheCursedMod:CursedRelics","TheCursedMod:Obscuration"],"picked":"SKIP","floor":14.0},{"not_picked":["TheCursedMod:DemonSword","TheCursedMod:StunningStrike"],"picked":"TheCursedMod:AntiAging","floor":16.0},{"not_picked":["TheCursedMod:VitalStrike","TheCursedMod:CursedShiv"],"picked":"TheCursedMod:HellsGateOpen+1","floor":18.0},{"not_picked":["TheCursedMod:WearCloak+1","TheCursedMod:SurpriseAttack"],"picked":"TheCursedMod:CursedShiv","floor":21.0},{"not_picked":["TheCursedMod:SaltUponWound","TheCursedMod:FleshFromBone+1"],"picked":"TheCursedMod:ReleasedKnowledge","floor":22.0},{"not_picked":["TheCursedMod:Stigma","TheCursedMod:RapidMovement","TheCursedMod:Obscuration"],"picked":"SKIP","floor":24.0},{"not_picked":["TheCursedMod:DarkBarrier","TheCursedMod:Evocation"],"picked":"TheCursedMod:ManaBullet","floor":25.0},{"not_picked":["TheCursedMod:RapidMovement+1","TheCursedMod:CursedStaff"],"picked":"TheCursedMod:DemonSword","floor":30.0},{"not_picked":["TheCursedMod:UltimatePain","TheCursedMod:DemonSword"],"picked":"TheCursedMod:Neurasthenia","floor":33.0},{"not_picked":["TheCursedMod:Torture+1","TheCursedMod:Stretching"],"picked":"TheCursedMod:FleshFromBone","floor":35.0},{"not_picked":["TheCursedMod:CircleOfBlood","TheCursedMod:CursedBoomerang"],"picked":"TheCursedMod:AbyssShockwave","floor":37.0},{"not_picked":["infinitespire:DeathsTouch","infinitespire:Gouge"],"picked":"infinitespire:FinalStrike","floor":38.0},{"not_picked":["TheCursedMod:StingEye","TheCursedMod:CursedBlade","TheCursedMod:CursedArmor+1"],"picked":"SKIP","floor":39.0},{"not_picked":["TheCursedMod:SurpriseAttack","TheCursedMod:CircleOfAmplification+1"],"picked":"TheCursedMod:ShockAndAwe","floor":40.0},{"not_picked":["TheCursedMod:CircleOfCorruption","TheCursedMod:ManaBullet+1"],"picked":"TheCursedMod:CircleOfFocus","floor":41.0},{"not_picked":["TheCursedMod:BloodBarrier","TheCursedMod:Obscuration","TheCursedMod:SpitefulStrike+1"],"picked":"SKIP","floor":42.0},{"not_picked":["TheCursedMod:Wield+1","TheCursedMod:CursedAmulet+1"],"picked":"TheCursedMod:TacticalStrike+1","floor":45.0}],"player_experience":598258,"relics_obtained":[{"floor":5.0,"key":"ReplayTheSpireMod:TigerMarble"},{"floor":6.0,"key":"Akabeko"},{"floor":9.0,"key":"infinitespire:Eraser"},{"floor":11.0,"key":"Sundial"},{"floor":22.0,"key":"Red Mask"},{"floor":24.0,"key":"Ancient Tea Set"},{"floor":26.0,"key":"Kunai"},{"floor":30.0,"key":"Bag of Marbles"},{"floor":37.0,"key":"Girya"},{"floor":40.0,"key":"Vajra"},{"floor":41.0,"key":"Du-Vu Doll"},{"floor":43.0,"key":"Gremlin Horn"},{"floor":45.0,"key":"Toxic Egg 2"}],"event_choices":[{"damage_healed":0.0,"max_hp_gain":0.0,"max_hp_loss":0.0,"gold_gain":0.0,"cards_transformed":["TheCursedMod:Defend_TheCursed"],"event_name":"Transmorgrifier","player_choice":"Transformed","floor":12.0,"gold_loss":0.0,"damage_taken":0.0,"cards_obtained":["TheCursedMod:Obscuration"]},{"cards_removed":["TheCursedMod:Strike_TheCursed"],"damage_healed":0.0,"max_hp_gain":0.0,"max_hp_loss":0.0,"gold_gain":0.0,"event_name":"Purifier","player_choice":"Purged","floor":15.0,"gold_loss":0.0,"damage_taken":0.0},{"damage_healed":0.0,"max_hp_gain":0.0,"max_hp_loss":0.0,"gold_gain":0.0,"event_name":"Masked Bandits","player_choice":"Fought Bandits","floor":22.0,"gold_loss":0.0,"damage_taken":0.0},{"damage_healed":0.0,"max_hp_gain":0.0,"max_hp_loss":0.0,"gold_gain":0.0,"event_name":"MindBloom","player_choice":"Fight","floor":37.0,"gold_loss":0.0,"damage_taken":0.0},{"damage_healed":0.0,"max_hp_gain":0.0,"max_hp_loss":0.0,"gold_gain":0.0,"event_name":"Mysterious Sphere","player_choice":"Fight","floor":41.0,"gold_loss":0.0,"damage_taken":0.0},{"damage_healed":30.0,"max_hp_gain":0.0,"max_hp_loss":0.0,"gold_gain":0.0,"event_name":"Winding Halls","player_choice":"Writhe","floor":46.0,"gold_loss":0.0,"damage_taken":0.0,"cards_obtained":["Writhe"]}],"is_beta":false,"boss_relics":[{"not_picked":["ChewingGum","bronze:MakeshiftBattery"],"picked":"Astrolabe"},{"not_picked":["ReplayTheSpireMod:SealedPack","Replay:Bronze Core"],"picked":"Philosopher\u0027s Stone"}],"items_purged_floors":[19,29,31],"is_endless":true,"potions_floor_spawned":[6,8,16,22,24,25,37,41],"killed_by":"Nightmare_Alpha","ascension_level":0}}