{"host":"xrdu44lqyrrw1kvr","time":1613604875,"event":{"mods":["Aspiration","BaseMod","Colored Powertips","Minty Spire (QoL Compilation)","Relic Stats","Reliquary","Replay The Spire","StSLib"],"gold_per_floor":[109,109,109,120,120,120,132,145,168,223,273,315,352,8,8,99,99,124,163,178,178],"floor_reached":20,"language":"RUS","playtime":923,"items_purged":[],"score":352,"play_id":"77579134-1adb-4d98-809b-ec83b7ac5e6f","local_time":"20210218023435","is_ascension_mode":true,"campfire_choices":[{"data":"Rampage","floor":6.0,"key":"SMITH"},{"data":"Havoc","floor":15,"key":"SMITH"}],"circlet_count":0,"master_deck":["AscendersBane","Strike_R","Strike_R","Strike_R","Strike_R","Defend_R","Defend_R","Defend_R","Defend_R","Bash","Rampage+1","Havoc+1","Metallicize","Disarm","Exhume","ReplayTheSpireMod:Stacked","Barricade","Armaments+1","Shrug It Off"],"relics":["Burning Blood","Red Skull","Replay:Bandana","Bronze Scales","TungstenRod","reliquary:ThirdArm"],"acts_visited":["Exordium","TheCity"],"potions_floor_usage":[16,20,20],"damage_taken":[{"damage":3.0,"enemies":"Small Slimes","floor":1.0,"turns":4.0},{"damage":0.0,"enemies":"Cultist","floor":4.0,"turns":3.0},{"damage":7.0,"enemies":"Jaw Worm","floor":7.0,"turns":3.0},{"damage":29.0,"enemies":"Lots of Slimes","floor":8.0,"turns":5.0},{"damage":27.0,"enemies":"3 Sentries","floor":10.0,"turns":10.0},{"damage":9,"enemies":"2 Fungi Beasts","floor":12,"turns":2},{"damage":2,"enemies":"Red Slaver","floor":13,"turns":3},{"damage":21,"enemies":"Slime Boss","floor":16,"turns":5},{"damage":32,"enemies":"Chosen","floor":18,"turns":10},{"damage":15,"enemies":"3 Byrds","floor":19,"turns":4},{"damage":42,"enemies":"Cultist and Chosen","floor":20,"turns":8}],"seed_played":"4529425746093973149","potions_obtained":[{"floor":7.0,"key":"Swift Potion"},{"floor":8.0,"key":"Fire Potion"},{"floor":12,"key":"Death Potion"},{"floor":18,"key":"BloodPotion"},{"floor":19,"key":"Toxic Potion"}],"is_trial":false,"path_per_floor":["M","?","?","M","?","R","M","M","T","E","?","M","M","$","R","B",null,"M","M","M"],"character_chosen":"IRONCLAD","items_purchased":["TungstenRod"],"campfire_rested":0,"item_purchase_floors":[14],"current_hp_per_floor":[71,71,71,75,75,75,74,51,51,30,30,27,31,31,31,16,60,34,25,0,0],"gold":178,"neow_bonus":"RANDOM_COMMON_RELIC","is_daily":false,"chose_seed":false,"campfire_upgraded":2,"win_rate":0.0,"timestamp":1613604875,"path_taken":["M","?","?","?","?","R","M","?","T","E","?","?","M","?","R","BOSS","M","M","?"],"items_purchased_type":["Relic"],"build_version":"2020-12-22","purchased_purges":0,"victory":false,"max_hp_per_floor":[75,75,75,75,75,75,75,75,75,75,75,75,75,75,75,75,75,75,75,75,75],"relic_stats":{"counters":[11,57],"Bronze Scales":[113],"obtain_stats":[{"Replay:Bandana":9,"Bronze Scales":10,"reliquary:ThirdArm":17,"Burning Blood":0,"Red Skull":0,"TungstenRod":14},{"Replay:Bandana":4,"Bronze Scales":5,"reliquary:ThirdArm":8,"Burning Blood":0,"Red Skull":0,"TungstenRod":7},{"Replay:Bandana":15,"Bronze Scales":25,"reliquary:ThirdArm":35,"Burning Blood":0,"Red Skull":0,"TungstenRod":30}],"Burning Blood":58,"TungstenRod":12},"card_choices":[{"not_picked":["Perfected Strike","Flex"],"picked":"Rampage","floor":1.0},{"not_picked":["Iron Wave","Clash","Run Through"],"picked":"SKIP","floor":4.0},{"not_picked":["Iron Wave","Wild Strike"],"picked":"Metallicize","floor":7.0},{"not_picked":["Twin Strike","Warcry"],"picked":"Disarm","floor":8.0},{"not_picked":["Clothesline","Pummel"],"picked":"Exhume","floor":10.0},{"not_picked":["ReplayTheSpireMod:Strike From Hell","Replay:Undeath\u0027s Touch"],"picked":"ReplayTheSpireMod:Stacked","floor":12},{"not_picked":["ReplayTheSpireMod:Strike From Hell","Replay:Undeath\u0027s Touch","Thunderclap"],"picked":"SKIP","floor":13},{"not_picked":["Hemogenesis","Brutality"],"picked":"Barricade","floor":16},{"not_picked":["Defy Death","Perfected Strike"],"picked":"Armaments+1","floor":18},{"not_picked":["Run Through","ReplayTheSpireMod:Strike From Hell"],"picked":"Shrug It Off","floor":19}],"player_experience":1992995,"relics_obtained":[{"floor":9.0,"key":"Replay:Bandana"},{"floor":10.0,"key":"Bronze Scales"}],"event_choices":[{"cards_removed":["Strike_R"],"damage_healed":0.0,"max_hp_gain":0.0,"max_hp_loss":0.0,"gold_gain":0.0,"event_name":"Purifier","player_choice":"Purged","floor":3.0,"gold_loss":0.0,"damage_taken":0.0},{"damage_healed":0.0,"max_hp_gain":0.0,"max_hp_loss":0.0,"gold_gain":0.0,"event_name":"Match and Keep!","player_choice":"1 cards matched","floor":5.0,"gold_loss":0.0,"damage_taken":0.0,"cards_obtained":["Havoc"]},{"damage_healed":0.0,"max_hp_gain":0.0,"max_hp_loss":0.0,"gold_gain":50.0,"event_name":"Golden Shrine","player_choice":"Pray","floor":11.0,"gold_loss":0.0,"damage_taken":0.0}],"is_beta":false,"boss_relics":[{"not_picked":["Calling Bell","reliquary:BigHammer"],"picked":"reliquary:ThirdArm"}],"items_purged_floors":[],"is_endless":false,"potions_floor_spawned":[7,8,12,18,19],"killed_by":"Cultist and Chosen","ascension_level":20}}