{"host":"2q4w55ev63ot6isg","time":1613547963,"event":{"mods":["Aspiration","BaseMod","Downfall","Hubris","Marisa????????","Minty Spire (QoL Compilation)","Replay The Spire","StSLib","The Cursed","The Jungle","The Servant 0.9.4"],"gold_per_floor":[99,118,118,138,156,156,156,156,187,198,223,242,66,82,102,199,199,199,214,230,230,230,230,255,275,295,320,320,34,34,42,57,162,162,162,181,191,208,225,225,294,294,308,321,337,3,3,15,30,30],"floor_reached":51,"language":"ENG","playtime":2019,"items_purged":["bronze:Strike","hubris:Lust"],"score":914,"play_id":"6b12a7bd-adf1-41da-a619-223e7954f50c","local_time":"20210216234603","is_ascension_mode":true,"campfire_choices":[{"data":"bronze:InfiniteBeams","floor":8,"key":"SMITH"},{"data":"bronze:Strike","floor":18,"key":"PURGE"},{"data":"Jack Of All Trades","floor":23,"key":"SMITH"},{"data":"bronze:Library","floor":28,"key":"SMITH"},{"data":"expansioncontent:StudyTheSpire","floor":35,"key":"SMITH"},{"data":"expansioncontent:QuickStudy","floor":42,"key":"SMITH"},{"data":"bronze:Mutator","floor":47,"key":"SMITH"}],"circlet_count":0,"master_deck":["bronze:Strike+1","bronze:Defend","bronze:Defend","bronze:Defend","bronze:Replicate","bronze:Goto+1","bronze:DigitalCarnage+1","bronze:DelayedGuard","bronze:Branch","bronze:InfiniteBeams+1","bronze:Repair","bronze:Boost","bronze:Optimize","bronze:DigitalCarnage","bronze:Terminator","Jack Of All Trades+1","bronze:InfiniteBeams","bronze:ThunderWave","bronze:Library+1","bronze:Separator+1","bronze:ChosenStrike","bronze:InfiniteBeams","bronze:ChosenStrike","bronze:BronzeOrb","bronze:InfiniteBeams+1","ReplayTheSpireMod:Private Reserves","expansioncontent:StudyTheSpire+1","RitualDagger","expansioncontent:QuickStudy+1","bronze:ClassDefault+1","bronze:Verify","bronze:Mutator+1","bronze:ChosenStrike+1","bronze:Repair+1","bronze:DelayedGuard+1","bronze:FineTuning+1","bronze:Shell+1","bronze:Iterate+1"],"relics":["bronze:BronzeCore","Spirit Poop","Akabeko","Vajra","Shuriken","Painkiller Herb","hubris:Towel","Nunchaku","Bird Faced Urn","Lantern","Cursed Key","Gremlin Horn","ClockworkSouvenir"],"acts_visited":["Exordium","TheCity","TheBeyond"],"potions_floor_usage":[25,27,33,36,43,43,44,50,50],"damage_taken":[{"damage":2,"enemies":"Jaw Worm","floor":2,"turns":2},{"damage":0,"enemies":"Small Slimes","floor":4,"turns":1},{"damage":0,"enemies":"Cultist","floor":5,"turns":2},{"damage":7,"enemies":"Lagavulin","floor":9,"turns":3},{"damage":0,"enemies":"2 Fungi Beasts","floor":10,"turns":1},{"damage":2,"enemies":"3 Sentries","floor":11,"turns":4},{"damage":1,"enemies":"Exordium Wildlife","floor":12,"turns":2},{"damage":0,"enemies":"downfall:FleeingMerchant","floor":13,"turns":4},{"damage":4,"enemies":"Exordium Thugs","floor":14,"turns":3},{"damage":9,"enemies":"Blue Slaver","floor":15,"turns":2},{"damage":0,"enemies":"SI_SHIV_ARCHETYPE","floor":16,"turns":5},{"damage":4,"enemies":"Chosen","floor":19,"turns":2},{"damage":27,"enemies":"Shelled Parasite and Fungi","floor":20,"turns":4},{"damage":1,"enemies":"3 Cultists","floor":25,"turns":4},{"damage":0,"enemies":"Sentry and Sphere","floor":26,"turns":2},{"damage":2,"enemies":"Book of Stabbing","floor":27,"turns":3},{"damage":7,"enemies":"downfall:FleeingMerchant","floor":29,"turns":4},{"damage":0,"enemies":"downfall:FleeingMerchant","floor":31,"turns":2},{"damage":0,"enemies":"Snecko","floor":32,"turns":3},{"damage":25,"enemies":"DF_ARCHETYPE_CLAW","floor":33,"turns":4},{"damage":22,"enemies":"3 Darklings","floor":36,"turns":4},{"damage":8,"enemies":"3 Shapes","floor":37,"turns":5},{"damage":0,"enemies":"Spire Growth","floor":38,"turns":3},{"damage":27,"enemies":"Sphere and 2 Shapes","floor":39,"turns":4},{"damage":12,"enemies":"Transient","floor":43,"turns":5},{"damage":34,"enemies":"3 Darklings","floor":44,"turns":4},{"damage":10,"enemies":"4 Shapes","floor":45,"turns":2},{"damage":0,"enemies":"Sphere and 2 Shapes","floor":48,"turns":3},{"damage":68,"enemies":"Transient","floor":49,"turns":5},{"damage":26,"enemies":"IC_BLOCK_ARCHETYPE","floor":50,"turns":7}],"seed_played":"1625303997404327015","potions_obtained":[{"floor":4,"key":"Energy Potion"},{"floor":11,"key":"Adrenaline Potion"},{"floor":14,"key":"Dexterity Potion"},{"floor":25,"key":"Block Potion"},{"floor":33,"key":"hexamod:SoulburnPotion"},{"floor":36,"key":"Energy Potion"},{"floor":39,"key":"LiquidMemories"},{"floor":45,"key":"LiquidBronze"}],"is_trial":false,"path_per_floor":["R","M","?","M","M","?","T","R","E","M","E","M","$","M","M","B",null,"T","?","?","?","?","T","T","?","?","E","T","T","?","T","?","B",null,"T","?","?","?","?","?","T","T","?","?","?","T","T","?","?","B",null],"character_chosen":"THE_AUTOMATON","items_purchased":["Jack Of All Trades","ReplayTheSpireMod:Private Reserves","expansioncontent:StudyTheSpire","Lantern","expansioncontent:QuickStudy","ClockworkSouvenir","Languid Potion"],"campfire_rested":0,"item_purchase_floors":[13,29,29,31,31,46,46],"current_hp_per_floor":[77,75,75,75,75,75,75,75,68,68,73,72,72,68,69,76,77,77,77,50,50,50,50,50,56,63,61,61,69,63,67,75,67,77,77,71,77,77,58,58,58,58,77,61,69,69,69,77,29,38],"gold":30,"neow_bonus":"TEN_PERCENT_HP_BONUS","is_daily":false,"chose_seed":false,"campfire_upgraded":6,"win_rate":0.0,"timestamp":1613547963,"path_taken":["R","M","?","M","M","?","T","R","E","M","E","?","$","M","M","BOSS","T","?","?","?","?","T","T","?","?","E","T","T","?","T","?","BOSS","T","?","?","?","?","?","T","T","?","?","?","T","T","?","?","BOSS"],"items_purchased_type":["Card","Card","Card","Relic","Card","Relic","Potion"],"build_version":"2020-12-22","purchased_purges":2,"victory":true,"max_hp_per_floor":[77,77,77,77,77,77,77,77,77,77,77,77,77,77,77,77,77,77,77,77,77,77,77,77,77,77,77,77,77,77,77,77,77,77,77,77,77,77,77,77,77,77,77,77,77,77,77,77,77,77],"card_choices":[{"not_picked":["bronze:ClassDefault","bronze:Turbo"],"picked":"bronze:DelayedGuard","floor":2},{"not_picked":["bronze:FineTuning","bronze:WhirlingStrike"],"picked":"bronze:Branch","floor":4},{"not_picked":["bronze:CutThrough","bronze:BugBarrage"],"picked":"bronze:InfiniteBeams","floor":5},{"not_picked":["bronze:Refactor","bronze:OilSpill"],"picked":"bronze:Repair","floor":9},{"not_picked":["bronze:BitShift","bronze:GetLatest"],"picked":"bronze:Boost","floor":10},{"not_picked":["bronze:MaxOutput","bronze:Turbo"],"picked":"bronze:Optimize","floor":11},{"not_picked":["bronze:BuggyMess","bronze:MaxOutput"],"picked":"bronze:DigitalCarnage","floor":12},{"not_picked":["bronze:Return","bronze:Shield"],"picked":"bronze:Terminator","floor":13},{"not_picked":["bronze:Constructor","bronze:Overload"],"picked":"bronze:InfiniteBeams","floor":14},{"not_picked":["bronze:Invalidate","bronze:CutThrough"],"picked":"bronze:ThunderWave","floor":15},{"not_picked":["bronze:Mutator","bronze:Assembly"],"picked":"bronze:Library","floor":16},{"not_picked":["bronze:DelayedSlice","bronze:FineTuning+1"],"picked":"bronze:Separator+1","floor":19},{"not_picked":["bronze:DarkDash","bronze:Optimize"],"picked":"bronze:ChosenStrike","floor":20},{"not_picked":["bronze:FineTuning","bronze:CutThrough"],"picked":"bronze:InfiniteBeams","floor":25},{"not_picked":["bronze:Flail","bronze:OilSpill"],"picked":"bronze:ChosenStrike","floor":26},{"not_picked":["bronze:Overheat","bronze:FineTuning"],"picked":"bronze:BronzeOrb","floor":27},{"not_picked":["bronze:BronzeArmor","bronze:Iterate"],"picked":"bronze:InfiniteBeams+1","floor":29},{"not_picked":["bronze:DelayedGuard","bronze:ForLoop+1","bronze:CloningBeam"],"picked":"SKIP","floor":31},{"not_picked":["bronze:FineTuning","bronze:Frontload"],"picked":"bronze:ClassDefault+1","floor":32},{"not_picked":["bronze:Virus","bronze:RecursiveStrike"],"picked":"bronze:Verify","floor":33},{"not_picked":["bronze:Shield","bronze:Branch"],"picked":"bronze:Mutator","floor":36},{"not_picked":["bronze:Shield","bronze:WhirlingStrike"],"picked":"bronze:ChosenStrike+1","floor":37},{"not_picked":["bronze:FineTuning","bronze:DelayedSlice"],"picked":"bronze:Repair+1","floor":38},{"not_picked":["bronze:Separator+1","bronze:FollowUp"],"picked":"bronze:DelayedGuard+1","floor":39},{"not_picked":["bronze:ChosenStrike","bronze:DelayedGuard+1"],"picked":"bronze:FineTuning+1","floor":43},{"not_picked":["bronze:Deprecate+1","bronze:Branch","bronze:BurnOut"],"picked":"SKIP","floor":44},{"not_picked":["bronze:Philosophize+1","bronze:BuggyMess+1"],"picked":"bronze:Shell+1","floor":45},{"not_picked":["bronze:CutThrough","bronze:BitShift","bronze:Invalidate+1"],"picked":"SKIP","floor":48},{"not_picked":["bronze:BugBarrage+1","bronze:OilSpill"],"picked":"bronze:Iterate+1","floor":49}],"player_experience":257640,"relics_obtained":[{"floor":7,"key":"Akabeko"},{"floor":9,"key":"Vajra"},{"floor":11,"key":"Shuriken"},{"floor":24,"key":"Nunchaku"},{"floor":27,"key":"Bird Faced Urn"},{"floor":41,"key":"Gremlin Horn"}],"event_choices":[{"cards_removed":["downfall:Malfunctioning"],"damage_healed":0,"gold_gain":0,"player_choice":"Offered Curse","damage_taken":0,"relics_obtained":["Spirit Poop"],"max_hp_gain":0,"max_hp_loss":0,"event_name":"Bonfire Elementals","floor":6,"gold_loss":0},{"damage_healed":0,"gold_gain":0,"player_choice":"Ignored","damage_taken":0,"max_hp_gain":0,"max_hp_loss":0,"event_name":"Vampires","floor":21,"gold_loss":0}],"is_beta":false,"boss_relics":[{"not_picked":["aspiration:IroncladSkillbook","Philosopher\u0027s Stone"],"picked":"Painkiller Herb"},{"not_picked":["Honey Jar","expansioncontent:StudyCardRelic"],"picked":"Cursed Key"}],"items_purged_floors":[13,46],"is_endless":false,"potions_floor_spawned":[4,11,14,16,19,20,25,33,36,39,45],"ascension_level":3}}