{"host":"19r1ww88x2tc73i0","time":1613550593,"event":{"mods":["BaseMod","BetterRewards","Colored Map","Minty Spire (QoL Compilation)","Relic Stats","StSLib","SuperFastMode","slay the spire mod where everything is the same but ironclad has a cowboy hat"],"gold_per_floor":[110,110,124,66,78,78,109,126,179,206,206,171,246,80,80,80,80],"floor_reached":16,"language":"ENG","playtime":665,"items_purged":[],"score":284,"play_id":"b2460d57-7a4a-4e7f-8f1a-3b20047854de","local_time":"25640217152953","is_ascension_mode":true,"campfire_choices":[{"data":"1","floor":6,"key":"LIFT"},{"data":"2","floor":11,"key":"LIFT"},{"data":"3","floor":15,"key":"LIFT"}],"circlet_count":0,"master_deck":["AscendersBane","Strike_P","Strike_P","Strike_P","Strike_P","Defend_P","Defend_P","Defend_P","Defend_P","Eruption","Vigilance","Fasting2+1","Consecrate","Worship","FlyingSleeves","Sanctity","Ragnarok","Vault","WheelKick","CrushJoints","Halt","ClearTheMind","InnerPeace"],"relics":["PureWater","Ginger","Girya","Oddly Smooth Stone","Letter Opener","Vajra","MealTicket","Orrery"],"acts_visited":["Exordium"],"potions_floor_usage":[7,8],"damage_taken":[{"damage":0,"enemies":"Jaw Worm","floor":1,"turns":4},{"damage":2,"enemies":"Small Slimes","floor":3,"turns":5},{"damage":0,"enemies":"2 Louse","floor":5,"turns":1},{"damage":32,"enemies":"Gremlin Nob","floor":7,"turns":3},{"damage":1,"enemies":"Blue Slaver","floor":8,"turns":2},{"damage":10,"enemies":"Lagavulin","floor":10,"turns":7},{"damage":28,"enemies":"Hexaghost","floor":16,"turns":10}],"seed_played":"-767864572580804770","potions_obtained":[{"floor":1,"key":"FearPotion"},{"floor":8,"key":"SpeedPotion"}],"is_trial":false,"path_per_floor":["M","?","M","$","M","R","E","M","T","E","R","?","?","$","R","B"],"character_chosen":"WATCHER","items_purchased":["Ginger","Girya","Fasting2","Oddly Smooth Stone","Energy Potion","FlyingSleeves","Orrery"],"campfire_rested":0,"item_purchase_floors":[0,0,0,0,0,4,14],"current_hp_per_floor":[61,61,59,59,59,59,27,26,26,16,16,33,22,37,37,9,9],"gold":80,"neow_bonus":"","is_daily":false,"chose_seed":false,"campfire_upgraded":0,"win_rate":0.0,"timestamp":1613550593,"path_taken":["M","?","M","$","M","R","E","M","T","E","R","?","?","?","R","BOSS"],"items_purchased_type":["Relic","Relic","Card","Relic","Potion","Card","Relic"],"build_version":"2020-12-22","purchased_purges":0,"victory":false,"max_hp_per_floor":[68,68,68,68,68,68,68,68,68,68,68,68,68,68,68,68,68],"relic_stats":{"counters":[77,272],"MealTicket":15,"Ginger":[2],"Letter Opener":[0],"obtain_stats":[{"Ice Cream":5,"CeramicFish":0,"Vajra":9,"Whetstone":6,"Ginger":0,"Boot":29,"Centennial Puzzle":10,"HornCleat":9,"DollysMirror":53,"Philosopher\u0027s Stone":17,"MealTicket":10,"Fusion Hammer":17,"Girya":8,"Happy Flower":23,"Astrolabe":0,"Blue Candle":45,"Oddly Smooth Stone":25,"Pen Nib":0,"Letter Opener":7,"War Paint":9,"Du-Vu Doll":9,"MutagenicStrength":19,"Bronze Scales":25,"Molten Egg 2":0,"Pandora\u0027s Box":34,"StrikeDummy":24,"Regal Pillow":41,"Lantern":11,"Torii":46,"CloakClasp":40,"ClockworkSouvenir":0,"Nunchaku":29,"TheAbacus":46,"Tiny Chest":0,"InkBottle":26,"Potion Belt":26,"Damaru":36,"Thread and Needle":12,"PreservedInsect":0,"The Courier":10,"Omamori":0,"Orichalcum":14,"Frozen Egg 2":8,"Medical Kit":22,"GoldenEye":0,"Busted Crown":34,"Orrery":14,"Art of War":54,"Bag of Marbles":0,"Membership Card":0,"Bottled Lightning":46,"PureWater":0,"FossilizedHelix":6},{"Ice Cream":45,"CeramicFish":29,"Vajra":75,"Whetstone":33,"Ginger":70,"Boot":17,"Centennial Puzzle":6,"HornCleat":48,"DollysMirror":27,"Philosopher\u0027s Stone":10,"MealTicket":76,"Fusion Hammer":51,"Girya":5,"Happy Flower":15,"Astrolabe":0,"Blue Candle":24,"Oddly Smooth Stone":16,"Pen Nib":29,"Letter Opener":74,"War Paint":34,"Du-Vu Doll":5,"MutagenicStrength":38,"Bronze Scales":41,"Molten Egg 2":42,"Pandora\u0027s Box":61,"StrikeDummy":41,"Regal Pillow":23,"Lantern":35,"Torii":67,"CloakClasp":65,"ClockworkSouvenir":29,"Nunchaku":58,"TheAbacus":67,"Tiny Chest":29,"InkBottle":16,"Potion Belt":41,"Damaru":21,"Thread and Needle":35,"PreservedInsect":29,"The Courier":49,"Omamori":29,"Orichalcum":36,"Frozen Egg 2":48,"Medical Kit":14,"GoldenEye":42,"Busted Crown":20,"Orrery":76,"Art of War":28,"Bag of Marbles":29,"Membership Card":29,"Bottled Lightning":67,"PureWater":0,"FossilizedHelix":4},{"Ice Cream":149,"CeramicFish":104,"Vajra":255,"Whetstone":115,"Ginger":240,"Boot":64,"Centennial Puzzle":23,"HornCleat":160,"DollysMirror":95,"Philosopher\u0027s Stone":41,"MealTicket":262,"Fusion Hammer":168,"Girya":18,"Happy Flower":59,"Astrolabe":0,"Blue Candle":87,"Oddly Smooth Stone":62,"Pen Nib":104,"Letter Opener":253,"War Paint":117,"Du-Vu Doll":18,"MutagenicStrength":131,"Bronze Scales":139,"Molten Egg 2":141,"Pandora\u0027s Box":205,"StrikeDummy":139,"Regal Pillow":85,"Lantern":120,"Torii":228,"CloakClasp":220,"ClockworkSouvenir":104,"Nunchaku":191,"TheAbacus":228,"Tiny Chest":104,"InkBottle":62,"Potion Belt":139,"Damaru":76,"Thread and Needle":120,"PreservedInsect":104,"The Courier":163,"Omamori":104,"Orichalcum":123,"Frozen Egg 2":160,"Medical Kit":56,"GoldenEye":141,"Busted Crown":74,"Orrery":262,"Art of War":98,"Bag of Marbles":104,"Membership Card":104,"Bottled Lightning":228,"PureWater":0,"FossilizedHelix":15}]},"card_choices":[{"not_picked":["DeceiveReality","LikeWater"],"picked":"Consecrate","floor":1},{"not_picked":["Pray","JustLucky"],"picked":"Worship","floor":3},{"not_picked":["CutThroughFate","FlurryOfBlows"],"picked":"Sanctity","floor":5},{"not_picked":["EmptyFist","Consecrate","Collect"],"picked":"SKIP","floor":7},{"not_picked":["WaveOfTheHand","Weave"],"picked":"Ragnarok","floor":8},{"not_picked":["Fasting2","FollowUp"],"picked":"Vault","floor":10},{"not_picked":["SashWhip","Consecrate"],"picked":"WheelKick","floor":14},{"not_picked":["JustLucky","Protect"],"picked":"CrushJoints","floor":14},{"not_picked":["Vengeance","Pray"],"picked":"Halt","floor":14},{"not_picked":["Halt","WreathOfFlame"],"picked":"ClearTheMind","floor":14},{"not_picked":["LikeWater","Alpha"],"picked":"InnerPeace","floor":14}],"player_experience":1116171,"relics_obtained":[{"floor":7,"key":"Letter Opener"},{"floor":9,"key":"Vajra"},{"floor":10,"key":"MealTicket"}],"event_choices":[{"damage_healed":0,"gold_gain":0,"player_choice":"Grow","damage_taken":0,"max_hp_gain":0,"max_hp_loss":0,"event_name":"Living Wall","floor":2,"gold_loss":0,"cards_upgraded":["Fasting2"]},{"damage_healed":17,"gold_gain":0,"player_choice":"Healed","damage_taken":0,"max_hp_gain":0,"max_hp_loss":0,"event_name":"The Cleric","floor":12,"gold_loss":35},{"damage_healed":0,"gold_gain":75,"player_choice":"Gather Gold","damage_taken":11,"max_hp_gain":0,"max_hp_loss":0,"event_name":"World of Goop","floor":13,"gold_loss":0}],"is_beta":false,"boss_relics":[],"items_purged_floors":[],"is_endless":false,"potions_floor_spawned":[1,5,8],"killed_by":"Hexaghost","ascension_level":16}}