{"host":"n2sr453jcjz6vvl4","time":1613597056,"event":{"mods":["BaseMod","Colored Map","Minty Spire (QoL Compilation)","Permanent Neow","Relic Stats","StSLib"],"gold_per_floor":[116,191,366,378,326,361,361,395,395,410,423,440,90,108,108,108,108],"floor_reached":16,"language":"ENG","playtime":1421,"items_purged":["Defend_G"],"score":164,"play_id":"ac3ef245-1e3f-4038-b052-95ca0a32f8ba","local_time":"20210217172416","is_ascension_mode":true,"campfire_choices":[{"data":"Dodge and Roll","floor":7.0,"key":"SMITH"},{"floor":15,"key":"REST"}],"circlet_count":0,"master_deck":["Strike_G","Strike_G","Strike_G","Strike_G","Strike_G","Defend_G","Defend_G","Defend_G","Defend_G","Survivor","Neutralize","Doubt","Flying Knee","Dodge and Roll+1","Bullet Time","Leg Sweep","Poisoned Stab+1","Backflip","Flying Knee+1"],"relics":["Ring of the Snake","NeowsBlessing","The Courier","Molten Egg 2","Ancient Tea Set","Letter Opener","Membership Card","Art of War","Tingsha"],"acts_visited":["Exordium"],"potions_floor_usage":[16],"damage_taken":[{"damage":0.0,"enemies":"Small Slimes","floor":1.0,"turns":1.0},{"damage":0.0,"enemies":"2 Louse","floor":4.0,"turns":1.0},{"damage":0.0,"enemies":"Gremlin Nob","floor":6.0,"turns":1.0},{"damage":55,"enemies":"3 Sentries","floor":8,"turns":17},{"damage":0,"enemies":"Cultist","floor":10,"turns":4},{"damage":8,"enemies":"Exordium Thugs","floor":11,"turns":10},{"damage":0,"enemies":"Looter","floor":12,"turns":3},{"damage":0,"enemies":"Large Slime","floor":14,"turns":4},{"damage":39,"enemies":"Slime Boss","floor":16,"turns":17}],"seed_played":"8114804228567593093","potions_obtained":[{"floor":6.0,"key":"SteroidPotion"},{"floor":8,"key":"FairyPotion"},{"floor":10,"key":"Ancient Potion"},{"floor":14,"key":"EssenceOfSteel"}],"is_trial":false,"path_per_floor":["M","?","?","M","?","E","R","E","T","M","M","M","$","M","R","B"],"character_chosen":"THE_SILENT","items_purchased":["Membership Card","Art of War","Tingsha","Backflip"],"campfire_rested":1,"item_purchase_floors":[13,13,13,13],"current_hp_per_floor":[70,59,59,59,59,59,59,4,4,4,17,17,17,17,38,0,0],"gold":108,"neow_bonus":"THREE_ENEMY_KILL","is_daily":false,"chose_seed":false,"campfire_upgraded":1,"win_rate":0.0,"timestamp":1613597056,"path_taken":["M","?","?","M","?","E","R","E","T","M","M","M","$","M","R","BOSS"],"items_purchased_type":["Relic","Relic","Relic","Card"],"build_version":"2020-12-22","purchased_purges":1,"victory":false,"max_hp_per_floor":[70,70,70,70,70,70,70,70,70,70,70,70,70,70,70,70,70],"relic_stats":{"counters":[9,58],"Tingsha":[12],"Art of War":[1],"Letter Opener":[30],"obtain_stats":[{"NeowsBlessing":0,"Molten Egg 2":6,"Tingsha":13,"The Courier":5,"Art of War":13,"Letter Opener":9,"Membership Card":13,"Ancient Tea Set":8,"Ring of the Snake":0},{"NeowsBlessing":0,"Molten Egg 2":3,"Tingsha":7,"The Courier":2,"Art of War":7,"Letter Opener":4,"Membership Card":7,"Ancient Tea Set":4,"Ring of the Snake":0},{"NeowsBlessing":0,"Molten Egg 2":3,"Tingsha":37,"The Courier":2,"Art of War":37,"Letter Opener":20,"Membership Card":37,"Ancient Tea Set":20,"Ring of the Snake":0}],"Ring of the Snake":[18]},"card_choices":[{"not_picked":["Outmaneuver","Endless Agony","Bane"],"picked":"SKIP","floor":1.0},{"not_picked":["Prepared","Burst"],"picked":"Flying Knee","floor":4.0},{"not_picked":["Bane+1","Escape Plan"],"picked":"Dodge and Roll","floor":6.0},{"not_picked":["Poisoned Stab+1","Expertise"],"picked":"Bullet Time","floor":8},{"not_picked":["Catalyst","Riddle With Holes+1"],"picked":"Leg Sweep","floor":10},{"not_picked":["Catalyst","Dagger Spray+1"],"picked":"Poisoned Stab+1","floor":11},{"not_picked":["Infinite Blades","Reflex","Accuracy"],"picked":"SKIP","floor":12},{"not_picked":["Eviscerate+1","Catalyst"],"picked":"Flying Knee+1","floor":14}],"player_experience":155817,"relics_obtained":[{"floor":6.0,"key":"Molten Egg 2"},{"floor":8,"key":"Ancient Tea Set"},{"floor":9,"key":"Letter Opener"}],"event_choices":[{"damage_healed":0.0,"max_hp_gain":0.0,"max_hp_loss":0.0,"gold_gain":75.0,"event_name":"World of Goop","player_choice":"Gather Gold","floor":2.0,"gold_loss":0.0,"damage_taken":11.0},{"damage_healed":0.0,"max_hp_gain":0.0,"max_hp_loss":0.0,"gold_gain":175.0,"event_name":"Liars Game","player_choice":"AGREE","floor":3.0,"gold_loss":0.0,"damage_taken":0.0,"cards_obtained":["Doubt"]},{"damage_healed":0.0,"max_hp_gain":0.0,"max_hp_loss":0.0,"gold_gain":0.0,"event_name":"WeMeetAgain","player_choice":"Paid Gold","floor":5.0,"gold_loss":52.0,"damage_taken":0.0,"relics_obtained":["The Courier"]}],"is_beta":false,"boss_relics":[],"items_purged_floors":[13],"is_endless":false,"potions_floor_spawned":[6,8,10,14],"killed_by":"Slime Boss","ascension_level":4}}