{"host":"5dk97cf2ubw2v967","time":1613576211,"event":{"mods":["AlwaysNeverKeys","BaseMod","Better Altar","Better Vampires","Block Reminder","Card Filter","Colored Powertips","Downfall","Googly Eyes","Highlight Path","Minty Spire (QoL Compilation)","Permanent Neow","Potion Indicator Mod","Quick Restart","Relic Filter","Relic Stats","Say the Spire","Spicy Shops","StSLib","Waifu the Spire","everything is the same but u backflip on backflip"],"gold_per_floor":[12,12,25,25,41,68,68,33,58,58,72,72,101,118,118,194,194,213,138,138,46,59,59,59,59],"floor_reached":24,"language":"ENG","playtime":802,"items_purged":["Strike_R"],"score":508,"play_id":"3d9310fd-9b3b-4551-943c-fae3a6fa8315","local_time":"20210217153651","is_ascension_mode":true,"campfire_choices":[{"data":"Juggernaut","floor":7,"key":"SMITH"},{"data":"Havoc","floor":10,"key":"SMITH"},{"data":"Pommel Strike","floor":12,"key":"SMITH"},{"data":"Barricade","floor":15,"key":"SMITH"},{"data":"Rage","floor":23,"key":"SMITH"}],"circlet_count":0,"master_deck":["AscendersBane","Strike_R","Strike_R","Strike_R","Strike_R","Defend_R","Defend_R","Defend_R","Defend_R","Juggernaut+1","Warcry","Rage+1","Havoc+1","Pommel Strike+1","Ghostly Armor","Barricade+1","Brutality","Headbutt","Swift Strike"],"relics":["Burning Blood","Mercury Hourglass","Anchor","Ancient Tea Set","Potion Belt","SacredBark"],"acts_visited":["Exordium","TheCity"],"potions_floor_usage":[13,16,16,24],"damage_taken":[{"damage":1,"enemies":"Cultist","floor":1,"turns":4},{"damage":9,"enemies":"Jaw Worm","floor":3,"turns":4},{"damage":1,"enemies":"Small Slimes","floor":5,"turns":3},{"damage":44,"enemies":"3 Sentries","floor":6,"turns":7},{"damage":0,"enemies":"Blue Slaver","floor":11,"turns":2},{"damage":10,"enemies":"Lagavulin","floor":13,"turns":5},{"damage":6,"enemies":"2 Fungi Beasts","floor":14,"turns":4},{"damage":0,"enemies":"Hexaghost","floor":16,"turns":8},{"damage":21,"enemies":"Spheric Guardian","floor":18,"turns":4},{"damage":20,"enemies":"Shell Parasite","floor":22,"turns":5},{"damage":78,"enemies":"Shelled Parasite and Fungi","floor":24,"turns":5}],"seed_played":"176572255848055133","potions_obtained":[{"floor":6,"key":"Energy Potion"},{"floor":11,"key":"EssenceOfSteel"},{"floor":13,"key":"DistilledChaos"},{"floor":16,"key":"Regen Potion"},{"floor":22,"key":"ElixirPotion"}],"is_trial":false,"path_per_floor":["M","T","M","?","M","E","R","?","T","R","M","R","E","M","R","B",null,"M","$","?","$","M","R","M"],"character_chosen":"IRONCLAD","items_purchased":["Swift Strike"],"campfire_rested":0,"item_purchase_floors":[21],"current_hp_per_floor":[73,73,70,70,75,37,37,55,55,55,61,61,57,57,57,63,72,57,57,57,57,43,43,0,0],"gold":59,"neow_bonus":"THREE_RARE_CARDS","is_daily":false,"chose_seed":false,"campfire_upgraded":5,"win_rate":0.0,"timestamp":1613576211,"path_taken":["M","?","M","?","?","E","R","?","T","R","M","R","E","M","R","BOSS","M","$","?","$","M","R","M"],"items_purchased_type":["Card"],"build_version":"2020-12-22","purchased_purges":1,"victory":false,"max_hp_per_floor":[75,75,75,75,75,75,75,75,75,75,75,75,75,75,75,75,75,75,75,75,75,75,75,75,75],"relic_stats":{"counters":[11,51],"obtain_stats":[{"Potion Belt":13,"Anchor":6,"SacredBark":17,"Ancient Tea Set":9,"Burning Blood":0,"Mercury Hourglass":2},{"Potion Belt":6,"Anchor":4,"SacredBark":8,"Ancient Tea Set":4,"Burning Blood":0,"Mercury Hourglass":1},{"Potion Belt":25,"Anchor":18,"SacredBark":37,"Ancient Tea Set":18,"Burning Blood":0,"Mercury Hourglass":4}],"Burning Blood":60,"Mercury Hourglass":[143]},"card_choices":[{"not_picked":["Offering","Double Tap"],"picked":"Juggernaut","floor":0},{"not_picked":["Anger","Flex"],"picked":"Warcry","floor":1},{"not_picked":["Clothesline","Whirlwind"],"picked":"Rage","floor":3},{"not_picked":["Wild Strike","Perfected Strike"],"picked":"Havoc","floor":5},{"not_picked":["Fiend Fire","Rampage"],"picked":"Pommel Strike","floor":6},{"not_picked":["Perfected Strike","Heavy Blade"],"picked":"Ghostly Armor","floor":11},{"not_picked":["Searing Blow","Bloodletting"],"picked":"Barricade","floor":13},{"not_picked":["Twin Strike","Dual Wield","Combust"],"picked":"SKIP","floor":14},{"not_picked":["Bludgeon","Barricade"],"picked":"Brutality","floor":16},{"not_picked":["Sword Boomerang","Rampage"],"picked":"Headbutt","floor":18},{"not_picked":["Heavy Blade","Perfected Strike","Pummel"],"picked":"SKIP","floor":22}],"player_experience":1330653,"relics_obtained":[{"floor":2,"key":"Mercury Hourglass"},{"floor":6,"key":"Anchor"},{"floor":9,"key":"Ancient Tea Set"},{"floor":13,"key":"Potion Belt"}],"event_choices":[{"cards_removed":["Bash"],"damage_healed":0,"gold_gain":0,"player_choice":"Purged","damage_taken":0,"max_hp_gain":0,"max_hp_loss":0,"event_name":"Purifier","floor":4,"gold_loss":0},{"damage_healed":18,"gold_gain":0,"player_choice":"Healed","damage_taken":0,"max_hp_gain":0,"max_hp_loss":0,"event_name":"The Cleric","floor":8,"gold_loss":35},{"damage_healed":0,"gold_gain":0,"player_choice":"Ignored","damage_taken":0,"max_hp_gain":0,"max_hp_loss":0,"event_name":"Vampires","floor":20,"gold_loss":0}],"is_beta":false,"boss_relics":[{"not_picked":["Philosopher\u0027s Stone","Fusion Hammer"],"picked":"SacredBark"}],"items_purged_floors":[19],"is_endless":false,"potions_floor_spawned":[6,11,13,16,22],"killed_by":"Shelled Parasite and Fungi","ascension_level":20}}