{"host":"5dk97cf2ubw2v967","time":1613596036,"event":{"mods":["AlwaysNeverKeys","BaseMod","Better Altar","Better Vampires","Block Reminder","Card Filter","Colored Powertips","Downfall","Googly Eyes","Highlight Path","Minty Spire (QoL Compilation)","Permanent Neow","Potion Indicator Mod","Quick Restart","Relic Filter","Relic Stats","Say the Spire","Spicy Shops","StSLib","Waifu the Spire","everything is the same but u backflip on backflip"],"gold_per_floor":[366,134,134,147,147,147,147,147],"floor_reached":7,"language":"ENG","playtime":183,"items_purged":["Bash"],"score":78,"play_id":"2fbc289a-5ec9-4b66-89e6-4dcc822c070b","local_time":"20210217210716","is_ascension_mode":true,"campfire_choices":[{"floor":6,"key":"REST"}],"circlet_count":0,"master_deck":["AscendersBane","Strike_R","Strike_R","Strike_R","Strike_R","Strike_R","Defend_R+1","Defend_R","Defend_R","Defend_R","Power Through+1","Fire Breathing","Flame Barrier","Brutality","Ghostly Armor","Shrug It Off"],"relics":["Burning Blood","Orrery","CeramicFish"],"acts_visited":["Exordium"],"potions_floor_usage":[7],"damage_taken":[{"damage":3,"enemies":"2 Louse","floor":1,"turns":3},{"damage":3,"enemies":"Jaw Worm","floor":4,"turns":6},{"damage":18,"enemies":"Gremlin Nob","floor":7,"turns":4}],"seed_played":"-8486367141905233018","potions_obtained":[{"floor":1,"key":"Strength Potion"}],"is_trial":false,"path_per_floor":["M","$","?","M","?","R","E"],"character_chosen":"IRONCLAD","items_purchased":["Orrery"],"campfire_rested":1,"item_purchase_floors":[2],"current_hp_per_floor":[68,68,48,51,16,36,18,18],"gold":147,"neow_bonus":"TWO_FIFTY_GOLD","is_daily":false,"chose_seed":false,"campfire_upgraded":0,"win_rate":0.0,"timestamp":1613596036,"path_taken":["M","$","?","M","?","R","E"],"items_purchased_type":["Relic"],"build_version":"2020-12-22","purchased_purges":1,"victory":false,"max_hp_per_floor":[68,68,68,68,68,68,68,68],"relic_stats":{"counters":[3,13],"CeramicFish":0,"obtain_stats":[{"CeramicFish":5,"Orrery":2,"Burning Blood":0},{"CeramicFish":2,"Orrery":1,"Burning Blood":0},{"CeramicFish":9,"Orrery":3,"Burning Blood":0}],"Burning Blood":9},"card_choices":[{"not_picked":["Ghostly Armor","Anger"],"picked":"Power Through","floor":1},{"not_picked":["Thunderclap","Body Slam"],"picked":"Fire Breathing","floor":2},{"not_picked":["Hemokinesis","Whirlwind"],"picked":"Flame Barrier","floor":2},{"not_picked":["Thunderclap","Disarm"],"picked":"Brutality","floor":2},{"not_picked":["Havoc","Armaments"],"picked":"Ghostly Armor","floor":2},{"not_picked":["Intimidate","Blood for Blood"],"picked":"Shrug It Off","floor":2},{"not_picked":["Sword Boomerang","Hemokinesis","Clothesline"],"picked":"SKIP","floor":4}],"player_experience":1335253,"relics_obtained":[],"event_choices":[{"damage_healed":0,"gold_gain":0,"player_choice":"Entered Light","damage_taken":20,"max_hp_gain":0,"max_hp_loss":0,"event_name":"Shining Light","floor":3,"gold_loss":0,"cards_upgraded":["Power Through","Defend_R"]},{"damage_healed":0,"gold_gain":0,"player_choice":"Success","damage_taken":35,"relics_obtained":["CeramicFish"],"max_hp_gain":0,"max_hp_loss":0,"event_name":"Scrap Ooze","floor":5,"gold_loss":0}],"is_beta":false,"boss_relics":[],"items_purged_floors":[2],"is_endless":false,"potions_floor_spawned":[1],"killed_by":"Gremlin Nob","ascension_level":20}}