{"host":"gsu59bb6ixcbb7gk","time":1613542707,"event":{"mods":["BaseMod","Colored Powertips","Downfall","Googly Eyes","Infinite Spire","Minty Spire (QoL Compilation)","Replay The Spire","StSLib"],"gold_per_floor":[113,123,73,73,5,36,57,83,107,135,150,150,6,36,36,141,141,159,159,177,200,224,232,232],"floor_reached":23,"language":"ENG","playtime":1762,"items_purged":[],"score":256,"play_id":"2ad4ccbe-d9b4-4184-ab95-19fcc442bb41","local_time":"20210217011827","is_ascension_mode":true,"campfire_choices":[{"floor":12,"key":"REST"},{"floor":15,"key":"REST"}],"circlet_count":0,"master_deck":["Strike_G","Strike_G","Strike_G","Strike_G","Defend_G","Defend_G","Defend_G","Defend_G","Defend_G","Survivor","Neutralize","Footwork","Regret","Crippling Poison","Bouncing Flask","Backflip","Bouncing Flask","A Thousand Cuts","Prepared"],"relics":["Ring of the Snake","NeowsBlessing","ReplayTheSpireMod:Lightbulb","Orichalcum","Odd Mushroom","Eternal Feather","infinitespire:PuzzleCube","Omamori","Blue Doll","Replay:Bandana","bronze:MakeshiftBattery"],"acts_visited":["Exordium","TheCity"],"potions_floor_usage":[16,16,22,23,23],"damage_taken":[{"damage":0.0,"enemies":"Jaw Worm","floor":1.0,"turns":1.0},{"damage":0.0,"enemies":"Small Slimes","floor":2.0,"turns":1.0},{"damage":0.0,"enemies":"Lagavulin","floor":6.0,"turns":1.0},{"damage":8.0,"enemies":"The Mushroom Lair","floor":7.0,"turns":5.0},{"damage":17.0,"enemies":"Gremlin Nob","floor":8.0,"turns":6.0},{"damage":32.0,"enemies":"3 Sentries","floor":10.0,"turns":10.0},{"damage":3,"enemies":"Cultist","floor":11,"turns":3},{"damage":11,"enemies":"Replay:BlueRogue","floor":14,"turns":6},{"damage":27,"enemies":"The Guardian","floor":16,"turns":8},{"damage":11,"enemies":"3 Byrds","floor":18,"turns":5},{"damage":4,"enemies":"Spheric Guardian","floor":20,"turns":3},{"damage":14,"enemies":"Shelled Parasite and Fungi","floor":21,"turns":5},{"damage":40,"enemies":"Centurion and Healer","floor":22,"turns":10},{"damage":3,"enemies":"Gremlin Leader","floor":23,"turns":3}],"seed_played":"1813859814470760970","potions_obtained":[{"floor":2.0,"key":"SteroidPotion"},{"floor":7.0,"key":"SmokeBomb"},{"floor":8.0,"key":"FearPotion"},{"floor":16,"key":"DuplicationPotion"},{"floor":18,"key":"Explosive Potion"},{"floor":19,"key":"PowerPotion"},{"floor":19,"key":"Dexterity Potion"}],"is_trial":false,"path_per_floor":["M","M","?","?","$","E","?","E","T","E","M","R","$","E","R","B",null,"M","?","M","M","M","E"],"character_chosen":"THE_SILENT","items_purchased":["Crippling Poison","Blue Doll"],"campfire_rested":2,"item_purchase_floors":[5,13],"current_hp_per_floor":[70,70,70,70,70,70,62,45,45,13,10,40,40,29,59,32,70,59,59,55,41,1,0,0],"gold":232,"neow_bonus":"THREE_ENEMY_KILL","is_daily":false,"chose_seed":false,"campfire_upgraded":0,"win_rate":0.0,"timestamp":1613542707,"path_taken":["M","M","?","?","$","E","?","E","T","E","M","R","?","E","R","BOSS","M","?","M","M","M","E"],"items_purchased_type":["Card","Relic"],"build_version":"2020-12-22","purchased_purges":0,"victory":false,"max_hp_per_floor":[70,70,70,70,70,70,70,70,70,70,70,70,70,70,70,70,70,70,70,70,70,70,70,70],"card_choices":[{"not_picked":["ReplayTheSpireMod:Speed Training","Quick Slash"],"picked":"Footwork","floor":1.0},{"not_picked":["Sucker Punch","PiercingWail","Dagger Spray"],"picked":"SKIP","floor":2.0},{"not_picked":["Escape Plan","Bane"],"picked":"Bouncing Flask","floor":6.0},{"not_picked":["Dodge and Roll","Dagger Spray"],"picked":"Backflip","floor":7.0},{"not_picked":["Sucker Punch","Backflip"],"picked":"Bouncing Flask","floor":8.0},{"not_picked":["Sucker Punch","ReplayTheSpireMod:Exploit Weakness","Flying Knee"],"picked":"SKIP","floor":10},{"not_picked":["Backstab","Dodge and Roll","Acrobatics"],"picked":"SKIP","floor":11},{"not_picked":["Calculated Gamble","Slice","Dagger Spray"],"picked":"SKIP","floor":14},{"not_picked":["Grand Finale","Phantasmal Killer"],"picked":"A Thousand Cuts","floor":16},{"not_picked":["Dagger Throw","Dash+1"],"picked":"Prepared","floor":18},{"not_picked":["Masterful Stab","Reflex","Dagger Spray"],"picked":"SKIP","floor":20},{"not_picked":["Acrobatics","Cloak And Dagger+1","Deadly Poison"],"picked":"SKIP","floor":21},{"not_picked":["Terror","Flying Knee","Slice"],"picked":"SKIP","floor":22}],"player_experience":257731,"relics_obtained":[{"floor":6.0,"key":"Orichalcum"},{"floor":7.0,"key":"Odd Mushroom"},{"floor":8.0,"key":"Eternal Feather"},{"floor":9.0,"key":"infinitespire:PuzzleCube"},{"floor":10,"key":"Omamori"},{"floor":14,"key":"Replay:Bandana"}],"event_choices":[{"cards_removed":["Strike_G"],"damage_healed":0.0,"max_hp_gain":0.0,"max_hp_loss":0.0,"gold_gain":0.0,"event_name":"The Cleric","player_choice":"Card Removal","floor":3.0,"gold_loss":50.0,"damage_taken":0.0},{"damage_healed":0.0,"max_hp_gain":0.0,"max_hp_loss":0.0,"gold_gain":0.0,"event_name":"Big Fish","player_choice":"Box","floor":4.0,"gold_loss":0.0,"damage_taken":0.0,"relics_obtained":["ReplayTheSpireMod:Lightbulb"],"cards_obtained":["Regret"]},{"damage_healed":0.0,"max_hp_gain":0.0,"max_hp_loss":0.0,"gold_gain":0.0,"event_name":"Mushrooms","player_choice":"Fought Mushrooms","floor":7.0,"gold_loss":0.0,"damage_taken":0.0},{"damage_healed":0,"gold_gain":0,"player_choice":"Got Potions","damage_taken":0,"max_hp_gain":0,"max_hp_loss":0,"event_name":"Lab","floor":19,"gold_loss":0}],"is_beta":false,"boss_relics":[{"not_picked":["Ectoplasm","Coffee Dripper"],"picked":"bronze:MakeshiftBattery"}],"items_purged_floors":[],"is_endless":false,"potions_floor_spawned":[2,7,8,14,16,18,21],"killed_by":"Gremlin Leader","ascension_level":1}}