{"host":"ox77rn1xcurm2t5a","time":1613603212,"event":{"mods":["2.2 Compatiblity","AchievementEnabler","Act Like it!","Aspiration","BaseMod","Best Route Mod","Better Match","Better Note","Better Sensory Stone","Block Reminder","Colored Map","Colored Powertips","Conjunction","Conspire","Custom Start","Energized Spire","GifTheSpireLib","Gold Saver","Gremlin Skip","Halation","Highlight Path","Hubris","Infinite Spire","Minty Spire (QoL Compilation)","Pale of the Ancients","Quick Restart","Replay The Spire","Reworked Bosses","ShortenTheSpire","Spire Exporter","StSLib","Stuff the Spire","Wandering Minibosses"],"gold_per_floor":[580,580,580,591,608,635,484,516,516,531,531,334,334,354,354,453,453,471,491,38,38,38,65,65,92,92,92,92,92,92,106,106,209,209,239,239,239,239,80,104,104,136,207,246,34,63,9,20,20,20,20,20,20,46,46],"floor_reached":56,"language":"ENG","playtime":1411,"items_purged":["Defend_R","Defend_R","Strike_R"],"score":1993,"play_id":"4ed87294-64f6-43bf-a627-dc30e81714cc","local_time":"20210218010652","is_ascension_mode":true,"campfire_choices":[{"floor":11,"key":"RECALL"},{"data":"Perfected Strike","floor":13,"key":"SMITH"},{"data":"Limit Break","floor":15,"key":"SMITH"},{"data":"Limit Break","floor":24,"key":"SMITH"},{"data":"Metallicize","floor":28,"key":"SMITH"},{"data":"Bash","floor":30,"key":"SMITH"},{"data":"Perfected Strike","floor":32,"key":"SMITH"},{"data":"Inflame","floor":41,"key":"SMITH"},{"data":"1","floor":49,"key":"LIFT"},{"data":"2","floor":52,"key":"LIFT"}],"circlet_count":0,"master_deck":["Strike_R","Strike_R","Strike_R","Strike_R","Defend_R","Defend_R","Bash+1","Perfected Strike+1","Perfected Strike+1","Limit Break+1","Twin Strike+1","Thunderclap","Thunderclap","Sword Boomerang+1","Limit Break+1","Metallicize+1","Clash","Dropkick+1","Metallicize+1","Anger+1","Violence","Inflame+1","Sword Boomerang","Shrug It Off+1","Spot Weakness+1","Disarm+1","Pummel","Rampage+1","Inflame","Headbutt+1"],"relics":["Burning Blood","aspiration:HummingbirdHeart","hubris:Reverence","hubris:IronBody","hubris:ScarierMask","Kunai","halation:LettersToHer","Red Skull","The Courier","infinitespire:Broken Mirror","infinitespire:EvilPickle","StuffTheSpire:Expresso","conspire:BottledYoYo","aspiration:ChemicalBlood","Replay:Mystery Machine","Girya","conspire:TopHat"],"acts_visited":["Exordium","TheCity","TheBeyond","TheEnding"],"potions_floor_usage":[6,8,10,12,16,25,31,40,44,48,50,50,55,55,55],"damage_taken":[{"damage":1,"enemies":"Small Slimes","floor":1,"turns":3},{"damage":0,"enemies":"Cultist","floor":4,"turns":3},{"damage":0,"enemies":"2 Louse","floor":5,"turns":2},{"damage":4,"enemies":"Gremlin Nob","floor":6,"turns":3},{"damage":35,"enemies":"3 Sentries","floor":8,"turns":7},{"damage":6,"enemies":"Blue Slaver","floor":10,"turns":2},{"damage":0,"enemies":"Looter","floor":14,"turns":3},{"damage":43,"enemies":"Hexaghost","floor":16,"turns":8},{"damage":1,"enemies":"3 Byrds","floor":18,"turns":4},{"damage":1,"enemies":"Chosen","floor":19,"turns":3},{"damage":23,"enemies":"Slavers","floor":23,"turns":5},{"damage":46,"enemies":"Book of Stabbing","floor":25,"turns":6},{"damage":0,"enemies":"Snake Plant","floor":31,"turns":2},{"damage":27,"enemies":"Pondfish","floor":33,"turns":9},{"damage":0,"enemies":"3 Shapes","floor":35,"turns":3},{"damage":0,"enemies":"3 Darklings","floor":40,"turns":3},{"damage":5,"enemies":"Giant Head","floor":42,"turns":6},{"damage":0,"enemies":"Reptomancer","floor":44,"turns":6},{"damage":0,"enemies":"Giant Head","floor":46,"turns":4},{"damage":12,"enemies":"Spire Growth","floor":48,"turns":4},{"damage":32,"enemies":"hubris:GrandSnecko","floor":50,"turns":9},{"damage":0,"enemies":"Shield and Spear","floor":54,"turns":4},{"damage":88,"enemies":"The Heart","floor":55,"turns":6}],"seed_played":"-8907954380497117993","potions_obtained":[{"floor":0,"key":"FairyPotion"},{"floor":0,"key":"BloodPotion"},{"floor":0,"key":"SmokeBomb"},{"floor":1,"key":"Energy Potion"},{"floor":6,"key":"AttackPotion"},{"floor":10,"key":"LifebloodPotion"},{"floor":16,"key":"ElixirPotion"},{"floor":23,"key":"LifebloodPotion"},{"floor":25,"key":"Block Potion"},{"floor":33,"key":"Swift Potion"},{"floor":42,"key":"Block Potion"},{"floor":46,"key":"Toxic Potion"},{"floor":54,"key":"SkillPotion"},{"floor":55,"key":"BlessingOfTheForge"}],"is_trial":false,"path_per_floor":["M","?","?","M","M","E","$","E","T","M","R","$","R","M","R","B",null,"M","M","$","?","?","E","R","E","T","T","R","$","R","M","R","B",null,"M","?","?","?","$","M","R","E","T","E","$","E","$","M","R","B",null,"R","$","E","B",null],"character_chosen":"IRONCLAD","items_purchased":["Twin Strike","Thunderclap","Fruit Juice","Limit Break","Kunai","Metallicize","Inflame","Disarm+1","Replay:Mystery Machine","Pummel","Inflame"],"campfire_rested":0,"item_purchase_floors":[7,7,12,20,20,20,39,45,45,45,47],"current_hp_per_floor":[77,70,70,76,80,80,80,51,51,67,67,72,72,78,78,41,74,79,84,84,84,84,67,67,27,27,27,27,27,27,33,33,12,67,73,73,73,73,73,79,79,80,80,85,85,85,85,79,79,53,77,77,77,83,48],"gold":46,"neow_bonus":"THREE_SMALL_POTIONS","is_daily":false,"chose_seed":false,"campfire_upgraded":7,"win_rate":0.0,"timestamp":1613603212,"path_taken":["M","?","?","M","?","E","$","E","T","M","R","$","R","M","R","BOSS","M","M","$","?","?","E","R","E","T","?","R","?","R","M","R","BOSS","M","?","?","?","$","?","R","E","T","E","?","E","$","M","R","BOSS","R","$","E","BOSS"],"items_purchased_type":["Card","Card","Potion","Card","Relic","Card","Card","Card","Relic","Card","Card"],"build_version":"2020-12-22","purchased_purges":3,"victory":true,"max_hp_per_floor":[80,80,80,80,80,80,80,80,80,80,80,85,85,85,85,85,85,85,85,85,85,85,85,85,85,85,85,85,85,85,85,85,85,85,85,85,85,85,85,85,85,85,85,85,85,85,85,85,85,85,85,85,85,85,85],"card_choices":[{"not_picked":["Ghostly Armor","True Grit"],"picked":"Perfected Strike","floor":1},{"not_picked":["Cleave","Headbutt"],"picked":"Perfected Strike","floor":4},{"not_picked":["StuffTheSpire:RockThrow","Hemokinesis","ReplayTheSpireMod:Strike From Hell"],"picked":"SKIP","floor":5},{"not_picked":["Fire Breathing","Shrug It Off"],"picked":"Limit Break","floor":6},{"not_picked":["True Grit","Seeing Red","StuffTheSpire:BloodClot"],"picked":"SKIP","floor":8},{"not_picked":["Sever Soul","Headbutt","ReplayTheSpireMod:Strike From Hell"],"picked":"SKIP","floor":10},{"not_picked":["Entrench","Combust"],"picked":"Thunderclap","floor":14},{"not_picked":["Life Link","Burning Pact"],"picked":"Sword Boomerang+1","floor":18},{"not_picked":["ReplayTheSpireMod:Strike From Hell+1","Sentinel","Shrug It Off"],"picked":"SKIP","floor":19},{"not_picked":["ReplayTheSpireMod:LeadingStrike","Dropkick"],"picked":"Clash","floor":23},{"not_picked":["Pommel Strike","Shockwave"],"picked":"Dropkick+1","floor":25},{"not_picked":["Wild Strike","Replay:Undeath\u0027s Touch"],"picked":"Metallicize+1","floor":31},{"not_picked":["Rampage+1","Warcry"],"picked":"Anger+1","floor":35},{"not_picked":["Specialist","Enlightenment"],"picked":"Violence","floor":38},{"not_picked":["hubris:ReadiedAction","Entrench"],"picked":"Sword Boomerang","floor":40},{"not_picked":["hubris:CleavingFinish","Carnage"],"picked":"Shrug It Off+1","floor":42},{"not_picked":["Offering","StuffTheSpire:Incineration"],"picked":"Spot Weakness+1","floor":44},{"not_picked":["conspire:Charge+1","Wild Strike+1"],"picked":"Rampage+1","floor":46},{"not_picked":["Wild Strike+1","Pommel Strike"],"picked":"Headbutt+1","floor":48},{"not_picked":["Blood for Blood","Shrug It Off","True Grit+1"],"picked":"SKIP","floor":54}],"player_experience":3138212,"relics_obtained":[{"floor":6,"key":"hubris:Reverence"},{"floor":8,"key":"hubris:IronBody"},{"floor":23,"key":"halation:LettersToHer"},{"floor":25,"key":"Red Skull"},{"floor":26,"key":"halation:LettersToHer"},{"floor":26,"key":"The Courier"},{"floor":27,"key":"halation:LettersToHer"},{"floor":27,"key":"infinitespire:Broken Mirror"},{"floor":42,"key":"StuffTheSpire:Expresso"},{"floor":43,"key":"halation:LettersToHer"},{"floor":43,"key":"conspire:BottledYoYo"},{"floor":44,"key":"aspiration:ChemicalBlood"},{"floor":46,"key":"Girya"},{"floor":54,"key":"conspire:TopHat"}],"event_choices":[{"damage_healed":0,"gold_gain":0,"player_choice":"Success","damage_taken":7,"relics_obtained":["aspiration:HummingbirdHeart"],"max_hp_gain":0,"max_hp_loss":0,"event_name":"Scrap Ooze","floor":2,"gold_loss":0},{"damage_healed":0,"gold_gain":0,"player_choice":"Ignored","damage_taken":0,"max_hp_gain":0,"max_hp_loss":0,"event_name":"betterNote:BetterNote","floor":3,"gold_loss":0,"cards_obtained":["Strike_P"]},{"damage_healed":0,"gold_gain":0,"player_choice":"Ignored","damage_taken":0,"max_hp_gain":0,"max_hp_loss":0,"event_name":"Ghosts","floor":22,"gold_loss":0},{"damage_healed":0,"gold_gain":3,"player_choice":"1","damage_taken":0,"max_hp_gain":0,"max_hp_loss":0,"event_name":"betterStone:BetterStone","floor":38,"gold_loss":0}],"is_beta":false,"boss_relics":[{"not_picked":["halation:Prosthetics","Tiny House"],"picked":"hubris:ScarierMask"},{"not_picked":["Astrolabe","aspiration:RitualDagger","hubris:VirtuousBlindfold"]}],"items_purged_floors":[7,12,39],"is_endless":false,"potions_floor_spawned":[1,6,10,16,23,25,33,42,46,54],"ascension_level":6}}