{"host":"v4tuy5ykrbdcm9o9","time":1613533081,"event":{"mods":["BaseMod","Duelist Mod","Minty Spire (QoL Compilation)","Replay The Spire","StSLib"],"gold_per_floor":[109,124,124,140,156,186,186,186,210,228,256,61,86,98,98,195,195,214,233,266,276,295,295,330,346,417,91,124,140,140,174,174,276,276,286,304,304,321,334,368,368,398,398,425,425,425,460,460,460,460,460,460,11,11,11],"floor_reached":54,"language":"ENG","playtime":6714,"items_purged":["ReplayTheSpireMod:Splinters"],"score":1350,"play_id":"8500389d-0310-4164-b5b2-e1eff8430ed0","local_time":"20210216223801","is_ascension_mode":true,"campfire_choices":[{"floor":7,"key":"RECALL"},{"floor":15,"key":"REST"},{"floor":23,"key":"REST"},{"data":"Blasphemy","floor":32,"key":"SMITH"},{"floor":41,"key":"REST"},{"data":"Replay:LoomingThreat","floor":45,"key":"SMITH"},{"floor":49,"key":"DIG"},{"data":"Wish","floor":52,"key":"SMITH"}],"circlet_count":0,"master_deck":["Strike_P","Strike_P","Strike_P","Defend_P","Defend_P","Defend_P","Eruption","Vigilance","Replay:ManipulateFuture","SashWhip","ForeignInfluence","Steam","CutThroughFate","Blasphemy+1","FlurryOfBlows","Consecrate","ClearTheMind","FollowUp","FollowUp","EmptyBody","Devotion","CutThroughFate","ReachHeaven","BattleHymn+1","FollowUp+1","FlurryOfBlows","Wish+1","EmptyBody","CrushJoints","Halt","Swivel","ReachHeaven+1","Weave","Judgement","CarveReality+1","JustLucky+1","PanicButton","Replay:BluntJabs+1","Replay:LoomingThreat+1","Wallop+1","BattleHymn+1","Pot Of Greed","Pot Of Greed","Pot Of Greed","Pot Of Greed","Sanctity","Madness","Madness","FollowUp","Doubt"],"relics":["HolyWater","NeowsBlessing","Lantern","Orichalcum","Divine Protection","Nunchaku","SlaversCollar","ReplayFunnel","ReplayTheSpireMod:Shallot","ClockworkSouvenir","StoneCalendar","Matryoshka","Replay:Purple Gloves","Replay:Mystery Machine","Replay:Wax Seal","Snack Pack","Grinning Jar","Yang","ReplayTheSpireMod:Ring of Addiction","Potion Belt","White Beast Statue","Golden Egg","Calipers"],"acts_visited":["Exordium","TheCity","TheBeyond","TheEnding"],"potions_floor_usage":[5,6,6,16,18,18,25,28,29,36,38,39,40,50,50,54,54,54],"damage_taken":[{"damage":0,"enemies":"2 Louse","floor":1,"turns":1},{"damage":0,"enemies":"Jaw Worm","floor":2,"turns":1},{"damage":0,"enemies":"Cultist","floor":4,"turns":1},{"damage":0,"enemies":"Large Slime","floor":5,"turns":5},{"damage":12,"enemies":"Lagavulin","floor":6,"turns":2},{"damage":0,"enemies":"Blue Slaver","floor":10,"turns":2},{"damage":6,"enemies":"3 Sentries","floor":11,"turns":3},{"damage":17,"enemies":"Replay:BlueRogue","floor":13,"turns":5},{"damage":0,"enemies":"2 Fungi Beasts","floor":14,"turns":2},{"damage":47,"enemies":"The Guardian","floor":16,"turns":12},{"damage":0,"enemies":"Chosen","floor":18,"turns":7},{"damage":0,"enemies":"3 Byrds","floor":19,"turns":5},{"damage":0,"enemies":"Cultist and Chosen","floor":21,"turns":4},{"damage":13,"enemies":"Shelled Parasite and Fungi","floor":22,"turns":3},{"damage":0,"enemies":"theDuelist:KaibaA2","floor":24,"turns":3},{"damage":0,"enemies":"Snake Plant","floor":25,"turns":2},{"damage":0,"enemies":"Gremlin Leader","floor":28,"turns":3},{"damage":0,"enemies":"3 Cultists","floor":29,"turns":4},{"damage":0,"enemies":"theDuelist:KaibaA2","floor":31,"turns":3},{"damage":6,"enemies":"Collector","floor":33,"turns":6},{"damage":0,"enemies":"Orb Walker","floor":35,"turns":3},{"damage":0,"enemies":"3 Darklings","floor":36,"turns":3},{"damage":2,"enemies":"Jaw Worm Horde","floor":38,"turns":2},{"damage":2,"enemies":"Maw","floor":39,"turns":5},{"damage":25,"enemies":"Giant Head","floor":40,"turns":7},{"damage":0,"enemies":"Reptomancer","floor":42,"turns":6},{"damage":0,"enemies":"Giant Head","floor":44,"turns":4},{"damage":0,"enemies":"Nemesis","floor":47,"turns":3},{"damage":38,"enemies":"Replay:Hell Engine","floor":50,"turns":5},{"damage":82,"enemies":"Shield and Spear","floor":54,"turns":5}],"seed_played":"5438059503835902479","potions_obtained":[{"floor":1,"key":"BlessingOfTheForge"},{"floor":2,"key":"Swift Potion"},{"floor":5,"key":"Death Potion"},{"floor":11,"key":"Toxic Potion"},{"floor":14,"key":"Ambrosia"},{"floor":16,"key":"Strength Potion"},{"floor":20,"key":"Flashbang"},{"floor":20,"key":"BottledMiracle"},{"floor":20,"key":"DuplicationPotion"},{"floor":24,"key":"DistilledChaos"},{"floor":25,"key":"Explosive Potion"},{"floor":28,"key":"Energy Potion"},{"floor":31,"key":"SteroidPotion"},{"floor":36,"key":"Block Potion"},{"floor":42,"key":"Dexterity Potion"},{"floor":48,"key":"SpeedPotion"},{"floor":48,"key":"Dexterity Potion"},{"floor":48,"key":"Ambrosia"}],"is_trial":false,"path_per_floor":["M","M","?","M","M","E","R","T","T","M","E","$","E","M","R","B",null,"M","M","?","M","M","R","E","M","T","$","E","M","?","E","R","B",null,"M","M","?","M","M","E","R","E","T","E","R","?","E","?","R","B",null,"R","$","E"],"character_chosen":"WATCHER","items_purchased":["FollowUp","Energy Potion","Flashbang","ClockworkSouvenir","CrushJoints","Halt","Calipers","SkillPotion","Swift Potion","Energy Potion"],"campfire_rested":3,"item_purchase_floors":[12,12,12,27,27,27,53,53,53,53],"current_hp_per_floor":[65,65,65,65,65,53,53,53,53,53,47,47,30,30,51,4,55,55,55,55,55,42,63,63,63,63,63,63,63,63,63,63,57,68,68,68,68,66,64,39,60,60,60,68,68,59,65,65,65,43,65,65,65,0,0],"gold":11,"neow_bonus":"THREE_ENEMY_KILL","is_daily":false,"chose_seed":false,"campfire_upgraded":3,"win_rate":0.0,"timestamp":1613533081,"path_taken":["M","M","?","M","M","E","R","?","T","?","E","$","E","M","R","BOSS","M","M","?","M","M","R","E","M","T","$","E","M","?","E","R","BOSS","M","M","?","M","M","E","R","E","T","E","R","?","E","?","R","BOSS","R","$","E"],"items_purchased_type":["Card","Potion","Potion","Relic","Card","Card","Relic","Potion","Potion","Potion"],"build_version":"2020-12-22","purchased_purges":1,"victory":false,"max_hp_per_floor":[72,72,72,72,72,72,72,72,72,72,72,72,72,72,72,72,72,72,72,72,72,72,72,72,72,72,72,72,72,72,72,72,72,72,72,72,72,72,72,72,72,72,72,72,72,72,72,72,72,72,72,72,72,70,70],"card_choices":[{"not_picked":["Replay:Anticipation","Nirvana"],"picked":"Replay:ManipulateFuture","floor":1},{"not_picked":["Protect","BowlingBash"],"picked":"SashWhip","floor":2},{"not_picked":["Replay:AtTheReady","Protect"],"picked":"CutThroughFate","floor":4},{"not_picked":["Evaluate","Wireheading"],"picked":"Blasphemy","floor":5},{"not_picked":["EmptyMind","PathToVictory"],"picked":"FlurryOfBlows","floor":6},{"not_picked":["Prostrate","Protect"],"picked":"Consecrate","floor":10},{"not_picked":["DeceiveReality","EmptyMind"],"picked":"ClearTheMind","floor":11},{"not_picked":["FlyingSleeves","Consecrate"],"picked":"FollowUp","floor":13},{"not_picked":["Study","Crescendo"],"picked":"EmptyBody","floor":14},{"not_picked":["Omniscience","Brilliance"],"picked":"Devotion","floor":16},{"not_picked":["Sanctity","Replay:BluntJabs"],"picked":"CutThroughFate","floor":18},{"not_picked":["Prostrate","Replay:ManipulateFuture+1"],"picked":"ReachHeaven","floor":19},{"not_picked":["Meditate","BowlingBash"],"picked":"BattleHymn+1","floor":20},{"not_picked":["InnerPeace","Protect"],"picked":"FollowUp+1","floor":21},{"not_picked":["Prostrate","ClearTheMind"],"picked":"FlurryOfBlows","floor":22},{"not_picked":["FlyingSleeves","MentalFortress"],"picked":"Wish","floor":24},{"not_picked":["Crescendo","FearNoEvil"],"picked":"EmptyBody","floor":25},{"not_picked":["SashWhip+1","FlyingSleeves+1"],"picked":"Swivel","floor":28},{"not_picked":["FearNoEvil","FlyingSleeves"],"picked":"ReachHeaven+1","floor":29},{"not_picked":["ClearTheMind","JustLucky"],"picked":"Weave","floor":31},{"not_picked":["DeusExMachina","Blasphemy"],"picked":"Judgement","floor":33},{"not_picked":["FlyingSleeves","EmptyFist+1"],"picked":"CarveReality+1","floor":35},{"not_picked":["FollowUp+1","Replay:Cycle+1"],"picked":"JustLucky+1","floor":36},{"not_picked":["ReplayTheSpireMod:Uncanny Aura","Impatience"],"picked":"PanicButton","floor":37},{"not_picked":["ClearTheMind","BowlingBash"],"picked":"Replay:BluntJabs+1","floor":38},{"not_picked":["ThirdEye","Evaluate"],"picked":"Replay:LoomingThreat","floor":39},{"not_picked":["SignatureMove+1","Halt+1"],"picked":"Wallop+1","floor":40},{"not_picked":["Crescendo+1","CrushJoints+1"],"picked":"BattleHymn+1","floor":42},{"not_picked":["Replay:AtTheReady+1","InnerPeace+1"],"picked":"Sanctity","floor":44},{"not_picked":["EmptyBody","Replay:BluntJabs+1"],"picked":"FollowUp","floor":47}],"player_experience":895884,"relics_obtained":[{"floor":6,"key":"Lantern"},{"floor":9,"key":"Orichalcum"},{"floor":11,"key":"Divine Protection"},{"floor":13,"key":"Nunchaku"},{"floor":24,"key":"ReplayFunnel"},{"floor":26,"key":"ReplayTheSpireMod:Shallot"},{"floor":28,"key":"StoneCalendar"},{"floor":31,"key":"Matryoshka"},{"floor":40,"key":"Replay:Purple Gloves"},{"floor":42,"key":"Replay:Mystery Machine"},{"floor":43,"key":"Replay:Wax Seal"},{"floor":43,"key":"Snack Pack"},{"floor":44,"key":"Grinning Jar"},{"floor":47,"key":"Yang"},{"floor":48,"key":"ReplayTheSpireMod:Ring of Addiction"},{"floor":48,"key":"Potion Belt"},{"floor":48,"key":"White Beast Statue"},{"floor":49,"key":"Golden Egg"}],"event_choices":[{"damage_healed":0,"gold_gain":0,"player_choice":"Ignored","damage_taken":0,"max_hp_gain":0,"max_hp_loss":0,"event_name":"Beggar","floor":30,"gold_loss":0},{"damage_healed":0,"gold_gain":0,"player_choice":"Memory 1","damage_taken":0,"max_hp_gain":0,"max_hp_loss":0,"event_name":"SensoryStone","floor":37,"gold_loss":0},{"damage_healed":0,"gold_gain":0,"player_choice":"Embrace Madness","damage_taken":9,"max_hp_gain":0,"max_hp_loss":0,"event_name":"Winding Halls","floor":46,"gold_loss":0,"cards_obtained":["Madness","Madness"]}],"is_beta":false,"boss_relics":[{"not_picked":["Busted Crown","Velvet Choker"],"picked":"SlaversCollar"},{"not_picked":["Sozu","Fusion Hammer"],"picked":"HolyWater"}],"items_purged_floors":[27],"is_endless":false,"potions_floor_spawned":[1,2,5,11,14,16,21,22,24,25,28,31,36,42],"killed_by":"Shield and Spear","ascension_level":9}}