{"host":"vhifjdba66khcqwn","time":1613541315,"event":{"mods":["AchievementEnabler","BaseMod","Bestiary","Energized Spire","Minty Spire (QoL Compilation)","Practice Mode","Relic Stats","Spicy Shops","StSLib","slay the spire mod where everything is the same but ironclad has a cowboy hat"],"gold_per_floor":[119,394,410,420,91,118,118,131,131,131,131,161,175,186,196,212,212,288,288,288,288,288],"floor_reached":21,"language":"ENG","playtime":625,"items_purged":["Regret"],"score":389,"play_id":"62483743-b715-4321-8973-165170fcdc3b","local_time":"20210216215515","is_ascension_mode":true,"campfire_choices":[{"data":"Heavy Blade","floor":7.0,"key":"SMITH"},{"floor":17.0,"key":"REST"},{"floor":20.0,"key":"REST"}],"circlet_count":0,"master_deck":["AscendersBane","Strike_R","Strike_R","Strike_R","Strike_R","Strike_R","Defend_R","Defend_R","Defend_R","Defend_R","Bash","Sword Boomerang","Spot Weakness","Heavy Blade+1","Bloodletting","Clothesline","Twin Strike","Armaments+1","Spot Weakness","Sentinel","Cleave","Heavy Blade","Fiend Fire","Armaments"],"relics":["Black Blood","Bag of Marbles","Pen Nib","Orrery","PreservedInsect","Dream Catcher","White Beast Statue","Pear"],"acts_visited":["Exordium"],"potions_floor_usage":[21],"damage_taken":[{"damage":18.0,"enemies":"Jaw Worm","floor":1.0,"turns":4.0},{"damage":3.0,"enemies":"Cultist","floor":3.0,"turns":3.0},{"damage":6.0,"enemies":"2 Louse","floor":4.0,"turns":4.0},{"damage":26.0,"enemies":"3 Sentries","floor":6.0,"turns":6.0},{"damage":11.0,"enemies":"2 Fungi Beasts","floor":8.0,"turns":4.0},{"damage":0.0,"enemies":"Gremlin Nob","floor":12.0,"turns":1.0},{"damage":3.0,"enemies":"Large Slime","floor":13.0,"turns":3.0},{"damage":9.0,"enemies":"Red Slaver","floor":14.0,"turns":2.0},{"damage":8.0,"enemies":"Blue Slaver","floor":15.0,"turns":2.0},{"damage":17.0,"enemies":"Large Slime","floor":16.0,"turns":4.0},{"damage":24.0,"enemies":"Hexaghost","floor":18.0,"turns":5.0},{"damage":70,"enemies":"Hexaghost","floor":21,"turns":12}],"seed_played":"5830514205856151694","potions_obtained":[{"floor":1.0,"key":"SkillPotion"},{"floor":4.0,"key":"SkillPotion"},{"floor":8.0,"key":"AttackPotion"},{"floor":12.0,"key":"ElixirPotion"},{"floor":13.0,"key":"ColorlessPotion"},{"floor":14.0,"key":"Block Potion"},{"floor":18.0,"key":"Explosive Potion"}],"is_trial":false,"path_per_floor":["M","?","M","M","$","E","R","M","T","T","?","E","M","M","M","M","R","B",null,"R","B"],"character_chosen":"IRONCLAD","items_purchased":["Pen Nib","Orrery"],"campfire_rested":2,"item_purchase_floors":[5,5],"current_hp_per_floor":[56,56,59,59,59,39,39,34,34,34,34,50,53,50,48,37,62,44,44,69,0,0],"gold":288,"neow_bonus":"RANDOM_COMMON_RELIC","is_daily":false,"chose_seed":false,"campfire_upgraded":1,"win_rate":0.0,"timestamp":1613541315,"path_taken":["M","?","M","M","$","E","R","?","T","T","?","E","?","M","M","M","R","BOSS","R","BOSS"],"items_purchased_type":["Relic","Relic"],"build_version":"2020-12-22","purchased_purges":1,"victory":false,"max_hp_per_floor":[75,75,75,75,75,75,75,75,75,75,75,85,85,85,85,85,85,85,85,85,85,85],"relic_stats":{"Dream Catcher":2,"counters":[12,50],"Black Blood":66,"Pen Nib":[5],"PreservedInsect":22,"obtain_stats":[{"Dream Catcher":9,"Pear":12,"Orrery":5,"Black Blood":19,"Pen Nib":5,"PreservedInsect":6,"Bag of Marbles":0,"Burning Blood":0,"White Beast Statue":10},{"Dream Catcher":5,"Pear":6,"Orrery":3,"Black Blood":11,"Pen Nib":3,"PreservedInsect":4,"Bag of Marbles":0,"Burning Blood":0,"White Beast Statue":5},{"Dream Catcher":21,"Pear":22,"Orrery":11,"Black Blood":38,"Pen Nib":11,"PreservedInsect":17,"Bag of Marbles":0,"Burning Blood":0,"White Beast Statue":21}]},"card_choices":[{"not_picked":["Rampage","Havoc"],"picked":"Sword Boomerang","floor":1.0},{"not_picked":["Anger","Thunderclap","Entrench"],"picked":"SKIP","floor":3.0},{"not_picked":["Body Slam","Perfected Strike","Headbutt"],"picked":"SKIP","floor":4.0},{"not_picked":["Flame Barrier","Shockwave"],"picked":"Spot Weakness","floor":5.0},{"not_picked":["Perfected Strike","Barricade"],"picked":"Heavy Blade","floor":5.0},{"not_picked":["Headbutt","Anger"],"picked":"Bloodletting","floor":5.0},{"not_picked":["Heavy Blade","Perfected Strike"],"picked":"Clothesline","floor":5.0},{"not_picked":["Clash","Warcry"],"picked":"Twin Strike","floor":6.0},{"not_picked":["Rampage","Evolve"],"picked":"Armaments","floor":8.0},{"not_picked":["Entrench","Intimidate"],"picked":"Spot Weakness","floor":12.0},{"not_picked":["Headbutt","Body Slam"],"picked":"Sentinel","floor":13.0},{"not_picked":["Reckless Charge","Heavy Blade","Barricade"],"picked":"SKIP","floor":14.0},{"not_picked":["Rage","Twin Strike"],"picked":"Cleave","floor":15.0},{"not_picked":["Bloodletting","Perfected Strike"],"picked":"Heavy Blade","floor":16.0},{"not_picked":["Exhume","Juggernaut"],"picked":"Fiend Fire","floor":18.0},{"not_picked":["Cleave","Clash"],"picked":"Armaments","floor":20.0}],"player_experience":1187665,"relics_obtained":[{"floor":6.0,"key":"PreservedInsect"},{"floor":9.0,"key":"Dream Catcher"},{"floor":10.0,"key":"White Beast Statue"},{"floor":12.0,"key":"Pear"}],"event_choices":[{"damage_healed":0.0,"max_hp_gain":0.0,"max_hp_loss":0.0,"gold_gain":275.0,"event_name":"Golden Shrine","player_choice":"Desecrate","floor":2.0,"gold_loss":0.0,"damage_taken":0.0,"cards_obtained":["Regret"]},{"damage_healed":0.0,"max_hp_gain":0.0,"max_hp_loss":0.0,"gold_gain":0.0,"event_name":"Upgrade Shrine","player_choice":"Upgraded","floor":11.0,"gold_loss":0.0,"damage_taken":0.0,"cards_upgraded":["Armaments"]}],"is_beta":false,"boss_relics":[{"not_picked":["Velvet Choker","energizedSpire:StickyHand"],"picked":"Black Blood"}],"items_purged_floors":[5],"is_endless":false,"potions_floor_spawned":[1,4,8,12,13,14,15,16,18],"killed_by":"Hexaghost","ascension_level":16}}