{"host":"diogo","time":1613571339,"event":{"mods":["BaseMod","Minty Spire (QoL Compilation)","StSLib","SuperFastMode"],"gold_per_floor":[115,130,55,55,69,69,69,88,88,88,88,88,107,141,141,231,231,246,120,219,94,108,108,147,167,167,242,276,276,276,276,276,369,369,389,239,260,260,33,66,101,126,126,170,170,210,226,266,266,266],"floor_reached":51,"language":"ENG","playtime":2789,"items_purged":["Searing Blow","Wild Strike","Bash","Sentinel","Body Slam"],"score":1732,"play_id":"9d69434d-2736-4b49-ba3b-4069c4d8449f","local_time":"20210217151539","is_ascension_mode":true,"campfire_choices":[{"data":"Body Slam","floor":6,"key":"SMITH"},{"floor":10,"key":"REST"},{"data":"Barricade","floor":12,"key":"SMITH"},{"data":"Flame Barrier","floor":15,"key":"SMITH"},{"data":"Armaments","floor":23,"key":"SMITH"},{"floor":32,"key":"DIG"},{"floor":45,"key":"DIG"},{"floor":49,"key":"DIG"}],"circlet_count":0,"master_deck":["AscendersBane","Body Slam+1","Burning Pact","Intimidate","Barricade+1","Dual Wield","Flame Barrier+1","Impervious","Armaments+1","Shrug It Off","Impervious","Warcry+1","Burning Pact+1","Flame Barrier+1","Seeing Red+1","Offering+1"],"relics":["Pandora\u0027s Box","Golden Idol","Mercury Hourglass","Regal Pillow","Shovel","Sozu","Molten Egg 2","Gremlin Horn","Sundial","Matryoshka","Shuriken","Eternal Feather","Toxic Egg 2","Velvet Choker","Art of War","WingedGreaves","Bag of Preparation","Bottled Tornado","Pen Nib","Smiling Mask","PreservedInsect","Singing Bowl","Centennial Puzzle"],"acts_visited":["Exordium","TheCity","TheBeyond"],"potions_floor_usage":[14,33],"damage_taken":[{"damage":2,"enemies":"2 Louse","floor":1,"turns":2},{"damage":21,"enemies":"Jaw Worm","floor":2,"turns":4},{"damage":3,"enemies":"Cultist","floor":5,"turns":6},{"damage":20,"enemies":"Exordium Thugs","floor":8,"turns":4},{"damage":0,"enemies":"Exordium Wildlife","floor":13,"turns":2},{"damage":17,"enemies":"Gremlin Nob","floor":14,"turns":4},{"damage":22,"enemies":"The Guardian","floor":16,"turns":8},{"damage":0,"enemies":"Spheric Guardian","floor":18,"turns":2},{"damage":0,"enemies":"Chosen","floor":22,"turns":3},{"damage":13,"enemies":"Slavers","floor":24,"turns":4},{"damage":6,"enemies":"Snake Plant","floor":25,"turns":4},{"damage":3,"enemies":"Book of Stabbing","floor":28,"turns":4},{"damage":6,"enemies":"Colosseum Slavers","floor":29,"turns":3},{"damage":0,"enemies":"Collector","floor":33,"turns":4},{"damage":4,"enemies":"3 Darklings","floor":35,"turns":5},{"damage":0,"enemies":"Orb Walker","floor":37,"turns":3},{"damage":4,"enemies":"Nemesis","floor":40,"turns":9},{"damage":0,"enemies":"Giant Head","floor":41,"turns":4},{"damage":6,"enemies":"Jaw Worm Horde","floor":42,"turns":4},{"damage":0,"enemies":"Reptomancer","floor":44,"turns":4},{"damage":0,"enemies":"Nemesis","floor":46,"turns":5},{"damage":0,"enemies":"Sphere and 2 Shapes","floor":47,"turns":3},{"damage":0,"enemies":"Giant Head","floor":48,"turns":3},{"damage":6,"enemies":"Donu and Deca","floor":50,"turns":6}],"seed_played":"1465973490005374458","potions_obtained":[{"floor":8,"key":"Weak Potion"},{"floor":16,"key":"SkillPotion"}],"is_trial":false,"path_per_floor":["M","M","$","?","M","R","?","M","T","R","?","R","M","E","R","B",null,"M","$","?","$","M","R","E","M","T","T","E","?","T","?","R","B",null,"M","$","M","?","$","E","E","M","T","E","R","E","M","E","R","B",null],"character_chosen":"IRONCLAD","items_purchased":["Shrug It Off","Warcry+1"],"campfire_rested":1,"item_purchase_floors":[19,39],"current_hp_per_floor":[66,45,45,45,42,42,42,22,22,57,57,57,57,40,40,18,56,56,56,56,56,56,56,43,37,37,37,34,28,28,28,34,34,60,56,56,56,56,56,52,52,46,46,46,52,52,52,52,61,55],"gold":266,"neow_bonus":"BOSS_RELIC","is_daily":false,"chose_seed":false,"campfire_upgraded":4,"win_rate":0.0,"timestamp":1613571339,"path_taken":["M","M","$","?","M","R","?","M","T","R","?","R","?","E","R","BOSS","M","$","?","$","M","R","E","M","T","?","E","?","?","?","R","BOSS","M","$","M","?","$","E","E","?","T","E","R","E","M","E","R","BOSS"],"items_purchased_type":["Card","Card"],"build_version":"2020-12-18","purchased_purges":5,"victory":true,"max_hp_per_floor":[75,75,75,69,69,69,69,69,69,69,69,69,69,69,69,69,69,69,69,69,69,69,69,69,69,69,69,69,69,69,69,69,69,69,69,69,69,69,69,69,69,69,69,69,69,69,69,69,69,69],"card_choices":[{"not_picked":["Clash","Warcry","Dropkick"],"picked":"SKIP","floor":1},{"not_picked":["Shockwave","Havoc"],"picked":"Flame Barrier","floor":2},{"not_picked":["Anger","Pommel Strike"],"picked":"Body Slam","floor":5},{"not_picked":["Sever Soul","Pommel Strike","Hemokinesis"],"picked":"SKIP","floor":8},{"not_picked":["Sword Boomerang","Pommel Strike","Anger"],"picked":"SKIP","floor":13},{"not_picked":["Warcry","Bloodletting","Combust"],"picked":"SKIP","floor":14},{"not_picked":["Berserk","Double Tap"],"picked":"Impervious","floor":16},{"not_picked":["Cleave","Perfected Strike+1"],"picked":"Armaments","floor":18},{"not_picked":["Evolve","Clothesline+1","Disarm"],"picked":"SKIP","floor":22},{"not_picked":["True Grit","Dual Wield"],"picked":"Impervious","floor":24},{"not_picked":["Dark Embrace","True Grit","Twin Strike+1"],"picked":"SKIP","floor":25},{"not_picked":["Sentinel","Flex","Headbutt+1"],"picked":"SKIP","floor":28},{"not_picked":["Pommel Strike+1","Havoc+1","Second Wind+1"],"picked":"SKIP","floor":35},{"not_picked":["Reckless Charge+1","Flex+1","Perfected Strike+1"],"picked":"SKIP","floor":37},{"not_picked":["Intimidate+1","Fire Breathing"],"picked":"Burning Pact+1","floor":40},{"not_picked":["Spot Weakness+1","Corruption"],"picked":"Flame Barrier+1","floor":41},{"not_picked":["Warcry+1","Twin Strike+1","Shrug It Off+1"],"picked":"SKIP","floor":42},{"not_picked":["Pommel Strike+1","Searing Blow+1","Bludgeon+1"],"picked":"SKIP","floor":44},{"not_picked":["Feel No Pain","Clash+1"],"picked":"Seeing Red+1","floor":46},{"not_picked":["Inflame","Shrug It Off+1","Perfected Strike+1"],"picked":"SKIP","floor":47},{"not_picked":["Headbutt+1","Power Through+1"],"picked":"Offering+1","floor":48}],"player_experience":397556,"relics_obtained":[{"floor":9,"key":"Regal Pillow"},{"floor":14,"key":"Shovel"},{"floor":24,"key":"Molten Egg 2"},{"floor":26,"key":"Gremlin Horn"},{"floor":27,"key":"Sundial"},{"floor":28,"key":"Matryoshka"},{"floor":30,"key":"Shuriken"},{"floor":30,"key":"Eternal Feather"},{"floor":32,"key":"Toxic Egg 2"},{"floor":40,"key":"WingedGreaves"},{"floor":43,"key":"Bag of Preparation"},{"floor":43,"key":"Bottled Tornado"},{"floor":44,"key":"Pen Nib"},{"floor":45,"key":"Smiling Mask"},{"floor":46,"key":"PreservedInsect"},{"floor":48,"key":"Singing Bowl"},{"floor":49,"key":"Centennial Puzzle"}],"event_choices":[{"damage_healed":0,"gold_gain":0,"player_choice":"Lose Max HP","damage_taken":0,"relics_obtained":["Golden Idol"],"max_hp_gain":0,"max_hp_loss":6,"event_name":"Golden Idol","floor":4,"gold_loss":0},{"damage_healed":0,"gold_gain":0,"player_choice":"Searched \u00272\u0027 times","damage_taken":0,"relics_obtained":["Mercury Hourglass"],"max_hp_gain":0,"max_hp_loss":0,"event_name":"Dead Adventurer","floor":7,"gold_loss":0},{"damage_healed":0,"gold_gain":0,"player_choice":"0 cards matched","damage_taken":0,"max_hp_gain":0,"max_hp_loss":0,"event_name":"Match and Keep!","floor":11,"gold_loss":0,"cards_obtained":[]},{"damage_healed":0,"gold_gain":99,"player_choice":"Stole From Cult","damage_taken":0,"max_hp_gain":0,"max_hp_loss":0,"event_name":"Nest","floor":20,"gold_loss":0},{"damage_healed":0,"gold_gain":0,"player_choice":"Fight","damage_taken":0,"max_hp_gain":0,"max_hp_loss":0,"event_name":"Colosseum","floor":29,"gold_loss":0},{"damage_healed":0,"gold_gain":0,"player_choice":"Fled From Nobs","damage_taken":0,"max_hp_gain":0,"max_hp_loss":0,"event_name":"Colosseum","floor":29,"gold_loss":0},{"damage_healed":0,"gold_gain":0,"player_choice":"Ignored","damage_taken":0,"max_hp_gain":0,"max_hp_loss":0,"event_name":"Ghosts","floor":31,"gold_loss":0},{"cards_removed":["Flame Barrier"],"damage_healed":0,"gold_gain":0,"player_choice":"Gave Card","damage_taken":0,"relics_obtained":["Art of War"],"max_hp_gain":0,"max_hp_loss":0,"event_name":"WeMeetAgain","floor":38,"gold_loss":0}],"is_beta":true,"boss_relics":[{"not_picked":["Astrolabe","Black Star"],"picked":"Sozu"},{"not_picked":["Cursed Key","Runic Dome"],"picked":"Velvet Choker"}],"items_purged_floors":[3,19,21,36,39],"is_endless":false,"potions_floor_spawned":[8,16,22,24,35,44,46,47],"ascension_level":14}}