{"host":"h5acbxt0wmjo1kpm","time":1613527700,"event":{"mods":["2.2 Compatiblity","Act Like it!","AlwaysNeverKeys","Aspiration","Bard","Bartender","BaseMod","Better Third Choice","Colored Map","Elementarium","Gensokyo","GifTheSpireLib","Hallownest","Marisa????????","Menagerie","Minty Spire (QoL Compilation)","Permanent Neow","Potionbrewer","Quick Restart","Relic Filter","Reliquary","Robot Space Explorer","Ruina","RumiaBox-????????","Shade Mod","Spicy Shops","StSLib","Strawberry Spire","The Blackbeard","The Dragon Tamer","The Gatherer","The Hayseed","The Problem Sleuth","The Servant 0.9.4","Wandering Minibosses","Wide Potions"],"gold_per_floor":[109,109,109,109,34,34,46,131,184,22,54,65,90,103,103,199,199,210,210,220,239,116,142,142,167,213,213,267,267,267,388,388,484,484,516,188,220,236,276,301,301,407,407,457,483,483,512,5,5,26,26,26,21,90,126],"floor_reached":56,"language":"ENG","playtime":4371,"items_purged":[],"score":1927,"play_id":"80f7be90-8665-43e1-aad2-c0fb6a138cf6","local_time":"20210216180820","is_ascension_mode":true,"campfire_choices":[{"data":"RobotSpaceExplorer:MiniLasers","floor":6.0,"key":"SMITH"},{"data":"RobotSpaceExplorer:StarLightning","floor":15.0,"key":"SMITH"},{"data":"ruina:Lumber","floor":24.0,"key":"SMITH"},{"floor":29.0,"key":"RECALL"},{"data":"RobotSpaceExplorer:Scan","floor":32.0,"key":"SMITH"},{"floor":49,"key":"REST"},{"floor":52,"key":"REST"}],"circlet_count":0,"master_deck":["AscendersBane","RobotSpaceExplorer:Defend+1","RobotSpaceExplorer:Scan+1","RobotSpaceExplorer:MiniLasers+1","RobotSpaceExplorer:SurgingShield+1","RobotSpaceExplorer:StarLightning+1","RobotSpaceExplorer:SlimeMissile+1","RobotSpaceExplorer:Counterblock+1","RobotSpaceExplorer:FreezingShield+1","RobotSpaceExplorer:StarLightning+1","RobotSpaceExplorer:PowerGlove+1","RobotSpaceExplorer:Accelerator+1","RobotSpaceExplorer:SurgingStrike+1","Escape Plan+1","MysteriousBeam+1","ruina:Lumber+1","MagicAbsorber+1","RobotSpaceExplorer:SwiftStep+1","Robbery+1","MagicAbsorber+1","RobotSpaceExplorer:Comet+1","RobotSpaceExplorer:Fix+1","Escape Plan+1","Escape Plan+1","Escape Plan+1","Escape Plan+1","Escape Plan+1","RobotSpaceExplorer:LaserBurst+1","RobotSpaceExplorer:ScrapToss+1","ManaConvection+1","Gensokyo:DreamlikeParadise+1","OortCloud+1","SporeBomb+1","RobotSpaceExplorer:Fix+1"],"relics":["RobotSpaceExplorer:RoboCore","aspiration:DSix","MoreBug","Toxic Egg 2","strawberrySpire:ShipInABottle","Hallownest:BankAccountRelic","Tiny House","FossilizedHelix","aspiration:Nostalgia","Shade:YorickSkull","potionbrewer:ToyAutogyro","Lizard Tail","aspiration:MarisaSkillbook","Lantern","aspiration:HatOfInfinitePower","Blood Vial","White Beast Statue","RobotSpaceExplorer:Reprocessor","wanderingMiniBosses:CarrionFlame","strawberrySpire:BrokenPrinter","SSSystem","reliquary:Boomerang","aspiration:HummingbirdHeart","Ginger","strawberrySpire:Flakhammer","LastBattle","RobotSpaceExplorer:PlasmaHourglass","Mummified Hand","Choco_Feather","strawberrySpire:Treaders"],"acts_visited":["Hallownest:Greenpath","ruina:Briah","Gensokyo:Gensokyoest","TheEnding"],"potions_floor_usage":[45,55,55,55],"damage_taken":[{"damage":0.0,"enemies":"2_ Uuma","floor":1.0,"turns":7.0},{"damage":9.0,"enemies":"Hallownest:2_Tiktiks_and_1_Crawlid","floor":7.0,"turns":3.0},{"damage":0.0,"enemies":"Hallownest:eliteVengeflyKing","floor":8.0,"turns":5.0},{"damage":2.0,"enemies":"Hallownest:eliteMossKnight","floor":11.0,"turns":7.0},{"damage":0.0,"enemies":"Hallownest:monsterHuskGuard","floor":12.0,"turns":3.0},{"damage":2.0,"enemies":"Hallownest:eliteCrystalGuardian","floor":13.0,"turns":7.0},{"damage":0.0,"enemies":"Hallownest:Wandering_and_Horned","floor":14.0,"turns":3.0},{"damage":4.0,"enemies":"Hallownest:BossHornet","floor":16.0,"turns":9.0},{"damage":0.0,"enemies":"ruina:2_Scarecrows","floor":18.0,"turns":3.0},{"damage":4.0,"enemies":"ruina:BadWolf","floor":20.0,"turns":4.0},{"damage":0.0,"enemies":"ruina:KnightOfDespair","floor":21.0,"turns":3.0},{"damage":8.0,"enemies":"ruina:ServantOfWrath","floor":23.0,"turns":4.0},{"damage":19.0,"enemies":"ruina:Mountain","floor":25.0,"turns":6.0},{"damage":1.0,"enemies":"ruina:ServantOfWrath","floor":28.0,"turns":5.0},{"damage":1.0,"enemies":"ruina:QueenOfHate","floor":31.0,"turns":4.0},{"damage":0.0,"enemies":"ruina:Ozma","floor":33.0,"turns":5.0},{"damage":6.0,"enemies":"Gensokyo:3_Bats","floor":35.0,"turns":6.0},{"damage":0.0,"enemies":"Gensokyo:3_Boulders","floor":37.0,"turns":3.0},{"damage":0.0,"enemies":"Gensokyo:Dusk_and_Dawn","floor":38.0,"turns":3.0},{"damage":0.0,"enemies":"Gensokyo:Doremy","floor":40.0,"turns":4.0},{"damage":0.0,"enemies":"Gensokyo:Rafflesia","floor":42.0,"turns":4.0},{"damage":0.0,"enemies":"Gensokyo:Sharpion","floor":44.0,"turns":4.0},{"damage":0,"enemies":"Gensokyo:Kasen","floor":45,"turns":3},{"damage":0,"enemies":"Gensokyo:Kasen","floor":46,"turns":6},{"damage":7,"enemies":"Gensokyo:Marisa","floor":47,"turns":5},{"damage":0,"enemies":"Gensokyo:Scarlet_Devils","floor":50,"turns":5},{"damage":5,"enemies":"Shield and Spear","floor":54,"turns":5},{"damage":1,"enemies":"The Heart","floor":55,"turns":7}],"seed_played":"5266637542653323055","potions_obtained":[{"floor":7.0,"key":"EssenceOfSteel"},{"floor":11.0,"key":"CultistPotion"},{"floor":13.0,"key":"DuplicationPotion"},{"floor":20.0,"key":"Fire Potion"},{"floor":25.0,"key":"LiquidBronze"},{"floor":31.0,"key":"TheSimpletonMod:KindlingPotion"},{"floor":33.0,"key":"ColorlessPotion"},{"floor":37.0,"key":"potionbrewer:CleansingPotion"},{"floor":38.0,"key":"Strength Potion"},{"floor":40.0,"key":"PowerPotion"},{"floor":42.0,"key":"LiquidMemories"},{"floor":45,"key":"EntropicBrew"},{"floor":47,"key":"LiquidBronze"}],"is_trial":false,"path_per_floor":["M","?","T","T","?","R","M","E","T","$","E","M","E","M","R","B",null,"M","?","M","M","$","E","R","E","T","?","E","R","?","M","R","B",null,"M","COS","M","M","$","E","?","M","T","M","E","?","E","$","R","B",null,"R","$","E","B",null],"character_chosen":"RobotSpaceExplorer","items_purchased":["RobotSpaceExplorer:Counterblock+1","aspiration:Nostalgia","ruina:Lumber","Mummified Hand","Choco_Feather","SporeBomb+1"],"campfire_rested":2,"item_purchase_floors":[10,10,22,48,48,53],"current_hp_per_floor":[68,68,68,68,68,68,61,66,66,66,70,70,73,73,73,73,73,73,73,70,73,73,66,66,49,49,42,44,44,65,70,70,72,73,73,73,73,73,73,73,73,73,73,73,73,73,66,66,73,73,73,73,73,73,72],"gold":126,"neow_bonus":"DSIX","is_daily":false,"chose_seed":false,"campfire_upgraded":4,"win_rate":0.0,"timestamp":1613527700,"path_taken":["M","?","?","?","?","R","?","E","T","$","E","?","E","M","R","BOSS","M","?","M","?","$","E","R","E","T","?","E","R","?","?","R","BOSS","M","COS","M","M","?","E","?","M","T","M","E","?","E","$","R","BOSS","R","$","E","BOSS"],"items_purchased_type":["Card","Relic","Card","Relic","Relic","Card"],"build_version":"2020-12-22","purchased_purges":0,"victory":true,"max_hp_per_floor":[75,68,68,68,68,68,68,73,73,73,73,73,73,73,73,73,73,73,73,73,73,73,73,73,73,73,73,73,73,73,73,73,73,73,73,73,73,73,73,73,73,73,73,73,73,73,73,73,73,73,73,73,73,73,73],"card_choices":[{"not_picked":["RobotSpaceExplorer:FranticSearch+1","RobotSpaceExplorer:SurgingStrike"],"picked":"RobotSpaceExplorer:SurgingShield+1","floor":1.0},{"not_picked":["RobotSpaceExplorer:SurgingShield+1","RobotSpaceExplorer:StunGrenade+1"],"picked":"RobotSpaceExplorer:StarLightning","floor":7.0},{"not_picked":["RobotSpaceExplorer:ShockKick","RobotSpaceExplorer:FrostMissile"],"picked":"RobotSpaceExplorer:SlimeMissile+1","floor":8.0},{"not_picked":["RobotSpaceExplorer:Pulsar+1","RobotSpaceExplorer:MiniDrones+1"],"picked":"RobotSpaceExplorer:Wormhole+1","floor":11.0},{"not_picked":["RobotSpaceExplorer:DoubleBlock+1","RobotSpaceExplorer:IronShell+1"],"picked":"RobotSpaceExplorer:FreezingShield+1","floor":12.0},{"not_picked":["RobotSpaceExplorer:FranticSearch+1","RobotSpaceExplorer:GlueShot+1"],"picked":"RobotSpaceExplorer:StarLightning+1","floor":13.0},{"not_picked":["RobotSpaceExplorer:Blitz","RobotSpaceExplorer:FreezeRay"],"picked":"RobotSpaceExplorer:PowerGlove+1","floor":14.0},{"not_picked":["RobotSpaceExplorer:Scanner","RobotSpaceExplorer:TrailblazerForm"],"picked":"RobotSpaceExplorer:Accelerator+1","floor":16.0},{"not_picked":["RobotSpaceExplorer:FreezeRay","SporeBomb+1","RobotSpaceExplorer:GlueShot+1"],"picked":"RobotSpaceExplorer:SurgingStrike+1","floor":18.0},{"not_picked":["RobotSpaceExplorer:ShovelStrike+1","RobotSpaceExplorer:ImprovisedAttack+1","GravityBeat","ManaConvection+1"],"picked":"SKIP","floor":20.0},{"not_picked":["GrandCross+1","RobotSpaceExplorer:ShovelStrike+1","RobotSpaceExplorer:ToxicBomb+1"],"picked":"MysteriousBeam+1","floor":21.0},{"not_picked":["CollectingQuirk+1","RobotSpaceExplorer:DoubleFind+1","PowerUp+1"],"picked":"MagicAbsorber+1","floor":23.0},{"not_picked":["Orbital+1","RobotSpaceExplorer:SlimeMissile+1","IllusionStar+1"],"picked":"RobotSpaceExplorer:SwiftStep+1","floor":25.0},{"not_picked":["RobotSpaceExplorer:Pulsar+1","PowerUp+1","RobotSpaceExplorer:SwiftStep+1"],"picked":"MagicAbsorber+1","floor":28.0},{"not_picked":["RobotSpaceExplorer:ImprovisedAttack+1","GalacticHalo+1","RobotSpaceExplorer:SurgingStrike+1","Acceleration+1"],"picked":"SKIP","floor":31.0},{"not_picked":["RobotSpaceExplorer:HighVoltage+1","BlazingStar","RobotSpaceExplorer:BlastShield+1"],"picked":"RobotSpaceExplorer:Comet+1","floor":33.0},{"not_picked":["RobotSpaceExplorer:Ammunition+1","PowerUp+1","RobotSpaceExplorer:PowerGlove+1"],"picked":"RobotSpaceExplorer:Fix+1","floor":35.0},{"not_picked":["RobotSpaceExplorer:JunkDive+1","RobotSpaceExplorer:FrostMissile+1","RobotSpaceExplorer:SurgingStrike+1","RobotSpaceExplorer:SurgingShield+1"],"picked":"SKIP","floor":37.0},{"not_picked":["OpenUniverse+1","ChargeUpSpray+1","IllusionStar+1","Occultation+1"],"picked":"SKIP","floor":38.0},{"not_picked":["RobotSpaceExplorer:ShovelStrike+1","FairyDestructionRay+1","IllusionStar+1"],"picked":"RobotSpaceExplorer:LaserBurst+1","floor":40.0},{"not_picked":["PowerUp+1","RobotSpaceExplorer:FreezingShield+1","RobotSpaceExplorer:MakeshiftVolley+1"],"picked":"RobotSpaceExplorer:ScrapToss+1","floor":42.0},{"not_picked":["RobotSpaceExplorer:GlueShot+1","RobotSpaceExplorer:SurgingStrike+1","SporeBomb+1"],"picked":"ManaConvection+1","floor":44.0},{"not_picked":["MaximisePower+1","RobotSpaceExplorer:ScrapMissile+1","ShootingEcho+1","RobotSpaceExplorer:ShockKick+1"],"picked":"SKIP","floor":45},{"not_picked":["Gensokyo:MorningStar+1","Gensokyo:UnlikelyAid+1"],"picked":"Gensokyo:DreamlikeParadise+1","floor":46},{"not_picked":["6A","DoubleSpark+1","RobotSpaceExplorer:HighVoltage"],"picked":"OortCloud+1","floor":47},{"not_picked":["MachineGunSpark","RobotSpaceExplorer:LaserBurst","LuminesStrike+1"],"picked":"RobotSpaceExplorer:Fix+1","floor":54}],"player_experience":2265737,"relics_obtained":[{"floor":1.0,"key":"MoreBug"},{"floor":1.0,"key":"Toxic Egg 2"},{"floor":4.0,"key":"strawberrySpire:ShipInABottle"},{"floor":8.0,"key":"Tiny House"},{"floor":9.0,"key":"FossilizedHelix"},{"floor":11.0,"key":"potionbrewer:ToyAutogyro"},{"floor":13.0,"key":"Lizard Tail"},{"floor":23.0,"key":"Lantern"},{"floor":25.0,"key":"aspiration:HatOfInfinitePower"},{"floor":26.0,"key":"Blood Vial"},{"floor":28.0,"key":"White Beast Statue"},{"floor":35.0,"key":"wanderingMiniBosses:CarrionFlame"},{"floor":40.0,"key":"aspiration:HummingbirdHeart"},{"floor":42.0,"key":"Ginger"},{"floor":45,"key":"LastBattle"},{"floor":47,"key":"RobotSpaceExplorer:PlasmaHourglass"},{"floor":54,"key":"strawberrySpire:Treaders"}],"event_choices":[],"is_beta":false,"boss_relics":[{"not_picked":["reliquary:KinkedSpring","Busted Crown"],"picked":"aspiration:MarisaSkillbook"},{"not_picked":["Silver_Glasses","Calling Bell"],"picked":"RobotSpaceExplorer:Reprocessor"}],"items_purged_floors":[],"is_endless":false,"potions_floor_spawned":[7,11,13,20,25,31,33,35,37,38,40,42,44,45,47,54],"ascension_level":10}}