{"host":"ow66nzv2xecjoor3","time":1613527796,"event":{"mods":["BaseMod","Bestiary","Block Reminder","Colored Powertips","Curses Come First","Highlight Path","Keyboard Shortcuts","Minty Spire (QoL Compilation)","Permanent Neow","Relic Stats","StSLib","UnlockEverythingMod"],"gold_per_floor":[366,366,377,397,3,3,28,28,106,132,173,189,189,203,203,280,280,298,18,58,75,75,75,115,149,149,149,149,60,89,132,132,207,207,242,43,0,35,77,77,137,177,252,252,68,68,122,157,157,157,157,157,157,25,52,52],"floor_reached":57,"language":"ENG","playtime":2993,"items_purged":["Strike_P","Decay","Defend_P","Defend_P"],"score":3174,"play_id":"017a062a-2e81-4bff-a4bf-16d1a98ba4bf","local_time":"20210216200956","is_ascension_mode":true,"campfire_choices":[{"data":"SandsOfTime","floor":6.0,"key":"SMITH"},{"data":"TalkToTheHand","floor":8.0,"key":"SMITH"},{"data":"CrushJoints","floor":13.0,"key":"SMITH"},{"data":"Eruption","floor":15.0,"key":"SMITH"},{"floor":23.0,"key":"REST"},{"data":"Wallop","floor":28.0,"key":"SMITH"},{"data":"Wallop","floor":32.0,"key":"SMITH"},{"data":"Meditate","floor":40.0,"key":"SMITH"},{"floor":46.0,"key":"RECALL"},{"data":"WaveOfTheHand","floor":49.0,"key":"SMITH"},{"data":"Wish","floor":53.0,"key":"SMITH"}],"circlet_count":0,"master_deck":["AscendersBane","Strike_P","Strike_P","Defend_P","Eruption+1","Vigilance","FlurryOfBlows","SandsOfTime+1","EmptyBody","TalkToTheHand+1","Consecrate","Wish+1","CrushJoints+1","CutThroughFate","DevaForm","FollowUp","Wallop+1","Tantrum","Necronomicurse","EmptyMind","Conclude","Wallop+1","Sanctity","Vault","CutThroughFate","Meditate+1","Worship+1","Worship","Adaptation","WaveOfTheHand+1","CutThroughFate","Adaptation"],"relics":["PureWater","Gambling Chip","Akabeko","Mercury Hourglass","Thread and Needle","SlaversCollar","Membership Card","Toy Ornithopter","Necronomicon","Centennial Puzzle","Snecko Eye","CaptainsWheel","Red Mask","Singing Bowl","Meat on the Bone","Melange","Ice Cream","Bird Faced Urn"],"acts_visited":["Exordium","TheCity","TheBeyond","TheEnding"],"potions_floor_usage":[56],"damage_taken":[{"damage":2.0,"enemies":"Jaw Worm","floor":1.0,"turns":5.0},{"damage":0.0,"enemies":"Cultist","floor":3.0,"turns":3.0},{"damage":8.0,"enemies":"2 Louse","floor":4.0,"turns":2.0},{"damage":2.0,"enemies":"Lagavulin","floor":7.0,"turns":8.0},{"damage":22.0,"enemies":"3 Sentries","floor":10.0,"turns":6.0},{"damage":0.0,"enemies":"Exordium Wildlife","floor":11.0,"turns":3.0},{"damage":0.0,"enemies":"2 Fungi Beasts","floor":12.0,"turns":3.0},{"damage":0.0,"enemies":"Large Slime","floor":14.0,"turns":2.0},{"damage":0.0,"enemies":"Slime Boss","floor":16.0,"turns":7.0},{"damage":0.0,"enemies":"Chosen","floor":18.0,"turns":2.0},{"damage":10.0,"enemies":"2 Thieves","floor":20.0,"turns":4.0},{"damage":18.0,"enemies":"Shelled Parasite and Fungi","floor":21.0,"turns":3.0},{"damage":0.0,"enemies":"Centurion and Healer","floor":24.0,"turns":5.0},{"damage":0.0,"enemies":"Gremlin Leader","floor":25.0,"turns":2.0},{"damage":0.0,"enemies":"Slavers","floor":30.0,"turns":1.0},{"damage":14.0,"enemies":"3 Cultists","floor":31.0,"turns":4.0},{"damage":0.0,"enemies":"Collector","floor":33.0,"turns":3.0},{"damage":11.0,"enemies":"3 Shapes","floor":35.0,"turns":5.0},{"damage":4.0,"enemies":"Orb Walker","floor":38.0,"turns":2.0},{"damage":0.0,"enemies":"Maw","floor":39.0,"turns":6.0},{"damage":0.0,"enemies":"Nemesis","floor":41.0,"turns":6.0},{"damage":0.0,"enemies":"3 Darklings","floor":42.0,"turns":4.0},{"damage":0.0,"enemies":"Giant Head","floor":47.0,"turns":5.0},{"damage":2.0,"enemies":"Sphere and 2 Shapes","floor":48.0,"turns":6.0},{"damage":4.0,"enemies":"Time Eater","floor":50.0,"turns":6.0},{"damage":3.0,"enemies":"Donu and Deca","floor":51.0,"turns":8.0},{"damage":0.0,"enemies":"Shield and Spear","floor":55.0,"turns":3.0},{"damage":14,"enemies":"The Heart","floor":56,"turns":7}],"seed_played":"9154518498205570169","potions_obtained":[{"floor":1.0,"key":"Weak Potion"},{"floor":11.0,"key":"LiquidBronze"},{"floor":12.0,"key":"DuplicationPotion"},{"floor":16.0,"key":"SteroidPotion"},{"floor":25.0,"key":"LiquidMemories"},{"floor":31.0,"key":"ColorlessPotion"},{"floor":38.0,"key":"BottledMiracle"},{"floor":42.0,"key":"SneckoOil"},{"floor":48.0,"key":"EssenceOfSteel"}],"is_trial":false,"path_per_floor":["M","?","M","M","$","R","E","R","T","E","M","M","R","M","R","B",null,"M","$","M","M","?","R","M","E","T","?","R","$","E","M","R","B",null,"M","$","?","M","M","R","E","M","T","?","$","R","E","M","R","B","B",null,"R","$","E","B",null],"character_chosen":"WATCHER","items_purchased":["Gambling Chip","TalkToTheHand","Membership Card","Toy Ornithopter","Wallop","CaptainsWheel","Meditate","Adaptation","Melange","SkillPotion","CutThroughFate"],"campfire_rested":1,"item_purchase_floors":[5,5,19,19,29,36,36,45,45,54,54],"current_hp_per_floor":[41,41,41,33,33,33,31,31,31,9,9,9,9,9,9,9,53,53,53,43,30,9,29,29,29,29,29,29,29,34,20,20,20,56,50,50,50,46,46,46,53,58,58,58,58,58,58,58,58,59,56,68,68,68,68,62],"gold":52,"neow_bonus":"TWO_FIFTY_GOLD","is_daily":false,"chose_seed":false,"campfire_upgraded":9,"win_rate":0.0,"timestamp":1613527796,"path_taken":["M","?","M","?","$","R","E","R","T","E","M","M","R","M","R","BOSS","M","$","M","M","?","R","M","E","T","?","R","?","E","M","R","BOSS","M","$","?","M","M","R","E","M","T","?","$","R","E","M","R","BOSS","BOSS","R","$","E","BOSS"],"items_purchased_type":["Relic","Card","Relic","Relic","Card","Relic","Card","Card","Relic","Potion","Card"],"build_version":"2020-12-22","purchased_purges":4,"victory":true,"max_hp_per_floor":[68,68,68,68,68,68,68,68,68,68,68,68,68,68,68,68,68,68,68,68,68,68,68,68,68,68,68,68,68,68,68,68,68,68,68,68,68,68,68,68,70,70,70,70,70,70,70,72,72,72,72,72,72,72,72,72],"relic_stats":{"Centennial Puzzle":[20],"Singing Bowl":4,"counters":[28,119],"Gambling Chip":[92],"Bird Faced Urn":[4],"Snecko Eye":[124,108,133,139],"Melange":[24],"Necronomicon":[45],"obtain_stats":[{"Ice Cream":47,"Singing Bowl":41,"Melange":45,"Thread and Needle":10,"Akabeko":7,"Mercury Hourglass":9,"SlaversCollar":17,"Centennial Puzzle":25,"CaptainsWheel":36,"Gambling Chip":5,"Bird Faced Urn":55,"Snecko Eye":34,"Necronomicon":22,"Red Mask":37,"Membership Card":19,"PureWater":0,"Toy Ornithopter":19,"Meat on the Bone":43},{"Ice Cream":23,"Singing Bowl":21,"Melange":22,"Thread and Needle":5,"Akabeko":4,"Mercury Hourglass":4,"SlaversCollar":9,"Centennial Puzzle":14,"CaptainsWheel":18,"Gambling Chip":3,"Bird Faced Urn":27,"Snecko Eye":17,"Necronomicon":12,"Red Mask":18,"Membership Card":10,"PureWater":0,"Toy Ornithopter":10,"Meat on the Bone":22},{"Ice Cream":89,"Singing Bowl":80,"Melange":84,"Thread and Needle":23,"Akabeko":18,"Mercury Hourglass":18,"SlaversCollar":37,"Centennial Puzzle":53,"CaptainsWheel":66,"Gambling Chip":10,"Bird Faced Urn":112,"Snecko Eye":61,"Necronomicon":46,"Red Mask":66,"Membership Card":39,"PureWater":0,"Toy Ornithopter":39,"Meat on the Bone":84}],"Toy Ornithopter":34,"Mercury Hourglass":[406],"Meat on the Bone":0},"card_choices":[{"not_picked":["InnerPeace","FollowUp"],"picked":"FlurryOfBlows","floor":1.0},{"not_picked":["PathToVictory","Prostrate"],"picked":"SandsOfTime","floor":3.0},{"not_picked":["MentalFortress","WaveOfTheHand"],"picked":"EmptyBody","floor":4.0},{"not_picked":["Crescendo","Protect"],"picked":"Consecrate","floor":7.0},{"not_picked":["CutThroughFate","FlyingSleeves"],"picked":"Wish","floor":10.0},{"not_picked":["Protect","Crescendo"],"picked":"CrushJoints","floor":11.0},{"not_picked":["Consecrate","SashWhip","Prostrate"],"picked":"SKIP","floor":12.0},{"not_picked":["FlyingSleeves","JustLucky"],"picked":"CutThroughFate","floor":14.0},{"not_picked":["Devotion","SpiritShield"],"picked":"DevaForm","floor":16.0},{"not_picked":["Adaptation","ClearTheMind"],"picked":"FollowUp","floor":18.0},{"not_picked":["WaveOfTheHand","Pray"],"picked":"Wallop","floor":20.0},{"not_picked":["Sanctity","Consecrate+1"],"picked":"Tantrum","floor":21.0},{"not_picked":["Evaluate","Prostrate+1"],"picked":"EmptyMind","floor":24.0},{"not_picked":["BowlingBash","CrushJoints"],"picked":"Conclude","floor":25.0},{"not_picked":["Crescendo","CrushJoints","BowlingBash"],"picked":"SKIP","floor":30.0},{"not_picked":["Crescendo","CrushJoints","BowlingBash"],"picked":"SKIP","floor":30.0},{"not_picked":["CutThroughFate","Conclude"],"picked":"Sanctity","floor":31.0},{"not_picked":["Blasphemy","ConjureBlade"],"picked":"Vault","floor":33.0},{"not_picked":["EmptyFist","DeceiveReality"],"picked":"CutThroughFate","floor":35.0},{"not_picked":["Vengeance","Halt+1","JustLucky"],"picked":"SKIP","floor":38.0},{"not_picked":["PathToVictory","EmptyFist"],"picked":"Worship+1","floor":39.0},{"not_picked":["FlyingSleeves","Sanctity","Conclude"],"picked":"Singing Bowl","floor":41.0},{"not_picked":["CarveReality","Perseverance"],"picked":"Worship","floor":42.0},{"not_picked":["PathToVictory+1","SashWhip"],"picked":"WaveOfTheHand","floor":47.0},{"not_picked":["PathToVictory","Indignation+1","CutThroughFate"],"picked":"Singing Bowl","floor":48.0},{"not_picked":["Protect","Devotion"],"picked":"Adaptation","floor":55.0}],"player_experience":2868674,"relics_obtained":[{"floor":7.0,"key":"Akabeko"},{"floor":9.0,"key":"Mercury Hourglass"},{"floor":10.0,"key":"Thread and Needle"},{"floor":22.0,"key":"Necronomicon"},{"floor":25.0,"key":"Centennial Puzzle"},{"floor":41.0,"key":"Singing Bowl"},{"floor":43.0,"key":"Meat on the Bone"},{"floor":47.0,"key":"Ice Cream"},{"floor":55.0,"key":"Bird Faced Urn"}],"event_choices":[{"cards_removed":["Strike_P"],"damage_healed":0.0,"max_hp_gain":0.0,"max_hp_loss":0.0,"gold_gain":0.0,"event_name":"Bonfire Elementals","player_choice":"Offered Basic","floor":2.0,"gold_loss":0.0,"damage_taken":0.0},{"damage_healed":0.0,"max_hp_gain":0.0,"max_hp_loss":0.0,"gold_gain":0.0,"event_name":"Cursed Tome","player_choice":"Obtained Book","floor":22.0,"gold_loss":0.0,"damage_taken":21.0},{"damage_healed":0.0,"max_hp_gain":0.0,"max_hp_loss":0.0,"gold_gain":0.0,"event_name":"Forgotten Altar","player_choice":"Smashed Altar","floor":27.0,"gold_loss":0.0,"damage_taken":0.0,"cards_obtained":["Decay"]},{"damage_healed":0.0,"max_hp_gain":0.0,"max_hp_loss":0.0,"gold_gain":0.0,"event_name":"Tomb of Lord Red Mask","player_choice":"Paid","floor":37.0,"gold_loss":43.0,"damage_taken":0.0,"relics_obtained":["Red Mask"]},{"cards_removed":["Defend_P"],"damage_healed":0.0,"max_hp_gain":0.0,"max_hp_loss":0.0,"gold_gain":0.0,"event_name":"Purifier","player_choice":"Purged","floor":44.0,"gold_loss":0.0,"damage_taken":0.0}],"is_beta":false,"boss_relics":[{"not_picked":["Runic Pyramid","Coffee Dripper"],"picked":"SlaversCollar"},{"not_picked":["Calling Bell","Tiny House"],"picked":"Snecko Eye"}],"items_purged_floors":[19,29,45,54],"is_endless":false,"potions_floor_spawned":[1,11,12,16,18,25,31,38,42,48],"ascension_level":20}}