{"host":"Doisman","time":1613578958,"event":{"mods":["AchievementEnabler","BaseMod","Better Note","Curses Come First","Minty Spire (QoL Compilation)","Permanent Neow","Quick Restart","Relic Stats","Replay The Spire","StSLib","slay the spire mod where everything is the same but ironclad has a cowboy hat"],"gold_per_floor":[115,125,125,144,69,98,98,113,113,113,78,78,78,78,78,177,177,189,20,20,20,32,32,64,80,80,108,108,8,23,123,123,219,219,238,258,277,295,295,295,315,333,408,408,58,72,87,87,87,87],"floor_reached":51,"language":"ENG","playtime":1963,"items_purged":["Strike_B","Strike_B"],"score":1060,"play_id":"cd6e5c83-e45c-4b92-9668-89faae0af96b","local_time":"20210217102238","is_ascension_mode":true,"campfire_choices":[{"data":"Consume","floor":7,"key":"SMITH"},{"data":"Zap","floor":10,"key":"SMITH"},{"data":"Cold Snap","floor":15,"key":"SMITH"},{"data":"Hologram","floor":23,"key":"SMITH"},{"data":"Fission","floor":28,"key":"SMITH"},{"data":"Loop","floor":32,"key":"SMITH"},{"data":"Chill","floor":40,"key":"SMITH"},{"data":"Defend_B","floor":49,"key":"SMITH"}],"circlet_count":0,"master_deck":["Strike_B","Defend_B+1","Defend_B","Defend_B","Defend_B","Zap+1","Dualcast","Cold Snap+1","FIFO Queue","Consume+1","Ball Lightning","Fission+1","Leap+1","Hologram+1","Loop+1","Machine Learning","Conserve Battery+1","Chill+1","Parasite","Cold Snap","FTL+1"],"relics":["Coffee Dripper","Iron Hammer","StrikeDummy","Busted Crown","DataDisk","White Beast Statue","Garlic","Replay:Wax Seal","Replay:Bronze Core","Replay:WaspNest","Letter Opener"],"acts_visited":["Exordium","TheCity","TheBeyond"],"potions_floor_usage":[16,22,24,27,35,38,41,50,50,50],"damage_taken":[{"damage":0,"enemies":"Cultist","floor":1,"turns":4},{"damage":0,"enemies":"2 Louse","floor":2,"turns":2},{"damage":0,"enemies":"Small Slimes","floor":4,"turns":4},{"damage":57,"enemies":"Gremlin Nob","floor":6,"turns":7},{"damage":0,"enemies":"2 Fungi Beasts","floor":8,"turns":4},{"damage":0,"enemies":"Hexaghost","floor":16,"turns":7},{"damage":0,"enemies":"Chosen","floor":18,"turns":4},{"damage":0,"enemies":"2 Thieves","floor":22,"turns":4},{"damage":0,"enemies":"Book of Stabbing","floor":24,"turns":5},{"damage":1,"enemies":"3 Cultists","floor":25,"turns":6},{"damage":1,"enemies":"Slavers","floor":27,"turns":5},{"damage":0,"enemies":"Cultist and Chosen","floor":30,"turns":4},{"damage":11,"enemies":"Pondfish","floor":33,"turns":13},{"damage":24,"enemies":"3 Darklings","floor":35,"turns":6},{"damage":0,"enemies":"Orb Walker","floor":36,"turns":5},{"damage":18,"enemies":"Spire Growth","floor":37,"turns":8},{"damage":0,"enemies":"Writhing Mass","floor":38,"turns":7},{"damage":0,"enemies":"Jaw Worm Horde","floor":41,"turns":8},{"damage":4,"enemies":"Transient","floor":42,"turns":5},{"damage":3,"enemies":"Writhing Mass","floor":46,"turns":9},{"damage":0,"enemies":"4 Shapes","floor":47,"turns":10},{"damage":0,"enemies":"Time Eater","floor":50,"turns":33}],"seed_played":"6521440906845550594","potions_obtained":[{"floor":2,"key":"Explosive Potion"},{"floor":8,"key":"Energy Potion"},{"floor":14,"key":"SkillPotion"},{"floor":18,"key":"Block Potion"},{"floor":25,"key":"SkillPotion"},{"floor":27,"key":"BlessingOfTheForge"},{"floor":30,"key":"EssenceOfSteel"},{"floor":35,"key":"Fruit Juice"},{"floor":36,"key":"LiquidMemories"},{"floor":37,"key":"Ancient Potion"},{"floor":38,"key":"AttackPotion"},{"floor":41,"key":"SpeedPotion"},{"floor":46,"key":"SpeedPotion"}],"is_trial":false,"path_per_floor":["M","M","?","M","$","E","R","M","T","R","?","?","?","?","R","B",null,"M","$","$","?","M","R","E","M","T","E","R","$","M","?","R","B",null,"M","M","M","M","?","R","M","M","T","?","$","M","M","?","R","B",null],"character_chosen":"DEFECT","items_purchased":["DataDisk","Hologram","Cold Snap","FTL+1","Letter Opener"],"campfire_rested":0,"item_purchase_floors":[19,19,45,45,45],"current_hp_per_floor":[75,75,68,68,68,11,11,11,11,11,11,11,11,11,11,11,75,75,75,75,75,75,75,75,74,74,73,73,73,73,73,73,62,75,56,56,38,38,38,38,38,34,34,34,34,31,31,70,70,70],"gold":87,"neow_bonus":"BOSS_RELIC","is_daily":false,"chose_seed":false,"campfire_upgraded":8,"win_rate":0.0,"timestamp":1613578958,"path_taken":["M","M","?","M","$","E","R","M","T","R","?","?","?","?","R","BOSS","M","?","$","?","?","R","E","M","T","E","R","$","M","?","R","BOSS","M","M","M","?","?","R","M","M","T","?","$","M","M","?","R","BOSS"],"items_purchased_type":["Relic","Card","Card","Card","Relic"],"build_version":"2020-12-18","purchased_purges":2,"victory":true,"max_hp_per_floor":[75,75,75,75,75,75,75,75,75,75,75,75,75,75,75,75,75,75,75,75,75,75,75,75,75,75,75,75,75,75,75,75,75,75,80,80,80,80,80,80,80,80,80,80,80,80,80,70,70,70],"relic_stats":{"Busted Crown":32,"counters":[22,158],"Letter Opener":[38],"obtain_stats":[{"DataDisk":19,"Busted Crown":17,"Replay:Bronze Core":34,"Iron Hammer":6,"Replay:WaspNest":43,"Coffee Dripper":0,"Garlic":26,"Letter Opener":45,"Replay:Wax Seal":27,"Cracked Core":0,"StrikeDummy":9,"White Beast Statue":24},{"DataDisk":7,"Busted Crown":6,"Replay:Bronze Core":13,"Iron Hammer":4,"Replay:WaspNest":19,"Coffee Dripper":0,"Garlic":10,"Letter Opener":19,"Replay:Wax Seal":11,"Cracked Core":0,"StrikeDummy":5,"White Beast Statue":9},{"DataDisk":32,"Busted Crown":28,"Replay:Bronze Core":68,"Iron Hammer":17,"Replay:WaspNest":106,"Coffee Dripper":0,"Garlic":47,"Letter Opener":106,"Replay:Wax Seal":52,"Cracked Core":0,"StrikeDummy":21,"White Beast Statue":41}]},"card_choices":[{"not_picked":["Storm","Tempest"],"picked":"Cold Snap","floor":1},{"not_picked":["Gash","Static Discharge"],"picked":"FIFO Queue","floor":2},{"not_picked":["Steam","Tempest"],"picked":"Consume","floor":4},{"not_picked":["Storm","Barrage","All For One"],"picked":"SKIP","floor":6},{"not_picked":["Sweeping Beam","BasicCrystalCard"],"picked":"Ball Lightning","floor":8},{"not_picked":["Meteor Strike","Seek"],"picked":"Fission","floor":16},{"not_picked":[],"picked":"Leap+1","floor":18},{"not_picked":["Turbo"],"picked":"SKIP","floor":22},{"not_picked":["Turbo"],"picked":"SKIP","floor":24},{"not_picked":[],"picked":"Loop","floor":25},{"not_picked":["Buffer"],"picked":"SKIP","floor":27},{"not_picked":["Stack+1"],"picked":"SKIP","floor":30},{"not_picked":[],"picked":"Machine Learning","floor":33},{"not_picked":["Sweeping Beam"],"picked":"SKIP","floor":35},{"not_picked":[],"picked":"Conserve Battery+1","floor":36},{"not_picked":[],"picked":"Chill","floor":37},{"not_picked":["ReplayTheSpireMod:Reroute Power+1"],"picked":"SKIP","floor":38},{"not_picked":["Barrage+1"],"picked":"SKIP","floor":41},{"not_picked":["Sunder"],"picked":"SKIP","floor":42},{"not_picked":["Gash+1"],"picked":"SKIP","floor":46},{"not_picked":["Panic Button"],"picked":"SKIP","floor":47}],"player_experience":747794,"relics_obtained":[{"floor":6,"key":"Iron Hammer"},{"floor":9,"key":"StrikeDummy"},{"floor":24,"key":"White Beast Statue"},{"floor":26,"key":"Garlic"},{"floor":27,"key":"Replay:Wax Seal"},{"floor":43,"key":"Replay:WaspNest"}],"event_choices":[{"cards_removed":["Strike_B"],"damage_healed":0,"gold_gain":0,"player_choice":"Card Removal","damage_taken":7,"max_hp_gain":0,"max_hp_loss":0,"event_name":"Golden Wing","floor":3,"gold_loss":0},{"damage_healed":0,"gold_gain":0,"player_choice":"Left Gold","damage_taken":0,"max_hp_gain":0,"max_hp_loss":0,"event_name":"World of Goop","floor":11,"gold_loss":35},{"damage_healed":0,"gold_gain":0,"player_choice":"Fled","damage_taken":0,"max_hp_gain":0,"max_hp_loss":0,"event_name":"Scrap Ooze","floor":12,"gold_loss":0},{"damage_healed":0,"gold_gain":0,"player_choice":"Got Potions","damage_taken":0,"max_hp_gain":0,"max_hp_loss":0,"event_name":"Lab","floor":14,"gold_loss":0},{"damage_healed":0,"gold_gain":0,"player_choice":"Ignored","damage_taken":0,"max_hp_gain":0,"max_hp_loss":0,"event_name":"betterNote:BetterNote","floor":21,"gold_loss":0,"cards_obtained":["Die Die Die"]},{"damage_healed":0,"gold_gain":100,"player_choice":"Pray","damage_taken":0,"max_hp_gain":0,"max_hp_loss":0,"event_name":"Golden Shrine","floor":31,"gold_loss":0},{"damage_healed":0,"gold_gain":0,"player_choice":"Ignored","damage_taken":0,"max_hp_gain":0,"max_hp_loss":0,"event_name":"Mysterious Sphere","floor":39,"gold_loss":0},{"damage_healed":0,"gold_gain":0,"player_choice":"Memory 1","damage_taken":0,"max_hp_gain":0,"max_hp_loss":0,"event_name":"SensoryStone","floor":44,"gold_loss":0},{"damage_healed":70,"gold_gain":0,"player_choice":"Heal","damage_taken":0,"max_hp_gain":0,"max_hp_loss":10,"event_name":"The Moai Head","floor":48,"gold_loss":0}],"is_beta":true,"boss_relics":[{"not_picked":["Honey Jar","Runic Dome"],"picked":"Busted Crown"},{"not_picked":["Calling Bell","Black Star"],"picked":"Replay:Bronze Core"}],"items_purged_floors":[5,29],"is_endless":false,"potions_floor_spawned":[2,8,18,25,27,30,33,35,36,37,38,41,42,46,47],"ascension_level":1}}