{"host":"wvcyfzs99um8is6a","time":1613533236,"event":{"mods":["AchievementEnabler","BaseMod","Colored Map","Colored Powertips","Highlight Path","Minty Spire (QoL Compilation)","Random Character Button","Relic Filter","StSLib","SuperFastMode"],"gold_per_floor":[119,119,119,51,70,70,70,70,93,93,123,135,135,151,151,255,255,242,78,95,115,125,125,144,144,169,179,179,212,212,127,127,224,224,238,238,3,16,32,32,66,66,66,66,78,78,78,90,90,90,90],"floor_reached":50,"language":"ENG","playtime":7314,"items_purged":["Strike_G","Defend_G"],"score":515,"play_id":"ce60b4ce-8304-427c-9472-4e271768ab4f","local_time":"20210216224036","is_ascension_mode":false,"campfire_choices":[{"data":"Infinite Blades","floor":6,"key":"SMITH"},{"data":"Neutralize","floor":8,"key":"SMITH"},{"data":"Noxious Fumes","floor":10,"key":"SMITH"},{"data":"Burst","floor":13,"key":"SMITH"},{"data":"Caltrops","floor":15,"key":"SMITH"},{"data":"Phantasmal Killer","floor":23,"key":"SMITH"},{"data":"Survivor","floor":25,"key":"SMITH"},{"data":"After Image","floor":30,"key":"SMITH"},{"floor":32,"key":"REST"},{"data":"Leg Sweep","floor":40,"key":"SMITH"},{"data":"Footwork","floor":44,"key":"SMITH"},{"floor":49,"key":"REST"}],"circlet_count":0,"master_deck":["Strike_G+1","Strike_G+1","Defend_G","Defend_G","Survivor+1","Neutralize+1","Blade Dance","Noxious Fumes+1","Infinite Blades+1","Burst+1","Caltrops+1","Flechettes","Phantasmal Killer+1","Bandage Up","Cloak And Dagger+1","All Out Attack+1","After Image+1","Die Die Die","Backflip+1","Footwork+1","Deflect","Acrobatics+1","Parasite","Leg Sweep+1","Heel Hook+1"],"relics":["Ring of the Snake","NeowsBlessing","MealTicket","Strawberry","Sozu","Boot","Happy Flower","Matryoshka","Empty Cage","Regal Pillow","PreservedInsect","Oddly Smooth Stone"],"acts_visited":["Exordium","TheCity","TheBeyond"],"potions_floor_usage":[27,29,50],"damage_taken":[{"damage":0,"enemies":"2 Louse","floor":1,"turns":1},{"damage":0,"enemies":"Small Slimes","floor":5,"turns":1},{"damage":0,"enemies":"Lagavulin","floor":11,"turns":1},{"damage":1,"enemies":"Jaw Worm","floor":12,"turns":4},{"damage":9,"enemies":"Lots of Slimes","floor":14,"turns":4},{"damage":22,"enemies":"Slime Boss","floor":16,"turns":10},{"damage":12,"enemies":"2 Thieves","floor":18,"turns":4},{"damage":7,"enemies":"Chosen","floor":20,"turns":4},{"damage":15,"enemies":"Snake Plant","floor":21,"turns":4},{"damage":11,"enemies":"3 Cultists","floor":22,"turns":5},{"damage":10,"enemies":"Sentry and Sphere","floor":24,"turns":4},{"damage":19,"enemies":"Shelled Parasite and Fungi","floor":27,"turns":4},{"damage":6,"enemies":"Gremlin Leader","floor":29,"turns":6},{"damage":28,"enemies":"Automaton","floor":33,"turns":10},{"damage":11,"enemies":"3 Darklings","floor":35,"turns":6},{"damage":9,"enemies":"Orb Walker","floor":38,"turns":3},{"damage":30,"enemies":"Writhing Mass","floor":39,"turns":5},{"damage":4,"enemies":"Giant Head","floor":41,"turns":8},{"damage":0,"enemies":"Jaw Worm Horde","floor":45,"turns":4},{"damage":11,"enemies":"Sphere and 2 Shapes","floor":48,"turns":4},{"damage":79,"enemies":"Time Eater","floor":50,"turns":10}],"seed_played":"875593708657701942","potions_obtained":[{"floor":1,"key":"Ancient Potion"},{"floor":11,"key":"Dexterity Potion"},{"floor":14,"key":"Weak Potion"}],"is_trial":false,"path_per_floor":["M","?","?","$","M","R","?","R","T","R","E","M","R","M","R","B",null,"M","$","M","M","M","R","M","R","T","M","?","E","R","?","R","B",null,"M","?","$","M","M","R","E","?","T","R","M","?","?","M","R","B"],"character_chosen":"THE_SILENT","items_purchased":["Noxious Fumes","Bandage Up","Footwork","Deflect"],"campfire_rested":2,"item_purchase_floors":[4,19,37,37],"current_hp_per_floor":[70,56,49,49,49,49,49,49,49,49,56,55,55,46,46,24,77,65,77,70,59,52,52,46,46,46,31,31,29,29,29,52,28,77,70,70,77,68,42,42,46,46,46,46,46,46,46,35,71,0,0],"gold":90,"neow_bonus":"THREE_ENEMY_KILL","is_daily":false,"chose_seed":false,"campfire_upgraded":10,"win_rate":0.0,"timestamp":1613533236,"path_taken":["M","?","?","$","M","R","?","R","T","R","E","M","R","?","R","BOSS","M","$","M","?","M","R","M","R","T","M","?","E","R","?","R","BOSS","M","?","$","M","M","R","E","?","T","R","M","?","?","M","R","BOSS"],"items_purchased_type":["Card","Card","Card","Card"],"build_version":"2020-12-22","purchased_purges":2,"victory":false,"max_hp_per_floor":[70,70,70,70,70,70,70,70,70,70,77,77,77,77,77,77,77,77,77,77,77,77,77,77,77,77,77,77,77,77,77,77,77,77,77,77,77,77,77,77,77,77,77,77,77,77,73,73,73,73,73],"card_choices":[{"not_picked":["All Out Attack","Dash"],"picked":"Blade Dance","floor":1},{"not_picked":["Riddle With Holes","Dodge and Roll"],"picked":"Infinite Blades","floor":5},{"not_picked":["Terror","Blur"],"picked":"Burst","floor":11},{"not_picked":["Flying Knee","Backflip"],"picked":"Caltrops","floor":12},{"not_picked":["Deflect","Prepared"],"picked":"Flechettes","floor":14},{"not_picked":["Glass Knife","Night Terror"],"picked":"Phantasmal Killer","floor":16},{"not_picked":["Skewer+1","Eviscerate+1","Dodge and Roll+1"],"picked":"SKIP","floor":18},{"not_picked":["Acrobatics","Flying Knee","Dash"],"picked":"SKIP","floor":20},{"not_picked":["Sucker Punch","Flying Knee","Dagger Spray"],"picked":"SKIP","floor":21},{"not_picked":["Finisher+1","Prepared"],"picked":"Cloak And Dagger+1","floor":22},{"not_picked":["Dodge and Roll","Slice+1"],"picked":"All Out Attack+1","floor":24},{"not_picked":["Catalyst+1","Dash+1","Slice+1"],"picked":"SKIP","floor":27},{"not_picked":["Quick Slash","Sucker Punch+1"],"picked":"After Image","floor":29},{"not_picked":["Night Terror","Malaise"],"picked":"Die Die Die","floor":33},{"not_picked":["Dodge and Roll+1","Blur"],"picked":"Backflip+1","floor":35},{"not_picked":["Endless Agony","Concentrate"],"picked":"Acrobatics+1","floor":38},{"not_picked":["Poisoned Stab+1","Deflect"],"picked":"Leg Sweep","floor":39},{"not_picked":["Deadly Poison","Blade Dance+1"],"picked":"Heel Hook+1","floor":41},{"not_picked":["Deadly Poison","Underhanded Strike+1","Eviscerate+1"],"picked":"SKIP","floor":45},{"not_picked":["Dodge and Roll+1","Skewer","Concentrate+1"],"picked":"SKIP","floor":48}],"player_experience":1021992,"relics_obtained":[{"floor":9,"key":"MealTicket"},{"floor":11,"key":"Strawberry"},{"floor":26,"key":"Boot"},{"floor":29,"key":"Happy Flower"},{"floor":41,"key":"Regal Pillow"},{"floor":43,"key":"PreservedInsect"},{"floor":43,"key":"Oddly Smooth Stone"}],"event_choices":[{"damage_healed":0,"gold_gain":0,"player_choice":"Entered Light","damage_taken":14,"max_hp_gain":0,"max_hp_loss":0,"event_name":"Shining Light","floor":2,"gold_loss":0,"cards_upgraded":["Strike_G","Strike_G"]},{"cards_removed":["Strike_G"],"damage_healed":0,"gold_gain":0,"player_choice":"Card Removal","damage_taken":7,"max_hp_gain":0,"max_hp_loss":0,"event_name":"Golden Wing","floor":3,"gold_loss":0},{"damage_healed":0,"gold_gain":0,"player_choice":"Ignored","damage_taken":0,"max_hp_gain":0,"max_hp_loss":0,"event_name":"Liars Game","floor":7,"gold_loss":0},{"damage_healed":0,"gold_gain":0,"player_choice":"Ignored","damage_taken":0,"max_hp_gain":0,"max_hp_loss":0,"event_name":"Cursed Tome","floor":28,"gold_loss":0},{"damage_healed":0,"gold_gain":0,"player_choice":"Obtained Relic","damage_taken":0,"relics_obtained":["Matryoshka"],"max_hp_gain":0,"max_hp_loss":0,"event_name":"Addict","floor":31,"gold_loss":85},{"damage_healed":0,"gold_gain":0,"player_choice":"Ignored","damage_taken":0,"max_hp_gain":0,"max_hp_loss":0,"event_name":"Tomb of Lord Red Mask","floor":36,"gold_loss":0},{"cards_removed":["Defend_G"],"damage_healed":0,"gold_gain":0,"player_choice":"Removed Skill","damage_taken":0,"max_hp_gain":0,"max_hp_loss":0,"event_name":"Falling","floor":42,"gold_loss":0},{"damage_healed":0,"gold_gain":0,"player_choice":"Ignored","damage_taken":0,"max_hp_gain":0,"max_hp_loss":0,"event_name":"Mysterious Sphere","floor":46,"gold_loss":0},{"damage_healed":0,"gold_gain":0,"player_choice":"Max HP","damage_taken":0,"max_hp_gain":0,"max_hp_loss":4,"event_name":"Winding Halls","floor":47,"gold_loss":0}],"is_beta":false,"boss_relics":[{"not_picked":["Philosopher\u0027s Stone","Black Star"],"picked":"Sozu"},{"not_picked":["Cursed Key","SlaversCollar"],"picked":"Empty Cage"}],"items_purged_floors":[19,37],"is_endless":false,"potions_floor_spawned":[1,11,14,20,21,27,33,35,41,45],"killed_by":"Time Eater","ascension_level":0}}