{"host":"3qkmyeoym75lj4wn","time":1613596970,"event":{"mods":["2.2 Compatiblity","BaseMod","Block Reminder","Colored Powertips","Highlight Path","Minty Spire (QoL Compilation)","Permanent Neow","Potion Indicator Mod","Rare Cards Sparkle","Relic Stats","StSLib","Unceasing Turn Reminder"],"gold_per_floor":[119,119,129,139,156,156,182,182,182,182,13,45,45,3,3,74,74,89,89,89,105,105,105,133,133,133,133,48,2,2,22,22,99,99,99,99],"floor_reached":35,"language":"ENG","playtime":1059,"items_purged":[],"score":762,"play_id":"652da587-1904-40a0-94ee-66c4af21a7cb","local_time":"20210217212250","is_ascension_mode":true,"campfire_choices":[{"data":"Zap","floor":6,"key":"SMITH"},{"floor":8,"key":"REST"},{"floor":10,"key":"REST"},{"data":"Fission","floor":13,"key":"SMITH"},{"data":"Fission","floor":15,"key":"SMITH"},{"floor":23,"key":"REST"},{"data":"Consume","floor":27,"key":"SMITH"},{"data":"Capacitor","floor":32,"key":"SMITH"}],"circlet_count":0,"master_deck":["AscendersBane","Strike_B","Strike_B","Defend_B","Defend_B","Defend_B","Defend_B","Zap+1","Dualcast","Hologram","Melter","Consume+1","Ball Lightning+1","Capacitor+1","Fission+1","Fission+1","Doom and Gloom+1","Reboot","Conserve Battery","Aggregate","All For One+1","Fission"],"relics":["Cracked Core","NeowsBlessing","Incense Burner","Molten Egg 2","Ginger","Gambling Chip","Nuclear Battery","The Courier","Centennial Puzzle","Mummified Hand","Sozu"],"acts_visited":["Exordium","TheCity","TheBeyond"],"potions_floor_usage":[7,24,24,25,33],"damage_taken":[{"damage":0,"enemies":"Cultist","floor":1,"turns":1},{"damage":0,"enemies":"Jaw Worm","floor":3,"turns":1},{"damage":0,"enemies":"Small Slimes","floor":4,"turns":1},{"damage":8,"enemies":"Exordium Wildlife","floor":5,"turns":4},{"damage":45,"enemies":"Gremlin Nob","floor":7,"turns":4},{"damage":27,"enemies":"3 Sentries","floor":12,"turns":7},{"damage":23,"enemies":"The Guardian","floor":16,"turns":10},{"damage":13,"enemies":"3 Byrds","floor":18,"turns":4},{"damage":19,"enemies":"Spheric Guardian","floor":21,"turns":4},{"damage":30,"enemies":"Book of Stabbing","floor":24,"turns":4},{"damage":0,"enemies":"Shelled Parasite and Fungi","floor":25,"turns":1},{"damage":0,"enemies":"Snake Plant","floor":31,"turns":2},{"damage":43,"enemies":"Automaton","floor":33,"turns":8},{"damage":75,"enemies":"3 Darklings","floor":35,"turns":6}],"seed_played":"3913756942963090965","potions_obtained":[{"floor":3,"key":"Energy Potion"},{"floor":16,"key":"Energy Potion"},{"floor":21,"key":"Weak Potion"},{"floor":24,"key":"SmokeBomb"}],"is_trial":false,"path_per_floor":["M","?","M","M","M","R","E","R","T","R","$","E","R","$","R","B",null,"M","?","?","M","?","R","E","M","T","R","?","$","?","M","R","B",null,"M"],"character_chosen":"DEFECT","items_purchased":["Capacitor","Fission","Doom and Gloom+1","BlessingOfTheForge"],"campfire_rested":3,"item_purchase_floors":[11,11,14,29],"current_hp_per_floor":[64,64,64,64,56,56,11,32,32,53,53,26,26,26,26,3,54,41,41,41,22,36,57,27,27,27,27,27,27,81,81,81,38,70,0,0],"gold":99,"neow_bonus":"THREE_ENEMY_KILL","is_daily":false,"chose_seed":false,"campfire_upgraded":5,"win_rate":0.0,"timestamp":1613596970,"path_taken":["M","?","?","M","?","R","E","R","T","R","$","E","R","$","R","BOSS","M","?","?","?","?","R","E","M","T","R","?","$","?","M","R","BOSS","M"],"items_purchased_type":["Card","Card","Card","Potion"],"build_version":"2020-12-22","purchased_purges":0,"victory":false,"max_hp_per_floor":[71,71,71,71,71,71,71,71,71,71,71,71,71,71,71,71,71,71,71,71,71,71,71,71,71,71,71,71,71,81,81,81,81,81,81,81],"relic_stats":{"Sozu":0,"Centennial Puzzle":[6],"counters":[14,57],"Mummified Hand":[2],"Gambling Chip":[24],"Ginger":[2],"obtain_stats":[{"Sozu":34,"Centennial Puzzle":26,"NeowsBlessing":0,"Mummified Hand":28,"Gambling Chip":12,"Molten Egg 2":7,"The Courier":24,"Incense Burner":2,"Ginger":9,"Cracked Core":0,"Nuclear Battery":17},{"Sozu":13,"Centennial Puzzle":11,"NeowsBlessing":0,"Mummified Hand":11,"Gambling Chip":6,"Molten Egg 2":5,"The Courier":10,"Incense Burner":1,"Ginger":5,"Cracked Core":0,"Nuclear Battery":7},{"Sozu":51,"Centennial Puzzle":41,"NeowsBlessing":0,"Mummified Hand":41,"Gambling Chip":18,"Molten Egg 2":11,"The Courier":40,"Incense Burner":1,"Ginger":11,"Cracked Core":0,"Nuclear Battery":28}]},"card_choices":[{"not_picked":["Conserve Battery","Turbo"],"picked":"Darkness","floor":1},{"not_picked":["Recycle","Stack"],"picked":"Hologram","floor":3},{"not_picked":["Beam Cell","Leap"],"picked":"Melter","floor":4},{"not_picked":["Rebound","Beam Cell"],"picked":"Consume","floor":5},{"not_picked":["Chill","Streamline+1"],"picked":"Ball Lightning+1","floor":7},{"not_picked":["Go for the Eyes+1","Sweeping Beam+1"],"picked":"Fission","floor":12},{"not_picked":["Thunder Strike+1","Multi-Cast"],"picked":"Reboot","floor":16},{"not_picked":["Beam Cell+1","Force Field"],"picked":"Conserve Battery","floor":18},{"not_picked":["Reinforced Body","Darkness","Double Energy"],"picked":"SKIP","floor":21},{"not_picked":["Rebound+1","Conserve Battery"],"picked":"Buffer","floor":24},{"not_picked":["Redo","Conserve Battery","Barrage+1"],"picked":"SKIP","floor":31},{"not_picked":["Hyperbeam+1","Seek"],"picked":"Fission","floor":33}],"player_experience":1763698,"relics_obtained":[{"floor":7,"key":"Molten Egg 2"},{"floor":9,"key":"Ginger"},{"floor":12,"key":"Gambling Chip"},{"floor":24,"key":"The Courier"},{"floor":26,"key":"Centennial Puzzle"}],"event_choices":[{"cards_removed":["Darkness"],"damage_healed":0,"gold_gain":0,"player_choice":"Gave Card","damage_taken":0,"relics_obtained":["Incense Burner"],"max_hp_gain":0,"max_hp_loss":0,"event_name":"WeMeetAgain","floor":2,"gold_loss":0},{"damage_healed":0,"gold_gain":0,"cards_transformed":["Strike_B","Strike_B"],"player_choice":"Became Test Subject","damage_taken":0,"max_hp_gain":0,"max_hp_loss":0,"event_name":"Drug Dealer","floor":19,"gold_loss":0,"cards_obtained":["Aggregate","All For One"]},{"damage_healed":0,"gold_gain":0,"player_choice":"Ignored","damage_taken":0,"max_hp_gain":0,"max_hp_loss":0,"event_name":"Ghosts","floor":20,"gold_loss":0},{"damage_healed":14,"gold_gain":0,"player_choice":"Heal","damage_taken":0,"max_hp_gain":0,"max_hp_loss":0,"event_name":"The Library","floor":22,"gold_loss":0},{"damage_healed":0,"gold_gain":0,"player_choice":"Obtained Relic","damage_taken":0,"relics_obtained":["Mummified Hand"],"max_hp_gain":0,"max_hp_loss":0,"event_name":"Addict","floor":28,"gold_loss":85},{"cards_removed":["Buffer"],"damage_healed":44,"gold_gain":0,"player_choice":"Offered Rare","damage_taken":0,"max_hp_gain":10,"max_hp_loss":0,"event_name":"Bonfire Elementals","floor":30,"gold_loss":0}],"is_beta":false,"boss_relics":[{"not_picked":["Fusion Hammer","SlaversCollar"],"picked":"Nuclear Battery"},{"not_picked":["Tiny House","Coffee Dripper"],"picked":"Sozu"}],"items_purged_floors":[],"is_endless":false,"potions_floor_spawned":[3,16,21,24],"killed_by":"3 Darklings","ascension_level":20}}