{"host":"72n3jwtrlpjobydj","time":1613572291,"event":{"mods":["AchievementEnabler","BaseMod","CapriCore","DeckTracker","Hermit","Koishi","KomeijiMod","Lobotomy","Marisa£¨Ùöéë¡¡Øª×âÞÞ£©","Minty Spire (QoL Compilation)","Permanent Neow","StSLib","SuperFastMode","The Cursed","The Hierophant","The Immortal"],"gold_per_floor":[109,120,120,120,138,138,166,178,178,178,193,213,230,241,241,337,337,350,367,391,407,418,418,418,447,472,490,490,504,504,524,524,524,524],"floor_reached":33,"language":"KOR","playtime":574,"items_purged":[],"score":275,"play_id":"2e10d9dd-51be-4beb-8eee-15ddd047bc66","local_time":"20210217233131","is_ascension_mode":false,"campfire_choices":[{"floor":6,"key":"REST"},{"data":"Perfected Strike","floor":10,"key":"SMITH"},{"floor":15,"key":"REST"},{"floor":24,"key":"REST"},{"floor":28,"key":"REST"},{"data":"Perfected Strike","floor":32,"key":"SMITH"}],"circlet_count":0,"master_deck":["Strike_R","Strike_R+1","Strike_R","Strike_R","Strike_R","Defend_R","Defend_R+1","Defend_R","Bash","Perfected Strike+1","Perfected Strike+1","Wild Strike","CurseOfTheBell","Pommel Strike+1","Twin Strike","Twin Strike"],"relics":["Burning Blood","Ginger","Lantern","CaptainsWheel","Calling Bell","Red Skull","Frozen Egg 2","Dead Branch","Juzu Bracelet","Ancient Tea Set","Vajra"],"acts_visited":["Exordium","TheCity"],"potions_floor_usage":[7,16,16,25,25,25,31,33,33,33],"damage_taken":[{"damage":1,"enemies":"Cultist","floor":1,"turns":3},{"damage":11,"enemies":"Jaw Worm","floor":2,"turns":4},{"damage":2,"enemies":"2 Louse","floor":5,"turns":2},{"damage":28,"enemies":"Gremlin Nob","floor":7,"turns":5},{"damage":3,"enemies":"Red Slaver","floor":8,"turns":3},{"damage":13,"enemies":"Gremlin Gang","floor":11,"turns":4},{"damage":0,"enemies":"2 Fungi Beasts","floor":12,"turns":2},{"damage":0,"enemies":"Large Slime","floor":13,"turns":4},{"damage":9,"enemies":"3 Louse","floor":14,"turns":3},{"damage":61,"enemies":"The Guardian","floor":16,"turns":8},{"damage":15,"enemies":"2 Thieves","floor":18,"turns":4},{"damage":4,"enemies":"Spheric Guardian","floor":19,"turns":4},{"damage":32,"enemies":"Snake Plant","floor":21,"turns":3},{"damage":19,"enemies":"3 Cultists","floor":22,"turns":5},{"damage":27,"enemies":"Slavers","floor":25,"turns":5},{"damage":5,"enemies":"Chosen and Byrds","floor":27,"turns":4},{"damage":0,"enemies":"Snecko","floor":29,"turns":2},{"damage":0,"enemies":"Centurion and Healer","floor":31,"turns":3},{"damage":87,"enemies":"Automaton","floor":33,"turns":6}],"seed_played":"-8071380845006310401","potions_obtained":[{"floor":5,"key":"ExcitationPotion"},{"floor":8,"key":"Weak Potion"},{"floor":12,"key":"AttackPotion"},{"floor":14,"key":"Weak Potion"},{"floor":19,"key":"DuplicationPotion"},{"floor":22,"key":"Strength Potion"},{"floor":29,"key":"Weak Potion"},{"floor":30,"key":"FearPotion"},{"floor":30,"key":"Regen Potion"},{"floor":31,"key":"SpeedPotion"}],"is_trial":false,"path_per_floor":["M","M","?","T","M","R","E","M","T","R","M","M","M","M","R","B",null,"M","M","T","M","M","?","R","E","T","M","R","M","?","M","R","B"],"character_chosen":"IRONCLAD","items_purchased":[],"campfire_rested":4,"item_purchase_floors":[],"current_hp_per_floor":[80,75,59,59,63,80,58,61,61,61,54,60,66,63,80,25,80,71,73,73,47,34,34,58,37,37,38,62,68,68,74,74,0,0],"gold":524,"neow_bonus":"REMOVE_CARD","is_daily":false,"chose_seed":false,"campfire_upgraded":2,"win_rate":0.0,"timestamp":1613572291,"path_taken":["M","M","?","?","M","R","E","?","T","R","M","M","M","M","R","BOSS","M","M","?","M","M","?","R","E","T","M","R","M","?","M","R","BOSS"],"items_purchased_type":[],"build_version":"2020-12-22","purchased_purges":0,"victory":false,"max_hp_per_floor":[80,80,80,80,80,80,80,80,80,80,80,80,80,80,80,80,80,80,80,80,80,80,80,80,80,80,80,80,80,80,80,80,80,80],"card_choices":[{"not_picked":["Heavy Blade","Sword Boomerang","Shrug It Off"],"picked":"SKIP","floor":1},{"not_picked":["Hemokinesis","Flex"],"picked":"Perfected Strike","floor":2},{"not_picked":["Rupture","Iron Wave","Pummel"],"picked":"SKIP","floor":5},{"not_picked":["Cleave","Dropkick"],"picked":"Perfected Strike","floor":7},{"not_picked":["Armaments","Clash","Second Wind"],"picked":"SKIP","floor":8},{"not_picked":["Havoc","Intimidate","Clash"],"picked":"SKIP","floor":11},{"not_picked":["Flex","Double Tap","Havoc"],"picked":"SKIP","floor":12},{"not_picked":["Sentinel","Shrug It Off","Carnage"],"picked":"SKIP","floor":13},{"not_picked":["Havoc","Dark Embrace"],"picked":"Wild Strike","floor":14},{"not_picked":["Wild Strike","Sentinel"],"picked":"Pommel Strike+1","floor":18},{"not_picked":["Burning Pact+1","Armaments","Thunderclap"],"picked":"SKIP","floor":19},{"not_picked":["Cleave","Dark Embrace+1","Metallicize+1"],"picked":"SKIP","floor":21},{"not_picked":["True Grit","Evolve+1","Body Slam"],"picked":"SKIP","floor":22},{"not_picked":["Fiend Fire","Rupture+1"],"picked":"Twin Strike","floor":25},{"not_picked":["Disarm","Whirlwind"],"picked":"Twin Strike","floor":27},{"not_picked":["Fire Breathing+1","Blood for Blood","Combust+1"],"picked":"SKIP","floor":29},{"not_picked":["Clash","Armaments+1","Warcry"],"picked":"SKIP","floor":31}],"player_experience":66978,"relics_obtained":[{"floor":4,"key":"Ginger"},{"floor":7,"key":"Lantern"},{"floor":9,"key":"CaptainsWheel"},{"floor":17,"key":"Red Skull"},{"floor":17,"key":"Frozen Egg 2"},{"floor":17,"key":"Dead Branch"},{"floor":20,"key":"Juzu Bracelet"},{"floor":25,"key":"Ancient Tea Set"},{"floor":26,"key":"Vajra"}],"event_choices":[{"damage_healed":0,"gold_gain":0,"player_choice":"Entered Light","damage_taken":16,"max_hp_gain":0,"max_hp_loss":0,"event_name":"Shining Light","floor":3,"gold_loss":0,"cards_upgraded":["Strike_R","Defend_R"]},{"damage_healed":0,"gold_gain":0,"player_choice":"Ignored","damage_taken":0,"max_hp_gain":0,"max_hp_loss":0,"event_name":"Ghosts","floor":23,"gold_loss":0},{"damage_healed":0,"gold_gain":0,"player_choice":"Got Potions","damage_taken":0,"max_hp_gain":0,"max_hp_loss":0,"event_name":"Lab","floor":30,"gold_loss":0}],"is_beta":false,"boss_relics":[{"not_picked":["Empty Cage","Coffee Dripper"],"picked":"Calling Bell"}],"items_purged_floors":[],"is_endless":false,"potions_floor_spawned":[5,8,12,14,19,22,29,31],"killed_by":"Automaton","ascension_level":0}}