{"host":"i0avyit1s6jb1siw","time":1613601116,"event":{"mods":["BaseMod","DeckTracker","Dota2Spire","Highlight Path","Minty Spire (QoL Compilation)","Quick Restart","StSLib","SuperFastMode"],"gold_per_floor":[133,186,261,186,245,245,328,328,401,401,180,180,180,230,230,323,323,323,413,413,453,516,516,516,534,534,165,198,198,198,48,98,98,172,172,172,265,265,311,332,157,177,177,211,211,261,329,378,378,424,462,422,470,470,470,470,470,470,495,495,495,69,108,108],"floor_reached":65,"language":"ENG","playtime":1999,"items_purged":["Strike_R","Strike_R","Strike_R","Strike_R","Defend_R","Wild Strike"],"score":3925,"play_id":"7f2ffda7-cd29-4326-899f-4b4737d49326","local_time":"20210217233156","is_ascension_mode":true,"campfire_choices":[{"data":"HandOfGreed","floor":6.0,"key":"SMITH"},{"floor":8.0,"key":"REST"},{"data":"Battle Trance","floor":10.0,"key":"SMITH"},{"data":"Fire Breathing","floor":15.0,"key":"SMITH"},{"data":"Offering","floor":18.0,"key":"SMITH"},{"data":"Immolate","floor":26.0,"key":"SMITH"},{"floor":29.0,"key":"REST"},{"data":"Dark Embrace","floor":33.0,"key":"SMITH"},{"floor":36.0,"key":"REST"},{"floor":45,"key":"REST"},{"floor":56,"key":"RECALL"},{"data":"Power Through","floor":57,"key":"SMITH"},{"floor":61,"key":"REST"}],"circlet_count":0,"master_deck":["AscendersBane","Defend_R","Defend_R","HandOfGreed+1","Battle Trance+1","Shrug It Off","Fire Breathing+1","Power Through+1","Offering+1","Immolate+1","Dark Embrace+1","Offering","Exhume","Burning Pact+1","Second Wind","Dark Shackles","Body Slam+1","Feel No Pain+1"],"relics":["Burning Blood","Bronze Scales","Sundial","Golden Idol","Mark of Pain","SacredBark","Nilry\u0027s Codex","Medical Kit","Bag of Marbles","Runic Pyramid","Potion Belt","Frozen Egg 2","Torii","Nunchaku","White Beast Statue","Membership Card","Dota2Spire:Satanic","Anchor"],"acts_visited":["Exordium","TheCity","TheBeyond","TheEnding"],"potions_floor_usage":[46,51,53],"damage_taken":[{"damage":7.0,"enemies":"Jaw Worm","floor":1.0,"turns":3.0},{"damage":0.0,"enemies":"2 Louse","floor":2.0,"turns":4.0},{"damage":4.0,"enemies":"Small Slimes","floor":5.0,"turns":5.0},{"damage":39.0,"enemies":"3 Sentries","floor":7.0,"turns":11.0},{"damage":0.0,"enemies":"Blue Slaver","floor":14.0,"turns":3.0},{"damage":29.0,"enemies":"Hexaghost","floor":16.0,"turns":8.0},{"damage":6.0,"enemies":"Hexaghost","floor":19.0,"turns":6.0},{"damage":7.0,"enemies":"Spheric Guardian","floor":21.0,"turns":3.0},{"damage":6.0,"enemies":"3 Byrds","floor":22.0,"turns":3.0},{"damage":14.0,"enemies":"Centurion and Healer","floor":25.0,"turns":3.0},{"damage":17.0,"enemies":"Book of Stabbing","floor":28.0,"turns":3.0},{"damage":9.0,"enemies":"Cultist and Chosen","floor":32.0,"turns":3.0},{"damage":12.0,"enemies":"3 Cultists","floor":34.0,"turns":3.0},{"damage":28.0,"enemies":"Automaton","floor":37.0,"turns":10.0},{"damage":7.0,"enemies":"3 Shapes","floor":39.0,"turns":3.0},{"damage":12.0,"enemies":"3 Darklings","floor":40.0,"turns":2.0},{"damage":12,"enemies":"Transient","floor":42,"turns":6},{"damage":20,"enemies":"Nemesis","floor":44,"turns":7},{"damage":12,"enemies":"Writhing Mass","floor":46,"turns":2},{"damage":22,"enemies":"Reptomancer","floor":47,"turns":3},{"damage":6,"enemies":"Jaw Worm Horde","floor":48,"turns":2},{"damage":7,"enemies":"Giant Head","floor":51,"turns":3},{"damage":6,"enemies":"4 Shapes","floor":53,"turns":2},{"damage":12,"enemies":"Time Eater","floor":58,"turns":6},{"damage":24,"enemies":"Awakened One","floor":59,"turns":3},{"damage":12,"enemies":"Shield and Spear","floor":63,"turns":4},{"damage":12,"enemies":"The Heart","floor":64,"turns":6}],"seed_played":"-939040327691427390","potions_obtained":[{"floor":16.0,"key":"SpeedPotion"},{"floor":22.0,"key":"Fire Potion"},{"floor":25.0,"key":"PowerPotion"},{"floor":37.0,"key":"SneckoOil"},{"floor":40.0,"key":"LiquidMemories"},{"floor":42,"key":"Dota2Spire:HealingSalve"},{"floor":51,"key":"SpeedPotion"},{"floor":52,"key":"FearPotion"},{"floor":52,"key":"Ancient Potion"},{"floor":52,"key":"BloodPotion"},{"floor":53,"key":"Swift Potion"}],"is_trial":false,"path_per_floor":["M","M","?","$","M","R","E","R","T","R","$","?","?","M","R","B",null,"R","B",null,"M","M","?","?","M","R","$","E","R","T","$","M","R","M","?","R","B",null,"M","M","$","M","?","E","R","M","E","M","T","T","E","?","M","?","?","R","R","B","B",null,"R","$","E","B",null],"character_chosen":"IRONCLAD","items_purchased":["Fire Breathing","Power Through","Dark Embrace","Medical Kit","Membership Card","Dota2Spire:Satanic"],"campfire_rested":5,"item_purchase_floors":[11,11,27,27,62,62],"current_hp_per_floor":[67,68,57,57,59,59,26,46,46,46,46,51,51,57,57,34,34,34,34,58,57,57,36,36,28,28,28,17,36,36,36,33,33,27,27,46,24,56,55,49,49,43,33,19,38,32,16,16,16,16,21,21,47,47,47,47,47,41,23,55,66,66,60,54],"gold":108,"neow_bonus":"RANDOM_COLORLESS_2","is_daily":false,"chose_seed":false,"campfire_upgraded":7,"win_rate":0.0,"timestamp":1613601116,"path_taken":["M","M","?","$","M","R","E","R","T","R","$","?","?","?","R","BOSS","R","BOSS","M","M","?","?","M","R","$","E","R","T","?","M","R","?","?","R","BOSS","M","M","$","M","?","E","R","M","E","M","T","T","E","?","?","?","?","R","R","BOSS","BOSS","R","$","E","BOSS"],"items_purchased_type":["Card","Card","Card","Relic","Relic","Relic"],"build_version":"2020-12-22","purchased_purges":6,"victory":true,"max_hp_per_floor":[68,68,68,68,68,68,68,68,68,68,68,73,66,66,66,66,66,66,66,66,66,66,66,66,66,66,66,66,66,66,66,66,66,66,66,66,66,66,66,66,66,66,66,66,66,66,66,66,66,66,66,66,66,66,66,66,66,66,66,66,66,66,66,66],"card_choices":[{"not_picked":["Chrysalis","Panache"],"picked":"HandOfGreed","floor":0.0},{"not_picked":["Wild Strike","Second Wind"],"picked":"Battle Trance","floor":1.0},{"not_picked":["Clash","Wild Strike"],"picked":"Shrug It Off","floor":2.0},{"not_picked":["Combust","Body Slam"],"picked":"Wild Strike","floor":5.0},{"not_picked":["Searing Blow","Clothesline","Pummel"],"picked":"SKIP","floor":7.0},{"not_picked":["Sword Boomerang","Headbutt","Clash"],"picked":"SKIP","floor":14.0},{"not_picked":["Brutality","Exhume"],"picked":"Offering","floor":16.0},{"not_picked":["Barricade","Fiend Fire"],"picked":"Immolate","floor":19.0},{"not_picked":["Armaments","Twin Strike","Metallicize"],"picked":"SKIP","floor":21.0},{"not_picked":["Sword Boomerang","Clash","True Grit"],"picked":"SKIP","floor":22.0},{"not_picked":["Iron Wave","Clash","Exhume"],"picked":"SKIP","floor":25.0},{"not_picked":["Rampage","True Grit","Ghostly Armor"],"picked":"SKIP","floor":28.0},{"not_picked":["Uppercut","Heavy Blade","Flex"],"picked":"SKIP","floor":32.0},{"not_picked":["Dual Wield","Battle Trance","Cleave"],"picked":"SKIP","floor":34.0},{"not_picked":["Wild Strike","True Grit","Hemokinesis"],"picked":"SKIP","floor":39.0},{"not_picked":["Carnage","Wild Strike+1"],"picked":"Burning Pact+1","floor":40.0},{"not_picked":["Havoc","Entrench+1"],"picked":"Second Wind","floor":42},{"not_picked":["The Bomb","Mayhem"],"picked":"Dark Shackles","floor":43},{"not_picked":["Reckless Charge","Thunderclap"],"picked":"Body Slam+1","floor":44},{"not_picked":["Cleave","Second Wind+1"],"picked":"Feel No Pain","floor":46},{"not_picked":["Inflame+1","Warcry","Iron Wave"],"picked":"SKIP","floor":47},{"not_picked":["Anger","Bloodletting","Warcry"],"picked":"SKIP","floor":48},{"not_picked":["Shrug It Off","Thunderclap","Perfected Strike"],"picked":"SKIP","floor":51},{"not_picked":["Uppercut","Rampage","Heavy Blade"],"picked":"SKIP","floor":53},{"not_picked":["Second Wind","Iron Wave","Dropkick"],"picked":"SKIP","floor":63}],"player_experience":2453430,"relics_obtained":[{"floor":7.0,"key":"Bronze Scales"},{"floor":9.0,"key":"Sundial"},{"floor":23.0,"key":"Nilry\u0027s Codex"},{"floor":28.0,"key":"Bag of Marbles"},{"floor":44,"key":"Potion Belt"},{"floor":47,"key":"Frozen Egg 2"},{"floor":49,"key":"Torii"},{"floor":50,"key":"Nunchaku"},{"floor":51,"key":"White Beast Statue"},{"floor":63,"key":"Anchor"}],"event_choices":[{"damage_healed":0.0,"max_hp_gain":0.0,"max_hp_loss":0.0,"gold_gain":75.0,"event_name":"World of Goop","player_choice":"Gather Gold","floor":3.0,"gold_loss":0.0,"damage_taken":11.0},{"damage_healed":0.0,"max_hp_gain":5.0,"max_hp_loss":0.0,"gold_gain":0.0,"event_name":"Big Fish","player_choice":"Donut","floor":12.0,"gold_loss":0.0,"damage_taken":0.0},{"damage_healed":0.0,"max_hp_gain":0.0,"max_hp_loss":7.0,"gold_gain":0.0,"event_name":"Golden Idol","player_choice":"Lose Max HP","floor":13.0,"gold_loss":0.0,"damage_taken":0.0,"relics_obtained":["Golden Idol"]},{"damage_healed":0.0,"max_hp_gain":0.0,"max_hp_loss":0.0,"gold_gain":0.0,"event_name":"Cursed Tome","player_choice":"Obtained Book","floor":23.0,"gold_loss":0.0,"damage_taken":21.0},{"damage_healed":0.0,"max_hp_gain":0.0,"max_hp_loss":0.0,"gold_gain":0.0,"event_name":"Vampires","player_choice":"Ignored","floor":24.0,"gold_loss":0.0,"damage_taken":0.0},{"damage_healed":0.0,"max_hp_gain":0.0,"max_hp_loss":0.0,"gold_gain":0.0,"cards_transformed":["Strike_R","Defend_R"],"event_name":"Drug Dealer","player_choice":"Became Test Subject","floor":35.0,"gold_loss":0.0,"damage_taken":0.0,"cards_obtained":["Offering","Exhume"]},{"damage_healed":0,"gold_gain":0,"player_choice":"Memory 3","damage_taken":10,"max_hp_gain":0,"max_hp_loss":0,"event_name":"SensoryStone","floor":43,"gold_loss":0},{"damage_healed":0,"gold_gain":0,"player_choice":"Bought 3 Potions","damage_taken":0,"max_hp_gain":0,"max_hp_loss":0,"event_name":"The Woman in Blue","floor":52,"gold_loss":0},{"cards_removed":["Bash"],"damage_healed":0,"gold_gain":0,"player_choice":"Removed Attack","damage_taken":0,"max_hp_gain":0,"max_hp_loss":0,"event_name":"Falling","floor":54,"gold_loss":0},{"damage_healed":0,"gold_gain":0,"player_choice":"Forge","damage_taken":0,"max_hp_gain":0,"max_hp_loss":0,"event_name":"Accursed Blacksmith","floor":55,"gold_loss":0,"cards_upgraded":["Feel No Pain"]}],"is_beta":false,"boss_relics":[{"not_picked":["SlaversCollar","Black Star"],"picked":"Mark of Pain"},{"not_picked":["Coffee Dripper","Runic Cube"],"picked":"SacredBark"},{"not_picked":["Philosopher\u0027s Stone","Runic Dome"],"picked":"Runic Pyramid"}],"items_purged_floors":[4,11,27,31,41,62],"is_endless":false,"potions_floor_spawned":[16,22,25,37,40,42,51,53,63],"ascension_level":20}}