{"host":"ucgrft0m53zzt06v","time":1613529602,"event":{"mods":["BaseMod","Colored Map","Colored Powertips","Conspire","HololiveMod","KinomotoSakuraMod(木之本樱)","Lobotomy","Minty Spire (QoL Compilation)","Quick Restart","Replay The Spire","Shop Mod","Spicy Shops","StSLib","Td1madao Mod","The Senshi","Waifu the Spire","WarShipGirlsR/战舰少女R mod","【遗物卡牌】REMEMod"],"gold_per_floor":[336,97,117,117,162,188,206,206,230,230,243,7,23,51,51,128,128,147,14,26,26,44,44,379,111,111,129,129,161,161,181,181,262,262,290,55,75,134,159,159,45,70,70,20,38,54,95,141,141,157],"floor_reached":51,"language":"ZHS","playtime":4415,"items_purged":["Hololive_Strike","Languid","Regret"],"score":1499,"play_id":"67b00f10-724e-4854-92b7-e3fab58eb523","local_time":"20210217104002","is_ascension_mode":true,"campfire_choices":[{"data":"Hololive_DevilCharm","floor":8.0,"key":"SMITH"},{"data":"Hololive_Spy","floor":10.0,"key":"SMITH"},{"data":"Pot Of Greed","floor":15,"key":"SMITH"},{"data":"Pot Of Greed","floor":23,"key":"SMITH"},{"data":"Pot Of Greed","floor":28,"key":"SMITH"},{"data":"Hololive_Watashimo","floor":30,"key":"SMITH"},{"data":"Hololive_CallAkiRosenthal","floor":40,"key":"SMITH"},{"data":"Hololive_BeCareful","floor":49,"key":"SMITH"}],"circlet_count":0,"master_deck":["AscendersBane","Hololive_Defend+1","Hololive_Defend","Hololive_DevilCharm+1","Hololive_CallNakiriAyame+1","Hololive_CallAkiRosenthal+1","Hololive_CallMinatoAqua","Hololive_CallYozoraMel","Hololive_CallRosalyn","rmod:u235+1","Hololive_Spy+1","Hololive_CallAkaiHaato","Hololive_CallYogiri+1","Hololive_CallOmaruPolka","Hololive_FlyingPonyTail","Pot Of Greed+1","Pot Of Greed+1","Hololive_FlyingPonyTail","Hololive_Thief+1","Hololive_CandyCastle","Hololive_FlyingPonyTail","Hololive_CallYukihanaLamy","Hololive_LuckPotion","Hololive_Watashimo+1","Pot Of Greed+1","Hololive_CallSpadeEcho+1","Hololive_LuckPotion","Hololive_MaximGun","Hololive_CallDoris+1","Hololive_CocoNews+1","Replay:Hysterical Blindness","conspire:SpireCoStock","Hololive_BeCareful+1","Hololive_ILoveYou","Parasite"],"relics":["Hololive_TheStar","REME_ComplimentaryCards","MerchantsRug","Boot","ReplayFunnel","Replay:Rubber Ducky","Grinning Jar","Cursed Key","Lantern","theSenshi:SuperSailorFukuRelic","ReplayTheSpireMod:CursedCoin","REME_HandOfSuture","Blue Doll","PreservedInsect","Ginger","Juzu Bracelet","Hololive_LightStick","conspire:GiftBox"],"acts_visited":["Exordium","TheCity","TheBeyond"],"potions_floor_usage":[13,39,50,50],"damage_taken":[{"damage":0.0,"enemies":"conspire:RoseBush","floor":1.0,"turns":4.0},{"damage":0.0,"enemies":"Small Slimes","floor":3.0,"turns":3.0},{"damage":0.0,"enemies":"Gremlin Nob","floor":6.0,"turns":6.0},{"damage":0.0,"enemies":"2 Louse","floor":7.0,"turns":2.0},{"damage":0.0,"enemies":"Looter","floor":11.0,"turns":4.0},{"damage":2,"enemies":"3 Louse","floor":13,"turns":5},{"damage":0,"enemies":"3 Sentries","floor":14,"turns":5},{"damage":0,"enemies":"Hexaghost","floor":16,"turns":8},{"damage":0,"enemies":"Chosen","floor":18,"turns":3},{"damage":0,"enemies":"Shell Parasite","floor":20,"turns":5},{"damage":0,"enemies":"Snake Plant","floor":22,"turns":3},{"damage":0,"enemies":"Slavers","floor":24,"turns":6},{"damage":0,"enemies":"Shelled Parasite and Fungi","floor":27,"turns":3},{"damage":0,"enemies":"conspire:SneckoGhost","floor":29,"turns":4},{"damage":0,"enemies":"conspire:HollyBat","floor":31,"turns":5},{"damage":0,"enemies":"conspire:MysteriousRune","floor":33,"turns":8},{"damage":0,"enemies":"3 Darklings","floor":35,"turns":7},{"damage":0,"enemies":"Orb Walker","floor":37,"turns":4},{"damage":0,"enemies":"2 Orb Walkers","floor":38,"turns":6},{"damage":0,"enemies":"Transient","floor":39,"turns":6},{"damage":0,"enemies":"Reptomancer","floor":42,"turns":4},{"damage":0,"enemies":"4 Shapes","floor":45,"turns":4},{"damage":0,"enemies":"R_Hoarder","floor":47,"turns":4},{"damage":0,"enemies":"Writhing Mass","floor":48,"turns":5},{"damage":0,"enemies":"Replay:Hell Engine","floor":50,"turns":7}],"seed_played":"-2071603805667282221","potions_obtained":[{"floor":6.0,"key":"Swift Potion"},{"floor":11.0,"key":"Fruit Juice"},{"floor":13,"key":"Ancient Potion"},{"floor":22,"key":"Elixir"},{"floor":24,"key":"SkillPotion"},{"floor":29,"key":"LiquidMemories"},{"floor":33,"key":"Block Potion"},{"floor":38,"key":"FearPotion"},{"floor":42,"key":"SteroidPotion"},{"floor":45,"key":"Fire Potion"},{"floor":47,"key":"ColorlessPotion"},{"floor":48,"key":"Dexterity Potion"}],"is_trial":false,"path_per_floor":["M","$","M","?","$","E","M","R","T","R","M","$","M","E","R","B",null,"M","$","M","?","M","R","E","$","T","M","R","E","R","M","R_BF","B",null,"M","$","M","?","M","R","$","E","T","?","M","$","E","M","R","B",null],"character_chosen":"Hololive_HololiveCharacter","items_purchased":["MerchantsRug","Omamori","Replay:Rubber Ducky","Lantern","theSenshi:SuperSailorFukuRelic","ReplayTheSpireMod:CursedCoin","Hololive_Watashimo","Guide Book","Blue Doll","PreservedInsect","BargainBundle","ColorlessPotion","GamblersBrew","Adrenaline Potion","Juzu Bracelet"],"campfire_rested":0,"item_purchase_floors":[2,2,12,19,25,25,25,25,36,36,36,36,36,36,41],"current_hp_per_floor":[21,21,21,21,21,21,21,21,21,21,21,21,24,24,24,24,32,32,32,32,32,32,32,32,32,32,32,32,32,32,32,35,35,35,35,35,35,35,35,35,35,35,35,35,35,35,35,35,35,35],"gold":157,"neow_bonus":"TWO_FIFTY_GOLD","is_daily":false,"chose_seed":false,"campfire_upgraded":8,"win_rate":0.0,"timestamp":1613529602,"path_taken":["M","$","M","?","$","E","M","R","T","R","M","$","M","E","R","BOSS","M","$","M","?","M","R","E","$","T","M","R","E","R","M","R_BF","BOSS","M","$","M","?","M","R","$","E","T","?","M","$","E","M","R","BOSS"],"items_purchased_type":["Relic","Relic","Relic","Card","Relic","Relic","Card","Relic","Relic","Relic","Relic","Potion","Potion","Potion","Relic"],"build_version":"2020-12-22","purchased_purges":3,"victory":true,"max_hp_per_floor":[30,30,30,30,30,30,30,30,30,30,30,30,35,35,35,35,35,35,35,35,35,35,35,35,35,35,35,35,35,35,35,35,35,35,35,35,35,35,35,35,35,35,35,35,35,35,35,35,35,35],"card_choices":[{"not_picked":["Hololive_DevilCharm","Hololive_StrengthChampion","Hololive_CallShishiroBotan"],"picked":"Hololive_Spy","floor":1.0},{"not_picked":["Hololive_Sequa","Hololive_Rebound","Hololive_Breathe","Hololive_Trident"],"picked":"SKIP","floor":3.0},{"not_picked":["Hololive_HuntDinosaur","Hololive_RevenueBasedLive","Hololive_LuckPotion"],"picked":"Hololive_CallAkaiHaato","floor":6.0},{"not_picked":["Hololive_Sequa","Hololive_Breathe","Hololive_Watashimo"],"picked":"Hololive_CallYogiri","floor":7.0},{"not_picked":["Hololive_CallYozoraMel","Hololive_CallNakiriAyame","Hololive_AWSL"],"picked":"Hololive_CallOmaruPolka","floor":11.0},{"not_picked":["Hololive_LuckPotion","Hololive_CallNakiriAyame","Hololive_Rebound"],"picked":"Hololive_FlyingPonyTail","floor":13},{"not_picked":["Hololive_CallNakiriAyame","Hololive_CallRoboco","Hololive_CallTokinoSora"],"picked":"Hololive_FlyingPonyTail","floor":14},{"not_picked":["Hololive_BeCareful","Hololive_MaximGun","Hololive_Nanodesu"],"picked":"Hololive_Thief","floor":16},{"not_picked":["Hololive_CallTsunomakiWatame+1","Hololive_StrengthChampion","Hololive_CallManoAloe"],"picked":"Hololive_CandyCastle","floor":18},{"not_picked":["Hololive_Trident","Hololive_RevenueBasedLive","Hololive_Psychosis"],"picked":"Hololive_FlyingPonyTail","floor":20},{"not_picked":["Hololive_CallFriendA","Hololive_OvertimeWork","Hololive_Psychosis"],"picked":"Hololive_CallYukihanaLamy","floor":22},{"not_picked":["Hololive_CallArtia","Hololive_Sequa","Hololive_Nanodesu"],"picked":"Hololive_LuckPotion","floor":24},{"not_picked":["Hololive_CallMoonaHoshinova","Hololive_OvertimeWork","Hololive_CandyCastle"],"picked":"Hololive_CallSpadeEcho+1","floor":27},{"not_picked":["Hololive_Breathe","Hololive_Trident","Hololive_CallHoshimachiSuisei"],"picked":"Hololive_LuckPotion","floor":29},{"not_picked":["Hololive_CallKiryuuCoco","Hololive_OvertimeWork","Hololive_CallTokoyamiTowa","Hololive_CallNakiriAyame"],"picked":"SKIP","floor":31},{"not_picked":["Hololive_FlareMind","Hololive_Nanodesu","Hololive_OpenUp"],"picked":"Hololive_MaximGun","floor":33},{"not_picked":["Hololive_HuntDinosaur","Hololive_SummonFox+1","Hololive_Breathe+1","Hololive_Psychosis+1"],"picked":"Hololive_CallDoris+1","floor":35},{"not_picked":["Hololive_CallTsunomakiWatame","Hololive_StrengthChampion","Hololive_CallInugamiKorone"],"picked":"Hololive_CocoNews+1","floor":37},{"not_picked":["Hololive_StrengthChampion+1","Hololive_CallCivia","Hololive_Rebound","Hololive_CallShiroganeNoel"],"picked":"SKIP","floor":39},{"not_picked":["Hololive_HuntDinosaur","Hololive_ASMR","Hololive_Sequa","Hololive_Breathe"],"picked":"SKIP","floor":42},{"not_picked":["Hololive_Psychosis","Hololive_OvertimeWork","Hololive_Breathe+1","Hololive_CallTokoyamiTowa"],"picked":"SKIP","floor":45},{"not_picked":["Hololive_AWSL","Hololive_HighAtkLowDef"],"picked":"Hololive_BeCareful","floor":47},{"not_picked":["Hololive_CallManoAloe","Hololive_BringToTrial","Hololive_HuntDinosaur"],"picked":"Hololive_ILoveYou","floor":47},{"not_picked":["Hololive_CallFriendA","Hololive_CallTsunomakiWatame","Hololive_CallMinatoAqua+1","Hololive_Trident"],"picked":"SKIP","floor":48}],"player_experience":255834,"relics_obtained":[{"floor":6.0,"key":"Boot"},{"floor":9.0,"key":"ReplayFunnel"},{"floor":14,"key":"Grinning Jar"},{"floor":24,"key":"Old Coin"},{"floor":26,"key":"REME_HandOfSuture"},{"floor":29,"key":"Toy Ornithopter"},{"floor":38,"key":"Ginger"},{"floor":42,"key":"Hololive_LightStick"},{"floor":47,"key":"conspire:GiftBox"}],"event_choices":[{"damage_healed":0.0,"max_hp_gain":0.0,"max_hp_loss":0.0,"gold_gain":0.0,"event_name":"Big Fish","player_choice":"Box","floor":4.0,"gold_loss":0.0,"damage_taken":0.0,"relics_obtained":["War Paint"],"cards_obtained":["Regret"]},{"cards_removed":["Hololive_Strike"],"damage_healed":0,"gold_gain":0,"player_choice":"Elegance","damage_taken":0,"max_hp_gain":0,"max_hp_loss":0,"event_name":"Back to Basics","floor":21,"gold_loss":0},{"damage_healed":0,"gold_gain":0,"player_choice":"Fight","damage_taken":0,"max_hp_gain":0,"max_hp_loss":0,"event_name":"Mysterious Sphere","floor":38,"gold_loss":0},{"damage_healed":0,"gold_gain":0,"player_choice":"Invest 1","damage_taken":0,"max_hp_gain":0,"max_hp_loss":0,"event_name":"conspire:Investor","floor":44,"gold_loss":0}],"is_beta":false,"boss_relics":[{"not_picked":["Ring of Chaos","Replay:Bronze Core"],"picked":"Cursed Key"},{"not_picked":["REME_DuelDisc","Hololive_ChaosS"],"picked":"Honey Jar"}],"items_purged_floors":[12,25,36],"is_endless":false,"potions_floor_spawned":[6,11,13,22,24,29,33,38,42,45,47,48],"ascension_level":16}}