{"host":"pdq28s6637cpsst2","time":1613578620,"event":{"mods":["BaseMod","Colored Map","Colored Powertips","Highlight Path","Minty Spire (QoL Compilation)","Permanent Neow","Quick Restart","StSLib"],"gold_per_floor":[109,184,202,213,231,260,276,288,311,311,337,337,337,358,358,481,481,502,284,284,272,272,272],"floor_reached":22,"language":"ENG","playtime":1439,"items_purged":["Strike_B"],"score":257,"play_id":"89d49c86-1eeb-45f0-a6ce-da362eac5c25","local_time":"20210217111700","is_ascension_mode":true,"campfire_choices":[{"floor":10,"key":"REST"},{"floor":12,"key":"REST"},{"floor":15,"key":"REST"}],"circlet_count":0,"master_deck":["Strike_B","Strike_B","Strike_B","Defend_B","Defend_B","Defend_B","Defend_B","Zap","Dualcast","Chill","Go for the Eyes","Steam","Sweeping Beam","Rip and Tear","Barrage","Coolheaded","Blizzard","Beam Cell","Seek","Cold Snap+1","Cold Snap"],"relics":["SlaversCollar","Letter Opener","StoneCalendar","Golden Idol","Black Star","PreservedInsect"],"acts_visited":["Exordium","TheCity"],"potions_floor_usage":[6,11,18,22],"damage_taken":[{"damage":8,"enemies":"Jaw Worm","floor":1,"turns":4},{"damage":3,"enemies":"2 Louse","floor":3,"turns":3},{"damage":3,"enemies":"Cultist","floor":4,"turns":4},{"damage":1,"enemies":"Blue Slaver","floor":5,"turns":6},{"damage":5,"enemies":"3 Sentries","floor":6,"turns":9},{"damage":4,"enemies":"Exordium Thugs","floor":7,"turns":4},{"damage":3,"enemies":"2 Fungi Beasts","floor":8,"turns":3},{"damage":26,"enemies":"Gremlin Nob","floor":11,"turns":4},{"damage":10,"enemies":"3 Louse","floor":14,"turns":3},{"damage":27,"enemies":"Hexaghost","floor":16,"turns":9},{"damage":36,"enemies":"Spheric Guardian","floor":18,"turns":6},{"damage":14,"enemies":"2 Thieves","floor":21,"turns":4},{"damage":20,"enemies":"Snecko","floor":22,"turns":3}],"seed_played":"6418723528151452165","potions_obtained":[{"floor":1,"key":"Dexterity Potion"},{"floor":5,"key":"BlessingOfTheForge"},{"floor":7,"key":"Explosive Potion"},{"floor":8,"key":"Energy Potion"},{"floor":21,"key":"Fire Potion"}],"is_trial":false,"path_per_floor":["M","?","M","M","M","E","M","M","T","R","E","R","?","M","R","B",null,"M","$","?","M","M"],"character_chosen":"DEFECT","items_purchased":["PreservedInsect"],"campfire_rested":3,"item_purchase_floors":[19],"current_hp_per_floor":[60,49,46,43,42,37,33,30,30,52,26,48,30,20,42,15,60,24,24,24,10,0,0],"gold":272,"neow_bonus":"BOSS_RELIC","is_daily":false,"chose_seed":false,"campfire_upgraded":0,"win_rate":0.0,"timestamp":1613578620,"path_taken":["M","?","M","M","M","E","M","M","T","R","E","R","?","M","R","BOSS","M","$","?","M","M"],"items_purchased_type":["Relic"],"build_version":"2020-12-22","purchased_purges":1,"victory":false,"max_hp_per_floor":[75,75,75,75,75,75,75,75,75,75,75,75,75,75,75,75,75,75,75,75,75,75,75],"card_choices":[{"not_picked":["Ball Lightning","Hello World"],"picked":"Chill","floor":1},{"not_picked":["Doom and Gloom","Consume"],"picked":"Go for the Eyes","floor":3},{"not_picked":["Doom and Gloom","Beam Cell"],"picked":"Steam","floor":4},{"not_picked":["Stack","Steam"],"picked":"Sweeping Beam","floor":5},{"not_picked":["Fission","Doom and Gloom"],"picked":"Rip and Tear","floor":6},{"not_picked":["Turbo","Compile Driver"],"picked":"Barrage","floor":7},{"not_picked":["Barrage","Gash"],"picked":"Coolheaded","floor":8},{"not_picked":["Stack","Consume"],"picked":"Blizzard","floor":11},{"not_picked":["Turbo","Redo"],"picked":"Beam Cell","floor":14},{"not_picked":["Hyperbeam","Reboot"],"picked":"Seek","floor":16},{"not_picked":["Sunder","Coolheaded"],"picked":"Cold Snap+1","floor":18},{"not_picked":["Ball Lightning","Recycle"],"picked":"Cold Snap","floor":21}],"player_experience":233208,"relics_obtained":[{"floor":6,"key":"Letter Opener"},{"floor":11,"key":"StoneCalendar"}],"event_choices":[{"damage_healed":0,"gold_gain":75,"player_choice":"Gather Gold","damage_taken":11,"max_hp_gain":0,"max_hp_loss":0,"event_name":"World of Goop","floor":2,"gold_loss":0},{"damage_healed":0,"gold_gain":0,"player_choice":"Take Damage","damage_taken":18,"relics_obtained":["Golden Idol"],"max_hp_gain":0,"max_hp_loss":0,"event_name":"Golden Idol","floor":13,"gold_loss":0},{"damage_healed":0,"gold_gain":0,"player_choice":"Ignored","damage_taken":0,"max_hp_gain":0,"max_hp_loss":0,"event_name":"The Mausoleum","floor":20,"gold_loss":0}],"is_beta":false,"boss_relics":[{"not_picked":["Calling Bell","Inserter"],"picked":"Black Star"}],"items_purged_floors":[19],"is_endless":false,"potions_floor_spawned":[1,5,7,8,21],"killed_by":"Snecko","ascension_level":6}}